3848 6158
850 219 988 284 toeuurs
1006 227 1157 285 esurum
1346 215 1348 219 '
1791 231 1826 285 en
1888 216 1893 227 ’

407 403 410 407 ,
475 349 595 407 CAPUT
612 348 673 405 Vll.

419 483 457 538 Do
470 481 613 552 disciplina
629 482 735 537 orandi.

214 633 272 688 Has
294 630 376 703 igitur
399 631 544 703 praedictas
569 631 704 709 orationes
727 629 779 686 boc
801 629 883 686 modo
910 631 975 688 inei-

182 726 277 797 piunt,
297 733 378 797 atque
394 733 605 793 consummant,
629 733 661 781 ut
682 723 759 781 linito
778 724 902 796 psalmo,
919 741 975 782 non

177 819 269 875 statim
285 820 319 876 ad
332 819 545 875 incurvationem
558 834 680 891 genuum
691 826 830 888 corruant,
844 819 975 892 quemad-

179 899 292 972 modum
305 913 420 969 iacimus
432 914 459 969 in
469 913 520 970 hac
530 914 638 987 regione
651 914 783 980 nonnulli,
799 915 845 986 qni
857 914 974 972 necdum

177 1005 246 1063 bene
260 1006 336 1062 linito
350 1007 467 1077 psalmo,
489 1007 518 1062 in
531 1006 681 1063 orationem
697 1008 877 1079 procumbere
899 1008 975 1064 festi·

176 1113 274 1155 namus
298 1099 358 1157 ad·
378 1099 543 1157 celeritatem
571 1101 665 1157 misses
695 1101 855 1174 quantocius
879 1118 976 1175 prope·

179 1200 278 1250 rantes.
300 1191 384 1268 Cujus
404 1192 470 1252 dnm
493 1194 619 1252 volumus
638 1193 768 1252 excedere
790 1195 906 1253 modum
928 1195 975 1270 qui

988 356 1015 420 Α
1029 352 1178 424 antiquitus
1191 367 1208 408 a
1222 352 1372 425 majoribus
1394 358 1512 408 statutus
1527 359 1577 421 est,
1594 359 1773 425 supputantes
1786 368 1828 410 re·

1029 446 1172 503 siduorum
1192 447 1362 519 psalmorum
1382 460 1541 511 numerum,
1555 445 1589 501 ad
1611 445 1695 521 ssnem
1716 445 1828 504 tondere

1007 556 1217 614 perurgemus,
1234 539 1267 596 do
1289 539 1437 596 reiectione
1454 539 1544 609 potius
1557 539 1619 594 lassi
1641 538 1765 609 corporis
1778 554 1826 595 oo·

1029 636 1156 707 girantes,
1175 649 1258 706 quam
1278 634 1407 690 orationis
1420 633 1563 689 utilitatem
1576 640 1604 688 et
1622 631 1769 689 commoda
1784 647 1827 687 re·

1028 732 1173 801 quirentes.
1194 728 1275 800 Apud
1297 727 1358 784 illos
1380 743 1446 800 ergo
1470 742 1526 782 non
1548 725 1585 782 ita
1609 733 1660 791 est,
1685 725 1733 781 sed
1752 734 1828 781 ante·

1029 840 1112 896 quam
1133 823 1243 879 flectant
1261 838 1357 895 genua,
1374 821 1508 894 paulisper
1523 827 1612 885 orant,
1639 829 1666 876 et
1680 828 1782 876 stantes
1798 820 1826 877 in

1028 915 1225 988 supplicatione
1240 915 1372 987 majorem
1393 914 1522 986 temporis
1537 921 1640 986 partem
1656 910 1824 983 expendunt.

1028 1011 1124 1081 ltaque
1147 1016 1210 1079 pust
1234 1007 1293 1066 bauo
1325 1016 1426 1079 puncto
1458 1006 1619 1063 brevissimo
1654 1005 1846 1076 procidentes·

1028 1103 1117 1171 humi,
1134 1101 1206 1158 reiut
1219 1101 1363 1159 adorantes
1377 1108 1485 1156 tantum
1506 1098 1623 1155 divinam
1639 1097 1826 1167 elementiam,

1028 1211 1138 1253 summa
1160 1194 1303 1252 velocitate
1331 1200 1520 1266 consurgunt,
1544 1184 1597 1248 ac¹³
1621 1206 1715 1249 rursus
1741 1191 1828 1248 erecti

725 1368 852 1425 inient
870 1369 984 1424 GAZAEI
1002 1366 1280 1425 COMMENTARIUS.

175 1538 973 1610 rit:Notandumquodnouinqungesintnpejuninminipetu

176 1611 251 1682 opud
271 1615 401 1668 ltornnnns
424 1611 596 1681 Telesphorus
614 1627 688 1681 popu
705 1613 852 1674 cunstituit,
873 1615 903 1665 ui
924 1627 974 1681 por

174 1686 273 1752 septem
286 1681 466 1764 hebdomades
480 1685 542 1736 nerle
555 1682 658 1736 Peseltn
671 1697 766 1752 corpses
773 1681 886 1764 jeiuniis
895 1684 975 1736 custi-

178 1769 288 1877 ιιιι
297 1753 407 1877 titiis
418 1753 803 1891 {illinierunt
812 1755 975 1892 triten

176 1892 640 1976 Qumquegosimnminpenitndino
647 1898 816 1963 peecatorum
823 1896 974 1949 nostrorum

1028 1541 1160 1609 pecoralis
1174 1541 1316 1593 maurontus
1326 1538 1457 1592 celebrari
1463 1536 1538 1598 solet,
1553 1536 1602 1604 qni
1608 1550 1659 1605 per
1671 1532 1828 1602 buirumndi

1029 1611 1257 1665 denuntiationem
1269 1610 1403 1664 licentium
1415 1607 1561 1662 discedenti
1568 1608 1686 1675 occipere
1694 1605 1768 1659 solet.
1781 1605 1829 1661 Ad

1029 1681 1190 1751 quotidiana
1203 1684 1293 1735 nutem
1304 1682 1451 1736 Missurum
1464 1679 1591 1734 solnnnrn
1603 1693 1656 1730 nnn
1667 1676 1828 1745 pecualiter

1029 1752 1064 1806 nb
1076 1753 1206 1814 οιηιιιιιιε,
1219 1751 1266 1806 sod
1274 1753 1430 1820 nrolipinsis
1444 1750 1608 1810 turnonitur,
1622 1748 1740 1817 quiplus
1746 1749 1828 1816 spriri-

1030 1824 1148 1886 tualibus
1154 1819 1693 1892 muntiisqunmsceeulnribnsinnipilnnl,
1703 1819 1829 1887 quiotre·

1030 1891 1827 1964 lique,dumlioetnlpioinquotidiefroquontnniAErgocon·

177 1980 329 2033 cmpnmus,
344 1964 381 2018 nd
392 1964 599 2034 promerendum
612 1959 839 2029 misnicnrdinrn3
853 1969 879 2019 et
894 1966 923 2018 in
935 1980 974 2019 se·
988 1952 1011 2013 B
1029 1967 1164 2020 uenientes
1174 1966 1228 2019 illis
1243 1969 1304 2035 post
1317 1965 1437 2026 blr‘ssnm,
1452 1967 1484 2017 nt
1497 1977 1550 2017 run
1568 1963 1661 2015 stetim
1675 1955 1825 2021 discedunt,

175 2033 976 2103 eundnlnudibusotorntienibusopernmduntesstndonmus

172 2107 313 2230 ploeruerriro
325 2104 362 2159 nd
368 2107 530 2174 promissum
542 2105 660 2174 Spiritus
671 2108 759 2159 saneti
767 2108 895 2175 pretinm.
910 2108 976 2162 Haec

174 2192 181 2231 ι
204 2190 232 2230 e.

211 2245 296 2300 'Hoc
309 2252 359 2309 est,
375 2242 409 2299 ad
423 2242 518 2309 linem,
532 2258 580 2299 seu
593 2243 815 2300 accelerationem
833 2244 915 2300 officii
928 2246 973 2301 di-

176 2315 230 2371 vini
249 2315 417 2376 festinantes,
433 2323 481 2369 out
501 2313 653 2377 tendentes,
668 2323 698 2370 ut
712 2313 779 2370 inira
795 2316 845 2382 eit;
858 2331 925 2381 non,
939 2316 974 2372 ad

174 2385 357 2442 celebritatem
371 2386 474 2453 missae,
491 2394 522 2441 ut
533 2383 614 2441 habet
629 2385 783 2457 Dionysius.
804 2388 875 2441 Nam
891 2387 972 2441 missa

175 2456 227 2512 hoe
248 2457 308 2512 loeo
331 2465 359 2512 et
373 2456 473 2528 passim
493 2456 565 2526 apud
586 2456 745 2512 Cassianum
766 2472 821 2511 non
842 2455 973 2527 accipitur

174 2544 224 2601 pro
246 2527 380 2583 sacrificio
404 2527 538 2596 liturgico,
555 2525 628 2598 quod
642 2526 805 2583 sacrificinm
818 2527 908 2584 Missae
927 2544 974 2599 ap-

140 2666 143 2670 ,
210 2598 305 2665 llatur3
320 2599 367 2654 sed
382 2614 430 2668 pro
444 2599 580 2666 missione,
600 2613 648 2654 seu
668 2598 836 2666 dimissione,
851 2615 913 2670 quae
925 2599 973 2654 lie·

175 2613 223 2725 ffit
239 2678 348 2742 peracto
369 2669 460 2725 ollicio
482 2668 583 2737 divino,
601 2669 763 2740 psalmodia,
783 2672 824 2724 vol
839 2670 972 2739 oratione,

98 2773 105 2784 ·
176 2740 210 2797 ad
236 2755 318 2811 quarn
338 2739 464 2796 monachi
483 2740 750 2806 convenerantsieo
773 2740 901 2803 interdiu,
917 2741 974 2798 sive

175 2820 259 2868 noctu
283 2832 289 2869 ι
311 2810 545 2884 quemadmodum
565 2810 707 2868 collectam
726 2811 795 2867 dixit
815 2812 908 2867 Cicero
924 2828 973 2883 pro

175 2882 333 2939 collectione
350 2882 443 2954 stipis3
458 2883 600 2939 remissam
613 2883 641 2938 S.
654 2883 802 2955 Cyprianus
814 2898 862 2963 pro
873 2884 971 2940 remis·

176 2955 251 3011 none
266 2962 451 3026 peccatorum
469 2955 585 3027 probam
598 2953 643 3009 alii
657 2969 706 3024 pro
720 2952 889 3024 probatione,
904 2962 932 3009 ot
945 2953 972 3011 id

176 3024 263 3097 genus
274 3026 336 3080 alia.
353 3024 407 3081 Sed
421 3033 448 3079 et
461 3024 580 3090 mittere,
596 3033 624 3080 et
643 3023 757 3079 missum
769 3022 857 3079 iacere
870 3024 919 3095 pro
930 3025 972 3081 di·

177 3096 284 3151 mittere
297 3097 362 3150 satis
373 3093 512 3165 vulgatum
525 3103 575 3149 est.
588 3096 681 3165 ltaque
692 3097 774 3150 misso
785 3098 926 3158 nocturum,
940 3097 974 3152 de

177 3181 230 3236 qua
243 3166 270 3219 in
282 3173 443 3236 argumento
455 3165 552 3234 capitis
570 3171 614 3232 ts,
629 3181 685 3220 non
700 3164 772 3221 aliud
782 3174 824 3221 est
838 3181 922 3237 quum
934 3166 973 3222 di-

177 3236 269 3290 missio
283 3235 338 3299 illa,
355 3250 416 3307 quae
431 3245 515 3291 noctu
538 3244 644 3308 peraeta
663 3235 787 3292 oratione
802 3236 907 3308 publiea
923 3238 973 3293 lie-

1029 2035 1075 2090 sod
1089 2040 1119 2090 ut
1131 2038 1273 2091 Dominum
1285 2035 1448 2096 benedicunt,
1461 2033 1648 2087 denuntietur.
1662 2033 1731 2087 Herio
1742 2044 1827 2084 assor·

1029 2109 1098 2161 ttoni
1108 2104 1479 2162 otenelosinsiioneonsuetudn
1486 2102 1751 2173 uideturnstipulnn,
1761 2103 1826 2171 puin

1029 2194 1089 2232 eum
1103 2181 1164 2244 lse,
1176 2181 1271 2234 Messe
1282 2191 1348 2242 sss,
1358 2176 1481 2238 dinatus,
1497 2175 1535 2229 nd
1543 2174 1675 2244 populum
1682 2175 1823 2235 cernimur,

1029 2265 1108 2317 quom
1122 2249 1256 2303 discedere
1265 2249 1392 2317 iubemus
1408 2266 1415 2301 ε
1432 2263 1490 2301 earm
1503 2251 1593 2300 nntorn
1607 2247 1825 2300 Bsnsnrcsuus

1027 2321 1163 2383 Doumo,
1179 2320 1302 2381 ninfmns,
1317 2334 1371 2373 non
1384 2318 1421 2372 nd
1428 2319 1569 2388 populum,
1582 2315 1629 2370 sod
1640 2316 1677 2369 nd
1685 2317 1784 2376 nitore,
1798 2314 1827 2367 id

1026 2392 1074 2450 ost,
1091 2389 1128 2442 nd
1141 2391 1284 2444 Dominum
1293 2390 1433 2450 vertimur,
1445 2403 1545 2456 nosque
1556 2389 1627 2455 ipsus
1637 2402 1690 2439 non
1700 2385 1737 2437 nd
1746 2386 1827 2438 disce·
1918 2447 1922 2454 Ι

1026 2458 1154 2521 tiendum,
1171 2457 1217 2511 sed
1231 2457 1268 2511 nd
1283 2456 1490 2512 benedicendum
1508 2458 1619 2512 Domino
1633 2455 1823 2509 odbertnmnr.

1028 2531 1093 2584 liaee
1107 2529 1221 2585 Microlo
1241 2542 1282 2593 us,
1295 2526 1330 2581 ad
1344 2528 1425 2597 buius
1445 2526 1495 2582 loci
1514 2526 1685 2596 aliorumque
1702 2524 1822 2581 elucida-

1024 2600 1143 2664 tionem,
1158 2606 1185 2655 et
1203 2543 1240 2653 aff
1256 2597 1378 2653 vocabuli
1394 2596 1485 2653 Missae
1500 2596 1705 2678 intelligentiam
1721 2611 1820 2667 perop-

1027 2679 1152 2742 portuna.
1167 2668 1246 2738 Vide,
1264 2669 1288 2725 si
1303 2669 1388 2738 lubet,
1401 2667 1564 2725 Durandum
1581 2668 1676 2723 lrb.1v
1694 2668 1821 2723 Ratione.

1026 2757 1056 2796 ea
1079 2749 1146 2798 .5t.
1536 2782 1542 2791 ,

1059 2756 1205 2869 RAdverte
1223 2811 1343 2868 direr'sos
1364 2818 1456 2882 gestus
1472 2809 1638 2880 etcorporis
1658 2809 1727 2866 situs
1747 2817 1823 2866 vete-

1026 2899 1088 2939 rum
1106 2881 1304 2939 monachornm
1326 2883 1353 2939 in
1373 2881 1471 2939 divinis
1485 2879 1582 2937 ostiolis
1602 2880 1780 2949 celebrandis,
1796 2890 1824 2938 et

1027 2955 1151 3026 precibus
1165 2954 1329 3019 fundendis,
1348 2957 1471 3024 quorum
1493 2951 1621 3023 praecipui
1639 2961 1758 3024 quatuor
1779 2951 1823 3008 bic

1026 3035 1164 3082 notantur.
1180 3027 1250 3082 Nam
1269 3033 1380 3081 orantes
1393 3032 1421 3078 et
1439 3024 1582 3096 psallentes
1602 3024 1686 3079 modo
1700 3023 1819 3088 stetisse,

1027 3099 1109 3154 erecti
1128 3097 1260 3152 nimirum
1278 3097 1306 3151 in
1328 3095 1419 3167 podes,
1442 3093 1568 3150 matribus
1585 3094 1667 3149 etiam
1691 3094 1718 3148 in
1738 3095 1824 3149 altum

1027 3168 1142 3224 sublatis
1154 3176 1182 3223 et
1194 3167 1335 3238 expansis;
1352 3164 1435 3222 niodo
1450 3181 1537 3238 genua
1547 3165 1670 3232 liexisse;
1692 3165 1776 3221 modo
1797 3166 1825 3220 in

1028 3248 1128 3295 terram
1144 3237 1330 3310 procubuisse,
1341 3245 1368 3292 et
1380 3238 1458 3308 proni
1468 3236 1595 3306 iacuisse3
1610 3239 1693 3292 modo
1708 3234 1825 3307 denique

177 3306 231 3371 bnt,
244 3305 352 3377 quando
364 3306 479 3377 quisque
491 3305 688 3363 monachorum
702 3308 768 3365 dato
781 3307 859 3380 signo
872 3306 907 3364 ad
920 3308 974 3364 eei·
1030 3311 1057 3366 in
1082 3309 1242 3366 humillimis
1270 3306 1381 3363 sedibus
1404 3307 1559 3364 consedisse
1585 3306 1768 3376 perhibentur.
1793 3310 1826 3362 Et

177 3376 259 3432 lolam
272 3393 349 3432 suam
364 3393 393 3433 se
408 3377 560 3449 recipiebat.
574 3381 609 3433 Et
619 3378 645 3433 in
658 3378 747 3445 titulo,
760 3395 822 3450 oap.
835 3386 879 3449 15,
891 3380 974 3450 missa

177 3447 334 3504 orationum
354 3458 397 3504 est
414 3449 470 3520 ipsa
489 3449 613 3505 dimissio
633 3450 667 3505 ab
692 3450 823 3505 oratione.
847 3452 972 3519 Rursus,

176 3518 224 3573 lib.
242 3534 278 3576 ιιι
291 3535 351 3591 cap.
366 3526 394 3583 7,
407 3520 431 3574 is
444 3519 489 3590 qrri
507 3521 669 3576 tardiuscule
683 3521 718 3575 ad
733 3520 882 3575 oratorium
899 3537 973 3575 ncce-

177 3589 228 3656 dit,
239 3591 351 3662 jubetur
365 3606 413 3659 pro
428 3588 532 3645 foribus
545 3593 625 3646 totius
640 3593 849 3660 congregationis
864 3593 973 3646 missnm

174 3663 339 3731 prestolari.
353 3662 387 3715 Et
396 3676 455 3729 cap.
474 3665 489 3715 a
506 3680 512 3716 :
528 3663 650 3718 Corstonti
661 3678 750 3717 somno
765 3664 814 3732 qui
826 3663 900 3716 nobes
912 3665 974 3731 post

176 3732 970 3801 uigilurrummissnmusqueadleursudoontnmindnlpetur.

176 3804 281 3874 Quibus
293 3803 360 3859 locis
372 3802 454 3857 missa
475 3804 625 3875 vigiliarum
639 3813 687 3859 aut
703 3819 802 3875 eorrgre
822 3803 919 3858 etiouis
933 3812 975 3859 est

179 3875 236 3946 ipsa
248 3873 369 3930 dimissio
383 3890 398 3928 a
411 3873 507 3940 vigiliis
521 3883 548 3929 et
561 3875 779 3956 congregatione,
795 3819 861 3930 rigum
876 3874 907 3928 iis
924 3876 973 3930 ab·

177 3946 275 4002 solutis
293 3946 391 4016 cuique
412 3946 447 4001 ad
465 3960 514 4001 sua
532 3954 629 4000 reverti
646 3944 751 4001 licebat.
776 3948 883 4000 Rursus
904 3944 973 4000 libro

177 4017 332 4080 undecimo,
346 4015 435 4087 capite
445 4016 550 4073 decimo
563 4017 669 4088 quinto,
681 4019 763 4074 niusa
777 4018 976 4072 catechumeno-

177 4105 240 4144 rum
259 4100 301 4144 est
316 4089 374 4159 ipsa
389 4087 524 4153 dimissio,
558 4105 591 4145 ua
603 4087 734 4144 diaconus
748 4088 817 4144 lecto
831 4089 904 4144 Evan
924 4088 976 4144 elio

179 4159 207 4215 in
232 4161 326 4218 Missae
350 4158 483 4216 sacrilicio
507 4170 719 4216 catecumenos
746 4160 819 4216 exiro
842 4104 975 4232 jubebat,

178 4230 336 4301 priusquam
346 4232 473 4287 sacerdos
485 4231 625 4289 tremenda
636 4231 763 4305 mysteria
773 4231 973 4305 aggrederetur.

177 4302 292 4354 sanctu
306 4315 414 4369 quoque
426 4303 590 4358 Benedictus
602 4304 629 4358 in
644 4304 746 4375 Regula
761 4319 809 4359 suu
825 4304 909 4373 (Cup.
928 4307 976 4369 17)

177 4368 289 4426 missam
309 4369 348 4423 sic
368 4369 508 4433 intellexit,
531 4387 596 4426 cum
618 4383 680 4443 post
703 4372 893 4442 praescriptum
913 4371 973 4426 olli·

177 4437 249 4492 cium
260 4438 401 4507 sub'ungit
413 4457 418 4492 :
430 4443 466 4495 Et
476 4442 564 4494 missu
572 4444 650 4509 finiti,
661 4440 712 4506 vel,
720 4444 877 4502 musnsint,
885 4441 912 4494 id
922 4450 974 4504 est,

178 4507 278 4565 Oilieio
292 4455 417 4564 absoluto
431 4509 606 4563 dimittantur
624 4509 731 4565 fratres.
748 4513 815 4565 ilinc
829 4512 910 4564 otium
926 4511 977 4575 (ait

179 4579 335 4650 Cuyebius)
354 4596 371 4631 n
385 4582 492 4648 pennino
507 4581 639 4643 missione,
660 4596 720 4650 queo
740 4582 769 4635 in
783 4582 913 4648 snenflein
927 4597 976 4634 ou-

177 4650 318 4704 obnristieo
332 4651 396 4704 olim
407 4651 497 4720 tiebat,
512 4652 542 4704 in
556 4666 673 4719 quonum
681 4653 773 4721 miore
785 4652 974 4716 catechumoni,

991 3351 1014 3415 C
1030 3382 1141 3453 quidem
1155 3381 1188 3436 ad
1203 3380 1323 3451 primum
1335 3380 1412 3435 illum
1428 3387 1456 3434 et
1469 3376 1620 3433 seeundum
1632 3377 1726 3432 orandi
1741 3378 1825 3434 ritum

1027 3453 1101 3522 quod
1124 3452 1229 3515 attinet,
1253 3460 1399 3521 utrumqne
1418 3448 1474 3520 jam
1495 3447 1556 3504 iude
1579 3448 1614 3503 ab
1635 3448 1825 3520 apostolorum

1027 3531 1082 3577 tem
1103 3522 1196 3577 oribus
1208 3520 1236 3576 in
1242 3521 1361 3576 Ecclesia
1374 3520 1502 3574 usitatum
1516 3517 1608 3585 fuisso,
1621 3527 1648 3574 et
1658 3519 1826 3575 Christianos

1027 3609 1072 3647 mo
1095 3600 1234 3658 astantes,
1254 3590 1337 3645 modo
1356 3590 1432 3647 lieris
1453 3590 1566 3661 genibus
1584 3591 1699 3646 adorare
1712 3606 1826 3646 consue-

1027 3663 1099 3718 visse
1117 3679 1150 3718 ει
1169 3671 1290 3717 veterum
1303 3661 1446 3734 traditione
1465 3669 1592 3716 constat:
1614 3669 1719 3717 serrata
1731 3670 1824 3716 nmen

1027 3733 1202 3789 distinetione
1213 3740 1267 3788 tem
1288 3748 1367 3788 orum
1383 3747 1431 3803 pro
1444 3732 1549 3787 ratione
1562 3731 1716 3788 divinorum
1726 3740 1827 3804 myste-

1028 3804 1130 3861 riorum
1144 3820 1205 3874 quae
1219 3805 1256 3859 eis
1276 3819 1321 3858 eru
1336 3811 1599 3859 commemorantur.
1614 3806 1685 3858 Nam
1701 3803 1771 3859 sieut
1784 3803 1827 3859 die

1027 3875 1176 3937 dominico,
1190 3875 1237 3947 qui
1249 3874 1450 3930 Resurrectioni
1466 3873 1575 3929 Domini
1587 3885 1630 3929 ost
1641 3883 1825 3944 consecratus,

1029 3947 1064 4001 ita
1077 3956 1105 4002 ot
1118 3947 1355 4019 Quinquagesimee
1370 3955 1503 4016 tempore,
1517 3944 1590 4016 quod
1607 3945 1765 4002 aPnscbnte
1781 3962 1827 4001 us·

1048 4034 1081 4073 ue
1104 4024 1137 4074 ad
1156 4019 1332 4074 Pentecosten
1357 4016 1537 4088 protenditur,
1563 4031 1619 4072 non
1647 4016 1698 4072 nisi
1723 4025 1828 4072 stantes

1029 4033 1123 4146 adeles
1135 4089 1161 4145 in
1177 4089 1286 4160 publico
1305 4104 1394 4156 orare,
1411 4088 1470 4143 aliis
1484 4103 1547 4143 vero
1561 4087 1731 4158 temporibus
1742 4103 1828 4159 genua

1029 4161 1138 4218 llectere
1149 4161 1244 4216 docuit
1264 4160 1420 4286 sunguine,
1436 4166 1467 4213 ut
1486 4157 1555 4215 inira
1571 4157 1675 4214 dicetur
1688 4159 1826 4286 pluribus.

1028 4233 1098 4288 Sunt
1117 4231 1164 4302 qui
1180 4239 1274 4301 putent
1287 4232 1321 4284 Ju
1343 4244 1448 4285 aeorum
1469 4229 1550 4284 etiam
1569 4245 1674 4285 morem
1701 4230 1784 4294 nime,
1798 4240 1829 4285 ut

1029 4311 1133 4357 stantes
1147 4309 1268 4365 orarent,
1290 4301 1362 4371 qnod
1382 4290 1504 4371 pluribus
1525 4300 1552 4355 in
1574 4301 1639 4356 loeis
1661 4301 1707 4371 qui
1730 4309 1828 4368 orant,

1029 4372 1241 4427 dicanturstaro.
1252 4371 1339 4425 blarei
1349 4386 1381 4426 ιιι
1393 4389 1399 4425 :
1409 4374 1444 4426 st
1453 4388 1512 4425 cum
1521 4373 1628 4427 stabitis
1636 4373 1673 4426 nd
1683 4373 1828 4435 orandum,

1029 4443 1168 4496 ‹limittitte
1178 4443 1203 4495 si
1215 4442 1282 4510 perid
1291 4442 1394 4496 bebetis
1408 4441 1537 4496 ennomus
1555 4444 1683 4513 aliquem.
1699 4445 1735 4498 Et
1746 4444 1830 4499 Lucae

1030 4526 1108 4568 xvur
1119 4531 1124 4565 :
1137 4512 1291 4566 Pincianus
1300 4514 1519 4582 stnnslrneupud
1529 4516 1669 4570 sonrnbnt.
1683 4516 1786 4570 Verum
1796 4530 1828 4570 er

1030 4581 1090 4637 aliis
1109 4582 1177 4638 loeis
1189 4583 1362 4653 perspicuum
1381 4593 1423 4638 est
1440 4583 1466 4637 in
1481 4600 1558 4640 more
1574 4586 1664 4656 potius
1689 4583 1784 4651 luisse,
1800 4593 1832 4640 ut

1030 4653 1108 4708 flexis
1119 4653 1234 4725 genibus
1249 4663 1367 4710 orarent.
1386 4657 1459 4710 Nam
1473 4654 1506 4711 de
1518 4656 1663 4711 Salomone
1674 4656 1744 4712 dicit
1756 4656 1830 4712 Scri-

178 4726 203 4776 et
215 4723 264 4792 qui
273 4722 315 4776 ool
325 4737 383 4785 suo,
394 4722 435 4776 ool
447 4722 568 4777 Ecclesia
571 4721 685 4790 judicio,
697 4725 877 4777 comanunobne
889 4738 976 4792 corpo-
991 4725 1016 4788 D
1032 4735 1109 4796 ptura
1125 4745 1132 4777 ι
1152 4728 1299 4796 Utnrrnque
1313 4743 1383 4796 penu
1400 4729 1429 4780 in
1444 4730 1545 4782 terrem
1561 4730 1671 4796 fieerot,
1694 4733 1719 4782 et
1733 4743 1831 4782 munus

177 4795 216 4848 ris
233 4794 334 4850 Cluisti
346 4793 520 4848 euuebnntur
534 4793 656 4862 indignir
670 4797 815 4863 posteriore
828 4798 918 4848 nutem
930 4794 974 4848 di-

178 4869 250 4920 eerrte
259 4867 383 4920 ministro
396 4864 471 4936 npud
481 4865 594 4925 Grecos,
610 4863 682 4926 λαοῖς
690 4865 787 4936 ἄφεσις,
801 4869 826 4920 ot
837 4865 912 4935 ‹rpttd
926 4867 978 4921 Ln-

177 4939 257 4999 tinos,
267 4952 424 5000 innuisse
437 4935 976 5007 asc,universuspopulnsdimirrebntur3

179 5007 214 5061 ab
236 5007 298 5071 bac,
319 5007 441 5078 inquam,
457 5007 563 5079 gemina
585 5008 724 5074 missione,
748 5024 796 5065 scu
817 5007 977 5064 dimissione

179 5078 291 5133 Missam
304 5079 465 5159 appellatam
476 5077 560 5134 fuisse
574 5077 647 5135 docti
663 5080 784 5150 plerique
796 5079 932 5146 sentiunt3
946 5094 977 5135 ee

178 5148 284 5203 scilicet
293 5158 408 5212 retrone,
424 5165 477 5220 qua
491 5158 581 5204 toturn
595 5166 610 5204 a
622 5160 697 5221 parte
710 5150 910 5205 denominatur.
921 5154 978 5206 Cu-

151 5234 158 5253 ·
174 5219 222 5289 jus
232 5220 271 5273 rei
281 5219 410 5275 iudicium
421 5228 474 5285 est,
487 5219 561 5288 urrod
576 5220 640 5275 olim
654 5220 680 5274 in
695 5219 790 5276 diebus
801 5220 977 5290 poenitontiae,

178 5288 289 5360 quando
311 5290 387 5346 linito
409 5289 541 5345 sacrificio
559 5289 649 5346 adbuc
665 5291 874 5347 continuabatur
889 5293 977 5346 oratio

178 5359 297 5431 publiea,
322 5360 422 5431 populo
444 5361 597 5425 assistente,
619 5376 675 5415 non
696 5360 799 5418 diceret
818 5361 976 5417 diaconus:

179 5434 227 5493 lte,
242 5434 325 5486 mrssn
345 5436 397 5495 ost:
410 5432 459 5488 sod
478 5431 537 5503 ejus
553 5431 613 5486 locu
628 5451 634 5486 ε
650 5434 840 5489 benedicemus
856 5435 977 5497 Domino,

179 5501 344 5572 quodetiam
355 5501 598 5558 bodieservaturin
608 5502 830 5574 Quadragesima,
839 5503 977 5572 Adventu,

179 5583 207 5626 et
220 5572 316 5628 diebus
328 5572 440 5628 seriatis.
457 5576 516 5642 Qua
539 5574 573 5628 de
588 5589 616 5629 re
627 5574 726 5644 juverit
737 5574 780 5630 bio
796 5574 977 5646 Miorolognm

179 5643 273 5699 audire
285 5643 344 5700 haee
358 5643 522 5700 referentem
541 5643 610 5700 libro
622 5648 657 5701 de
672 5644 825 5701 Ecclesiast.
843 5646 978 5702 Observa·

179 5713 261 5777 tion,
278 5715 365 5778 canite
377 5715 668 5786 quadragesimosexto
683 5737 689 5771 :
703 5717 833 5784 congruo,
847 5716 943 5785 inquit,
954 5723 980 5773 ot

180 5785 208 5839 in
218 5788 322 5854 festio-is
335 5787 439 5849 diebus,
454 5802 514 5854 ιτιι,
529 5802 617 5843 ursss
631 5803 691 5855 sss,
704 5788 806 5842 dicitnr·
819 5807 826 5842 :
840 5790 904 5860 quin
919 5793 980 5844 lrtrte

1032 4796 1201 4867 erperode-rot
1219 4799 1248 4850 in
1265 4798 1367 4852 celum.
1385 4797 1425 4852 ιιι
1442 4800 1511 4870 Rog.
1533 4813 1592 4853 vrit
1607 4798 1732 4854 Christus
1746 4800 1829 4854 etiam

1032 4867 1109 4923 lieris
1123 4867 1238 4939 genibus
1259 4883 1351 4923 orasse
1364 4868 1472 4939 legitur,
1495 4871 1577 4925 {ruem
1592 4884 1660 4925 xxi.
1676 4869 1830 4942 Stephanus

1028 4941 1124 5010 positis
1138 4940 1248 5008 genilns
1264 4940 1390 4993 clnmneit
1403 4956 1579 5007 oncomnpnu.
1589 4944 1652 4996 Act.
1666 4955 1721 4997 ιἰι.
1734 4938 1831 4998 Petrus

1028 5027 1129 5082 poneres
1144 5027 1235 5081 genno
1249 5013 1337 5065 ororii
1347 5010 1446 5072 diceros,
1465 5012 1579 5066 Tnln'tlrn
1593 5027 1684 5081 surgo.
1700 5019 1762 5067 Act.
1784 5027 1829 5067 rx.

1032 5083 1096 5138 Ctrm
1108 5084 1162 5136 bno
1177 5083 1290 5136 necasset
1304 5083 1415 5144 Pnulus,
1427 5084 1524 5151 positis
1539 5079 1649 5151 peribus
1664 5085 1753 5137 orarit
1771 5100 1830 5137 urm

1031 5153 1153 5207 corticibus
1166 5152 1231 5207 illis.
1246 5159 1308 5207 net.
1323 5167 1365 5207 xx
1376 5164 1403 5206 et
1412 5168 1473 5208 uxr.
1484 5154 1570 5208 Porro
1578 5154 1667 5209 standi
1681 5159 1795 5209 verbum
1804 5154 1831 5209 in

1031 5222 1117 5278 sacris
1133 5223 1244 5277 Litteris
1264 5239 1319 5279 non
1335 5237 1442 5293 semper
1456 5230 1556 5279 statum
1570 5224 1703 5295 corporis,
1720 5224 1768 5280 sed
1781 5226 1829 5280 aii·

1032 5293 1141 5364 quando
1153 5293 1240 5348 solam
1253 5292 1428 5363 praesentiam'
1437 5295 1581 5366 siguificat.
1598 5298 1678 5351 biatt.
1694 5312 1754 5353 ιιι.
1763 5298 1832 5353 8ιιιιι

1033 5366 1185 5435 qnidnmdo
1195 5367 1237 5419 liic
1250 5365 1395 5427 stnrrtilnu,
1410 5365 1499 5433 idest,
1510 5367 1698 5437 presentibus.
1712 5368 1832 5423 Proinde

1032 5447 1103 5491 stare
1117 5434 1151 5489 ad
1165 5435 1299 5491 orandum
1321 5445 1431 5491 nonest
1448 5445 1566 5492 stantem
1581 5453 1674 5504 orare3
1696 5437 1745 5493 sed
1778 5453 1831 5494 rae-

1033 5515 1136 5562 sontem
1156 5506 1250 5561 adesse
1265 5506 1299 5561 ad
1314 5506 1460 5573 orandum,
1477 5508 1516 5563 rel
1531 5508 1647 5564 orationi
1662 5455 1830 5564 incumbere.

1033 5579 1070 5634 lta
1085 5578 1112 5633 S.
1126 5578 1277 5648 Cyprianus
1299 5578 1342 5632 lib.
1357 5579 1390 5633 de
1402 5581 1478 5635 Orat.
1500 5599 1506 5632 ε
1524 5582 1588 5637 Cum
1604 5586 1717 5641 stemus,
1732 5578 1831 5649 inquit,

1033 5649 1070 5705 nd
1084 5651 1241 5712 orationem,
1256 5650 1409 5718 surripuere,
1424 5656 1448 5705 et
1462 5652 1613 5706 irtenmbcre
1625 5651 1662 5705 nd
1673 5666 1764 5720 proces
1777 5656 1832 5706 toto

1033 5721 1111 5775 corde
1133 5720 1266 5775 dolemus
1285 5722 1321 5775 Et
1334 5723 1368 5775 D.
1388 5721 1550 5777 Benedictus
1571 5721 1668 5778 eodem
1688 5721 1787 5792 spiritu
1805 5729 1832 5776 et

1033 5807 1113 5847 sensu
1127 5792 1186 5847 :Sic
1199 5797 1298 5847 stemus
1308 5792 1345 5847 od
1354 5793 1535 5864 psallendum,
1548 5797 1578 5847 nt
1591 5798 1764 5849 merrsnostrn
1773 5808 1832 5849 cort·
