3848 6158
134 212 190 268 sla
387 211 431 267 DE
450 210 688 271 effluuuluttllll
707 214 828 271 instit.
850 214 913 271 ΗΒ.
934 216 992 271 llll.
1011 245 1046 259 -
1066 217 1110 271 DE
1129 216 1264 273 SPlRlTU
1286 218 1540 287 antelucanus,
1734 223 1785 276 uls

134 334 217 393 vietis
235 334 358 393 nnedtur
370 337 529 394 consolatio.
544 338 591 396 Sin
605 353 670 395 rara
683 348 712 395 at
731 340 858 398 inimicus
877 342 934 398 exi·
947 346 975 410 Α
988 341 1118 415 prodesse
1144 331 1158 374 ἆ
1184 343 1345 401 beneficium
1368 343 1519 412 nuditatis,
1543 345 1609 416 quia
1632 344 1786 417 cupiditatis

134 428 187 497 lie,
208 436 238 486 et
255 442 341 502 gmue
358 429 555 487 colluctationis
575 431 716 488 lnllrmum
739 448 746 488 z
766 431 838 489 ultra
858 431 934 506 daja-
988 436 1086 493 vitium
1104 451 1226 493 resecare
1242 453 1298 494 non
1319 437 1419 507 valuit3
1441 437 1606 509 paupertatis
1619 435 1709 505 bono,
1730 454 1787 494 non

135 520 236 578 monis
248 519 374 579 dolorem
394 520 520 580 confinio
540 524 655 597 turpior,
672 533 701 583 et
718 525 865 600 ignominia
886 527 935 585 de·
988 531 1094 587 virtutis
1109 532 1206 589 merito
1225 530 1390 599 delectatus,
1405 540 1434 588 et
1454 530 1623 587 necessitatis
1637 545 1718 586 onera
1729 546 1786 587 non

131 616 385 691 trimeutograsior
398 615 525 676 infertur.
988 623 1049 680 sina
1075 623 1167 681 cordis
1198 624 1328 698 languore
1360 632 1513 682 contentus.
1544 623 1784 696 Quemadmodum

418 721 558 781 ‘CAPUT
569 725 650 780 llxl.
988 718 1061 775 enirn
1073 734 1187 791 corpore
1197 734 1256 776 non
1267 719 1386 793 pollutos
1397 723 1410 753 ⁸
1421 719 1598 792 Evangelicus
1608 722 1708 783 Tsermo
1721 735 1787 790 pro·

206 815 438 885 Quemadmodum
453 819 607 889 mmranata
625 821 662 876 eit
677 819 862 889 plrllurqpu'a.
989 812 1097 868 nuntiat
1119 810 1203 869 corde
1223 811 1375 870 moechatos
1390 811 1498 884 (liutto.
1522 818 1587 878 mla
1607 811 1644 866 lta
1661 811 1783 883 pecuniae

166 921 210 976 Da
225 932 281 991 quo
301 916 360 976 hiae
381 917 434 974 erit
448 919 569 985 {summa
589 920 700 978 victoria
723 908 935 996 triumphusque
987 921 1096 978 quoque
1109 903 1518 978 pondereminimesarcinatos,
1534 903 1676 961 aflectuac
1690 913 1782 961 manta

130 1019 280 1087 perpetuus
302 1028 309 1067 ι
328 1019 360 1069 ur
373 1012 605 1085 quamadmodum
626 1013 735 1083 dicam,
754 1029 805 1071 ιω
823 1014 931 1074 minuto
984 1010 1049 1057 cum
1068 999 1229 1073 philargyris
1253 999 1428 1056 condemnari
1451 998 1581 1072 possibile
1601 1007 1652 1055 ast.
1669 998 1786 1054 Occasio

129 1104 243 1179 quidem
253 1118 371 1162 nummo
386 1104 553 1162 conscientia
567 1107 694 1165 monachi
709 1108 854 1182 polluatur.
872 1111 931 1165 lm·
984 1093 1056 1149 essim
1071 1093 1110 1149 05⁵
1121 1092 1238 1149 bibendi
1256 1091 1360 1159 defuit,
1373 1107 1429 1149 ⁰⁰1¹
1444 1093 1587 1159 volumen
1603 1105 1665 1163 (ιῑῑω
1677 1106 1786 1163 ⁸0¹¹¹l¹er

128 1197 258 1273 punitio
280 1213 400 1272 namque
427 1207 480 1268 est,
505 1215 589 1269 eum,
613 1200 659 1274 qni
681 1201 766 1260 vietus
784 1202 814 1259 in
834 1202 930 1275 exigua
986 1184 1058 1257 apud
1075 1189 1165 1242 Deum
1180 1185 1250 1242 solet
1267 1185 1356 1256 magis
1376 1199 1458 1257 quarn
1477 1185 1624 1240 nenessitas
1643 1186 1781 1241 coronari.

129 1274 450 1365 salpa'aonenptseanriae
474 1291 558 1349 semel
579 1293 609 1349 in
633 1290 716 1351 corde
740 1309 791 1351 suo
811 1293 931 1351 marcam
984 1280 1079 1350 ltaque
1092 1276 1278 1336 festinandum
1292 1278 1489 1344 nobisast,ne
1502 1278 1644 1333 insanum
1659 1278 1784 1336 labumm
1873 1290 1876 1295 ·

129 1382 294 1456 msoaperit,
314 1400 375 1442 non
392 1383 504 1458 majoris
517 1383 641 1454 desiderii
664 1386 787 1459 protinus
806 1386 931 1444 incendio
983 1382 1141 1430 nostrorum
1163 1373 1347 1431 emolumenta
1361 1371 1515 1444 depereant.
1535 1371 1692 1428 Miseranda
1704 1386 1784 1428 nam-

129 1477 304 1550 eonllagrari.
318 1477 436 1536 Tamdiu
450 1493 567 1550 namque
587 1480 665 1536 miles
681 1479 782 1539 christi
798 1481 883 1539 victor
899 1498 932 1539 ιο
985 1483 1039 1542 que
1060 1477 1102 1526 est
1127 1468 1293 1541 paupertatis
1313 1484 1345 1524 ac
1366 1465 1497 1523 nuditatis
1522 1467 1611 1523 exitus
1634 1466 1782 1535 tolerasse;

130 1585 262 1640 maurus,
278 1563 293 1605 ὓ
315 1579 468 1644 cunctaque
483 1571 638 1643 cupiditatis
661 1572 864 1646 impugnatione
881 1575 933 1632 epit
984 1559 1089 1618 fructus
1101 1575 1163 1618 vero
1176 1576 1271 1618 earum
1284 1575 1369 1618 cassae
1384 1560 1532 1617 voluntatis
1543 1558 1610 1617 vitio
1625 1557 1783 1632 perdidisse.

128 1670 278 1735 munus,
291 1661 380 1719 donec
393 1662 468 1721 initia
487 1664 714 1739 concupiscentiae
730 1667 812 1742 hujrrs
827 1669 872 1726 lale
883 1684 931 1727 na·
1258 1697 1382 1754 cgpup
1400 1694 1511 1751 xxm,

129 1754 279 1830 quissimus
296 1755 410 1831 spiritus
433 1757 462 1817 in
482 1757 542 1832 ejus
555 1759 639 1817 corde
656 1775 713 1818 non
725 1760 835 1818 severit,
857 1761 930 1833 Qua·
944 1763 969 1827 Β

129 1851 623 1925 propterauminmnctisgeueribue
632 1852 758 1911 vitiomm
772 1854 932 1927 generaliter
1233 1813 1392 1883 &mmm
1405 1812 1439 1866 de
1456 1810 1534 1867 Μ’

128 1945 268 2018 „mm
286 1953 505 2019 mmmm„
518 1947 531 1981 e
545 1946 664 2017 mg,
684 1946 711 2002 j„
723 1945 777 2003 ιω
795 1947 932 2019 praecqpug
1021 1934 1071 1990 llis
1082 1947 1255 2006 numnquam
1267 1933 1428 2008 perniciora,
1440 1933 1711 2005 quemnoxiaiornes
1722 1934 1784 2001 ista,

129 2034 287 2110 diligentins
296 2036 423 2095 murenis
435 2037 592 2109 praecaveri,
608 2037 689 2110 Quod
701 2039 725 2096 sl
744 2037 827 2098 fuerit
840 2040 930 2097 lnpo-
983 2027 1034 2085 nisi
1049 2025 1130 2084 luerit
1143 2026 1288 2102 diligenter
1301 2027 1417 2105 onasus,
1432 2026 1467 2083 ad
1483 2027 1543 2098 elus
1563 2027 1722 2094 interitum,
1739 2029 1785 2099 qui

130 2129 266 2198 mm,
288 2143 339 2188 ena
355 2131 470 2187 materia
481 2131 690 2200 nouantem,
711 2134 801 2205 ipsum
822 2133 932 2194 sibimet
984 2136 1048 2179 eum
1070 2122 1240 2194 conceperit,
1265 2118 1429 2190 fructificet,
1448 2126 1475 2177 et
1497 2119 1649 2193 omnigenis
1671 2121 1785 2193 pullulet

133 2221 336 2280 amantiora
354 2222 496 2280 nunquan
514 2222 645 2281 ιῃωῃιιι,
670 2223 791 2298 palenque
807 2240 862 2282 mn
883 2242 932 2283 ω.
984 2215 1145 2272 remuseulis
1169 2214 1321 2272 vitiorum?
1344 2214 1458 2286 Respice
1480 2213 1581 2270 ludam
1596 2212 1803 2286 apostolorum'

134 2316 194 2373 lum
205 2315 381 2389 pecuniarum
395 2325 437 2379 est
448 2315 567 2375 carenda
579 2317 727 2390 nummio,
741 2333 836 2376 aarum
848 2319 930 2378 ettam
984 2322 1099 2364 numero
1111 2306 1290 2379 deputatum,
1314 2306 1375 2379 quis
1389 2305 1478 2362 noluit
1498 2306 1631 2379 serpentis
1644 2304 1725 2376 hujus
1741 2320 1785 2360 aa·

132 2409 256 2469 mamm
282 2411 341 2485 ip„
364 2411 399 2468 ab
417 2413 509 2469 animo
532 2412 638 2484 penitus
659 2412 836 2471 extrudenda,
864 2417 930 2472 ιιοη
983 2411 1032 2475 put
1045 2400 1145 2459 lethale
1157 2409 1308 2470 conterere,
1324 2400 1441 2474 qualiter
1455 2416 1518 2458 eum
1530 2415 1581 2457 sno
1600 2416 1706 2458 veneno
1722 2414 1784 2472 per·

132 2504 206 2564 wrm
218 2514 278 2565 „m
296 2506 411 2565 enm,
430 2507 604 2582 pherargyfrae
619 2506 745 2565 vimnau,
766 2515 826 2575 ιιι,
846 2524 929 2582 quam
983 2496 1082 2552 emerit
1094 2503 1123 2552 et
1140 2495 1367 2575 concupiscentiae
1380 2493 1480 2566 laqueis
1494 2493 1631 2551 irretitum
1651 2492 1785 2566 adquam

132 2598 247 2661 aaran·
268 2601 355 2676 aprus
382 2600 513 2660 rauserias
537 2602 728 2675 amanuncus.
758 2601 830 2660 nnn
856 2603 929 2661 anam
983 2588 1092 2662 rbrurti
1115 2588 1257 2662 precipiti
1276 2588 1382 2645 mnan
1401 2588 1561 2661 inuenerit,
1580 2596 1613 2645 ut
1626 2586 1783 2659 redempto

133 2695 254 2768 prodam
267 2695 930 2770 pecuniasnonhabare‚siv01unmpnn0brs
984 2697 1043 2738 rem
1068 2681 1163 2739 mundi
1186 2690 1215 2738 et
1229 2681 1364 2748 ¹humanae
1388 2682 1483 2739 salutis
1505 2690 1647 2739 auctorem
1677 2681 1786 2754 triginta

55 2835 59 2845 .
133 2788 217 2849 fuant
229 2790 397 2865 possidendi.
984 2776 1117 2849 argenteis
1129 2775 1292 2847 persuaserit
1305 2776 1430 2832 rendere.
1447 2775 1500 2844 Qui
1522 2788 1694 2846 nequaquam
1710 2782 1786 2829 esset

409 2888 530 2945 CAPUT
551 2888 648 2945 χχιι,
984 2869 1020 2926 ad
1033 2878 1091 2927 tam
1112 2870 1257 2927 scelestum
1274 2868 1437 2943 proditionis
1450 2868 1555 2925 facinus
1579 2867 1742 2934 devolutus,
1760 2866 1785 2923 si

137 2982 388 3056 Orudpoesllquie,
403 2985 483 3039 etium
495 2983 656 3039 mannaan
669 2985 807 3054 monum,
819 2983 931 3055 pnpap.
984 2980 1041 3022 non
1062 2963 1233 3038 philargyriae
1254 2964 1353 3021 morbo
1373 2962 1466 3020 luisset
1490 2958 1607 3018 iniectus
1632 2975 1706 3018 :nec
1726 2963 1782 3015 Do·

415 3069 500 3124 pyrus
512 3055 646 3124 lumi·
986 3055 1092 3113 minicae
1105 3049 1114 3089 ¹
1128 3055 1278 3129 negationis
1295 3057 1358 3127 [Al.
1377 3052 1540 3127 necationis]
1557 3069 1620 3109 raus
1637 3052 1783 3123 sacrilegus

168 3145 302 3205 Posnlile
321 3162 440 3219 namque
458 3147 540 3204 etiam
555 3162 612 3204 non
637 3145 792 3204 habentem
809 3149 971 3221 pecuniam
986 3150 1149 3219 exstitisset,
1171 3150 1221 3206 nisi
1235 3151 1309 3224 prius
1331 3149 1430 3208 solitus
1444 3147 1570 3205 inisset⁸
1591 3145 1710 3205 creditos
1731 3145 1782 3202 sili

138 3254 304 3315 nequaquem
324 3240 498 3315 philargyria
523 3238 620 3299 morbo
635 3254 746 3310 cerere,
770 3239 933 3315 nihilqueai
986 3244 1092 3303 loculos
1108 3244 1266 3317 compilare.

679 3384 807 3441 Alanoi
826 3384 938 3443 GAZAEl
957 3386 1236 3443 COMMENTARIUS.

168 3499 183 3530 ⁸
202 3496 305 3554 'lotum
326 3496 380 3554 lroc
402 3513 432 3554 ca
453 3506 483 3554 ut
506 3499 645 3571 praeclaris
664 3500 805 3556 sententiis
820 3507 848 3557 et
872 3516 934 3558 ma·
987 3503 1226 3575 possessionesque
1255 3501 1423 3574 relinquare,
1453 3509 1502 3556 aut
1538 3500 1572 3557 iis
1592 3515 1699 3567 carera;
1735 3500 1783 3558 sed

135 3566 230 3651 moriae
242 3513 469 3652 commendandis
477 3568 613 3627 redundat
626 3590 633 3626 ι
647 3586 714 3644 quas
725 3572 760 3626 ad
774 3571 857 3628 linem
870 3588 935 3646 ope·
987 3582 1096 3646 oportet
1122 3589 1234 3631 omnem
1256 3584 1351 3629 aarum
1387 3571 1517 3628 allectum
1561 3579 1589 3627 et
1613 3573 1783 3628 voluntatem

135 3652 247 3695 neman
261 3639 320 3722 altre
334 3639 522 3696 selectrorrbus
537 3641 563 3695 in
576 3640 701 3698 ordinem
712 3642 770 3699 radi
791 3658 878 3700 emus.
987 3645 1144 3715 possidendi
1174 3644 1346 3718 deposuisse,
1381 3655 1410 3701 ut
1439 3643 1484 3699 lric
1514 3613 1597 3700 docet
1627 3644 1782 3700 Cassianus.

168 3702 307 3793 bPlarasrr
319 3712 448 3795 Cassiano
462 3711 614 3783 peculiaris.
628 3715 681 3769 Pro
698 3729 753 3784 quo
766 3658 932 3787 {tarpeium
987 3718 1057 3772 Nam
1080 3716 1244 3789 philargyria
1260 3732 1317 3771 non
1337 3723 1394 3771 tarn
1415 3715 1444 3770 in
1467 3714 1636 3786 possessione
1656 3729 1738 3787 quarn
1755 3715 1784 3768 in

136 3780 178 3837 Ad
188 3795 261 3835 anuu
275 3783 476 3851 impreqnuuoue
490 3784 649 3855 cupiditatis
661 3786 713 3839 err't
724 3787 859 3841 immunis.
985 3802 1080 3843 amore
1093 3787 1249 3844 divitiamm
1267 3794 1314 3842 aut
1325 3787 1501 3858 pecuniamm
1522 3786 1660 3850 consistit,
1684 3792 1715 3839 ut
1735 3798 1784 3838 no

168 3852 428 3915 aldestabseruari,
441 3852 494 3922 vel,
507 3862 537 3909 nt
550 3853 619 3911 inira
632 3854 709 3920 dicit,
717 3859 875 3924 preconari,
887 3854 933 3912 ubi
985 3872 1049 3913 men
1069 3858 1159 3929 ipsum
1180 3866 1269 3915 sonat.
1287 3857 1368 3913 Unde
1392 3857 1490 3928 passim
1508 3855 1535 3909 in
1555 3854 1718 3933 scripturis,
1737 3852 1783 3908 ubi

134 3929 291 3995 serpentem
303 3932 381 3979 vocat
395 3923 546 3990 diabolum,
558 3924 790 3995 quamadmodum
808 3934 836 3981 et
849 3942 931 3998 supe·
985 3929 1083 3985 Graece
1097 3928 1257 4001 φιλάργυροι,
1274 3929 1368 3983 latine
1379 3925 1470 3997 cupidi
1485 3925 1527 3979 vel
1551 3937 1624 3979 avan
1645 3921 1782 3990 dicuntur,

135 3993 207 4051 riore
218 3991 290 4049 libro
307 4013 314 4050 :
332 3994 411 4066 cuius
424 3994 558 4065 serpentis
575 4001 657 4064 caput
674 3993 843 4059 observmur,
859 4010 933 4069 prae-
985 3998 1062 4069 quasi
1077 3999 1138 4054 aeris
1149 4000 1230 4066 aridi,
1243 4008 1273 4055 ut
1284 3999 1388 4055 dictum
1402 4004 1443 4052 est
1456 3998 1543 4063 (unce
1552 4007 1616 4053 ιιι,
1630 3995 1641 4047 l
1655 3995 1721 4046 Tine.
1740 4006 1778 4048 111

134 4071 255 4131 caretur,
275 4071 304 4120 at
320 4064 469 4122 secundum
483 4064 529 4120 vul
549 4072 622 4120 atam
643 4062 796 4119 versionem
817 4067 933 4121 conteri-
985 4073 1012 4122 et
1025 4071 1051 4123 ll
1068 4072 1137 4123 lim.
1153 4074 1214 4134 ιιι).

135 4141 188 4198 tur,
208 4133 278 4191 dum
293 4135 352 4208 ejus
371 4080 590 4210 snggasnaniffius
610 4134 717 4191 lortilar
730 4149 763 4191 ac
776 4133 834 4191 sine
855 4150 934 4192 mora
1021 4139 1166 4193 ⁴’llattlraei
1187 4153 1208 4193 v
1231 4156 1237 4192 :
1264 4139 1317 4205 Qui
1335 4137 1434 4190 uiderit
1450 4136 1587 4188 marlierem
1605 4134 1643 4187 od
1660 4134 1782 4201 coucupi-

133 4205 278 4261 murima.
985 4208 1109 4262 scendum
1126 4223 1198 4270 eom,
1217 4207 1277 4277 jum
1294 4206 1438 4260 mactatus
1453 4209 1492 4258 cst
1508 4219 1566 4258 earn
1587 4205 1617 4256 iu
1633 4204 1711 4257 corda
1723 4219 1781 4257 saro.

168 4262 185 4308 ⁴¹
205 4277 237 4333 ld
256 4284 316 4344 est,
340 4274 473 4349 professio
495 4280 671 4349 paupertatis.
694 4275 774 4332 Nulla
796 4276 933 4349 siquidem
986 4276 1226 4347 Quemadmodum
1236 4291 1301 4349 ergo
1313 4276 1371 4331 sola
1383 4274 1598 4347 concupiscentia
1613 4275 1708 4330 uxoris
1720 4273 1784 4329 alie-

135 4344 226 4418 major
245 4362 304 4404 asse
326 4347 435 4404 nuditas
456 4356 560 4420 potest,
579 4363 661 4419 qnam
684 4347 816 4420 religiosi,
830 4355 932 4415 natue,
984 4365 1029 4405 nae
1048 4347 1168 4405 allicitur
1182 4348 1243 4420 quis
1265 4362 1326 4404 raus
1349 4345 1474 4421 moeclriae
1494 4354 1521 4401 et
1539 4346 1665 4402 adulterii
1688 4360 1783 4401 coram

135 4431 197 4489 quse
223 4432 280 4474 non
304 4419 394 4475 solum
416 4428 603 4491 paupertatem
630 4418 751 4488 inducit3
776 4418 932 4475 sedetiam
986 4423 1045 4476 Deo
1064 4436 1071 4474 τ
1093 4420 1128 4475 ita
1143 4422 1200 4476 sola
1214 4417 1359 4476 allectione
1377 4427 1405 4474 et
1427 4416 1572 4488 cupiditate
1588 4417 1781 4490 pecuniarum,

135 4487 262 4544 omnium
278 4504 370 4545 rerum
422 4491 572 4556 ssessiona,
587 4490 750 4562 proprietate
763 4505 795 4546 ac
810 4489 933 4547 dominio
964 4492 1045 4561 sel,
1060 4500 1091 4548 ut
1104 4493 1288 4548 communiter
1310 4489 1460 4561 loquimur,
1480 4489 1539 4544 solo
1555 4489 1726 4561 proprietatis
1743 4488 1783 4543 af·

134 4571 271 4631 quemque
293 4574 459 4616 monacum
486 4561 596 4633 penitus
616 4561 692 4616 exuit
711 4568 740 4616 et
756 4561 878 4633 spoliat:
902 4569 933 4617 ut
987 4562 1059 4618 lectu
1084 4561 1201 4620 efficitur
1222 4560 1375 4620 monnellus
1392 4575 1456 4617 reus
1477 4559 1650 4634 philargyriae
1670 4567 1698 4616 et
1723 4574 1785 4631 pro·

135 4643 191 4685 nou
213 4629 297 4687 modo
316 4646 413 4700 agrum
426 4639 474 4686 aut
491 4632 624 4698 domum,
648 4631 713 4698 sad,
732 4639 764 4687 ut
785 4632 848 4687 alibi
865 4631 934 4689 dixit
985 4633 1117 4705 prietatis.
1161 4648 1164 4655 ·

135 4699 289 4767 minens,
302 4705 472 4770 annuentem,
485 4717 571 4771 noun
625 4703 717 4765 laium,
733 4718 785 4756 non
800 4704 933 4759 calamum
1021 4697 1199 4762 ‘Necationis
1220 4706 1328 4777 potius,
1346 4702 1493 4770 autnecis,
1509 4709 1539 4757 ut
1552 4702 1580 4756 in
1597 4702 1721 4771 margine
1735 4716 1784 4755 an·

133 4773 222 4839 possit
234 4772 334 4843 cloquio
349 4773 487 4843 appellere
499 4717 667 4844 satum‘ffiup.
679 4774 726 4829 lib.
741 4787 776 4829 ιιι
793 4789 851 4844 cup.
875 4779 929 4839 ιι).
983 4784 1104 4832 notatur.
1123 4779 1185 4832 llon
1199 4776 1272 4830 enirn
1287 4773 1384 4845 legitur
1395 4773 1481 4829 ludas
1497 4773 1645 4850 Dominum
1658 4785 1782 4839 rregassa;

135 4841 227 4912 tinius
237 4850 330 4899 autem
344 4844 474 4898 nuditatis
497 4842 658 4898 beneficium
669 4842 789 4900 declarat
813 4846 846 4899 l).
862 4823 969 4902 Gra-1)
985 4846 1032 4902 sed
1045 4846 1079 4902 ad
1093 4860 1188 4901 necem
1209 4844 1379 4926 prodidisse:
1394 4843 1451 4922 ,nisi
1462 4850 1642 4922 ‘negationem
1667 4854 1716 4909 pro
1732 4838 1781 4922 de-

135 4912 230 4983 gorius
244 4911 405 4982 hisverbis,
429 4929 491 4985 qum
509 4912 619 4969 tametsi
633 4913 669 4969 ad
689 4929 786 4969 ornnes
803 4913 931 4970 Christia-
985 4916 1105 4973 sartione
1119 4915 1300 4971 deiectioneve
1316 4912 1443 4981 accipias,
1458 4918 1535 4982 Juxta
1554 4908 1619 4965 rllud
1639 4911 1782 4981 Apostoll:

135 4996 187 5038 noe
200 4997 252 5039 suo
275 4982 359 5041 modo
410 4987 543 5051 rtineant,
558 4985 664 5055 propria
683 4992 775 5040 tamen
788 4991 817 5039 et
830 4986 934 5055 speeie-
987 4987 1151 5055 Corrfitautur
1176 5000 1204 5039 se
1234 4989 1318 5040 Deum
1346 4997 1436 5050 uossea
1462 4983 1544 5050 sectis
1571 4985 1659 5037 auten
1685 4988 1784 5051 tranunt
1839 5020 1846 5028 .

137 5052 189 5108 lius
201 5053 236 5110 ad
255 5057 329 5110 solos
350 5071 380 5111 re
391 5055 492 5127 igiosos
503 5053 660 5111 referuntur
675 5072 682 5109 ε
699 5057 876 5126 Quicumque,
892 5056 934 5111 in·
991 5058 1056 5125 (atr.
1076 5058 1107 5126 ι).
1831 5081 1833 5085 ·

135 5124 208 5197 quit,
223 5126 261 5180 od
273 5127 596 5196 pldalaqonemoeuimus,
609 5126 740 5180 luctamen
751 5128 933 5181 wntrumali·
1023 5129 1037 5166 ⁸
1060 5124 1145 5183 ludas
1166 5139 1237 5195 aegre
1259 5122 1347 5180 lenens
1371 5122 1501 5179 damnum
1527 5131 1554 5179 et
1578 5123 1710 5196 incurram
1731 5139 1784 5179 un-

137 5211 204 5264 qnos
217 5199 330 5266 spirinse
339 5200 467 5252 sumimus
481 5216 489 5250 ε
504 5198 675 5252 uililouleru
687 5196 803 5266 mclrpni
822 5200 934 5267 spiritate
988 5198 1081 5268 guanti
1096 5212 1112 5252 a
1127 5196 1287 5268 Magdalenu
1304 5195 1398 5263 effusi,
1415 5195 1553 5251 verbailla
1568 5196 1785 5268 indignabundus
1869 5228 1874 5235 ·

137 5270 168 5320 iu
190 5268 237 5321 loe
254 5269 354 5322 maudo
370 5271 511 5339 proprium
530 5267 774 5338 possidentium
794 5282 857 5336 erqo
876 5283 935 5323 cum
989 5266 1105 5324 alludit:
1122 5268 1439 5336 ereiocrurpuentum
1451 5269 1729 5322 uouuuriitlreeeulis
1742 5268 1786 5321 de·

137 5338 221 5392 erudis
231 5339 333 5393 nectari
344 5339 477 5394 delemus.
494 5341 564 5396 Num
577 5340 723 5393 siueslitus
735 5340 857 5408 quisquis
875 5354 936 5393 cum
988 5343 1084 5402 eremis,
1095 5339 1223 5395 etdoturn
1235 5341 1391 5408 estepanis?
1403 5341 1577 5394 meantem
1587 5339 1643 5401 hoa,
1654 5338 1691 5392 ait
1703 5341 1786 5392 Euan

137 5408 211 5462 erardo
224 5409 354 5475 luctatur,
364 5412 445 5465 cilius
457 5410 495 5464 ad
514 5415 614 5464 terram
624 5409 761 5478 dejicitur,
774 5412 840 5478 quic
857 5410 937 5465 tabat
990 5411 1099 5482 gelista,
1114 5426 1167 5464 uon
1187 5410 1252 5480 quio
1272 5410 1305 5465 da
1325 5412 1410 5478 eqereis
1426 5410 1577 5479 pertinebat
1589 5411 1626 5463 od
1639 5425 1699 5463 euru
1713 5413 1721 5472 (
1733 5408 1786 5462 lroc

138 5480 209 5533 ualde
232 5484 362 5536 tutantur.
383 5480 455 5549 Quid
477 5483 546 5535 enim
557 5485 621 5534 suut
635 5483 740 5535 temeto
757 5483 862 5543 mnus,
879 5483 937 5535 nisi
991 5489 1048 5549 est,
1067 5497 1123 5537 nou
1138 5480 1199 5552 quia
1216 5494 1345 5551 pauperes
1366 5488 1486 5544 curaret,
1498 5488 1545 5534 aut
1557 5481 1590 5534 de
1604 5481 1641 5534 eis
1653 5478 1786 5534 sollicitus

139 5550 263 5671 yuoeduan
276 5554 394 5622 corporee
407 5551 585 5606 indumento?
597 5552 650 5618 (lui
663 5566 725 5621 erpo
736 5557 828 5607 contro
842 5552 937 5606 ‹lindo-
991 5555 1088 5619 essel);
1102 5553 1148 5607 sed
1163 5552 1229 5622 quio.
1245 5553 1294 5618 sur
1306 5556 1381 5614 mul,
1397 5557 1421 5606 et
1444 5551 1539 5604 lacellos
1551 5552 1665 5609 madeus.
1681 5565 1712 5603 eu
1725 5564 1785 5618 que

150 5634 194 5675 ura
204 5623 241 5675 ad
255 5628 387 5677 urtemeu
395 5627 530 5692 properat,
540 5624 695 5678 assumento
704 5622 824 5691 cipiunt,
833 5639 866 5677 uc
878 5638 936 5677 sue»
990 5624 1167 5677 uritlclautur
1176 5623 1304 5692 pmtrrdol
1318 5622 1403 5691 (lucar.
1416 5625 1485 5686 ιιι).
1501 5623 1598 5691 Frrrenr
1614 5635 1676 5675 eurn
1691 5621 1784 5691 appel-

137 5692 253 5747 cumeae.
267 5694 336 5750 Haec
348 5693 496 5764 Gregorius
514 5693 624 5759 (Hamil.
637 5698 671 5748 ιι
684 5694 714 5748 iu
733 5696 862 5762 quue).
878 5695 937 5750 (2ae-
992 5692 1045 5759 lat,
1061 5694 1124 5764 quia
1136 5695 1255 5760 loculos,
1269 5697 1298 5747 ut
1311 5691 1354 5746 iric
1370 5692 1480 5760 dicitur,
1496 5692 1546 5745 sliri
1561 5708 1575 5746 a
1591 5692 1709 5746 Dorrrino
1723 5705 1783 5744 con·

137 5769 227 5820 terum
258 5763 293 5820 ad
325 5762 473 5836 perlectum
491 5762 643 5820 nuditatem
664 5779 721 5820 non
741 5761 842 5820 sufiicit
864 5763 936 5821 bana
991 5764 1228 5831 creditos,eolitus
1241 5763 1475 5835 eratcompilare,
1491 5762 1542 5818 lroc
1563 5772 1620 5831 ast,
1634 5763 1785 5830 surripere,
