3848 6158
510 168 512 172 ’
589 201 610 254 n
651 197 892 256 amianarum
909 199 1099 259 rnsrrrnrrs
1118 204 1314 261 enniano.

273 462 612 544 EPISTOLAa
644 460 684 538 S.
721 459 1009 539 CASTORIS
1045 461 1324 543 APTENSIS
1358 464 1628 546 EPISCOPI

928 672 973 718 An

534 816 866 936 morsuum
919 843 1362 940 cnssmnnnr

743 1043 892 1095 innatast
910 1042 1151 1098 brissinensis.

132 1366 137 1377 ,
162 1323 260 1376 Damno
272 1316 426 1372 sanctitatis
441 1313 552 1384 speciali
563 1311 649 1380 ploria
660 1311 798 1375 decorato,
810 1316 892 1382 atquc
903 1327 954 1382 per
965 1314 1054 1366 aurita
1065 1313 1236 1368 memorando
1251 1333 1260 1369 ε
1273 1313 1320 1368 sed
1333 1318 1358 1370 et
1368 1316 1540 1370 scientiarum
1555 1315 1647 1370 decore
1657 1319 1780 1386 pollenti,

124 1415 204 1467 Patri
218 1412 316 1467 scilicet
328 1410 466 1471 Cassiano,
483 1407 577 1463 Castor
588 1406 615 1458 in
628 1405 728 1460 nrurrclo
741 1405 894 1474 depcntinm
904 1408 1054 1476 pem'psemu
1066 1408 1088 1473 (l
1101 1408 1160 1464 Cor.
1171 1407 1223 1479 ru),
1236 1425 1296 1478 prta
1307 1424 1448 1480 possumus
1460 1412 1597 1465 seruitutis
1615 1411 1778 1466 humillima.

163 1507 279 1562 Ratione
284 1505 381 1567 bilitcr,
397 1505 488 1565 Pater,
503 1500 737 1568 irrationabilibus
750 1503 776 1554 et
787 1501 937 1569 elinantius
947 1499 1093 1570 padapopi
1099 1503 1220 1569 (aaronita
1232 1502 1413 1557 subveniunt:
1429 1505 1494 1573 quia
1509 1505 1560 1558 etsi
1572 1518 1624 1557 non
1634 1518 1713 1573 aqua
1725 1519 1781 1558 aor-

118 1601 208 1654 nibus
216 1599 374 1660 moderatio,
389 1611 516 1667 oppressa
526 1595 695 1650 inmanitate
705 1596 795 1663 ripere
804 1593 1012 1675 depiclrenditur
1023 1614 1031 1650 ε
1043 1600 1128 1651 restat
1140 1600 1229 1651 tamen
1237 1601 1267 1651 ut
1277 1598 1318 1650 liis
1329 1598 1542 1668 petibussubacta
1554 1599 1697 1668 probatur,
1707 1597 1781 1653 subi·

125 1697 175 1762 pat
188 1692 400 1749 emolumentum.
416 1691 475 1746 Nou
494 1689 564 1742 atim
576 1688 665 1742 omnia
677 1702 819 1759 possumus
837 1703 944 1757 omnes;
961 1692 1092 1759 quianon
1106 1693 1225 1745 omnium
1240 1707 1316 1745 nosse
1327 1696 1438 1746 certare.
1455 1693 1551 1748 Merito
1563 1694 1633 1746 enim
1650 1693 1695 1746 sui
1704 1693 1779 1762 pctu-

119 1804 208 1858 qnam
217 1787 356 1857 jacturam
374 1784 500 1845 incurrit,
516 1783 605 1852 quiea
616 1797 675 1851 pua
686 1784 794 1852 potiora
809 1797 903 1852 capere
919 1781 1015 1836 didicit
1029 1783 1108 1846 bona,
1127 1786 1263 1853 surripere
1279 1786 1388 1838 minime
1408 1786 1523 1855 ombipit
1536 1785 1632 1852 [Forte
1646 1785 1777 1855 scrtcrpit].

125 1884 240 1937 Brutina
262 1896 379 1950 namque
387 1883 449 1933 sunt
460 1877 650 1962 exercitatione
660 1876 812 1947 premendi,
822 1877 960 1946 variisque
972 1875 1096 1945 oporibus
1111 1875 1213 1937 aleardi,
1230 1877 1327 1945 quibus
1337 1877 1455 1932 oliorum
1467 1878 1592 1933 discretio
1602 1873 1776 1948 subrepatur.

124 1978 234 2031 Etenim
243 1976 383 2044 aliquoties
394 1975 575 2044 praesumptor
584 1985 633 2025 sua
646 1971 795 2025 temeritato
805 1971 961 2034 succumbit,
975 1971 1049 2033 dcam,
1061 1972 1217 2026 incessantis
1230 1972 1405 2042 usibusopta,
1421 1987 1470 2026 seca
1482 1975 1628 2041 inconperta
1642 1971 1780 2028 industria

124 2066 464 2123 incertismoderationibus
470 2058 638 2136 dispertitur.
646 2064 793 2120 Nobisoero
799 2064 889 2119 idiotis
894 2066 1261 2135 todleperincuriaminepta
1265 2064 1550 2135 persentderr'possnnt.
1559 2068 1781 2135 Tecrponlraris·

118 2159 1780 2232 simePater,armpossumnsoborituteproeaenimus,puopioocinenbanstaenubcrantia,rn‘lnilpromeresopr'entibusnobis

127 2258 282 2319 subnennts,
293 2260 318 2309 et
333 2257 428 2326 quibua
441 2256 594 2325 praeunines
606 2255 750 2317 mereitiis,
765 2254 814 2308 sub
825 2252 922 2323 actibus
932 2252 1092 2322 prepollens
1101 2268 1175 2307 mens
1190 2257 1215 2307 et
1227 2253 1348 2308 membra
1362 2258 1511 2319 creuerunt,
1527 2270 1574 2309 nos
1585 2255 1740 2325 rreopliptos,
1755 2259 1781 2310 ot

128 2350 281 2404 rrrrirtdiolis
289 2365 395 2418 pompae
408 2348 617 2404 accurationibus
628 2349 727 2402 illectos
740 2350 859 2402 accitare
868 2362 922 2401 cern
931 2346 1059 2414 disseras.
1071 2347 1220 2416 Teanidcm
1228 2350 1398 2418 potissimum
1410 2349 1588 2404 Orientalium
1598 2349 1780 2404 cassubiorum

114 2443 252 2497 'doctrina
267 2447 406 2512 aspertum
418 2446 544 2505 terremur,
555 2443 725 2511 maeimepue
736 2444 935 2513 AEpyptiornm,
946 2448 971 2497 ot
982 2442 1057 2513 apud
1066 2443 1227 2498 Thebaidem
1236 2445 1416 2512 furtdutorum
1429 2464 1437 2499 ε
1448 2448 1601 2515 prasertim
1613 2461 1672 2499 ciem
1682 2448 1707 2500 et
1720 2445 1779 2499 loco

121 2537 264 2594 Dominioa
277 2537 420 2590 naticitatc
429 2536 548 2605 c'nsipniu
558 2537 669 2590 tuasint
678 2535 816 2589 illustrata
824 2538 979 2604 prasentia.
989 2538 1116 2605 Quocirca
1125 2554 1184 2593 cum
1193 2541 1355 2593 sisomnium
1365 2539 1517 2594 straliorum
1530 2540 1725 2596 Catlmlicorum
1738 2539 1779 2594 cli·

120 2632 238 2702 sciplino
251 2630 378 2697 insertus,
392 2634 416 2684 tc
430 2645 534 2702 auoque
545 2632 665 2684 contenit
677 2644 723 2684 nos
738 2631 854 2684 scicntia
866 2632 965 2702 inopes,
978 2648 1031 2686 non
1042 2635 1193 2703 praeterire.
1205 2637 1337 2689 Posuimus
1349 2651 1466 2704 namura
1479 2639 1554 2689 tuam
1563 2637 1769 2705 paternitatem,

119 2728 151 2779 in
164 2725 291 2779 instituta
301 2725 534 2786 monasteriorum,
546 2741 607 2794 quae
616 2740 667 2794 per
678 2726 824 2793 AEpyptum
837 2728 862 2778 et
875 2726 1049 2781 Palaestinam
1062 2730 1165 2795 stature,
1178 2744 1210 2782 uc
1220 2731 1328 2783 institui
1338 2729 1440 2791 nidisti,
1451 2734 1476 2783 ct
1491 2729 1625 2783 seruanda
1640 2730 1771 2791 sarmisti,

116 2822 233 2875 etsicuti
240 2820 279 2873 ibi
288 2822 305 2872 b
314 2820 442 2874 Patribus
452 2819 557 2874 tradita
564 2823 636 2882 sunt,
647 2820 764 2889 simplici
769 2833 888 2873 sermone
897 2819 926 2884 in
933 2822 1024 2872 nostro
1034 2819 1265 2873 radimonusterio
1272 2820 1399 2874 adbibere
1410 2822 1581 2889 complanata
1592 2837 1645 2875 eron
1655 2822 1772 2884 abnuas,

121 2914 432 2983 cteloquiorumtuarum
442 2914 568 2982 melliflua
575 2915 710 2968 steoritate
718 2913 896 2967 exuberantia
902 2911 1162 2979 oubadr'tsundens,
1172 2918 1265 2973 nostra
1271 2913 1320 2967 diu
1326 2915 1433 2967 arentia
1440 2913 1520 2966 corda
1532 2915 1622 2980 ripere
1630 2929 1682 2967 non
1690 2913 1777 2980 ditto-

120 3023 168 3062 ras
189 3027 197 3062 ε
211 3023 245 3062 en
259 3022 310 3076 quo
323 3007 578 3075 objectasterilitate
591 3009 687 3076 (rupes
696 3006 813 3075 justitiae
826 3008 936 3092 nalepnt
942 3008 1091 3078 pullulare.
1110 3007 1185 3063 Urnle
1201 3024 1262 3062 reor
1273 3010 1299 3063 si
1309 3007 1512 3078 pnidpratiecre
1522 3022 1568 3060 nos
1579 3007 1705 3075 possibile
1716 3007 1778 3073 tue-

120 3103 170 3164 rit,
186 3104 211 3155 te
223 3115 328 3171 quoque
335 3102 437 3169 protiori
447 3103 541 3154 merito
555 3100 769 3155 munerandum:
786 3102 811 3152 si
819 3102 931 3169 paterni
936 3101 1037 3154 laboris
1047 3103 1196 3156 obedientia
1204 3104 1332 3157 inertium
1342 3106 1442 3157 meritos
1453 3102 1674 3171 pucrlomcumque
1688 3101 1779 3156 reddi·

110 3193 212 3249 ⁴derint
224 3194 513 3278 babilemseroitutcm.
534 3195 610 3258 Vale,
626 3200 708 3264 pata·
724 3197 774 3250 Dei
787 3209 934 3256 semorum,
950 3198 977 3249 et
990 3201 1121 3250 memento
1140 3198 1236 3251 nostri.

162 3345 174 3374 ⁸
191 3344 229 3397 Er
245 3350 345 3399 vetusto
355 3342 458 3400 Codice
472 3340 635 3397 Elnoncnsis
648 3339 808 3396 rnonnsterii
823 3341 851 3396 S.
866 3340 996 3397 Amandi.

509 3664 917 3779 aonttms
957 3661 1399 3778 cnsslntst

728 3866 891 3929 neentis
914 3865 1177 3931 unsstulnnsts

199 4047 318 4174 nn
374 4004 1079 4179 conno'nronnn
1132 3956 1704 4172 rnsrrrnrrs

699 4253 855 4332 LIBRI
891 4252 1208 4331 DUODECIM

820 4543 1086 4678 pensitatio,

728 4736 769 4786 ΑΙ)
787 4735 955 4787 CASTOREM
974 4736 1175 4787 enumeranti.

864 4877 1043 4891 -ι

158 5005 267 5063 veteris
290 5003 469 5061 lustrunrenti
496 5011 591 5059 nouat
614 5000 728 5059 historin
757 4999 927 5074 sapientissi·
941 5008 967 5070 Α
981 5001 1088 5065 ridrrae,
1111 4998 1245 5072 quidquid
1269 4999 1362 5055 dirina
1384 4997 1516 5071 snpientia
1538 5004 1698 5071 suggerente
1717 5013 1775 5070 prae

116 5116 202 5157 mum
212 5100 388 5156 Salomonem
400 5104 463 5169 post
473 5105 612 5168 acceptam
622 5093 926 5173 divinitnssopientinm
948 5161 952 5167 ¹
980 5095 1084 5152 clarum
1098 5094 1244 5166 intemplo
1260 5094 1384 5164 Domini,
1400 5095 1440 5151 vel
1459 5094 1488 5151 in
1502 5095 1586 5152 sacris
1602 5094 1670 5151 nensis
1686 5093 1783 5151 molie-

120 5195 353 5269 prudentiumque
369 5191 485 5248 multam
501 5189 595 5260 nimis,
610 5199 637 5247 et
650 5188 821 5247 latitudinem
836 5185 928 5246 cordis
980 5190 1075 5259 batur,
1092 5189 1245 5248 ministerio
1266 5188 1325 5263 ejus
1344 5205 1375 5247 ac
1398 5189 1578 5264 dispositione
1599 5188 1712 5263 perfecit
1732 5190 1786 5256 <111

121 5291 203 5362 qussi
226 5305 338 5346 arenam
358 5289 444 5346 maris
461 5287 691 5345 innumerabilem
711 5288 926 5356 (lllRep.1v):
981 5290 1047 5356 nep.
1067 5289 1134 5353 vn).
1150 5284 1178 5341 Si
1201 5300 1266 5358 ergo
1283 5283 1327 5342 ille
1346 5284 1480 5342 universis
1495 5285 1586 5358 regnis
1605 5292 1685 5339 terrae
1698 5282 1785 5339 subli-

123 5383 162 5439 ita
175 5391 208 5439 ut
224 5382 337 5440 Domini
352 5382 513 5440 testimonio
528 5382 619 5438 nnllns
639 5380 664 5437 ei
677 5379 776 5436 similis
788 5376 930 5435 retroactis
981 5381 1055 5437 mior
1066 5379 1248 5453 principatus,
1271 5388 1297 5435 et
1314 5378 1453 5437 israelitici
1472 5379 1579 5452 generis
1598 5362 1718 5434 nobilior
1740 5391 1786 5433 ex·

125 5475 299 5550 temporibus
318 5476 471 5547 exstitisse,
491 5491 578 5550 neque
592 5480 656 5548 post
682 5489 744 5530 eum
758 5480 930 5530 surrecturus
982 5474 1177 5545 cellentiorque
1202 5473 1344 5546 progenies
1370 5476 1420 5542 llll
1443 5477 1508 5544 ltep.
1529 5477 1598 5542 vn),
1623 5472 1723 5543 illaque
1743 5487 1785 5529 sa·
1827 5467 1833 5473 ”

120 5585 186 5627 csse
211 5571 331 5641 dicatur,
360 5568 628 5642 illud'mngniticnm
650 5569 774 5627 Domino
797 5567 931 5640 templum
984 5569 1089 5642 pientio
1111 5568 1243 5630 divinitus
1260 5567 1400 5638 inspirata,
1426 5584 1489 5640 qnae
1501 5575 1664 5623 cunctorum
1686 5565 1786 5622 Orien·

129 5671 270 5722 exstruere
283 5665 453 5739 cupientem,
465 5664 625 5738 alienigena
638 5663 708 5738 regis
719 5663 784 5738 Tyri
800 5662 932 5719 auxilium
985 5661 1082 5720 talium
1094 5671 1121 5720 et
1143 5661 1333 5737 AEgpptiorum
1347 5659 1504 5734 disciplinas
1517 5668 1545 5716 et
1564 5658 1688 5716 instituta
1707 5672 1787 5731 supe·

128 5761 299 5832 uomuisse.
316 5760 370 5832 Qui
396 5760 482 5818 misso
502 5758 536 5816 nd
561 5774 590 5818 se
608 5760 712 5832 Hymm
735 5757 792 5816 lilio
812 5755 934 5816 mulieris
987 5755 1083 5827 nbat,
1102 5769 1274 5829 nequaquam
1295 5753 1422 5829 pauperis
1448 5759 1530 5828 atque
1551 5750 1709 5824 alienigene
1735 5745 1784 5807 riri
