3848 6158
128 228 178 283 dib
601 222 734 279 coenat
736 221 771 280 10
789 222 857 279 xlll.
875 248 912 263 -·
930 220 975 275 DE
994 218 1233 277 ehonscrtoan
1252 220 1317 275 ont.
1729 222 1782 277 stit

127 350 168 409 bit
181 350 306 417 audacia,
330 350 389 422 ipso
414 362 523 422 quoquo
546 348 672 405 Domino
694 348 753 405 hac
771 346 805 405 ad
818 362 865 404 eos
886 346 924 403 ita
939 350 965 412 Α
980 359 1094 419 operum
1113 353 1270 403 nostrorum
1286 345 1397 415 merito,
1411 344 1459 403 sed
1473 346 1575 403 coelesti
1587 348 1682 420 gratiae
1694 346 1782 419 depu-

126 452 263 501 testante:
279 446 417 503 Noueru'm
426 444 599 512 capitatioucs
611 458 675 498 mcor
686 444 856 511 capitationes
870 454 927 496 nes·
981 439 1103 507 undam,
1128 440 1165 496 ita
1185 441 1297 497 Domini
1321 441 1403 513 ipsius
1416 440 1528 498 vocibus
1550 440 1696 497 edocemur
1723 443 1782 497 :Et

128 543 193 603 trae,
208 540 352 609 aequoria
363 540 459 593 vestrm
470 538 522 591 oria
530 550 610 599 mee,
624 537 690 592 dicit
705 537 848 599 homiuem
860 535 928 604 quia
981 535 1192 591 recordabimini
1202 538 1313 593 moram
1324 541 1473 593 sestrmum
1488 541 1514 593 et
1524 540 1642 593 omnium
1654 524 1781 594 smlerum

127 633 197 689 sicit
203 632 360 687 eaolfarrtar
367 631 428 685 celi
432 633 542 691 eterra,
550 631 590 683 sic
597 629 725 684 multatae
733 632 797 684 suot
803 630 853 682 rac
863 642 929 683 mete
982 633 1129 685 uestrorum
1144 631 1244 701 quibus
1261 632 1362 702 polluti
1375 632 1439 687 estis
1456 633 1485 685 ιἰι
1501 634 1549 696 eis,
1568 636 1595 686 et
1607 632 1781 701 displicebitis

128 743 146 781 u
159 727 212 782 ctis
229 728 342 793 uestris,
365 728 390 778 et
407 725 578 793 eoqitctr'orres
589 738 656 779 meoe
678 738 695 777 a
720 722 928 792 cogitationibus
981 724 1094 780 erobr'sia
1108 729 1249 795 conspeetu
1266 729 1363 796 oestro,
1385 726 1414 780 iu
1428 726 1551 781 omatibus
1562 726 1675 779 malitiis
1688 724 1782 779 emitis

127 822 221 877 oestrs's
234 820 323 891 (tsoioe
338 820 397 884 nv).
412 818 491 873 Hanc
505 816 588 889 igitur
601 815 832 888 dispensationem
845 822 928 888 atque
982 828 1051 883 qaas
1065 815 1177 883 seruth,
1190 816 1312 871 eteoictfs
1324 816 1389 883 quia
1401 830 1447 883 eqo
1462 816 1589 870 mutuas
1605 827 1664 867 cum
1677 812 1782 878 benete-

127 928 251 971 amorem
265 928 357 981 suum,
374 926 457 984 quem
468 911 548 968 nobis
560 910 681 969 tribuere
696 910 834 968 Dominus
848 909 927 968 inde·
982 922 1040 963 cero
1053 908 1125 963 oobr‘s
1139 912 1252 978 propter
1263 924 1357 963 nomeu
1379 923 1477 971 meam,
1496 924 1548 963 aori
1568 906 1711 962 secandum
1724 906 1783 961 sios

128 1003 201 1063 tersa
222 1007 323 1079 pietate
344 1005 487 1079 dignatur,
509 1004 603 1063 voleus
624 1005 752 1062 humanae
773 1002 927 1061 affectionis
982 1001 1192 1063 castrametata
1205 1002 1440 1071 acquesocuadam
1452 1001 1782 1071 scelerooestrapessimo,

127 1107 206 1157 motu
221 1100 385 1173 exprimere,
395 1114 447 1157 nee
459 1097 636 1158 inveniensin
646 1097 698 1155 hac
711 1106 835 1155 creatura
843 1098 928 1154 talem
982 1094 1076 1149 domm
1086 1095 1170 1150 lsrael
1183 1096 1289 1159 (Erech.
1305 1096 1368 1163 rx).
1380 1097 1416 1150 Et
1434 1093 1534 1150 ideirco
1547 1094 1602 1150 hoc
1612 1094 1647 1149 ab
1655 1093 1785 1149 omnibus

129 1192 274 1250 charitatis
287 1192 430 1261 affectum,
445 1193 564 1251 culeum
585 1190 932 1265 compararedigniuspos-
982 1187 1122 1245 catholicis
1144 1188 1268 1244 Patribus
1291 1187 1433 1255 delinitur,
1455 1188 1501 1260 qui
1514 1186 1708 1260 perfectionem
1722 1202 1784 1243 cor-

127 1294 179 1354 set,
192 1286 345 1344 tenerrimis
363 1287 416 1359 pite
430 1286 527 1343 matris
541 1285 689 1343 visceribus
707 1286 885 1357 compararit,
900 1293 927 1338 et
981 1283 1033 1353 dis,
1047 1298 1102 1339 non
1126 1281 1198 1338 inani
1220 1280 1405 1353 disputatione
1420 1280 1577 1348 verborum,
1597 1279 1645 1335 sed
1659 1294 1689 1335 re
1703 1287 1784 1350 atque

129 1379 217 1437 utitur
241 1379 353 1452 quidem
375 1380 428 1437 hoc
450 1380 586 1452 exemplo,
599 1378 661 1452 quia
681 1378 789 1435 charius
811 1376 884 1434 aliud
900 1376 928 1433 in
982 1390 1074 1449 opere,
1090 1374 1246 1432 didicerunt
1270 1374 1354 1430 divini
1381 1388 1439 1430 esse
1455 1372 1584 1429 muneris.
1606 1372 1730 1429 Pdmum
1752 1379 1784 1427 ut

127 1482 224 1529 natura
243 1473 390 1531 hominum
403 1489 459 1530 non
473 1481 562 1546 potest
574 1470 697 1540 inveniri,
712 1471 804 1529 dicens
820 1492 826 1527 :
843 1474 927 1529 Num·
984 1467 1147 1526 accendatur
1156 1468 1342 1540 unusquisque
1351 1466 1385 1524 ad
1397 1465 1606 1524 desiderandum
1618 1480 1701 1522 omno
1710 1463 1785 1539 quod

128 1568 195 1639 quid
210 1570 333 1624 obli-sisci
341 1572 430 1639 polest
445 1569 543 1623 mulier
564 1569 701 1634 infantem
720 1581 809 1647 mam,
830 1569 862 1620 at
876 1580 930 1619 nou
984 1566 1089 1623 bonurn
1100 1573 1152 1635 est,
1175 1565 1223 1623 sed
1236 1565 1272 1621 ita
1285 1565 1359 1622 utin
1378 1566 1536 1622 alterutram
1557 1571 1662 1635 partem
1674 1563 1785 1634 plenum

128 1665 287 1718 misereatur·
301 1664 359 1733 pilio
369 1664 442 1717 uteri
455 1663 501 1718 sui
510 1662 602 1731 (isaie
614 1660 717 1731 xcix)l
727 1659 781 1716 Sed
794 1674 851 1715 non
865 1673 931 1714 con·
986 1659 1022 1715 sit
1034 1659 1128 1715 liberae
1151 1658 1299 1715 voluntatis
1318 1657 1473 1715 arbitrium.
1499 1659 1624 1729 itemque
1638 1656 1720 1712 etiarn
1740 1668 1787 1713 sc-

129 1764 221 1813 tentus
235 1756 286 1812 hac
298 1756 515 1827 comparatione,
527 1754 699 1811 transcendit
712 1768 773 1809 eam
787 1751 930 1809 confestim
944 1748 968 1810 B
984 1754 1116 1823 cundum,
1130 1754 1229 1811 divinas
1242 1769 1301 1811 esse
1318 1754 1417 1827 gratias
1428 1762 1459 1811 ut
1469 1752 1540 1810 effici
1562 1752 1669 1809 ualeant
1682 1750 1785 1807 exerci-

129 1856 210 1919 atque
223 1847 373 1921 subjungit,
388 1848 503 1904 dicens:
518 1851 553 1904 Et
564 1850 590 1903 si
605 1848 654 1903 illa
669 1848 752 1903 oblito
768 1847 865 1914 fuerit,
883 1860 931 1915 epo
984 1848 1020 1903 tia
1044 1847 1173 1920 praedicte
1194 1847 1338 1918 virtutum,
1358 1848 1405 1905 sed
1426 1848 1463 1904 ita
1486 1855 1518 1904 ut
1542 1844 1707 1918 possibilitas
1731 1860 1788 1902 non

132 1946 220 1998 tameo
234 1944 436 1998 nonoblitiscor
451 1940 605 2011 taiflbfd.).
984 1938 1171 2013 exstinguatur
1180 1940 1293 1997 arbitrii.
1314 1942 1438 1998 Tertium
1456 1956 1576 2014 quoque,
1595 1937 1630 1996 od
1651 1936 1703 1993 Dei
1723 1954 1787 1994 mu-

412 2080 532 2137 CAPUT
544 2080 637 2136 xvm
985 2048 1049 2090 nera
1069 2034 1216 2105 pertinere,
1238 2042 1269 2091 nt
1290 2035 1434 2108 acquisita
1455 2034 1565 2091 virtutis
1589 2032 1787 2106 perseverantia

985 2133 1121 2193 teneatur,
1132 2127 1180 2185 sed
1195 2127 1233 2184 ita
1245 2134 1277 2185 ut
1289 2128 1473 2201 captivitatem
1486 2126 1597 2183 libertas
1610 2124 1717 2183 addicto
1730 2139 1788 2181 non

168 2205 292 2272 Dffiflf'ff'f
320 2206 442 2269 narrum,
462 2218 491 2258 0⁰
512 2201 584 2272 ΨΜ
608 2202 723 2285 {imm
750 2201 897 2258 &⁶⁸7me
986 2219 1094 2276 sentiat.
1111 2220 1157 2277 Sic
1170 2220 1245 2277 enim
1260 2220 1442 2277 universitatis
1456 2222 1532 2277 Deus
1549 2218 1642 2277 omnio
1653 2219 1682 2274 in
1697 2217 1788 2274 omni-

299 2276 336 2329 cd
348 2274 508 2331 salvandam
522 2288 575 2329 noa
590 2277 628 2330 stt
640 2272 774 2327 adoneum.

167 2410 218 2466 Per
233 2407 308 2480 quod
321 2409 437 2465 evidenti
449 2408 555 2464 ratione
566 2406 701 2479 colligitur
714 2405 748 2461 ab
761 2403 804 2461 his
815 2404 861 2476 qui
873 2419 930 2460 non
985 2407 1140 2477 confirmet,
1151 2423 1207 2464 non
1225 2416 1258 2465 nt
1272 2407 1379 2464 auferat
1391 2422 1473 2479 quam
1482 2406 1566 2464 semel
1580 2404 1638 2478 ipse
1653 2404 1788 2461 concessit

132 2500 291 2574 loquacibus
311 2501 412 2571 verbis,
424 2500 474 2558 sed
492 2501 658 2573 experientia
672 2499 752 2569 duce,
764 2499 807 2555 rel
820 2500 930 2571 magni·
985 2501 1086 2558 arbitrii
1111 2502 1273 2559 libertatem.
1294 2501 1321 2557 Si
1344 2499 1411 2573 quid
1430 2515 1495 2556 sane
1518 2498 1652 2555 versutius
1668 2495 1788 2553 humana

132 2593 255 2651 tudinem
279 2595 392 2665 gratiae,
418 2594 458 2649 rel
480 2594 622 2652 modulum
643 2592 758 2649 humani
780 2592 933 2648 metiuntur
986 2595 1224 2665 argumentatione
1242 2591 1547 2650 armtionecollectum
1563 2590 1628 2647 huic
1642 2592 1735 2647 sensui
1748 2591 1788 2646 vi-

131 2686 245 2757 arbitrii,
258 2688 322 2759 quia
344 2704 399 2744 non
415 2686 519 2743 levibus
538 2701 646 2755 cursus,
657 2701 713 2754 nec,
725 2683 845 2742 fortibus
859 2700 931 2757 prae·
985 2685 1065 2742 detur
1074 2686 1215 2755 obsistere,
1229 2686 1371 2743 vitandum
1385 2686 1472 2758 magis
1485 2693 1527 2741 est
1540 2699 1623 2757 quam
1637 2682 1672 2739 ad
1680 2682 1792 2739 destru-

131 2780 211 2848 lium,
221 2798 271 2838 nec
284 2781 452 2853 sapientibus
465 2780 551 2852 panis,
567 2796 617 2836 nec
630 2777 931 2852 prudentibusdiritiae,
985 2779 1106 2836 ctionem
1120 2779 1183 2835 fidei
1197 2778 1415 2853 provocandum.
1431 2780 1494 2835 Non
1507 2776 1580 2835 enim
1594 2776 1680 2832 tidem
1697 2791 1733 2833 ex
1745 2775 1787 2833 in·

129 2889 182 2931 nec
193 2875 342 2931 scientibus
364 2874 461 2947 gratia,
480 2874 528 2930 scd
546 2879 677 2945 operatur·
688 2875 744 2928 herc
758 2876 847 2928 omniu
860 2888 932 2927 renas
985 2872 1105 2941 tellecta,
1127 2872 1175 2929 sed
1201 2873 1371 2929 intellectum
1396 2888 1431 2929 ex
1455 2871 1511 2928 tide
1534 2886 1683 2943 meremur,
1718 2871 1793 2929 siout

131 2956 930 3038 atquehtemmritusdinideusunicuiqueprorttuulifldor.
985 2966 1791 3037 scriptumest,lfisicr·edidcrftis,uorrintellfqetis(lsaiae1),

131 3063 202 3125 xri).
219 3062 255 3115 Et
266 3058 368 3115 idcirco
383 3058 434 3115 lide
447 3074 503 3114 non
522 3058 604 3115 dubia
619 3068 656 3129 et,
673 3066 704 3113 ut
718 3058 754 3114 fta
764 3058 862 3123 dicam,
876 3058 932 3131 pal·
987 3060 1048 3132 quia
1062 3060 1295 3132 quemadmodum
1310 3068 1338 3117 et
1350 3064 1424 3117 Deus
1432 3060 1522 3117 omnia
1532 3068 1660 3132 operetur
1668 3059 1697 3115 in
1709 3057 1789 3114 nobis

130 3152 212 3226 pabili
225 3152 391 3224 experientia
406 3151 612 3223 comprobatur,
626 3152 810 3208 universitatis
832 3154 932 3221 Deum
948 3146 970 3210 C
988 3160 1017 3208 et
1029 3160 1122 3209 totum
1142 3153 1227 3212 libero
1251 3154 1404 3211 ascribatur
1425 3152 1550 3223 arbitrio,
1564 3153 1608 3210 cni
1622 3152 1742 3209 dicitur:
1758 3152 1791 3209 Si

129 3246 205 3304 velut
225 3246 382 3319 piissimum
404 3255 523 3320 patrem,
542 3244 822 3319 benignissimumque
840 3242 932 3300 medi·
984 3245 1121 3301 statueritis
1132 3251 1158 3301 et
1171 3247 1314 3302 asmioritis
1325 3263 1376 3311 me,
1390 3262 1450 3317 que
1465 3249 1533 3303 borsa
1544 3251 1607 3303 strat
1621 3251 1700 3302 terrie
1713 3260 1790 3301 moa·

130 3355 205 3408 cum,
227 3337 380 3395 secundum
403 3339 568 3411 Apostolum
590 3336 778 3395 indifferenter
791 3336 885 3393 omnia
903 3336 932 3391 ln
985 3340 1120 3395 docebitis
1134 3343 1222 3407 (iscire
1241 3343 1330 3409 uu),i
1353 3340 1511 3413 adplenum
1527 3339 1647 3395 humano
1664 3352 1792 3396 sensuac

130 3432 261 3491 omnibus
279 3431 398 3504 operari,
418 3439 445 3487 et
462 3446 535 3488 nunc
555 3430 667 3503 quidem
691 3429 786 3486 salutis
800 3428 933 3500 inspirare
986 3432 1091 3489 ratione
1105 3448 1162 3489 non
1185 3440 1277 3506 potest
1293 3434 1334 3506 (ut
1347 3433 1476 3505 arbitror)
1492 3432 1700 3505 comprehendi.

130 3526 274 3598 principia,
291 3534 318 3581 et
331 3526 451 3581 inserere
464 3523 610 3596 unicuique
624 3523 705 3579 honac
725 3521 871 3579 voluntatis
885 3536 933 3577 ar·
1274 3536 1395 3594 cqpup
1416 3537 1497 3593 χιχ,

130 3618 241 3688 noem,
262 3634 336 3675 nunc
356 3634 423 3675 vero
443 3617 529 3691 rpsrus
553 3617 723 3691 operationis
746 3614 890 3685 enectum,
905 3622 933 3671 es
985 3632 1116 3687 noctem
1129 3632 1259 3687 cochlea
1273 3632 1345 3689 oeta
1356 3636 1482 3705 natyra
1491 3635 1604 3693 arrietes
1616 3636 1795 3695 carricare

129 3714 393 3771 consummationem
406 3711 508 3769 donare
520 3710 660 3780 virtutum,
676 3719 705 3768 et
718 3724 791 3767 nunc
811 3725 827 3765 a
851 3708 931 3765 ruina
1082 3704 1247 3775 precedenti
1258 3706 1395 3762 collationi
1408 3708 1443 3761 ab
1456 3710 1513 3777 ipso
1533 3709 1691 3764 substituto.

126 3804 186 3878 jam
207 3805 329 3877 proxima
344 3805 477 3877 lapsuque
492 3804 622 3877 praecipiti
642 3804 725 3859 eham
740 3802 840 3859 inritos
851 3809 878 3858 et
890 3801 931 3858 in·
1023 3804 1246 3879 inseparabiliter
1267 3805 1345 3862 adest
1369 3805 1450 3862 nobis
1470 3807 1562 3863 divina
1594 3809 1737 3878 protectio,
1760 3816 1789 3864 et

129 3898 202 3955 scios
217 3914 361 3964 revocare,
379 3911 452 3952 nunc
464 3902 555 3951 nutem
580 3896 736 3952 occasiones
755 3904 782 3951 et
796 3904 932 3967 opportu-
985 3904 1060 3953 tanta
1072 3906 1113 3954 est
1123 3897 1209 3970 pietas
1223 3897 1450 3957 Salvatoriscirca
1463 3900 1605 3974 propriam
1619 3909 1787 3969 creaturam,

130 3990 229 4049 nitates
255 3989 350 4048 salutis
368 3990 500 4059 ingerere,
522 4001 554 4042 ac
574 3986 726 4057 precipites
745 3986 933 4060 violentosque
986 3999 1091 4047 utnon
1111 3991 1202 4047 solum
1216 3992 1374 4066 comitetur,
1390 3994 1476 4051 sedet
1496 3995 1633 4068 praecedat
1646 3994 1787 4068 eamjugi·

129 4092 244 4142 conatus
262 4099 277 4138 a
298 4080 444 4137 lethalibus
464 4075 691 4149 dispositionibus
713 4075 879 4145 inhibere;⁸
902 4086 931 4135 et
987 4087 1030 4136 ter
1043 4079 1213 4153 providentia
1227 4096 1285 4138 sua.
1302 4082 1384 4151 Quod
1398 4092 1527 4155 expertus
1541 4083 1678 4157 Propheta
1689 4086 1788 4142 Domi·

130 4176 202 4234 alios
213 4175 324 4249 quidem
339 4171 470 4239 volentes,
484 4178 675 4243 currentesque
695 4170 849 4243 suscipere;
862 4170 931 4229 alios
984 4188 1021 4228 no
1043 4171 1215 4246 apertissime
1237 4174 1403 4233 confitetur:
1420 4181 1490 4234 Deris
1502 4194 1586 4249 meus,
1600 4180 1789 4237 msericordias

129 4283 197 4326 sero
221 4266 355 4331 nolentes,
377 4264 578 4339 renitentesque
600 4264 766 4338 pertrahere,
787 4274 815 4322 et
828 4263 864 4321 od
877 4266 931 4323 ho-
984 4266 1042 4336 ejas
1053 4269 1188 4337 praeerit
1201 4283 1244 4323 me
1256 4268 1338 4339 (Psoi.
1354 4276 1454 4339 nutri).

133 4377 201 4418 nam
214 4374 310 4433 cogere
332 4358 511 4416 voluntatem.
532 4362 634 4416 Totum
649 4374 712 4416 vero
737 4374 795 4417 non
822 4375 931 4433 semper
1021 4363 1077 4418 Nec
1091 4361 1183 4417 solum
1198 4361 1314 4435 benigne
1337 4364 1449 4437 inspiret
1462 4363 1596 4425 desideria
1616 4376 1723 4438 sanctm
1739 4368 1788 4427 sed

130 4452 329 4523 resistentibus,
344 4468 395 4509 nec
413 4462 618 4525 perseveranter
636 4452 729 4511 inritis
744 4453 824 4511 nobis
847 4455 930 4519 adi·
985 4463 1013 4512 et
1037 4455 1192 4514 occasiones
1227 4466 1339 4530 praestat
1364 4458 1469 4529 salutis,
1497 4471 1527 4520 ct
1553 4464 1785 4537 opportunitatem

130 4546 242 4607 sinitote
265 4546 391 4613 concedi;
414 4552 441 4603 et
462 4560 604 4603 summam
623 4546 717 4603 salutis
739 4555 853 4619 nostrae,
875 4564 930 4605 non
945 4537 971 4601 D
985 4548 1065 4607 bonis
1081 4548 1236 4617 effectibus,
1251 4554 1458 4627 errantibusque
1479 4554 1649 4614 demonstrat
1663 4557 1789 4615 directio·

683 4670 810 4727 AtAlioi
827 4672 941 4731 GAZAEi
959 4672 1239 4741 connasisislt's

167 4800 180 4827 ⁸
192 4793 250 4847 Non
272 4792 312 4844 ito
327 4794 425 4851 taurea,
441 4787 478 4844 ait
499 4790 527 4845 S.
551 4790 680 4859 Prosper,
699 4791 731 4841 ut
740 4788 826 4857 irrata
838 4804 933 4845 aocom
987 4790 1057 4847 liciis
1072 4793 1148 4863 prius
1161 4794 1327 4851 enumeratis
1343 4802 1432 4850 totum
1458 4795 1518 4849 Deo
1539 4792 1681 4863 tribuatur,
1697 4810 1747 4851 cur
1759 4796 1788 4855 in

129 4862 209 4918 illam
216 4862 391 4929 par-titionem
400 4861 627 4930 asperioricopfte
634 4858 877 4927 peremptorum
883 4862 934 4915 sal-
989 4861 1042 4917 hoc
1060 4869 1212 4932 postremo,
1223 4861 1298 4936 quod
1311 4870 1354 4918 est
1368 4862 1472 4919 salvaro
1487 4862 1526 4919 vel
1541 4862 1703 4921 salvatorem
1717 4882 1785 4937 esse,

130 4937 219 4995 sotor,
236 4931 353 4984 oliorum
365 4935 508 4999 susceptor,
519 4931 566 4986 sed
579 4944 771 5000 asqrtequoqae
779 4932 897 4985 maium
907 4934 935 5001 tl-
990 4946 1045 5004 quo
1067 4940 1167 4987 caetera
1196 4932 1288 4988 omnia
1317 4932 1516 4990 concluduntur
1548 4942 1577 4991 et
1602 4936 1786 5011 continentur,

132 5000 935 5071 deliumetsuscqrtoretsolsatorsitcbrfstus.Uodeororrtes
990 5016 1053 5073 pars
1064 5002 1088 5058 ei
1101 5002 1295 5059 tantummodo
1312 5004 1483 5078 assignatur?

131 5076 344 5143 noanlr'quorum
353 5074 528 5143 protectorem
537 5076 563 5127 et
571 5071 936 5141 soloatoram,atolfquorum
1026 5066 1040 5103 ⁹
1060 5072 1087 5128 Si
1104 5087 1160 5127 non
1178 5071 1212 5127 ad
1233 5072 1355 5145 plenum,
1378 5083 1452 5132 certe
1467 5076 1505 5131 ad
1528 5077 1696 5134 solns'etattm
1711 5080 1789 5152 (quo-

133 5144 286 5216 odjutorem
300 5160 331 5199 oc
342 5146 528 5213 susceptores.
539 5148 571 5198 ut
582 5141 709 5213 superius
719 5140 788 5197 dirit
800 5142 935 5211 collator,
990 5141 1074 5198 modo
1089 5142 1237 5214 Apostolus
1250 5143 1341 5217 (liora
1360 5152 1434 5215 xrs),
1450 5146 1529 5220 jubet
1545 5162 1596 5203 nos
1615 5163 1718 5221 sapere,
1733 5167 1788 5207 rroa

132 5216 181 5273 sed
194 5218 541 5285 omor'umetpmtoctorcm,
558 5217 584 5268 et
601 5212 773 5275 salvotorem,
786 5212 937 5282 ctodjato-
988 5214 1134 5341 fliasquam
1152 5220 1295 5287 oportet‚s
1332 5220 1385 5287 ere)
1395 5216 1453 5291 jam
1473 5226 1623 5291 utcumque
1637 5234 1670 5275 ex
1680 5218 1713 5276 iis
1726 5238 1788 5292 quae

131 5301 198 5350 rem,
209 5290 235 5341 ct
247 5290 423 5355 susceptorem
436 5288 525 5355 ipssrm
533 5284 742 5355 proclamamus.
753 5282 806 5340 Sed
818 5298 937 5355 quomo·
1010 5291 1122 5341 actenus
1136 5285 1165 5341 in
1177 5286 1247 5343 hanc
1265 5287 1307 5344 ool
1319 5288 1439 5346 ationem
1453 5290 1553 5361 scripta
1565 5296 1640 5355 sunt,
1659 5305 1789 5364 compre-

132 5354 651 5428 dohicpnuloantedisit,lteumeelut
686 5356 812 5411 ἰιιιιιιιιηι
821 5359 936 5426 pnhoa,
991 5354 1108 5413 hensum
1129 5364 1157 5413 et
1174 5359 1338 5430 explicatum
1364 5368 1439 5432 puto.
1462 5359 1606 5431 inquibus
1622 5375 1688 5417 sane
1708 5378 1788 5435 spero

134 5428 555 5511 bcmparsdmumqaemedimrn,
564 5441 644 5483 sesua
664 5441 710 5509 aru
718 5427 937 5507 Apostolumia-
991 5428 1131 5509 neminem
1142 5427 1209 5485 mihi
1220 5428 1283 5487 sitio
1298 5428 1426 5486 daturum
1439 5429 1513 5504 qnod
1525 5430 1559 5486 de
1569 5431 1654 5487 nostri
1666 5433 1788 5493 Collato·

132 5496 298 5567 differenter
311 5501 403 5553 omnia
417 5501 446 5553 fa
457 5500 581 5555 omafbos
591 5512 711 5571 apansa
722 5511 745 5552 rr
761 5511 824 5551 rera
834 5504 935 5552 srtrste
991 5511 1041 5563 ιιι,
1056 5497 1083 5553 nd
1100 5505 1151 5565 est,
1167 5500 1287 5557 cumiani
1297 5501 1435 5557 ermribus
1446 5509 1505 5557 tarn
1520 5502 1613 5571 libere,
1627 5511 1683 5559 tam
1694 5515 1787 5579 aperte

133 5568 273 5627 distinctio
297 5578 325 5625 et
342 5567 495 5625 differentia
516 5569 574 5626 abi
649 5567 812 5639 excogitata,
834 5573 866 5623 ut
890 5566 935 5623 alii
988 5566 1157 5640 scripserim,
1175 5584 1277 5641 eosque
1301 5572 1468 5645 propalarim
1494 5586 1526 5628 ac
1541 5573 1690 5642 refutarim,
1718 5592 1787 5651 quos
1884 5630 1889 5636 .

133 5639 188 5697 rint
206 5640 313 5708 salvati,
337 5640 383 5696 alii
409 5584 767 5711 tantummodpwsosceptit
788 5636 935 5706 Quomodo
988 5639 1076 5709 magis
1089 5646 1181 5712 tegere
1194 5649 1241 5697 aut
1255 5656 1384 5700 excusare
1397 5642 1551 5700 debuerim.
1566 5644 1646 5703 Absit
1665 5647 1787 5705 enimus

132 5708 332 5780 indifferenter,
354 5711 377 5767 si
397 5718 455 5768 tam
476 5708 633 5768 differenter
653 5714 728 5767 Dens
747 5724 817 5791 erga·
830 5708 883 5765 hos
907 5714 935 5764 et
987 5709 1119 5778 (fesolani,
1133 5726 1218 5783 qnam
1231 5712 1351 5770 seriatis
1363 5728 1396 5771 ac
1406 5712 1533 5841 ffumm
1548 5717 1670 5774 utilitatis
1682 5717 1787 5774 studio·

134 5779 386 5841 illossehabeatet
399 5784 551 5854 sperem?
564 5784 672 5837 Etcum
687 5782 832 5837 insistens
847 5780 934 5837 bene·
987 5782 1054 5851 sior,
1067 5788 1176 5855 praeter,
1195 5784 1282 5843 immo
1296 5792 1391 5843 eontra
1425 5784 1489 5843 dem
1500 5793 1527 5844 et
1540 5786 1663 5844 officium
1678 5784 1788 5859 ingenui

924 2356 928 2363 .
986 2312 1038 2369 bus
1049 2314 1201 2371 credendus
1215 2323 1257 2372 est
1269 2314 1390 2387 operari,
1409 2323 1441 2370 ut
1451 2314 1556 2381 incitet,
1568 2320 1692 2386 protegat
1704 2320 1787 2385 atquo
1887 2380 1895 2393 ι
