3824 6164
164 240 217 295 839
708 228 852 287 toaabls
869 228 1024 287 cassian}
1041 226 1287 287 contortonns.
1778 231 1832 289 aaa

166 378 246 419 sautu
268 362 338 417 oriri
348 358 418 429 tacit
429 356 598 429 superbonus
608 358 635 409 ει
648 354 744 422 mulos,
760 358 788 409 et
806 355 881 425 plait
901 370 983 427 saper
994 353 1083 423 Aloco
1099 352 1247 427 praedictus
1267 352 1420 427 Apostolus
1441 366 1477 419 no
1497 350 1568 409 orari
1581 350 1694 425 quidam
1718 350 1830 425 debere,

160 458 250 529 justos
264 460 290 511 ει
303 454 418 525 injustos
433 450 547 523 (natta.
561 454 610 519 v).
627 448 718 519 Quem
732 446 862 505 alioctum
877 448 973 507 beatas
1025 449 1183 523 pronuntiat
1199 469 1206 506 t
1222 450 1275 519 Qui
1288 452 1349 514 scit,
1362 446 1496 521 inquiens,
1507 448 1625 515 fratrem
1634 460 1831 517 saumpeecorc

165 556 287 610 ioannes
302 555 457 605 msecuttnn
468 560 498 601 se
512 558 571 601 esse
584 557 763 616 cognoscens,
778 543 818 599 ait
829 560 838 598 t
851 546 884 599 ot
898 546 972 615 ildu-
1023 550 1226 617 peccatumnon
1242 544 1280 599 cd
1290 546 1412 607 mortona,
1422 546 1509 613 petat,
1523 540 1766 597 ctdabt'tureirita
1772 558 1832 613 pec-

168 650 238 703 cittnt
253 644 401 699 ltultcamtts
415 640 619 711 ittdicjttdicii,
634 642 700 709 puitt-
720 642 789 694 sicui
799 648 812 675 ⁸
825 640 928 705 illeest,
949 646 976 697 ει
1028 640 1102 693 ceriti
1113 652 1165 692 nott
1177 638 1214 691 ad
1227 640 1349 692 mortem.
1361 622 1376 667 ἃ
1390 638 1439 691 Est
1446 638 1582 705 percnum
1598 634 1636 687 ad
1648 638 1832 697 mariannan

166 754 214 793 nos
228 752 320 793 stemus
336 739 366 789 in
377 736 424 790 ltac
438 732 657 804 mnttdollioon.
673 730 733 803 tu).
746 732 839 803 inquo
848 732 923 787 enim
931 732 973 789 in-
1025 746 1077 801 pro
1089 731 1137 785 iilo
1155 730 1213 785 dtco
1225 734 1256 785 ul
1268 734 1341 799 repet
1352 728 1414 799 quis
1429 726 1513 799 (ibid.
1522 726 1543 795 l.
1569 725 1709 781 Caietam
1730 724 1764 783 tle
1778 727 1832 785 illis

166 832 246 887 lirma
260 838 288 885 et
296 828 401 900 fragilis
412 827 534 883 bumana
556 834 654 881 natura
679 839 749 893 csse,
774 824 845 881 siout
858 824 903 881 illc
922 832 973 893 est,
1029 838 1091 895 quae
1105 822 1317 896 pronuntiantur
1331 836 1389 878 non
1401 836 1462 877 esso
1482 818 1517 876 ad
1535 826 1668 887 mortem,
1687 834 1704 875 a
1732 820 1832 893 quibus

167 932 268 999 potest,
279 922 330 979 nisi
344 938 373 979 sc
387 922 415 977 in
426 922 514 978 bonos
526 928 553 975 et
567 918 669 987 malos,
686 918 778 991 justos
794 926 824 975 et
845 918 973 991 iniustos,

167 1016 204 1075 ad
215 1017 395 1073 imitationem
412 1014 475 1082 Dei,
486 1012 593 1086 placida
601 1027 710 1085 semper
719 1012 761 1067 sui
776 1012 868 1069 cordis
880 1022 975 1071 etten-

167 1110 237 1169 derit
249 1110 400 1167 clamitate?
415 1110 457 1165 Ut
465 1108 570 1163 bonum
586 1115 697 1179 propter
711 1106 775 1162 boni
802 1107 887 1180 ipsius
910 1122 974 1180 ope-

169 1214 246 1263 retur
260 1203 401 1269 aliectum‚
414 1202 578 1273 perveniens
586 1200 622 1257 ad
639 1200 715 1257 illam
726 1216 820 1257 reram
845 1200 976 1274 adoptio-

168 1314 232 1353 nem
248 1296 367 1352 llllorum
382 1295 445 1363 Dei,
458 1295 491 1352 de
502 1310 555 1367 qua
575 1294 648 1353 idem
661 1296 759 1353 beatus
772 1296 924 1369 Apostolus
936 1296 974 1353 ita

170 1391 331 1463 pronuntiat
345 1409 352 1443 :
368 1383 381 1421 ¹’
396 1390 488 1446 Otttnis
513 1391 563 1459 qui
574 1394 653 1445 nolus
666 1394 705 1445 εει
714 1406 748 1445 ea
758 1394 821 1453 Deo,
837 1394 975 1461 peccatum

170 1486 311 1551 antefecit,
329 1485 395 1553 qttic
407 1500 494 1539 setaen
512 1485 596 1553 ipsias
610 1486 637 1537 in
659 1500 687 1539 eo
707 1488 756 1547 εει,
781 1488 806 1539 ει
818 1500 871 1539 ιιοιι
889 1488 976 1554 ρειεει

168 1593 289 1649 peccare,
303 1580 430 1647 quartiano
441 1594 475 1633 ea
486 1582 539 1633 Deo
552 1584 632 1633 taulus
651 1582 689 1633 εει
703 1580 731 1646 (l
752 1580 829 1634 Joott.
860 1584 922 1649 ιιι).
941 1580 977 1633 Et

1028 916 1111 973 etiam
1122 915 1152 972 hi
1167 916 1212 988 qui
1225 914 1342 973 lideliter
1355 913 1463 971 Cbristo
1475 911 1647 981 deserviunt,
1660 914 1833 986 quantalibet

1028 1008 1191 1081 temetipsos
1220 1008 1464 1081 circumspectione
1492 1004 1656 1073 custodiant,
1690 1008 1834 1066 immunes

1028 1116 1088 1159 esso
1101 1116 1158 1157 non
1170 1108 1294 1174 possunt,
1309 1101 1347 1157 lta
1356 1100 1456 1157 dicitur
1469 1122 1476 1156 ;
1492 1100 1524 1155 St‘
1539 1099 1688 1154 dismanta
1701 1102 1834 1171 quonia-m

1025 1200 1165 1267 peccatu-tn
1178 1210 1232 1251 nan
1241 1196 1378 1258 habentus,
1389 1196 1443 1265 ipsi
1451 1208 1497 1249 nos
1506 1194 1669 1257 seducimus,
1692 1198 1721 1279 ει
1734 1198 1834 1252 eerilcs

1027 1294 1058 1347 in
1070 1292 1146 1347 ttobis
1161 1307 1214 1347 non
1224 1296 1263 1347 εει
1273 1290 1386 1363 (lione.
1402 1290 1442 1360 tl.
1467 1291 1504 1345 Et
1513 1288 1629 1344 iterum:
1641 1289 1673 1345 st
1682 1287 1833 1346 desertans

1028 1387 1095 1455 quin
1104 1400 1157 1440 teon
1163 1386 1342 1455 peccavimus,
1359 1382 1509 1439 ηιειιάαεειιι
1517 1382 1636 1449 fotianus
1649 1398 1723 1444 eunt,
1738 1388 1763 1438 cl
1775 1398 1831 1438 ser-

1030 1480 1157 1549 baotcjus
1171 1494 1224 1534 non
1235 1484 1274 1535 est
1287 1480 1318 1534 in
1331 1479 1408 1533 nobis
1423 1476 1535 1549 (ibid).
1558 1476 1732 1549 impossibile
1751 1492 1833 1535 annn-

1028 1578 1130 1645 quaest
1143 1571 1293 1645 quemlibet
1302 1579 1462 1627 sanctorum
1470 1586 1526 1627 non
1536 1569 1565 1625 itt
1575 1570 1635 1627 istis
1647 1570 1760 1626 minutis
1769 1584 1832 1642 quae

173 1672 272 1727 lterum
286 1689 293 1726 ;
306 1671 409 1725 Sct'ntus
418 1674 484 1741 quio
498 1673 583 1725 oetaeis
594 1673 643 1741 ρει·
657 1676 738 1727 tratas
753 1676 833 1727 ester
846 1676 908 1735 Deo,
922 1687 976 1727 raon
1029 1681 1077 1739 per
1084 1681 1251 1735 sermonem,
1266 1681 1313 1738 per
1337 1665 1543 1738 cogitationem,
1566 1680 1614 1735 per
1639 1664 1833 1737 ignorantiam,

168 1768 269 1835 peccaui,
282 1764 329 1819 saal
342 1766 475 1833 generalia
485 1767 536 1819 llet'
554 1770 691 1821 cattscrnul
710 1782 779 1829 etant,
791 1770 815 1821 ει
837 1768 973 1835 titalianus
990 1780 1014 1843 B
1029 1776 1078 1833 per
1098 1759 1272 1828 oblivionem,
1296 1776 1344 1832 ρει·
1364 1759 1566 1827 necessilatem,
1579 1775 1627 1832 per
1651 1760 1831 1827 voluntalem,

170 1876 223 1914 ιιοιι
238 1862 326 1927 ιειιριι
349 1876 408 1913 eura
419 1859 447 1926 (l
461 1862 537 1915 Joott.
554 1861 595 1927 v).
620 1858 701 1929 Quod
715 1858 919 1931 intelligendum
934 1866 977 1915 est
1029 1872 1077 1929 per
1087 1854 1277 1927 obreptionem
1290 1854 1481 1925 admittuntur,
1510 1856 1655 1912 incurrere.
1673 1856 1743 1925 Qua
1766 1854 1835 1911 liect

170 1966 228 2007 non
244 1950 279 2008 de
292 1952 369 2008 omni
383 1968 481 2025 genere
501 1961 687 2024 peccatorum,
705 1952 777 2009 sed‘
796 1952 830 2008 dc
849 1950 976 2024 capitali·
1029 1949 1064 2006 alt
1079 1948 1123 2006 illo
1137 1956 1258 2022 peccato,
1269 1948 1386 2022 quodad
1409 1958 1529 2007 mortem
1542 1964 1600 2007 esse
1617 1948 1727 2017 dicitur,
1742 1948 1835 2005 aliena

171 2043 224 2101 bus
238 2052 346 2101 tantum
358 2045 521 2103 criminibus
544 2046 606 2103 dici.
633 2048 658 2100 ll
682 2046 784 2118 quibus
800 2060 830 2101 se
855 2046 977 2117 quisquis
1030 2043 1095 2111 sint,
1107 2044 1187 2116 culpa
1201 2052 1294 2101 tamen
1305 2060 1336 2101 ac
1351 2044 1564 2117 reprehensione
1582 2059 1676 2101 carcre
1689 2060 1747 2100 non
1768 2058 1836 2117 pos·

168 2134 326 2195 abstraltcre
340 2138 582 2211 atqueemundarc
602 2138 731 2208 noluerit,
752 2153 803 2210 pro
818 2136 864 2194 illo
879 2138 910 2193 in
922 2138 976 2196 alio
1031 2145 1106 2195 sunt.
1118 2138 1189 2195 Cum
1203 2153 1268 2211 crgo
1282 2137 1344 2210 qais
1358 2138 1432 2195 bunc
1444 2154 1527 2211 quem
1537 2138 1716 2211 praediximus
1725 2137 1836 2195 bonita-

721 2315 850 2371 natant
869 2316 982 2370 GAZAEI
1001 2314 1280 2371 COMMENTARIUS.

205 2464 218 2493 ²
233 2462 263 2517 S.
273 2460 395 2517 Thomas
409 2462 437 2518 in
450 2462 671 2520 Commentario:
688 2466 762 2521 Sicut
771 2464 818 2518 ille
828 2468 867 2518 εει
888 2464 976 2518 cleni-
1030 2478 1107 2519 satana
1121 2478 1229 2533 paccare
1239 2478 1293 2516 non
1304 2462 1341 2517 od
1353 2466 1474 2523 mortem,
1484 2464 1569 2531 ρειει,
1583 2467 1609 2516 ει
1622 2462 1733 2516 dabitur
1742 2464 1768 2515 ei
1779 2462 1836 2517 ritu

171 2536 227 2588 tute
240 2534 345 2602 platus.
365 2538 470 2589 sanctus
482 2540 507 2589 ει
512 2535 604 2605 justus
616 2554 624 2600 3
638 2538 677 2589 ilo
690 2540 714 2590 ει
725 2550 880 2603 nussumtts,
896 2535 975 2589 uldi-
1026 2538 1153 2605 petemus*
1162 2550 1214 2589 nan
1225 2535 1262 2587 ad
1271 2538 1391 2593 mortens
1407 2535 1477 2615 Nam
1492 2533 1633 2612 venialiter
1648 2547 1763 2615 peccans
1778 2548 1836 2589 non

172 2604 210 2657 cit
222 2604 315 2661 Glossu
325 2606 518 2660 interlinearis.
533 2610 555 2662 15
557 2606 660 2661 bisical
670 2624 720 2661 tran
728 2608 919 2675 ttptntlitntent,
931 2606 978 2660 sed
1031 2605 1134 2661 amittit
1146 2604 1229 2659 vitam
1243 2604 1353 2669 anitiae,
1366 2618 1428 2675 qum
1442 2620 1471 2657 tn
1484 2612 1568 2675 grotta
1585 2613 1615 2658 et
1628 2603 1760 2659 cltarttate
1770 2618 1836 2659 con·

174 2675 322 2743 quttmdutn
333 2678 541 2731 similitudinem
566 2678 642 2731 dieti.
662 2682 694 2734 Et
705 2694 756 2747 per
768 2678 836 2732 itnrtc
849 2678 976 2747 fidtteium
1031 2676 1115 2744 sistit;
1130 2691 1186 2731 non
1198 2682 1287 2747 potest
1304 2674 1386 2745 igitur
1408 2675 1432 2729 ei
1451 2674 1528 2730 reddi
1556 2674 1610 2730 vila
1635 2690 1717 2746 quam
1742 2673 1835 2730 babet.

173 2746 978 2817 intitemttrpersectioncntdilectiont'seiasinanteradensem
1031 2746 1137 2803 Deinde
1157 2745 1274 2801 Ecclesia
1296 2745 1402 2801 assidue
1419 2753 1479 2800 orat
1494 2760 1543 2815 pro
1566 2744 1610 2826 bis
1635 2745 1681 2816 qui
1701 2745 1838 2803 lethaliter

174 2816 314 2899 elcensitas
326 2824 351 2873 ει
366 2821 496 2885 εἰιὶειιεοε,
515 2823 584 2875 sieut
603 2821 648 2875 ille
664 2821 737 2890 pluit
751 2835 831 2889 supet·
846 2820 935 2888 iustos
951 2824 977 2874 ει
1030 2824 1152 2897 peccant,
1168 2824 1199 2872 ut
1211 2816 1337 2941 llgtristus
1362 2816 1656 2898 proncrucilitottbns,
1680 2816 1837 2897 bjtepltanus

174 2892 323 3013 υυιιίὣιειίιιδιῖει
347 2965 374 3011 ει
393 2959 537 3031 multiplex
565 2961 696 3030 expositio
720 2959 800 3031 ltttjus
821 2958 974 3015 sententiat.
1027 2886 1837 3029 35¹3llssffiggxgnlilguszteggffizffimlxgg§qiu-:Ecaeffmholxss33

171 3029 265 3083 Prima
285 3044 291 3081 :
308 3028 404 3082 Omnis
419 3030 463 3098 qui
474 3038 605 3085 natusest
619 3034 677 3087 Deo
689 3030 716 3085 itl
740 3038 791 3093 est,
812 3044 860 3100 per
887 3027 975 3101 bapti·
1030 3031 1094 3084 Non
1108 3028 1189 3101 igilur
1203 3027 1275 3086 idem
1287 3038 1328 3083 est
1338 3038 1480 3100 peccatum
1493 3028 1529 3084 ad
1543 3038 1665 3085 mortem
1690 3044 1722 3085 ac
1742 3044 1838 3101 peeca-

173 3112 265 3154 smum
279 3106 388 3151 renatus
400 3114 433 3153 er
448 3114 518 3169 aqua
529 3108 556 3155 et
570 3100 671 3170 Spiritu
682 3106 803 3165 sancto),
818 3108 848 3155 at
864 3100 934 3165 talis,
949 3108 977 3155 et
1031 3106 1090 3155 tum
1109 3100 1235 3167 mortale,
1249 3109 1279 3155 ut
1289 3099 1466 3171 distinguitur
1484 3108 1578 3155 eontra
1604 3100 1721 3167 senittle;
1747 3116 1838 3171 neque

174 3176 309 3239 quatenus
320 3182 351 3222 ει
369 3170 426 3224 Deo
439 3178 520 3225 natas
543 3178 593 3237 est,
617 3181 756 3243 prenotatam
777 3185 831 3225 non
855 3168 928 3239 lacit,
952 3176 977 3227 ct
1031 3176 1174 3242 peccatum
1186 3186 1242 3226 non
1253 3170 1287 3226 ad
1299 3178 1417 3227 mortem
1430 3170 1502 3226 idem
1521 3187 1553 3225 ac
1564 3172 1669 3226 veniale
1685 3190 1692 3227 :
1708 3170 1840 3229 sedlnter

172 3254 227 3293 aare
249 3242 335 3307 potesl-
352 3254 469 3307 peecare,
493 3240 739 3299 scilicetletltaliter
756 3242 880 3311 (llicron.
895 3243 932 3307 l.)
953 3258 972 3297 tt
1030 3250 1141 3368 peccata
1162 3241 1289 3297 mortalia
1315 3241 1455 3313 quoddam
1477 3258 1562 3314 genas
1583 3242 1685 3313 peceati
1705 3258 1838 3313 qttaeren-

172 3312 332 3374 insiticia).
350 3310 470 3367 Secunda
487 3330 492 3366 :
517 3315 676 3385 Nonpotest
699 3327 821 3383 peceare,
843 3312 976 3384 quamdiu
1050 3312 1371 3384 untest,quotlloamtes
1384 3320 1464 3368 vocat
1484 3321 1627 3385 peceatum
1647 3313 1682 3369 ad
1702 3322 1838 3381 mortem,

173 3396 268 3437 setnen
282 3381 332 3436 Dei
347 3382 391 3447 (id
404 3391 455 3450 est,
465 3382 583 3441 cltarims
589 3402 640 3466 per
649 3384 783 3455 Spiritum
797 3393 922 3440 stinctum
936 3384 976 3440 in·
1031 3392 1059 3439 ct
1068 3383 1233 3455 distinguite
1244 3392 1354 3454 peccato
1366 3384 1464 3441 nonad
1478 3393 1607 3439 anortem.
1616 3383 1761 3455 Quodnam
1769 3401 1840 3442 rero

173 3449 249 3523 lusa)
267 3454 397 3508 ntanetin
417 3470 459 3510 eo.
476 3454 616 3523 Quamdttt
639 3456 712 3511 enim
732 3456 794 3527 qais
816 3456 977 3512 alteritatem
1031 3454 1154 3523 illudsit,
1167 3454 1255 3511 adbuc
1274 3455 1494 3511 controvertitur.
1518 3456 1609 3512 Gracci
1632 3462 1774 3527 peccatum
1803 3456 1842 3515 ad

174 3521 267 3589 babet,
286 3539 341 3577 non
355 3532 448 3594 peccat
462 3528 623 3590 mortaliter,
638 3542 724 3598 neque.
739 3542 851 3599 peccate
865 3534 974 3598 potest:
1031 3534 1150 3581 mortem
1178 3525 1332 3596 intelligunt
1356 3528 1504 3596 panormiae
1534 3526 1560 3583 id
1584 3534 1635 3593 est,
1670 3526 1840 3598 injttrinruttt

172 3593 220 3647 sed
235 3593 359 3646 absolute
374 3602 473 3663 potest,
488 3604 515 3649 et
540 3596 701 3651 cltaritatem
725 3599 861 3661 antitiste,
888 3598 975 3651 imma
1031 3603 1155 3652 tenacem
1170 3596 1333 3650 memoriam
1346 3606 1373 3651 ct
1385 3597 1550 3652 obstinatam
1566 3598 1691 3653 vindiclae
1711 3598 1841 3669 cupidita

175 3661 339 3731 etabjicerc,
355 3670 381 3717 et
400 3664 676 3733 ntortnliteepcccarc
706 3668 839 3733 (Attgttsl.
859 3671 975 3721 trttet.5
1030 3672 1096 3721 tem.
1117 3669 1158 3721 lta
1179 3666 1377 3721 OEcumcnius.
1400 3668 1452 3723 lllii
1480 3678 1619 3739 peceatum
1644 3668 1672 3723 in
1695 3668 1841 3737 Spiritum

174 3734 203 3787 in
217 3736 268 3803 Ep.
284 3735 360 3788 Jotttt.
371 3736 391 3801 3.
406 3734 506 3801 Τειιιε,
519 3736 550 3789 D.
567 3733 696 3789 Bernatdi
714 3776 719 3789 .
735 3734 837 3805 (δε-νει.
853 3742 863 3791 t
880 3736 913 3792 de
926 3738 975 3793 Se-
1032 3744 1168 3799 sanctum,
1184 3736 1439 3809 prasertitnagnitta
1452 3738 1571 3795 totitatis
1583 3738 1839 3809 impugnationem,

171 3808 268 3874 platea.
278 3804 307 3871 ):
322 3807 380 3859 Nan
390 3812 492 3875 pteccat,
506 3804 663 3877 inquinari
671 3810 750 3861 tertias
764 3812 802 3861 εει
821 3824 855 3861 ea
868 3812 931 3869 lieo,
947 3808 977 3861 id
1031 3822 1063 3863 ac
1077 3808 1204 3863 fraterna
1219 3806 1359 3863 charitatis
1369 3808 1554 3865 int-ideonum.
1571 3812 1667 3879 Deque
1677 3808 1841 3881 Dominus,

173 3880 223 3937 eat,
237 3876 506 3945 petuleslt'nulusnan
520 3882 656 3947 permanet
666 3878 695 3932 in
704 3882 820 3946 petatio,
829 3881 896 3947 quia
909 3882 976 3933 lle-ets
1032 3876 1146 3949 loquens
1158 3878 1186 3933 in
1204 3879 1360 3952 Evangelio,
1373 3880 1441 3937 dixit
1458 3900 1464 3936 :
1479 3884 1532 3948 (lui
1540 3882 1639 3936 dit-erit
1651 3880 1764 3935 serbntn
1779 3898 1842 3938 eota·

171 3953 400 4017 prtrsetuttleunt,
417 3953 447 4002 ui
458 3952 547 4017 perire
555 3964 606 4002 trun
614 3954 701 4019 presset
720 3966 750 4003 eu
764 3965 824 4018 epate
840 3950 907 4016 fulli
925 3965 978 4004 non
1032 3954 1077 4005 tru
1092 3952 1223 4021 Spiriittm
1234 3957 1366 4014 sttneinnt,
1383 3969 1435 4007 nem
1446 3957 1595 4008 emittetur
1610 3954 1634 4007 ei
1647 3968 1732 4022 tte-quc
1742 3955 1774 4007 in
1790 3956 1842 4009 boc

170 4022 270 4089 ρειεει,
284 4021 418 4087 gernctatlie
426 4021 547 4083 eeclesiis,
563 4020 593 4073 id
605 4024 653 4083 εει,
665 4020 867 4088 praedestinatio
880 4024 939 4077 Dei.
1032 4024 1138 4083 sut-nlo,
1154 4024 1276 4092 negucia
1292 4024 1388 4091 salaro
1409 4024 1523 4093 (blattis.
1539 4028 1600 4093 nt).
1616 4024 1668 4079 atii
1678 4024 1841 4081 tttasitnttm

210 4092 220 4115 ⁰
240 4089 271 4145 ld
321 4098 341 4156 t,
355 4089 518 4147 mortalibus
539 4106 611 4161 :quo
625 4090 709 4147 modo
732 4094 769 4146 D.
794 4091 978 4164 Hieronymus
1031 4091 1222 4164 quodcumqae
1232 4102 1373 4217 peecatum
1385 4094 1511 4161 mortale,
1526 4103 1557 4149 ut
1566 4094 1759 4162 homicidium,
1773 4112 1841 4167 per-

178 4167 208 4215 et
226 4162 290 4233 Aug
310 4162 396 4217 stintts
418 4160 581 4218 sententiam
596 4160 670 4217 illam
683 4161 794 4218 loannis
825 4178 858 4218 ett
879 4171 975 4221 anunt.

174 4232 261 4287 Porro
275 4242 383 4302 peccata
397 4233 522 4305 capitalia
534 4233 641 4290 duobus
662 4234 751 4290 modis
765 4233 828 4293 dici.
848 4179 910 4289 al’toi
927 4251 977 4292 no-

174 4301 292 4357 tacimus
300 4318 333 4357 ex
344 4306 371 4359 S.
381 4304 486 4359 Tltoma
503 4304 576 4373 (1³2,
590 4320 617 4373 q.
631 4308 678 4370 83,
689 4322 716 4361 a.
726 4304 768 4373 3).
785 4304 889 4361 Dicitur
904 4305 978 4361 enlm

173 4372 287 4440 capitale
301 4389 357 4428 uno
371 4374 455 4429 modo
470 4389 485 4428 a
501 4375 588 4444 capite
602 4375 711 4445 proprie
729 4374 812 4441 dicto,
836 4385 863 4431 ct
879 4390 978 4433 secun·

174 4438 241 4495 dnm
256 4440 318 4505 ltott,
334 4449 488 4511 peccatam,
512 4458 560 4499 sea
587 4446 701 4512 etinten,
728 4446 843 4517 capitale
867 4445 977 4515 dicitur,

174 4508 249 4579 quod
264 4526 342 4581 perna
355 4512 461 4582 capitis,
477 4511 503 4568 id
512 4518 564 4581 εει,
576 4522 664 4569 morte
678 4516 806 4585 punitur:
820 4530 875 4597 quo
894 4518 978 4575 modo

175 4588 413 4705 peceattttnonme
426 4580 600 4639 mortiferum
619 4584 732 4657 capitale
753 4586 921 4657 inlelltgitur,
948 4595 979 4644 ut

185 4667 228 4709 tac
240 4652 312 4721 loco,
327 4654 389 4725 quia
401 4663 521 4711 mortem
535 4652 617 4711 aliert
636 4655 750 4723 animan
766 4656 817 4711 alio
840 4655 923 4713 modo
936 4657 978 4713 di·

174 4724 248 4781 citur
266 4725 366 4782 vittam
387 4725 512 4799 capitale,
532 4744 548 4783 a
570 4727 665 4809 capite,
691 4734 773 4799 prout
796 4726 979 4800 metaphorice

174 4795 264 4869 signat
283 4797 445 4869 principium
458 4798 501 4856 sel
515 4798 675 4855 directarum
693 4796 832 4865 aliarum?
843 4808 871 4855 et
882 4799 923 4857 sio
935 4800 979 4857 di-

174 4867 348 4923 clturritium
368 4870 491 4940 capitale,
503 4886 536 4925 es
549 4886 604 4943 quo
619 4871 695 4943 plata
723 4870 775 4926 alin
796 4870 861 4927 ritia
886 4873 978 4929 oriun-

172 4944 219 4991 tur
234 4956 241 4989 :
256 4952 310 5006 quo
326 4940 413 4995 modo
434 4944 468 4996 D.
484 4942 633 5013 Gregorius
652 4948 746 5009 (aaut
778 4944 874 5000 llotul.
890 4960 911 5000 c.
927 4944 978 5016 31)

171 5014 288 5079 septem,
304 5007 450 5066 Cassianus
464 5026 528 5066 vero
539 5014 609 5081 ,ιιι
619 5030 645 5083 v,
655 5016 746 5069 eteoll.
761 5016 793 5085 ὅ)
808 5022 871 5071 οειο
885 5016 980 5087 posuit

173 5078 237 5135 vitia
251 5077 388 5149 capitalia.

207 5150 220 5185 ι
244 5150 389 5223 Distingait
401 5153 523 5207 loannes
539 5153 680 5224 apostolus
697 5152 799 5227 duplet
817 5173 903 5229 genus
915 5172 976 5229 pec·
992 5133 1018 5195 D

170 5220 244 5277 cati:
261 5221 334 5277 aliud
347 5221 448 5279 scilicet
466 5229 607 5293 peccatum
623 5223 657 5280 ad
678 5235 808 5294 mortem,
829 5226 901 5282 allud
920 5243 976 5283 non

171 5292 207 5347 ad
221 5300 349 5348 mortem.
365 5293 511 5365 Quodnam
519 5310 582 5352 tero
592 5296 628 5351 sit
641 5305 783 5365 peccatum
793 5294 828 5351 ad
842 5303 973 5366 mortem,

171 5368 200 5417 et
215 5371 356 5433 peceatum
367 5380 421 5419 non
435 5363 469 5420 ad
480 5374 610 5433 mortem,
637 5366 712 5421 varia
730 5374 773 5421 cst
796 5365 977 5437 interpretum

171 5434 317 5491 sententia.
332 5434 450 5505 Quidam
465 5437 760 5509 eniminterpretantur
780 5445 924 5507 peccatum
941 5438 977 5496 ad

172 5512 291 5561 mortem
305 5523 387 5564 omne
399 5516 540 5579 peccatam
559 5507 693 5575 mortale;
714 5514 861 5589 peccatum
881 5518 976 5567 autem

173 5586 229 5627 non
241 5576 275 5629 ad
295 5587 425 5635 mortem..
447 5580 642 5651 quodcumque
661 5580 774 5635 tentala.
795 5579 841 5635 Sic
865 5581 976 5651 quidem

172 5642 259 5699 abbas
272 5646 434 5704 Clttcremon
448 5649 502 5707 boc
514 5651 586 5713 loco.
595 5650 638 5707 cal
650 5658 678 5705 et
687 5648 784 5707 Glossa
799 5650 937 5707 ordinaria
949 5659 977 5708 ει

172 5713 218 5771 alii
236 5724 362 5775 auctores
381 5718 578 5793 suffragantur.
607 5722 709 5777 Verum
727 5719 790 5777 huic
815 5721 976 5794 expositioni

1028 4162 1146 4233 jurium,
1165 4165 1234 4220 sacri
1245 4164 1345 4235 egium.
1360 4164 1411 4219 Alii
1424 4164 1541 4236 denique
1554 4173 1694 4247 peccatum
1707 4166 1745 4221 atl
1761 4182 1838 4223 ntor·

1032 4240 1087 4289 tem
1096 4233 1248 4305 intelligunt
1259 4235 1367 4290 linttlcm
1382 4235 1620 4305 imptnniteottatn,
1632 4253 1681 4292 seu
1691 4246 1839 4309 peccatum

1034 4304 1150 4361 mortale
1163 4304 1190 4359 in
1204 4320 1259 4375 quo
1273 4304 1335 4375 quis
1348 4304 1382 4360 ad
1401 4315 1521 4362 tnortcm
1534 4323 1620 4379 usque
1631 4317 1660 4364 et
1674 4307 1761 4364 linem
1776 4310 1839 4365 rinc

1032 4384 1195 4445 perseverat.
1206 4376 1245 4429 lta
1257 4376 1429 4447 augustinus
1443 4377 1476 4433 de
1490 4380 1614 4434 Cortect.
1635 4387 1663 4434 ει
1681 4380 1762 4435 Grat.
1776 4396 1836 4451 cap.

1037 4448 1079 4507 ta,
1099 4453 1127 4501 et
1136 4444 1284 4517 Gregorius
1296 4462 1348 4502 ιιιι
1357 4447 1456 4504 illoral.
1470 4464 1530 4521 cap.
1541 4457 1584 4506 at.
1598 4454 1745 4507 Antrotant
1755 4466 1837 4523 parto

1033 4513 1195 4587 interpretes
1209 4519 1342 4573 ioannem
1353 4518 1406 4574 illis
1417 4519 1525 4577 serbis:
1541 4524 1598 4577 ιιὐιι
1633 4538 1672 4575 ne
1697 4524 1746 4579 illo
1766 4524 1835 4585 elien,

1032 4592 1063 4643 ut
1079 4592 1154 4656 repet
1168 4590 1245 4659 puis,
1260 4605 1317 4645 non
1331 4589 1492 4648 interdicere
1506 4599 1552 4647 aut
1567 4538 1716 4663 proltlberc
1730 4610 1764 4651 tte
1796 4592 1839 4649 uis

1032 4662 1198 4731 promagais
1210 4660 1380 4786 captoribus
1406 4663 1591 4731 peecatoribus
1612 4680 1709 4735 preces
1730 4610 1836 4733 suniat,

1032 4729 1081 4786 sed
1096 4737 1202 4786 tantum
1227 4730 1254 4787 dt
1267 4731 1413 4788 llcnltnlem
1437 4734 1617 4791 exauditionis
1636 4735 1768 4799 indicare,
1787 4750 1839 4793 nec

1032 4809 1135 4858 certam
1148 4802 1307 4873 promittere
1322 4818 1353 4858 ει
1371 4810 1445 4875 parte
1464 4806 1516 4862 Dei
1530 4806 1732 4863 exauditionem
1742 4814 1770 4863 et
1790 4822 1839 4863 se·

1031 4871 1124 4940 niam;
1140 4873 1217 4945 quasi
1237 4872 1356 4931 diceret:
1384 4874 1477 4932 Patior
1496 4878 1620 4949 quidun,
1643 4878 1731 4935 immo
1749 4878 1839 4950 probo

1034 4959 1081 5000 tos
1093 4960 1143 5015 pro
1153 4945 1339 5016 peccatoribus
1354 4946 1482 5003 omnibus
1502 4964 1596 5015 orare;
1618 4950 1667 5005 scd
1689 4966 1745 5007 non
1759 4949 1836 5017 dico,

1031 5012 1126 5082 idest,
1151 5032 1207 5073 non
1222 5016 1307 5087 jubeo
1329 5032 1377 5088 pro
1396 5019 1570 5088 peccmnibus
1590 5019 1625 5075 ad
1647 5030 1774 5086 mortem,
1803 5026 1838 5075 ut

1032 5084 1104 5141 ullus
1118 5094 1188 5154 orat,
1201 5087 1277 5169 quasi
1288 5097 1362 5144 certo
1376 5088 1572 5147 exaudiendus.
1589 5092 1707 5149 Proinde
1715 5090 1839 5149 Ecclesia

1030 5154 1099 5212 dunt
1112 5158 1232 5229 quotidie
1245 5166 1305 5215 orat
1314 5168 1341 5215 ει
1359 5160 1521 5217 sacmltciam
1549 5163 1725 5220 incruentam
1752 5160 1841 5219 oliert

1030 5242 1081 5299 pto
1088 5230 1276 5299 peccatoribus
1284 5230 1544 5304 quomodocumque
1552 5234 1840 5305 peccantibus,intmo

1031 5306 1059 5355 et
1085 5314 1134 5369 pro
1160 5298 1323 5368 inlldolibus,
1340 5301 1451 5367 ludaris,
1470 5303 1617 5373 hereticis,
1640 5305 1707 5361 nibil
1738 5312 1842 5363 contra

1030 5368 1104 5449 bunc
1113 5369 1228 5449 loannis
1241 5370 1393 5429 doctrinam
1406 5372 1479 5431 lacit.
1498 5378 1531 5431 D.
1547 5384 1640 5433 tamen
1656 5376 1841 5448 bugttstinus,

1029 5448 1059 5496 ot
1070 5438 1114 5495 alti
1125 5439 1219 5523 dtcunt
1236 5458 1293 5500 non
1308 5444 1446 5501 orandum
1464 5462 1514 5519 pro
1542 5447 1700 5505 mortulsia
1719 5454 1841 5519 peccato

1029 5510 1151 5582 mortalt,
1164 5511 1191 5568 td
1210 5521 1262 5583 est,
1297 5532 1327 5571 ro
1337 5516 1483 5573 damnatis.
1499 5520 1536 5573 ιιι
1548 5518 1601 5575 ιιοε
1612 5518 1721 5577 diilieilc
1738 5526 1784 5574 est
1799 5518 1843 5575 in·

1030 5582 1149 5667 tellecta,
1164 5532 1320 5667 cumnoflis
1345 5596 1468 5645 constare
1482 5604 1538 5646 non
1561 5590 1695 5661 possitdc
1722 5590 1842 5649 alterins

1029 5663 1206 5724 conserentis,
1218 5657 1261 5713 vcl
1279 5657 1379 5715 animae
1392 5666 1477 5728 statu,
1490 5662 1644 5731 ptaescrtim
1668 5669 1732 5733 post
1755 5678 1839 5719 mor-

1030 5732 1102 5791 tcmt
1118 5727 1265 5797 Apostolus
1276 5738 1369 5786 autem
1388 5730 1454 5787 dicit
1476 5732 1547 5800 :Qui
1558 5736 1738 5801 scitsrtttrctn
1754 5748 1839 5791 stttntt

171 5800 323 5869 repugnare
341 5788 448 5847 ridetur
470 5790 696 5864 quodnequitar.
724 5792 777 5861 Qui
790 5794 841 5851 scit
860 5796 976 5861 [retreat
1026 5812 1146 5868 putore,
1158 5812 1211 5855 non
1224 5799 1262 5855 ad
1273 5806 1393 5865 morian,
1404 5810 1460 5860 etc.
