<?xml version="1.0" encoding="UTF-8"?>
<!DOCTYPE html PUBLIC "-//W3C//DTD XHTML 1.0 Transitional//EN"
    "http://www.w3.org/TR/xhtml1/DTD/xhtml1-transitional.dtd">
<html xmlns="http://www.w3.org/1999/xhtml" xml:lang="en" lang="en">
 <head>
  <title>
</title>
<meta http-equiv="Content-Type" content="text/html;charset=utf-8" />
  <meta name='ocr-system' content='tesseract 3.04.00' />
  <meta name='ocr-capabilities' content='ocr_page ocr_carea ocr_par ocr_line ocrx_word'/>
</head>
<body>
  <div class='ocr_page' id='page_1' title='image "./patrologiaecurs29unkngoog_0108.png"; bbox 0 0 3848 6158; ppageno 0'>
   <div class='ocr_carea' id='block_1_1' title="bbox 94 247 146 302">
    <p class='ocr_par' dir='ltr' id='par_1_1' title="bbox 94 247 146 302">
     <span class='ocr_line' id='line_1_1' title="bbox 94 247 146 302; baseline -0.019 0"><span class='ocrx_word' id='word_1_1' title='bbox 94 247 146 302; x_wconf 81' lang='lat'><strong>2⁰1</strong></span> 
     </span>
    </p>
   </div>
   <div class='ocr_carea' id='block_1_2' title="bbox 349 244 1497 305">
    <p class='ocr_par' dir='ltr' id='par_1_2' title="bbox 349 244 1497 305">
     <span class='ocr_line' id='line_1_2' title="bbox 349 244 1497 305; baseline 0.003 -4"><span class='ocrx_word' id='word_1_2' title='bbox 349 246 393 301; x_wconf 79' lang='lat' dir='ltr'><strong>bs</strong></span> <span class='ocrx_word' id='word_1_3' title='bbox 411 245 650 303; x_wconf 67' lang='lat' dir='ltr'><strong>effiaobtotto&#39;lr</strong></span> <span class='ocrx_word' id='word_1_4' title='bbox 669 246 787 303; x_wconf 82' lang='lat' dir='ltr'><strong>lNSTlT.</strong></span> <span class='ocrx_word' id='word_1_5' title='bbox 808 247 872 303; x_wconf 79' lang='lat' dir='ltr'><strong>bib.</strong></span> <span class='ocrx_word' id='word_1_6' title='bbox 892 246 926 301; x_wconf 79' lang='lat' dir='ltr'><strong>V.</strong></span> <span class='ocrx_word' id='word_1_7' title='bbox 948 274 981 286; x_wconf 90' lang='lat'><em>-</em></span> <span class='ocrx_word' id='word_1_8' title='bbox 1002 246 1047 301; x_wconf 81' lang='lat' dir='ltr'><strong>bs</strong></span> <span class='ocrx_word' id='word_1_9' title='bbox 1065 244 1199 302; x_wconf 82' lang='lat' dir='ltr'><strong>SPllllTU</strong></span> <span class='ocrx_word' id='word_1_10' title='bbox 1219 247 1497 305; x_wconf 69' lang='lat' dir='ltr'><strong>Gsslitltlaltntm.</strong></span> 
     </span>
    </p>
   </div>
   <div class='ocr_carea' id='block_1_3' title="bbox 1693 257 1747 314">
    <p class='ocr_par' dir='ltr' id='par_1_3' title="bbox 1693 257 1747 314">
     <span class='ocr_line' id='line_1_3' title="bbox 1693 257 1747 314; baseline 0.037 -2"><span class='ocrx_word' id='word_1_11' title='bbox 1693 257 1747 314; x_wconf 70' lang='lat'><strong>202</strong></span> 
     </span>
    </p>
   </div>
   <div class='ocr_carea' id='block_1_4' title="bbox 93 368 1748 444">
    <p class='ocr_par' dir='ltr' id='par_1_4' title="bbox 93 368 1748 444">
     <span class='ocr_line' id='line_1_4' title="bbox 93 368 1748 444; baseline 0.008 -20"><span class='ocrx_word' id='word_1_12' title='bbox 93 377 238 441; x_wconf 87' lang='lat' dir='ltr'><strong>perpetuo,</strong></span> <span class='ocrx_word' id='word_1_13' title='bbox 254 377 282 426; x_wconf 88' lang='lat' dir='ltr'><strong>st</strong></span> <span class='ocrx_word' id='word_1_14' title='bbox 293 368 328 425; x_wconf 92' lang='lat' dir='ltr'><strong>de</strong></span> <span class='ocrx_word' id='word_1_15' title='bbox 339 369 468 426; x_wconf 86' lang='lat' dir='ltr'><strong>coenobio</strong></span> <span class='ocrx_word' id='word_1_16' title='bbox 481 369 563 428; x_wconf 89' lang='lat' dir='ltr'><strong>nullis</strong></span> <span class='ocrx_word' id='word_1_17' title='bbox 575 370 769 427; x_wconf 78' lang='lat' dir='ltr'><strong>tentabonibus</strong></span> <span class='ocrx_word' id='word_1_18' title='bbox 782 369 895 439; x_wconf 89' lang='lat' dir='ltr'><strong>inimici,</strong></span> <span class='ocrx_word' id='word_1_19' title='bbox 907 375 935 438; x_wconf 76' lang='grc' dir='ltr'><strong>Α</strong></span> <span class='ocrx_word' id='word_1_20' title='bbox 950 370 1073 425; x_wconf 74' lang='lat' dir='ltr'><strong>sensibus</strong></span> <span class='ocrx_word' id='word_1_21' title='bbox 1086 368 1192 426; x_wconf 85' lang='lat' dir='ltr'><strong>valeant</strong></span> <span class='ocrx_word' id='word_1_22' title='bbox 1212 370 1364 438; x_wconf 79' lang='lat' dir='ltr'><strong>inlrarrere,</strong></span> <span class='ocrx_word' id='word_1_23' title='bbox 1388 372 1525 444; x_wconf 78' lang='lat' dir='ltr'><strong>quoddam</strong></span> <span class='ocrx_word' id='word_1_24' title='bbox 1540 391 1573 431; x_wconf 81' lang='lat' dir='ltr'><strong>es</strong></span> <span class='ocrx_word' id='word_1_25' title='bbox 1597 377 1638 434; x_wconf 87' lang='lat' dir='ltr'><strong>bis</strong></span> <span class='ocrx_word' id='word_1_26' title='bbox 1660 379 1748 437; x_wconf 73' lang='lat' dir='ltr'><strong>⁸bre·</strong></span> 
     </span>
    </p>
   </div>
   <div class='ocr_carea' id='block_1_5' title="bbox 93 460 532 519">
    <p class='ocr_par' dir='ltr' id='par_1_5' title="bbox 93 460 532 519">
     <span class='ocr_line' id='line_1_5' title="bbox 93 460 532 519; baseline -0.005 1"><span class='ocrx_word' id='word_1_27' title='bbox 93 461 178 519; x_wconf 88' lang='lat' dir='ltr'><strong>nollis</strong></span> <span class='ocrx_word' id='word_1_28' title='bbox 189 460 356 519; x_wconf 68' lang='lat' dir='ltr'><strong>factionibus</strong></span> <span class='ocrx_word' id='word_1_29' title='bbox 368 462 532 519; x_wconf 74' lang='lat' dir='ltr'><strong>devolveris.</strong></span> 
     </span>
    </p>
   </div>
   <div class='ocr_carea' id='block_1_6' title="bbox 378 581 602 640">
    <p class='ocr_par' dir='ltr' id='par_1_6' title="bbox 378 581 602 640">
     <span class='ocr_line' id='line_1_6' title="bbox 378 581 602 640; baseline 0.009 -3"><span class='ocrx_word' id='word_1_30' title='bbox 378 581 497 640; x_wconf 78' lang='lat' dir='ltr'><strong>CAPUT</strong></span> <span class='ocrx_word' id='word_1_31' title='bbox 513 583 602 639; x_wconf 75' lang='lat' dir='ltr'><strong>XLll.</strong></span> 
     </span>
    </p>
   </div>
   <div class='ocr_carea' id='block_1_7' title="bbox 67 694 897 835">
    <p class='ocr_par' dir='ltr' id='par_1_7' title="bbox 67 694 897 835">
     <span class='ocr_line' id='line_1_7' title="bbox 67 694 897 765; baseline 0.001 -16"><span class='ocrx_word' id='word_1_32' title='bbox 67 718 70 722; x_wconf 96' lang='lat'>·</span> <span class='ocrx_word' id='word_1_33' title='bbox 93 695 172 765; x_wconf 81' lang='lat' dir='ltr'><strong>Quod</strong></span> <span class='ocrx_word' id='word_1_34' title='bbox 190 695 287 749; x_wconf 80' lang='grc' dir='ltr'><strong>ὁοιιιιιιι</strong></span> <span class='ocrx_word' id='word_1_35' title='bbox 303 695 444 765; x_wconf 66' lang='lat' dir='ltr'><strong>patientie</strong></span> <span class='ocrx_word' id='word_1_36' title='bbox 457 709 513 749; x_wconf 81' lang='lat' dir='ltr'><strong>suoe</strong></span> <span class='ocrx_word' id='word_1_37' title='bbox 526 710 579 749; x_wconf 80' lang='lat' dir='ltr'><strong>reon</strong></span> <span class='ocrx_word' id='word_1_38' title='bbox 594 694 689 750; x_wconf 72' lang='lat' dir='ltr'><strong>debead</strong></span> <span class='ocrx_word' id='word_1_39' title='bbox 706 696 850 750; x_wconf 68' lang='lat' dir='ltr'><strong>mosamius</strong></span> <span class='ocrx_word' id='word_1_40' title='bbox 863 695 897 750; x_wconf 86' lang='lat' dir='ltr'><strong>cle</strong></span> 
     </span>
     <span class='ocr_line' id='line_1_8' title="bbox 130 765 858 835; baseline 0 -14"><span class='ocrx_word' id='word_1_41' title='bbox 130 767 248 821; x_wconf 83' lang='lat' dir='ltr'><strong>oliorum</strong></span> <span class='ocrx_word' id='word_1_42' title='bbox 253 779 365 835; x_wconf 84' lang='lat' dir='ltr'><strong>sperore</strong></span> <span class='ocrx_word' id='word_1_43' title='bbox 371 767 480 829; x_wconf 84' lang='lat' dir='ltr'><strong>uirtute,</strong></span> <span class='ocrx_word' id='word_1_44' title='bbox 491 765 575 820; x_wconf 86' lang='lat' dir='ltr'><strong>scdde</strong></span> <span class='ocrx_word' id='word_1_45' title='bbox 584 781 635 820; x_wconf 87' lang='lat' dir='ltr'><strong>suo</strong></span> <span class='ocrx_word' id='word_1_46' title='bbox 643 767 858 835; x_wconf 81' lang='lat' dir='ltr'><strong>longanimitate.</strong></span> 
     </span>
    </p>
   </div>
   <div class='ocr_carea' id='block_1_8' title="bbox 91 872 896 1138">
    <p class='ocr_par' dir='ltr' id='par_1_8' title="bbox 91 872 896 1138">
     <span class='ocr_line' id='line_1_9' title="bbox 129 872 896 950; baseline 0.004 -19"><span class='ocrx_word' id='word_1_47' title='bbox 129 876 204 948; x_wconf 79' lang='lat' dir='ltr'><strong>Ergo</strong></span> <span class='ocrx_word' id='word_1_48' title='bbox 222 872 380 946; x_wconf 86' lang='lat' dir='ltr'><strong>patientiam</strong></span> <span class='ocrx_word' id='word_1_49' title='bbox 395 881 471 929; x_wconf 89' lang='lat' dir='ltr'><strong>tuam</strong></span> <span class='ocrx_word' id='word_1_50' title='bbox 485 889 540 931; x_wconf 91' lang='lat' dir='ltr'><strong>noa</strong></span> <span class='ocrx_word' id='word_1_51' title='bbox 559 873 641 932; x_wconf 88' lang='lat' dir='ltr'><strong>debes</strong></span> <span class='ocrx_word' id='word_1_52' title='bbox 661 874 694 932; x_wconf 89' lang='lat' dir='ltr'><strong>de</strong></span> <span class='ocrx_word' id='word_1_53' title='bbox 707 876 822 933; x_wconf 89' lang='lat' dir='ltr'><strong>aliorum</strong></span> <span class='ocrx_word' id='word_1_54' title='bbox 836 892 896 950; x_wconf 83' lang='lat' dir='ltr'><strong>spc-</strong></span> 
     </span>
     <span class='ocr_line' id='line_1_10' title="bbox 92 968 895 1045; baseline 0.004 -20"><span class='ocrx_word' id='word_1_55' title='bbox 92 983 155 1026; x_wconf 89' lang='lat' dir='ltr'><strong>rara</strong></span> <span class='ocrx_word' id='word_1_56' title='bbox 172 968 286 1038; x_wconf 84' lang='lat' dir='ltr'><strong>virtute,</strong></span> <span class='ocrx_word' id='word_1_57' title='bbox 299 968 388 1038; x_wconf 89' lang='lat' dir='ltr'><strong>idest,</strong></span> <span class='ocrx_word' id='word_1_58' title='bbox 402 976 433 1024; x_wconf 91' lang='lat' dir='ltr'><strong>ut</strong></span> <span class='ocrx_word' id='word_1_59' title='bbox 444 977 511 1025; x_wconf 90' lang='lat' dir='ltr'><strong>tunc</strong></span> <span class='ocrx_word' id='word_1_60' title='bbox 524 985 584 1026; x_wconf 91' lang='lat' dir='ltr'><strong>eam</strong></span> <span class='ocrx_word' id='word_1_61' title='bbox 604 971 798 1028; x_wconf 87' lang='lat' dir='ltr'><strong>tantummodo</strong></span> <span class='ocrx_word' id='word_1_62' title='bbox 812 975 895 1045; x_wconf 74' lang='lat' dir='ltr'><strong>possi</strong></span> 
     </span>
     <span class='ocr_line' id='line_1_11' title="bbox 91 1060 896 1138; baseline 0.006 -20"><span class='ocrx_word' id='word_1_63' title='bbox 91 1061 171 1131; x_wconf 84' lang='lat' dir='ltr'><strong>deas,</strong></span> <span class='ocrx_word' id='word_1_64' title='bbox 184 1078 273 1119; x_wconf 87' lang='lat' dir='ltr'><strong>corna</strong></span> <span class='ocrx_word' id='word_1_65' title='bbox 293 1060 403 1119; x_wconf 85' lang='lat' dir='ltr'><strong>nemine</strong></span> <span class='ocrx_word' id='word_1_66' title='bbox 417 1060 502 1120; x_wconf 81' lang='lat' dir='ltr'><strong>tueris</strong></span> <span class='ocrx_word' id='word_1_67' title='bbox 518 1063 635 1120; x_wconf 90' lang='lat' dir='ltr'><strong>irritatus</strong></span> <span class='ocrx_word' id='word_1_68' title='bbox 649 1082 657 1120; x_wconf 76' lang='grc' dir='ltr'><strong>ε</strong></span> <span class='ocrx_word' id='word_1_69' title='bbox 672 1064 746 1137; x_wconf 85' lang='lat' dir='ltr'><strong>quod</strong></span> <span class='ocrx_word' id='word_1_70' title='bbox 766 1073 797 1122; x_wconf 93' lang='lat' dir='ltr'><strong>ut</strong></span> <span class='ocrx_word' id='word_1_71' title='bbox 809 1067 896 1138; x_wconf 78' lang='lat' dir='ltr'><strong>possit</strong></span> 
     </span>
    </p>
   </div>
   <div class='ocr_carea' id='block_1_9' title="bbox 91 1155 946 1232">
    <p class='ocr_par' dir='ltr' id='par_1_9' title="bbox 91 1155 946 1232">
     <span class='ocr_line' id='line_1_12' title="bbox 91 1155 946 1232; baseline 0.006 -19"><span class='ocrx_word' id='word_1_72' title='bbox 91 1173 150 1213; x_wconf 93' lang='lat' dir='ltr'><strong>non</strong></span> <span class='ocrx_word' id='word_1_73' title='bbox 162 1155 278 1226; x_wconf 80' lang='lat' dir='ltr'><strong>evenire,</strong></span> <span class='ocrx_word' id='word_1_74' title='bbox 297 1164 352 1213; x_wconf 80' lang='lat' dir='ltr'><strong>tuae</strong></span> <span class='ocrx_word' id='word_1_75' title='bbox 366 1170 421 1212; x_wconf 92' lang='lat' dir='ltr'><strong>non</strong></span> <span class='ocrx_word' id='word_1_76' title='bbox 436 1156 558 1229; x_wconf 84' lang='lat' dir='ltr'><strong>subjacet</strong></span> <span class='ocrx_word' id='word_1_77' title='bbox 581 1157 723 1229; x_wconf 86' lang='lat' dir='ltr'><strong>potestati;</strong></span> <span class='ocrx_word' id='word_1_78' title='bbox 743 1158 792 1215; x_wconf 90' lang='lat' dir='ltr'><strong>sed</strong></span> <span class='ocrx_word' id='word_1_79' title='bbox 806 1159 895 1232; x_wconf 89' lang='lat' dir='ltr'><strong>potius</strong></span> <span class='ocrx_word' id='word_1_80' title='bbox 938 1206 946 1219; x_wconf 89' lang='lat'><strong>.</strong></span> 
     </span>
    </p>
   </div>
   <div class='ocr_carea' id='block_1_10' title="bbox 91 1238 894 1401">
    <p class='ocr_par' dir='ltr' id='par_1_10' title="bbox 91 1238 894 1401">
     <span class='ocr_line' id='line_1_13' title="bbox 91 1238 894 1327; baseline 0.001 -18"><span class='ocrx_word' id='word_1_81' title='bbox 91 1251 128 1309; x_wconf 86' lang='lat' dir='ltr'><strong>de</strong></span> <span class='ocrx_word' id='word_1_82' title='bbox 138 1238 292 1310; x_wconf 82' lang='lat' dir='ltr'><strong>bumilitate</strong></span> <span class='ocrx_word' id='word_1_83' title='bbox 306 1259 352 1308; x_wconf 90' lang='lat' dir='ltr'><strong>tua</strong></span> <span class='ocrx_word' id='word_1_84' title='bbox 369 1259 398 1308; x_wconf 89' lang='lat' dir='ltr'><strong>et</strong></span> <span class='ocrx_word' id='word_1_85' title='bbox 410 1250 624 1324; x_wconf 79' lang='lat' dir='ltr'><strong>longanimitate,</strong></span> <span class='ocrx_word' id='word_1_86' title='bbox 645 1267 706 1324; x_wconf 78' lang='lat' dir='ltr'><strong>quae</strong></span> <span class='ocrx_word' id='word_1_87' title='bbox 726 1253 815 1310; x_wconf 92' lang='lat' dir='ltr'><strong>intuo</strong></span> <span class='ocrx_word' id='word_1_88' title='bbox 830 1269 894 1327; x_wconf 88' lang='lat' dir='ltr'><strong>pen-</strong></span> 
     </span>
     <span class='ocr_line' id='line_1_14' title="bbox 91 1342 271 1401; baseline 0 -1"><span class='ocrx_word' id='word_1_89' title='bbox 91 1342 141 1401; x_wconf 88' lang='lat' dir='ltr'><strong>det</strong></span> <span class='ocrx_word' id='word_1_90' title='bbox 150 1343 271 1401; x_wconf 90' lang='lat' dir='ltr'><strong>arbitrio.</strong></span> 
     </span>
    </p>
   </div>
   <div class='ocr_carea' id='block_1_11' title="bbox 362 1463 611 1520">
    <p class='ocr_par' dir='ltr' id='par_1_11' title="bbox 362 1463 611 1520">
     <span class='ocr_line' id='line_1_15' title="bbox 362 1463 611 1520; baseline -0.008 0"><span class='ocrx_word' id='word_1_91' title='bbox 362 1463 483 1520; x_wconf 77' lang='lat' dir='ltr'><strong>CAPUT</strong></span> <span class='ocrx_word' id='word_1_92' title='bbox 508 1463 611 1519; x_wconf 82' lang='lat' dir='ltr'><strong>XLlll.</strong></span> 
     </span>
    </p>
   </div>
   <div class='ocr_carea' id='block_1_12' title="bbox 128 1571 857 1731">
    <p class='ocr_par' dir='ltr' id='par_1_12' title="bbox 128 1571 857 1731">
     <span class='ocr_line' id='line_1_16' title="bbox 128 1571 857 1649; baseline 0.001 -15"><span class='ocrx_word' id='word_1_93' title='bbox 128 1579 327 1648; x_wconf 70' lang='lat' dir='ltr'><strong>ltmnpt&#39;tulott&#39;o</strong></span> <span class='ocrx_word' id='word_1_94' title='bbox 342 1580 513 1648; x_wconf 78' lang='lat' dir='ltr'><strong>cepon‘tionis</strong></span> <span class='ocrx_word' id='word_1_95' title='bbox 536 1594 587 1649; x_wconf 85' lang='lat' dir='ltr'><strong>per</strong></span> <span class='ocrx_word' id='word_1_96' title='bbox 608 1595 692 1648; x_wconf 84' lang='lat' dir='ltr'><strong>quum</strong></span> <span class='ocrx_word' id='word_1_97' title='bbox 714 1571 857 1635; x_wconf 73' lang='lat' dir='ltr'><strong>monachus</strong></span> 
     </span>
     <span class='ocr_line' id='line_1_17' title="bbox 236 1650 749 1731; baseline 0 -27"><span class='ocrx_word' id='word_1_98' title='bbox 236 1650 274 1704; x_wconf 85' lang='lat' dir='ltr'><strong>od</strong></span> <span class='ocrx_word' id='word_1_99' title='bbox 292 1650 484 1731; x_wconf 56' lang='lat' dir='ltr'><strong>peffectionem</strong></span> <span class='ocrx_word' id='word_1_100' title='bbox 493 1652 580 1719; x_wconf 78' lang='lat' dir='ltr'><strong>possit</strong></span> <span class='ocrx_word' id='word_1_101' title='bbox 600 1650 749 1705; x_wconf 84' lang='lat' dir='ltr'><strong>escendere.</strong></span> 
     </span>
    </p>
   </div>
   <div class='ocr_carea' id='block_1_13' title="bbox 945 462 1750 1755">
    <p class='ocr_par' dir='ltr' id='par_1_13' title="bbox 945 462 1750 1755">
     <span class='ocr_line' id='line_1_18' title="bbox 951 462 1750 538; baseline 0.018 -20"><span class='ocrx_word' id='word_1_102' title='bbox 951 462 1065 519; x_wconf 83' lang='lat' dir='ltr'><strong>riarium</strong></span> <span class='ocrx_word' id='word_1_103' title='bbox 1083 463 1219 535; x_wconf 88' lang='lat' dir='ltr'><strong>colligam,</strong></span> <span class='ocrx_word' id='word_1_104' title='bbox 1235 480 1283 534; x_wconf 85' lang='lat' dir='ltr'><strong>per</strong></span> <span class='ocrx_word' id='word_1_105' title='bbox 1297 465 1371 536; x_wconf 90' lang='lat' dir='ltr'><strong>quod</strong></span> <span class='ocrx_word' id='word_1_106' title='bbox 1386 467 1472 538; x_wconf 88' lang='lat' dir='ltr'><strong>possis</strong></span> <span class='ocrx_word' id='word_1_107' title='bbox 1485 467 1614 526; x_wconf 81' lang='lat' dir='ltr'><strong>brevitate</strong></span> <span class='ocrx_word' id='word_1_108' title='bbox 1634 482 1661 530; x_wconf 90' lang='lat' dir='ltr'><strong>et</strong></span> <span class='ocrx_word' id='word_1_109' title='bbox 1674 490 1750 531; x_wconf 90' lang='lat' dir='ltr'><strong>com-</strong></span> 
     </span>
     <span class='ocr_line' id='line_1_19' title="bbox 951 555 1746 640; baseline 0.02 -30"><span class='ocrx_word' id='word_1_110' title='bbox 951 555 1054 626; x_wconf 75' lang='lat' dir='ltr'><strong>pendio¹</strong></span> <span class='ocrx_word' id='word_1_111' title='bbox 1074 555 1267 612; x_wconf 86' lang='lat' dir='ltr'><strong>mandatorum</strong></span> <span class='ocrx_word' id='word_1_112' title='bbox 1282 559 1440 615; x_wconf 79' lang='lat' dir='ltr'><strong>memoriter</strong></span> <span class='ocrx_word' id='word_1_113' title='bbox 1453 561 1575 618; x_wconf 76' lang='lat' dir='ltr'><strong>universa</strong></span> <span class='ocrx_word' id='word_1_114' title='bbox 1593 567 1746 640; x_wconf 77' lang='lat' dir='ltr'><strong>complecti.</strong></span> 
     </span>
     <span class='ocr_line' id='line_1_20' title="bbox 950 647 1748 726; baseline 0.02 -23"><span class='ocrx_word' id='word_1_115' title='bbox 950 647 1021 704; x_wconf 80' lang='lat' dir='ltr'><strong>Audi</strong></span> <span class='ocrx_word' id='word_1_116' title='bbox 1035 663 1100 721; x_wconf 88' lang='lat' dir='ltr'><strong>ergo</strong></span> <span class='ocrx_word' id='word_1_117' title='bbox 1120 649 1212 720; x_wconf 78' lang='lat' dir='ltr'><strong>paucis</strong></span> <span class='ocrx_word' id='word_1_118' title='bbox 1225 649 1349 707; x_wconf 86' lang='lat' dir='ltr'><strong>ordinem</strong></span> <span class='ocrx_word' id='word_1_119' title='bbox 1375 668 1525 726; x_wconf 85' lang='lat' dir='ltr'><strong>perquem</strong></span> <span class='ocrx_word' id='word_1_120' title='bbox 1549 658 1693 718; x_wconf 89' lang='lat' dir='ltr'><strong>ascendere</strong></span> <span class='ocrx_word' id='word_1_121' title='bbox 1713 663 1748 719; x_wconf 91' lang='lat' dir='ltr'><strong>ad</strong></span> 
     </span>
     <span class='ocr_line' id='line_1_21' title="bbox 949 741 1750 814; baseline 0.02 -16"><span class='ocrx_word' id='word_1_122' title='bbox 949 741 1143 814; x_wconf 80' lang='lat' dir='ltr'><strong>perfectionem</strong></span> <span class='ocrx_word' id='word_1_123' title='bbox 1156 760 1294 802; x_wconf 87' lang='lat' dir='ltr'><strong>summam</strong></span> <span class='ocrx_word' id='word_1_124' title='bbox 1307 746 1366 802; x_wconf 88' lang='lat' dir='ltr'><strong>sine</strong></span> <span class='ocrx_word' id='word_1_125' title='bbox 1379 747 1433 803; x_wconf 91' lang='lat' dir='ltr'><strong>ullo</strong></span> <span class='ocrx_word' id='word_1_126' title='bbox 1443 748 1535 806; x_wconf 88' lang='lat' dir='ltr'><strong>labore</strong></span> <span class='ocrx_word' id='word_1_127' title='bbox 1545 767 1578 808; x_wconf 90' lang='lat' dir='ltr'><strong>ac</strong></span> <span class='ocrx_word' id='word_1_128' title='bbox 1590 751 1750 813; x_wconf 84' lang='lat' dir='ltr'><strong>diflicultate</strong></span> 
     </span>
     <span class='ocr_line' id='line_1_22' title="bbox 949 833 1747 918; baseline 0.024 -30"><span class='ocrx_word' id='word_1_129' title='bbox 949 833 1047 890; x_wconf 84' lang='lat' dir='ltr'><strong>valeas.</strong></span> <span class='ocrx_word' id='word_1_130' title='bbox 1070 835 1237 907; x_wconf 88' lang='lat' dir='ltr'><strong>Principium</strong></span> <span class='ocrx_word' id='word_1_131' title='bbox 1264 846 1364 894; x_wconf 78' lang='lat' dir='ltr'><strong>nostrae</strong></span> <span class='ocrx_word' id='word_1_132' title='bbox 1376 839 1470 896; x_wconf 89' lang='lat' dir='ltr'><strong>salutis</strong></span> <span class='ocrx_word' id='word_1_133' title='bbox 1494 843 1685 918; x_wconf 70' lang='lat' dir='ltr'><strong>sapientiaeque</strong></span> <span class='ocrx_word' id='word_1_134' title='bbox 1703 864 1747 906; x_wconf 88' lang='lat' dir='ltr'><strong>se-</strong></span> 
     </span>
     <span class='ocr_line' id='line_1_23' title="bbox 948 925 1747 1007; baseline 0.021 -26"><span class='ocrx_word' id='word_1_135' title='bbox 948 925 1067 983; x_wconf 89' lang='lat' dir='ltr'><strong>cuudum</strong></span> <span class='ocrx_word' id='word_1_136' title='bbox 1078 928 1229 1001; x_wconf 88' lang='lat' dir='ltr'><strong>Scripturas</strong></span> <span class='ocrx_word' id='word_1_137' title='bbox 1238 929 1322 986; x_wconf 90' lang='lat' dir='ltr'><strong>timor</strong></span> <span class='ocrx_word' id='word_1_138' title='bbox 1333 931 1442 988; x_wconf 89' lang='lat' dir='ltr'><strong>Domini</strong></span> <span class='ocrx_word' id='word_1_139' title='bbox 1451 938 1636 1001; x_wconf 84' lang='lat' dir='ltr'><strong>est(Prooerb.</strong></span> <span class='ocrx_word' id='word_1_140' title='bbox 1649 945 1689 1007; x_wconf 89' lang='lat'><strong>1).</strong></span> <span class='ocrx_word' id='word_1_141' title='bbox 1705 944 1747 998; x_wconf 88' lang='lat' dir='ltr'><strong>De</strong></span> 
     </span>
     <span class='ocr_line' id='line_1_24' title="bbox 947 1018 1748 1096; baseline 0.019 -21"><span class='ocrx_word' id='word_1_142' title='bbox 947 1018 1046 1076; x_wconf 89' lang='lat' dir='ltr'><strong>timore</strong></span> <span class='ocrx_word' id='word_1_143' title='bbox 1071 1022 1181 1077; x_wconf 86' lang='lat' dir='ltr'><strong>Domini</strong></span> <span class='ocrx_word' id='word_1_144' title='bbox 1205 1023 1325 1079; x_wconf 91' lang='lat' dir='ltr'><strong>nascitur</strong></span> <span class='ocrx_word' id='word_1_145' title='bbox 1348 1028 1523 1096; x_wconf 85' lang='lat' dir='ltr'><strong>compunctio</strong></span> <span class='ocrx_word' id='word_1_146' title='bbox 1542 1028 1678 1088; x_wconf 88' lang='lat' dir='ltr'><strong>salutaris.</strong></span> <span class='ocrx_word' id='word_1_147' title='bbox 1705 1037 1748 1091; x_wconf 89' lang='lat' dir='ltr'><strong>De</strong></span> 
     </span>
     <span class='ocr_line' id='line_1_25' title="bbox 947 1101 1746 1194; baseline 0.021 -27"><span class='ocrx_word' id='word_1_148' title='bbox 947 1113 1164 1184; x_wconf 89' lang='lat' dir='ltr'><strong>compunctione</strong></span> <span class='ocrx_word' id='word_1_149' title='bbox 1178 1115 1269 1171; x_wconf 87' lang='lat' dir='ltr'><strong>cordis</strong></span> <span class='ocrx_word' id='word_1_150' title='bbox 1282 1116 1405 1187; x_wconf 85' lang='lat' dir='ltr'><strong>procedit</strong></span> <span class='ocrx_word' id='word_1_151' title='bbox 1421 1101 1632 1192; x_wconf 79' lang='lat' dir='ltr'><strong>abrenuntiatio,</strong></span> <span class='ocrx_word' id='word_1_152' title='bbox 1646 1126 1673 1182; x_wconf 92' lang='lat' dir='ltr'><strong>id</strong></span> <span class='ocrx_word' id='word_1_153' title='bbox 1688 1137 1746 1194; x_wconf 89' lang='lat' dir='ltr'><strong>est,</strong></span> 
     </span>
     <span class='ocr_line' id='line_1_26' title="bbox 946 1205 1748 1281; baseline 0.021 -20"><span class='ocrx_word' id='word_1_154' title='bbox 946 1205 1055 1263; x_wconf 85' lang='lat' dir='ltr'><strong>nuditas</strong></span> <span class='ocrx_word' id='word_1_155' title='bbox 1065 1215 1093 1263; x_wconf 90' lang='lat' dir='ltr'><strong>et</strong></span> <span class='ocrx_word' id='word_1_156' title='bbox 1106 1216 1282 1281; x_wconf 85' lang='lat' dir='ltr'><strong>contemptus</strong></span> <span class='ocrx_word' id='word_1_157' title='bbox 1293 1211 1417 1267; x_wconf 91' lang='lat' dir='ltr'><strong>omnium</strong></span> <span class='ocrx_word' id='word_1_158' title='bbox 1430 1209 1601 1272; x_wconf 83' lang='lat' dir='ltr'><strong>facultatum.</strong></span> <span class='ocrx_word' id='word_1_159' title='bbox 1613 1222 1654 1275; x_wconf 85' lang='lat' dir='ltr'><strong>De</strong></span> <span class='ocrx_word' id='word_1_160' title='bbox 1667 1220 1748 1277; x_wconf 88' lang='lat' dir='ltr'><strong>nudi·</strong></span> 
     </span>
     <span class='ocr_line' id='line_1_27' title="bbox 947 1299 1747 1373; baseline 0.02 -19"><span class='ocrx_word' id='word_1_161' title='bbox 947 1306 1003 1356; x_wconf 88' lang='lat' dir='ltr'><strong>tate</strong></span> <span class='ocrx_word' id='word_1_162' title='bbox 1016 1299 1154 1358; x_wconf 77' lang='lat' dir='ltr'><strong>humilitas</strong></span> <span class='ocrx_word' id='word_1_163' title='bbox 1165 1310 1331 1373; x_wconf 88' lang='lat' dir='ltr'><strong>procreatur.</strong></span> <span class='ocrx_word' id='word_1_164' title='bbox 1348 1306 1390 1360; x_wconf 88' lang='lat' dir='ltr'><strong>De</strong></span> <span class='ocrx_word' id='word_1_165' title='bbox 1406 1304 1556 1364; x_wconf 86' lang='lat' dir='ltr'><strong>bumilitate</strong></span> <span class='ocrx_word' id='word_1_166' title='bbox 1574 1311 1747 1371; x_wconf 79' lang='lat' dir='ltr'><strong>mortificatio</strong></span> 
     </span>
     <span class='ocr_line' id='line_1_28' title="bbox 946 1392 1747 1468; baseline 0.021 -21"><span class='ocrx_word' id='word_1_167' title='bbox 946 1392 1117 1451; x_wconf 80' lang='lat' dir='ltr'><strong>voluntatum</strong></span> <span class='ocrx_word' id='word_1_168' title='bbox 1152 1404 1306 1468; x_wconf 80' lang='lat' dir='ltr'><strong>generatur.</strong></span> <span class='ocrx_word' id='word_1_169' title='bbox 1332 1397 1541 1457; x_wconf 85' lang='lat' dir='ltr'><strong>blortibcatione</strong></span> <span class='ocrx_word' id='word_1_170' title='bbox 1577 1403 1747 1463; x_wconf 83' lang='lat' dir='ltr'><strong>voluntatum</strong></span> 
     </span>
     <span class='ocr_line' id='line_1_29' title="bbox 946 1487 1748 1571; baseline 0.017 -29"><span class='ocrx_word' id='word_1_171' title='bbox 946 1487 1130 1558; x_wconf 79' lang='lat' dir='ltr'><strong>exstirpantur</strong></span> <span class='ocrx_word' id='word_1_172' title='bbox 1143 1496 1224 1561; x_wconf 88' lang='lat' dir='ltr'><strong>atque</strong></span> <span class='ocrx_word' id='word_1_173' title='bbox 1236 1499 1406 1547; x_wconf 88' lang='lat' dir='ltr'><strong>marcescunt</strong></span> <span class='ocrx_word' id='word_1_174' title='bbox 1417 1493 1541 1550; x_wconf 86' lang='lat' dir='ltr'><strong>universa</strong></span> <span class='ocrx_word' id='word_1_175' title='bbox 1554 1495 1626 1552; x_wconf 81' lang='lat' dir='ltr'><strong>vitia.</strong></span> <span class='ocrx_word' id='word_1_176' title='bbox 1645 1500 1748 1571; x_wconf 81' lang='lat' dir='ltr'><strong>Expul-</strong></span> 
     </span>
     <span class='ocr_line' id='line_1_30' title="bbox 946 1576 1747 1657; baseline 0.017 -25"><span class='ocrx_word' id='word_1_177' title='bbox 946 1576 1021 1634; x_wconf 89' lang='lat' dir='ltr'><strong>sione</strong></span> <span class='ocrx_word' id='word_1_178' title='bbox 1044 1579 1189 1648; x_wconf 84' lang='lat' dir='ltr'><strong>vitiorum,</strong></span> <span class='ocrx_word' id='word_1_179' title='bbox 1216 1581 1329 1638; x_wconf 84' lang='lat' dir='ltr'><strong>virtutes</strong></span> <span class='ocrx_word' id='word_1_180' title='bbox 1355 1582 1517 1641; x_wconf 78' lang='lat' dir='ltr'><strong>tructiflmnt</strong></span> <span class='ocrx_word' id='word_1_181' title='bbox 1537 1594 1619 1657; x_wconf 87' lang='lat' dir='ltr'><strong>atque</strong></span> <span class='ocrx_word' id='word_1_182' title='bbox 1638 1604 1747 1646; x_wconf 84' lang='lat' dir='ltr'><strong>succro·</strong></span> 
     </span>
     <span class='ocr_line' id='line_1_31' title="bbox 945 1672 1746 1755; baseline 0.016 -30"><span class='ocrx_word' id='word_1_183' title='bbox 945 1678 1035 1726; x_wconf 90' lang='lat' dir='ltr'><strong>scunt.</strong></span> <span class='ocrx_word' id='word_1_184' title='bbox 1049 1672 1229 1730; x_wconf 90' lang='lat' dir='ltr'><strong>Pullulatione</strong></span> <span class='ocrx_word' id='word_1_185' title='bbox 1242 1675 1373 1731; x_wconf 82' lang='lat' dir='ltr'><strong>virtutum</strong></span> <span class='ocrx_word' id='word_1_186' title='bbox 1392 1676 1493 1748; x_wconf 89' lang='lat' dir='ltr'><strong>puritas</strong></span> <span class='ocrx_word' id='word_1_187' title='bbox 1516 1680 1606 1736; x_wconf 86' lang='lat' dir='ltr'><strong>cordis</strong></span> <span class='ocrx_word' id='word_1_188' title='bbox 1629 1682 1746 1755; x_wconf 87' lang='lat' dir='ltr'><strong>acquiri-</strong></span> 
     </span>
    </p>
   </div>
   <div class='ocr_carea' id='block_1_14' title="bbox 91 1757 1748 1923">
    <p class='ocr_par' dir='ltr' id='par_1_14' title="bbox 91 1757 1748 1923">
     <span class='ocr_line' id='line_1_32' title="bbox 128 1757 1748 1845; baseline 0.009 -28"><span class='ocrx_word' id='word_1_189' title='bbox 128 1764 164 1818; x_wconf 81' lang='lat' dir='ltr'><strong>Et</strong></span> <span class='ocrx_word' id='word_1_190' title='bbox 176 1768 207 1816; x_wconf 91' lang='lat' dir='ltr'><strong>ut</strong></span> <span class='ocrx_word' id='word_1_191' title='bbox 219 1758 277 1816; x_wconf 72' lang='lat' dir='ltr'><strong>linc</strong></span> <span class='ocrx_word' id='word_1_192' title='bbox 292 1758 383 1815; x_wconf 91' lang='lat' dir='ltr'><strong>omnia</strong></span> <span class='ocrx_word' id='word_1_193' title='bbox 396 1773 457 1831; x_wconf 81' lang='lat' dir='ltr'><strong>quae</strong></span> <span class='ocrx_word' id='word_1_194' title='bbox 474 1757 563 1814; x_wconf 90' lang='lat' dir='ltr'><strong>latiori</strong></span> <span class='ocrx_word' id='word_1_195' title='bbox 572 1774 700 1814; x_wconf 89' lang='lat' dir='ltr'><strong>sermone</strong></span> <span class='ocrx_word' id='word_1_196' title='bbox 712 1757 813 1832; x_wconf 88' lang='lat' dir='ltr'><strong>digesta</strong></span> <span class='ocrx_word' id='word_1_197' title='bbox 828 1768 892 1816; x_wconf 91' lang='lat' dir='ltr'><strong>sunt</strong></span> <span class='ocrx_word' id='word_1_198' title='bbox 909 1774 1001 1842; x_wconf 73' lang='lat' dir='ltr'><strong>Btur.</strong></span> <span class='ocrx_word' id='word_1_199' title='bbox 1019 1765 1139 1821; x_wconf 86' lang='lat' dir='ltr'><strong>Puritate</strong></span> <span class='ocrx_word' id='word_1_200' title='bbox 1164 1765 1254 1823; x_wconf 88' lang='lat' dir='ltr'><strong>cordis</strong></span> <span class='ocrx_word' id='word_1_201' title='bbox 1280 1766 1444 1838; x_wconf 78' lang='lat' dir='ltr'><strong>Apostolicae</strong></span> <span class='ocrx_word' id='word_1_202' title='bbox 1465 1769 1604 1828; x_wconf 87' lang='lat' dir='ltr'><strong>charitatis</strong></span> <span class='ocrx_word' id='word_1_203' title='bbox 1619 1772 1748 1845; x_wconf 74' lang='lat' dir='ltr'><strong>perfectio</strong></span> 
     </span>
     <span class='ocr_line' id='line_1_33' title="bbox 91 1850 1113 1923; baseline 0 -13"><span class='ocrx_word' id='word_1_204' title='bbox 91 1853 168 1910; x_wconf 86' lang='lat' dir='ltr'><strong>cordi</strong></span> <span class='ocrx_word' id='word_1_205' title='bbox 191 1861 240 1909; x_wconf 87' lang='lat' dir='ltr'><strong>tuo</strong></span> <span class='ocrx_word' id='word_1_206' title='bbox 265 1850 370 1908; x_wconf 84' lang='lat' dir='ltr'><strong>lucilius</strong></span> <span class='ocrx_word' id='word_1_207' title='bbox 391 1850 569 1917; x_wconf 87' lang='lat' dir='ltr'><strong>inculcentur,</strong></span> <span class='ocrx_word' id='word_1_208' title='bbox 593 1866 625 1908; x_wconf 87' lang='lat' dir='ltr'><strong>ac</strong></span> <span class='ocrx_word' id='word_1_209' title='bbox 647 1851 817 1909; x_wconf 87' lang='lat' dir='ltr'><strong>tenacissime</strong></span> <span class='ocrx_word' id='word_1_210' title='bbox 839 1853 893 1910; x_wconf 89' lang='lat' dir='ltr'><strong>tuis</strong></span> <span class='ocrx_word' id='word_1_211' title='bbox 947 1853 1113 1923; x_wconf 86' lang='lat' dir='ltr'><strong>possidetur.</strong></span> 
     </span>
    </p>
   </div>
   <div class='ocr_carea' id='block_1_15' title="bbox 642 1978 1198 2038">
    <p class='ocr_par' dir='ltr' id='par_1_15' title="bbox 642 1978 1198 2038">
     <span class='ocr_line' id='line_1_34' title="bbox 642 1978 1198 2038; baseline 0.011 -7"><span class='ocrx_word' id='word_1_212' title='bbox 642 1978 770 2034; x_wconf 74' lang='lat' dir='ltr'><strong>astaol</strong></span> <span class='ocrx_word' id='word_1_213' title='bbox 788 1978 901 2033; x_wconf 79' lang='lat' dir='ltr'><strong>GAZAEl</strong></span> <span class='ocrx_word' id='word_1_214' title='bbox 919 1978 1198 2038; x_wconf 75' lang='lat' dir='ltr'><strong>COMMENTARIUS.</strong></span> 
     </span>
    </p>
   </div>
   <div class='ocr_carea' id='block_1_16' title="bbox 27 2081 1820 3356">
    <p class='ocr_par' dir='ltr' id='par_1_16' title="bbox 27 2081 1820 3356">
     <span class='ocr_line' id='line_1_35' title="bbox 127 2081 1747 2161; baseline 0.007 -19"><span class='ocrx_word' id='word_1_215' title='bbox 127 2089 141 2118; x_wconf 83' lang='lat'><em>²</em></span> <span class='ocrx_word' id='word_1_216' title='bbox 157 2084 336 2151; x_wconf 75' lang='lat' dir='ltr'><strong>breviarium,</strong></span> <span class='ocrx_word' id='word_1_217' title='bbox 357 2081 438 2140; x_wconf 89' lang='lat' dir='ltr'><strong>etiam</strong></span> <span class='ocrx_word' id='word_1_218' title='bbox 452 2082 564 2139; x_wconf 85' lang='lat' dir='ltr'><strong>vetustis</strong></span> <span class='ocrx_word' id='word_1_219' title='bbox 577 2091 605 2139; x_wconf 89' lang='lat' dir='ltr'><strong>et</strong></span> <span class='ocrx_word' id='word_1_220' title='bbox 622 2084 724 2140; x_wconf 81' lang='lat' dir='ltr'><strong>latinis</strong></span> <span class='ocrx_word' id='word_1_221' title='bbox 735 2084 890 2140; x_wconf 90' lang='lat' dir='ltr'><strong>auctoribus</strong></span> <span class='ocrx_word' id='word_1_222' title='bbox 942 2086 1031 2158; x_wconf 91' lang='lat' dir='ltr'><strong>primo</strong></span> <span class='ocrx_word' id='word_1_223' title='bbox 1052 2086 1113 2158; x_wconf 90' lang='lat' dir='ltr'><strong>quia</strong></span> <span class='ocrx_word' id='word_1_224' title='bbox 1128 2085 1250 2141; x_wconf 87' lang='lat' dir='ltr'><strong>continet</strong></span> <span class='ocrx_word' id='word_1_225' title='bbox 1263 2100 1358 2143; x_wconf 87' lang='lat' dir='ltr'><strong>omnes</strong></span> <span class='ocrx_word' id='word_1_226' title='bbox 1380 2088 1499 2158; x_wconf 89' lang='lat' dir='ltr'><strong>psalmos</strong></span> <span class='ocrx_word' id='word_1_227' title='bbox 1513 2091 1610 2161; x_wconf 85' lang='lat' dir='ltr'><strong>quibus</strong></span> <span class='ocrx_word' id='word_1_228' title='bbox 1630 2093 1747 2153; x_wconf 88' lang='lat' dir='ltr'><strong>brevitor</strong></span> 
     </span>
     <span class='ocr_line' id='line_1_36' title="bbox 88 2154 1745 2234; baseline 0.005 -20"><span class='ocrx_word' id='word_1_229' title='bbox 88 2158 234 2224; x_wconf 79' lang='lat' dir='ltr'><strong>usitmum,</strong></span> <span class='ocrx_word' id='word_1_230' title='bbox 246 2155 333 2216; x_wconf 85' lang='lat' dir='ltr'><strong>idest,</strong></span> <span class='ocrx_word' id='word_1_231' title='bbox 345 2154 548 2225; x_wconf 88' lang='lat' dir='ltr'><strong>compendium,</strong></span> <span class='ocrx_word' id='word_1_232' title='bbox 558 2155 755 2221; x_wconf 77' lang='lat' dir='ltr'><strong>summarium3</strong></span> <span class='ocrx_word' id='word_1_233' title='bbox 770 2155 809 2210; x_wconf 83' lang='lat' dir='ltr'><strong>rel</strong></span> <span class='ocrx_word' id='word_1_234' title='bbox 821 2169 891 2226; x_wconf 91' lang='lat' dir='ltr'><strong>opus</strong></span> <span class='ocrx_word' id='word_1_235' title='bbox 943 2157 1035 2212; x_wconf 86' lang='lat' dir='ltr'><strong>omnia</strong></span> <span class='ocrx_word' id='word_1_236' title='bbox 1060 2158 1159 2213; x_wconf 83' lang='lat' dir='ltr'><strong>divinae</strong></span> <span class='ocrx_word' id='word_1_237' title='bbox 1181 2157 1326 2228; x_wconf 77' lang='lat' dir='ltr'><strong>Scripturas</strong></span> <span class='ocrx_word' id='word_1_238' title='bbox 1346 2161 1473 2229; x_wconf 65' lang='lat' dir='ltr'><strong>mysteria</strong></span> <span class='ocrx_word' id='word_1_239' title='bbox 1509 2163 1679 2234; x_wconf 80' lang='lat' dir='ltr'><strong>raecipuaquo</strong></span> <span class='ocrx_word' id='word_1_240' title='bbox 1697 2169 1745 2222; x_wconf 87' lang='lat' dir='ltr'><strong>Dei</strong></span> 
     </span>
     <span class='ocr_line' id='line_1_37' title="bbox 89 2177 1744 2308; baseline 0.003 -23"><span class='ocrx_word' id='word_1_241' title='bbox 89 2229 232 2285; x_wconf 83' lang='lat' dir='ltr'><strong>concisum</strong></span> <span class='ocrx_word' id='word_1_242' title='bbox 249 2233 276 2282; x_wconf 87' lang='lat' dir='ltr'><strong>et</strong></span> <span class='ocrx_word' id='word_1_243' title='bbox 295 2225 500 2306; x_wconf 76' lang='lat' dir='ltr'><strong>abbreviatum,</strong></span> <span class='ocrx_word' id='word_1_244' title='bbox 514 2225 608 2281; x_wconf 83' lang='lat' dir='ltr'><strong>Graece</strong></span> <span class='ocrx_word' id='word_1_245' title='bbox 629 2223 748 2296; x_wconf 69' lang='lat' dir='ltr'><strong>latroni,</strong></span> <span class='ocrx_word' id='word_1_246' title='bbox 771 2225 810 2280; x_wconf 84' lang='lat' dir='ltr'><strong>rel</strong></span> <span class='ocrx_word' id='word_1_247' title='bbox 827 2225 909 2301; x_wconf 72' lang='lat' dir='ltr'><strong>ivat—¹</strong></span> <span class='ocrx_word' id='word_1_248' title='bbox 942 2242 1026 2297; x_wconf 89' lang='lat' dir='ltr'><strong>opera</strong></span> <span class='ocrx_word' id='word_1_249' title='bbox 1047 2236 1074 2282; x_wconf 89' lang='lat' dir='ltr'><strong>et</strong></span> <span class='ocrx_word' id='word_1_250' title='bbox 1092 2226 1222 2282; x_wconf 83' lang='lat' dir='ltr'><strong>beneficia</strong></span> <span class='ocrx_word' id='word_1_251' title='bbox 1236 2242 1284 2308; x_wconf 84' lang='lat' dir='ltr'><strong>per</strong></span> <span class='ocrx_word' id='word_1_252' title='bbox 1308 2228 1421 2284; x_wconf 87' lang='lat' dir='ltr'><strong>modum</strong></span> <span class='ocrx_word' id='word_1_253' title='bbox 1442 2177 1527 2286; x_wconf 62' lang='lat' dir='ltr'><strong>laudis</strong></span> <span class='ocrx_word' id='word_1_254' title='bbox 1545 2236 1744 2302; x_wconf 81' lang='lat' dir='ltr'><strong>exprimuntur,</strong></span> 
     </span>
     <span class='ocr_line' id='line_1_38' title="bbox 90 2296 1744 2374; baseline 0.007 -24"><span class='ocrx_word' id='word_1_255' title='bbox 90 2297 266 2369; x_wconf 72' lang='grc' dir='ltr'><strong>ιιφολαίωσις.</strong></span> <span class='ocrx_word' id='word_1_256' title='bbox 286 2297 430 2352; x_wconf 86' lang='lat' dir='ltr'><strong>Suetonius</strong></span> <span class='ocrx_word' id='word_1_257' title='bbox 443 2310 470 2349; x_wconf 88' lang='grc' dir='ltr'><strong>ιιι</strong></span> <span class='ocrx_word' id='word_1_258' title='bbox 487 2300 633 2366; x_wconf 84' lang='lat' dir='ltr'><strong>Augusto:</strong></span> <span class='ocrx_word' id='word_1_259' title='bbox 655 2298 726 2351; x_wconf 73' lang='lat' dir='ltr'><strong>Fecit</strong></span> <span class='ocrx_word' id='word_1_260' title='bbox 745 2300 771 2351; x_wconf 89' lang='lat' dir='ltr'><strong>ct</strong></span> <span class='ocrx_word' id='word_1_261' title='bbox 785 2297 890 2351; x_wconf 82' lang='lat' dir='ltr'><strong>breuia·</strong></span> <span class='ocrx_word' id='word_1_262' title='bbox 943 2306 973 2352; x_wconf 93' lang='lat' dir='ltr'><strong>ut</strong></span> <span class='ocrx_word' id='word_1_263' title='bbox 998 2297 1036 2353; x_wconf 89' lang='lat' dir='ltr'><strong>ait</strong></span> <span class='ocrx_word' id='word_1_264' title='bbox 1059 2298 1208 2370; x_wconf 80' lang='lat' dir='ltr'><strong>Dionysius</strong></span> <span class='ocrx_word' id='word_1_265' title='bbox 1228 2296 1273 2351; x_wconf 88' lang='lat' dir='ltr'><strong>lrb.</strong></span> <span class='ocrx_word' id='word_1_266' title='bbox 1295 2297 1329 2353; x_wconf 88' lang='lat' dir='ltr'><strong>de</strong></span> <span class='ocrx_word' id='word_1_267' title='bbox 1354 2299 1454 2355; x_wconf 80' lang='lat' dir='ltr'><strong>Fccles.</strong></span> <span class='ocrx_word' id='word_1_268' title='bbox 1481 2301 1587 2356; x_wconf 88' lang='lat' dir='ltr'><strong>llierar.</strong></span> <span class='ocrx_word' id='word_1_269' title='bbox 1610 2305 1696 2374; x_wconf 87' lang='lat' dir='ltr'><strong>capite</strong></span> <span class='ocrx_word' id='word_1_270' title='bbox 1711 2313 1744 2372; x_wconf 68' lang='grc' dir='ltr'><strong>ὃς</strong></span> 
     </span>
     <span class='ocr_line' id='line_1_39' title="bbox 90 2366 1744 2439; baseline 0.003 -14"><span class='ocrx_word' id='word_1_271' title='bbox 90 2371 254 2425; x_wconf 64' lang='lat' dir='ltr'><strong>masau</strong></span> <span class='ocrx_word' id='word_1_272' title='bbox 263 2366 891 2438; x_wconf 68' lang='lat' dir='ltr'><strong>anperiipucntummilitumsubsignisubipue</strong></span> <span class='ocrx_word' id='word_1_273' title='bbox 942 2366 1039 2423; x_wconf 88' lang='lat' dir='ltr'><strong>deinde</strong></span> <span class='ocrx_word' id='word_1_274' title='bbox 1067 2367 1240 2423; x_wconf 80' lang='lat' dir='ltr'><strong>scientissima</strong></span> <span class='ocrx_word' id='word_1_275' title='bbox 1266 2382 1383 2439; x_wconf 82' lang='lat' dir='ltr'><strong>quaeqne</strong></span> <span class='ocrx_word' id='word_1_276' title='bbox 1404 2371 1488 2425; x_wconf 87' lang='lat' dir='ltr'><strong>totius</strong></span> <span class='ocrx_word' id='word_1_277' title='bbox 1514 2373 1612 2427; x_wconf 82' lang='lat' dir='ltr'><strong>veteris</strong></span> <span class='ocrx_word' id='word_1_278' title='bbox 1634 2383 1661 2429; x_wconf 89' lang='lat' dir='ltr'><strong>et</strong></span> <span class='ocrx_word' id='word_1_279' title='bbox 1681 2378 1744 2431; x_wconf 84' lang='lat' dir='ltr'><strong>nori</strong></span> 
     </span>
     <span class='ocr_line' id='line_1_40' title="bbox 91 2438 1744 2515; baseline 0.008 -27"><span class='ocrx_word' id='word_1_280' title='bbox 91 2445 169 2503; x_wconf 66' lang='lat' dir='ltr'><strong>mee,</strong></span> <span class='ocrx_word' id='word_1_281' title='bbox 183 2443 316 2510; x_wconf 76' lang='lat' dir='ltr'><strong>qaanntm</strong></span> <span class='ocrx_word' id='word_1_282' title='bbox 325 2438 445 2507; x_wconf 77' lang='lat' dir='ltr'><strong>pensate</strong></span> <span class='ocrx_word' id='word_1_283' title='bbox 457 2439 486 2490; x_wconf 85' lang='lat' dir='ltr'><strong>ia</strong></span> <span class='ocrx_word' id='word_1_284' title='bbox 495 2439 594 2490; x_wconf 74' lang='lat' dir='ltr'><strong>crarta</strong></span> <span class='ocrx_word' id='word_1_285' title='bbox 606 2443 631 2490; x_wconf 88' lang='lat' dir='ltr'><strong>ct</strong></span> <span class='ocrx_word' id='word_1_286' title='bbox 643 2439 722 2505; x_wconf 68' lang='lat' dir='ltr'><strong>fiscis,</strong></span> <span class='ocrx_word' id='word_1_287' title='bbox 738 2442 763 2491; x_wconf 90' lang='lat' dir='ltr'><strong>ct</strong></span> <span class='ocrx_word' id='word_1_288' title='bbox 773 2440 888 2505; x_wconf 72' lang='lat' dir='ltr'><strong>omnpo-</strong></span> <span class='ocrx_word' id='word_1_289' title='bbox 942 2438 1109 2494; x_wconf 88' lang='lat' dir='ltr'><strong>Testamenti</strong></span> <span class='ocrx_word' id='word_1_290' title='bbox 1119 2457 1128 2505; x_wconf 80' lang='lat'>3</span> <span class='ocrx_word' id='word_1_291' title='bbox 1140 2438 1221 2493; x_wconf 90' lang='lat' dir='ltr'><strong>tertio</strong></span> <span class='ocrx_word' id='word_1_292' title='bbox 1231 2439 1328 2493; x_wconf 90' lang='lat' dir='ltr'><strong>selecta</strong></span> <span class='ocrx_word' id='word_1_293' title='bbox 1340 2440 1450 2495; x_wconf 82' lang='lat' dir='ltr'><strong>Petrum</strong></span> <span class='ocrx_word' id='word_1_294' title='bbox 1460 2443 1622 2499; x_wconf 86' lang='lat' dir='ltr'><strong>documenta</strong></span> <span class='ocrx_word' id='word_1_295' title='bbox 1630 2464 1637 2510; x_wconf 91' lang='lat'>;</span> <span class='ocrx_word' id='word_1_296' title='bbox 1646 2455 1744 2515; x_wconf 83' lang='lat' dir='ltr'><strong>quarto</strong></span> 
     </span>
     <span class='ocr_line' id='line_1_41' title="bbox 90 2505 1746 2584; baseline 0.004 -18"><span class='ocrx_word' id='word_1_297' title='bbox 90 2512 190 2566; x_wconf 69' lang='grc' dir='ltr'><strong>Κοπιιιι</strong></span> <span class='ocrx_word' id='word_1_298' title='bbox 203 2505 461 2564; x_wconf 77' lang='lat' dir='ltr'><strong>mtduts.ldomin</strong></span> <span class='ocrx_word' id='word_1_299' title='bbox 475 2507 593 2577; x_wconf 87' lang='lat' dir='ltr'><strong>Caligula</strong></span> <span class='ocrx_word' id='word_1_300' title='bbox 608 2526 615 2561; x_wconf 78' lang='grc' dir='ltr'><strong>ι</strong></span> <span class='ocrx_word' id='word_1_301' title='bbox 629 2510 815 2578; x_wconf 72' lang='grc' dir='ltr'><strong>Βιοροιιοοιοιί</strong></span> <span class='ocrx_word' id='word_1_302' title='bbox 828 2509 889 2562; x_wconf 83' lang='lat' dir='ltr'><strong>bre·</strong></span> <span class='ocrx_word' id='word_1_303' title='bbox 942 2510 1077 2580; x_wconf 76' lang='lat' dir='ltr'><strong>praecipua</strong></span> <span class='ocrx_word' id='word_1_304' title='bbox 1094 2523 1209 2581; x_wconf 81' lang='lat' dir='ltr'><strong>quaeque</strong></span> <span class='ocrx_word' id='word_1_305' title='bbox 1256 2517 1311 2564; x_wconf 90' lang='lat' dir='ltr'><strong>esta</strong></span> <span class='ocrx_word' id='word_1_306' title='bbox 1330 2518 1505 2567; x_wconf 88' lang='lat' dir='ltr'><strong>sanctorum:</strong></span> <span class='ocrx_word' id='word_1_307' title='bbox 1536 2514 1631 2584; x_wconf 87' lang='lat' dir='ltr'><strong>quinto</strong></span> <span class='ocrx_word' id='word_1_308' title='bbox 1650 2515 1746 2573; x_wconf 84' lang='lat' dir='ltr'><strong>breves</strong></span> 
     </span>
     <span class='ocr_line' id='line_1_42' title="bbox 90 2576 1745 2653; baseline 0.005 -18"><span class='ocrx_word' id='word_1_309' title='bbox 90 2583 208 2636; x_wconf 72' lang='lat' dir='ltr'><strong>omrimn</strong></span> <span class='ocrx_word' id='word_1_310' title='bbox 222 2582 359 2635; x_wconf 63' lang='lat' dir='ltr'><strong>monum</strong></span> <span class='ocrx_word' id='word_1_311' title='bbox 372 2577 510 2645; x_wconf 70' lang='lat' dir='ltr'><strong>offerenti.</strong></span> <span class='ocrx_word' id='word_1_312' title='bbox 528 2577 633 2633; x_wconf 86' lang='lat' dir='ltr'><strong>Eodem</strong></span> <span class='ocrx_word' id='word_1_313' title='bbox 648 2585 696 2633; x_wconf 89' lang='lat' dir='ltr'><strong>aut</strong></span> <span class='ocrx_word' id='word_1_314' title='bbox 707 2576 779 2632; x_wconf 83' lang='lat' dir='ltr'><strong>affini</strong></span> <span class='ocrx_word' id='word_1_315' title='bbox 796 2593 888 2644; x_wconf 89' lang='lat' dir='ltr'><strong>sensu,</strong></span> <span class='ocrx_word' id='word_1_316' title='bbox 943 2579 1111 2650; x_wconf 87' lang='lat' dir='ltr'><strong>precationes</strong></span> <span class='ocrx_word' id='word_1_317' title='bbox 1125 2595 1192 2648; x_wconf 82' lang='lat' dir='ltr'><strong>quas</strong></span> <span class='ocrx_word' id='word_1_318' title='bbox 1212 2580 1341 2635; x_wconf 86' lang='lat' dir='ltr'><strong>coiectas</strong></span> <span class='ocrx_word' id='word_1_319' title='bbox 1363 2591 1477 2649; x_wconf 84' lang='lat' dir='ltr'><strong>vocant,</strong></span> <span class='ocrx_word' id='word_1_320' title='bbox 1493 2598 1554 2653; x_wconf 77' lang='lat' dir='ltr'><strong>quae</strong></span> <span class='ocrx_word' id='word_1_321' title='bbox 1569 2585 1652 2641; x_wconf 79' lang='lat' dir='ltr'><strong>screa</strong></span> <span class='ocrx_word' id='word_1_322' title='bbox 1671 2602 1745 2643; x_wconf 92' lang='lat' dir='ltr'><strong>sum·</strong></span> 
     </span>
     <span class='ocr_line' id='line_1_43' title="bbox 91 2646 1746 2726; baseline 0.005 -20"><span class='ocrx_word' id='word_1_323' title='bbox 91 2660 121 2706; x_wconf 92' lang='lat' dir='ltr'><strong>nt</strong></span> <span class='ocrx_word' id='word_1_324' title='bbox 132 2649 347 2721; x_wconf 82' lang='lat' dir='ltr'><strong>nomenclatura,</strong></span> <span class='ocrx_word' id='word_1_325' title='bbox 363 2647 450 2704; x_wconf 83' lang='lat' dir='ltr'><strong>brevis</strong></span> <span class='ocrx_word' id='word_1_326' title='bbox 463 2655 491 2702; x_wconf 92' lang='lat' dir='ltr'><strong>et</strong></span> <span class='ocrx_word' id='word_1_327' title='bbox 504 2647 584 2703; x_wconf 84' lang='lat' dir='ltr'><strong>breve</strong></span> <span class='ocrx_word' id='word_1_328' title='bbox 598 2646 889 2709; x_wconf 84' lang='lat' dir='ltr'><strong>dicitursubstantire,</strong></span> <span class='ocrx_word' id='word_1_329' title='bbox 943 2650 996 2704; x_wconf 90' lang='lat' dir='ltr'><strong>mis</strong></span> <span class='ocrx_word' id='word_1_330' title='bbox 1008 2648 1182 2719; x_wconf 79' lang='lat' dir='ltr'><strong>pontificibus</strong></span> <span class='ocrx_word' id='word_1_331' title='bbox 1204 2651 1364 2721; x_wconf 80' lang='lat' dir='ltr'><strong>compositae</strong></span> <span class='ocrx_word' id='word_1_332' title='bbox 1388 2649 1518 2715; x_wconf 84' lang='lat' dir='ltr'><strong>iuenrnt;</strong></span> <span class='ocrx_word' id='word_1_333' title='bbox 1534 2664 1612 2710; x_wconf 80' lang='lat' dir='ltr'><strong>serto</strong></span> <span class='ocrx_word' id='word_1_334' title='bbox 1627 2657 1746 2726; x_wconf 72' lang='lat' dir='ltr'><strong>bpmnos</strong></span> 
     </span>
     <span class='ocr_line' id='line_1_44' title="bbox 91 2718 1742 2790; baseline 0.004 -13"><span class='ocrx_word' id='word_1_335' title='bbox 91 2720 234 2777; x_wconf 83' lang='lat' dir='ltr'><strong>masculini</strong></span> <span class='ocrx_word' id='word_1_336' title='bbox 244 2728 272 2775; x_wconf 88' lang='lat' dir='ltr'><strong>et</strong></span> <span class='ocrx_word' id='word_1_337' title='bbox 281 2719 368 2775; x_wconf 87' lang='lat' dir='ltr'><strong>neutri</strong></span> <span class='ocrx_word' id='word_1_338' title='bbox 379 2718 484 2790; x_wconf 90' lang='lat' dir='ltr'><strong>generis</strong></span> <span class='ocrx_word' id='word_1_339' title='bbox 501 2735 508 2772; x_wconf 91' lang='lat'>:</span> <span class='ocrx_word' id='word_1_340' title='bbox 525 2734 580 2789; x_wconf 82' lang='lat' dir='ltr'><strong>quo</strong></span> <span class='ocrx_word' id='word_1_341' title='bbox 598 2718 681 2774; x_wconf 92' lang='lat' dir='ltr'><strong>modo</strong></span> <span class='ocrx_word' id='word_1_342' title='bbox 697 2719 795 2790; x_wconf 84' lang='lat' dir='ltr'><strong>vulgus</strong></span> <span class='ocrx_word' id='word_1_343' title='bbox 808 2723 891 2775; x_wconf 82' lang='lat' dir='ltr'><strong>lireee</strong></span> <span class='ocrx_word' id='word_1_344' title='bbox 942 2721 975 2774; x_wconf 92' lang='lat' dir='ltr'><strong>ali</strong></span> <span class='ocrx_word' id='word_1_345' title='bbox 997 2734 1074 2775; x_wconf 90' lang='lat' dir='ltr'><strong>uosa</strong></span> <span class='ocrx_word' id='word_1_346' title='bbox 1099 2719 1224 2774; x_wconf 83' lang='lat' dir='ltr'><strong>Patribus</strong></span> <span class='ocrx_word' id='word_1_347' title='bbox 1239 2722 1408 2790; x_wconf 88' lang='lat' dir='ltr'><strong>compositos</strong></span> <span class='ocrx_word' id='word_1_348' title='bbox 1427 2725 1574 2787; x_wconf 81' lang='lat' dir='ltr'><strong>(bennoni.</strong></span> <span class='ocrx_word' id='word_1_349' title='bbox 1596 2730 1701 2782; x_wconf 77' lang='lat' dir='ltr'><strong>lessius</strong></span> <span class='ocrx_word' id='word_1_350' title='bbox 1724 2731 1742 2784; x_wconf 89' lang='lat' dir='ltr'><strong>t.</strong></span> 
     </span>
     <span class='ocr_line' id='line_1_45' title="bbox 27 2735 1820 2878; baseline 0.005 -33"><span class='ocrx_word' id='word_1_351' title='bbox 27 2788 34 2795; x_wconf 88' lang='lat'>&#39;</span> <span class='ocrx_word' id='word_1_352' title='bbox 90 2792 267 2862; x_wconf 74' lang='lat' dir='ltr'><strong>apostolicam</strong></span> <span class='ocrx_word' id='word_1_353' title='bbox 279 2798 479 2860; x_wconf 82' lang='lat' dir='ltr'><strong>usurpat:quo</strong></span> <span class='ocrx_word' id='word_1_354' title='bbox 489 2789 580 2846; x_wconf 90' lang='lat' dir='ltr'><strong>itidem</strong></span> <span class='ocrx_word' id='word_1_355' title='bbox 592 2789 623 2842; x_wconf 88' lang='lat' dir='ltr'><strong>D.</strong></span> <span class='ocrx_word' id='word_1_356' title='bbox 638 2787 802 2845; x_wconf 87' lang='lat' dir='ltr'><strong>Benedictus</strong></span> <span class='ocrx_word' id='word_1_357' title='bbox 813 2790 888 2860; x_wconf 77' lang='lat' dir='ltr'><strong>toap.</strong></span> <span class='ocrx_word' id='word_1_358' title='bbox 943 2735 1377 2846; x_wconf 55' lang='lat' dir='ltr'><strong>argonautettureaatduo.</strong></span> <span class='ocrx_word' id='word_1_359' title='bbox 1393 2796 1436 2858; x_wconf 85' lang='lat'><strong>8).</strong></span> <span class='ocrx_word' id='word_1_360' title='bbox 1452 2795 1744 2878; x_wconf 84' lang='lat' dir='ltr'><strong>lteritoitaqueroca·</strong></span> <span class='ocrx_word' id='word_1_361' title='bbox 1809 2829 1820 2845; x_wconf 91' lang='lat'><strong>·</strong></span> 
     </span>
     <span class='ocr_line' id='line_1_46' title="bbox 89 2859 1745 2943; baseline 0.002 -24"><span class='ocrx_word' id='word_1_362' title='bbox 89 2876 182 2919; x_wconf 79' lang='lat' dir='ltr'><strong>xxxta</strong></span> <span class='ocrx_word' id='word_1_363' title='bbox 206 2861 326 2930; x_wconf 64' lang='lat' dir='ltr'><strong>Rmtdoe)</strong></span> <span class='ocrx_word' id='word_1_364' title='bbox 341 2859 467 2915; x_wconf 89' lang='lat' dir='ltr'><strong>abbatem</strong></span> <span class='ocrx_word' id='word_1_365' title='bbox 491 2868 594 2925; x_wconf 88' lang='lat' dir='ltr'><strong>monet,</strong></span> <span class='ocrx_word' id='word_1_366' title='bbox 607 2864 637 2915; x_wconf 88' lang='lat' dir='ltr'><strong>ut</strong></span> <span class='ocrx_word' id='word_1_367' title='bbox 650 2876 741 2914; x_wconf 85' lang='lat' dir='ltr'><strong>rerum</strong></span> <span class='ocrx_word' id='word_1_368' title='bbox 753 2865 779 2915; x_wconf 87' lang='lat' dir='ltr'><strong>et</strong></span> <span class='ocrx_word' id='word_1_369' title='bbox 791 2863 890 2915; x_wconf 85' lang='lat' dir='ltr'><strong>utensi·</strong></span> <span class='ocrx_word' id='word_1_370' title='bbox 943 2868 989 2914; x_wconf 93' lang='lat' dir='ltr'><strong>tur</strong></span> <span class='ocrx_word' id='word_1_371' title='bbox 1003 2860 1184 2927; x_wconf 80' lang='lat' dir='ltr'><strong>breviarium,</strong></span> <span class='ocrx_word' id='word_1_372' title='bbox 1197 2859 1260 2931; x_wconf 84' lang='lat' dir='ltr'><strong>quia</strong></span> <span class='ocrx_word' id='word_1_373' title='bbox 1273 2870 1314 2916; x_wconf 89' lang='lat' dir='ltr'><strong>est</strong></span> <span class='ocrx_word' id='word_1_374' title='bbox 1326 2864 1520 2943; x_wconf 85' lang='lat' dir='ltr'><strong>compendium</strong></span> <span class='ocrx_word' id='word_1_375' title='bbox 1541 2881 1664 2922; x_wconf 83' lang='lat' dir='ltr'><strong>omnium</strong></span> <span class='ocrx_word' id='word_1_376' title='bbox 1677 2884 1745 2938; x_wconf 81' lang='lat' dir='ltr'><strong>pree·</strong></span> 
     </span>
     <span class='ocr_line' id='line_1_47' title="bbox 90 2929 1745 3001; baseline 0.004 -13"><span class='ocrx_word' id='word_1_377' title='bbox 90 2932 327 2988; x_wconf 67' lang='lat' dir='ltr'><strong>immmoaanertt</strong></span> <span class='ocrx_word' id='word_1_378' title='bbox 338 2931 440 2985; x_wconf 66' lang='lat' dir='ltr'><strong>meacm</strong></span> <span class='ocrx_word' id='word_1_379' title='bbox 453 2935 558 2996; x_wconf 73' lang='lat' dir='ltr'><strong>tcacctr</strong></span> <span class='ocrx_word' id='word_1_380' title='bbox 573 2945 655 3001; x_wconf 89' lang='lat' dir='ltr'><strong>quem</strong></span> <span class='ocrx_word' id='word_1_381' title='bbox 669 2934 892 2987; x_wconf 89' lang='lat' dir='ltr'><strong>&#39;l&#39;urrecrsmatus</strong></span> <span class='ocrx_word' id='word_1_382' title='bbox 943 2929 1079 2986; x_wconf 90' lang='lat' dir='ltr'><strong>dictorum</strong></span> <span class='ocrx_word' id='word_1_383' title='bbox 1091 2930 1259 2987; x_wconf 86' lang='lat' dir='ltr'><strong>admirabile.</strong></span> <span class='ocrx_word' id='word_1_384' title='bbox 1275 2932 1337 3000; x_wconf 88' lang='lat' dir='ltr'><strong>Quo</strong></span> <span class='ocrx_word' id='word_1_385' title='bbox 1358 2940 1440 2988; x_wconf 84' lang='lat' dir='ltr'><strong>ettam</strong></span> <span class='ocrx_word' id='word_1_386' title='bbox 1459 2934 1541 2990; x_wconf 91' lang='lat' dir='ltr'><strong>modo</strong></span> <span class='ocrx_word' id='word_1_387' title='bbox 1562 2937 1745 2995; x_wconf 84' lang='lat' dir='ltr'><strong>Tertullianus</strong></span> 
     </span>
     <span class='ocr_line' id='line_1_48' title="bbox 88 3000 1745 3073; baseline 0.002 -13"><span class='ocrx_word' id='word_1_388' title='bbox 88 3005 214 3060; x_wconf 85' lang='lat' dir='ltr'><strong>notulam</strong></span> <span class='ocrx_word' id='word_1_389' title='bbox 236 3009 264 3058; x_wconf 89' lang='lat' dir='ltr'><strong>et</strong></span> <span class='ocrx_word' id='word_1_390' title='bbox 289 3000 475 3056; x_wconf 89' lang='lat' dir='ltr'><strong>memorialem</strong></span> <span class='ocrx_word' id='word_1_391' title='bbox 502 3000 663 3073; x_wconf 91' lang='lat' dir='ltr'><strong>scripturam</strong></span> <span class='ocrx_word' id='word_1_392' title='bbox 686 3000 886 3073; x_wconf 87' lang='lat' dir='ltr'><strong>interpretatur.</strong></span> <span class='ocrx_word' id='word_1_393' title='bbox 941 3002 1013 3067; x_wconf 86' lang='lat' dir='ltr'><strong>(lib.</strong></span> <span class='ocrx_word' id='word_1_394' title='bbox 1034 3003 1067 3057; x_wconf 80' lang='lat' dir='ltr'><strong>de</strong></span> <span class='ocrx_word' id='word_1_395' title='bbox 1088 3003 1163 3057; x_wconf 84' lang='lat' dir='ltr'><strong>Orat.</strong></span> <span class='ocrx_word' id='word_1_396' title='bbox 1180 3016 1238 3071; x_wconf 84' lang='lat' dir='ltr'><strong>cap.</strong></span> <span class='ocrx_word' id='word_1_397' title='bbox 1258 3000 1286 3071; x_wconf 86' lang='grc'><strong>1)</strong></span> <span class='ocrx_word' id='word_1_398' title='bbox 1306 3002 1458 3059; x_wconf 90' lang='lat' dir='ltr'><strong>orationem</strong></span> <span class='ocrx_word' id='word_1_399' title='bbox 1476 3005 1651 3062; x_wconf 86' lang='lat' dir='ltr'><strong>Dominicam</strong></span> <span class='ocrx_word' id='word_1_400' title='bbox 1666 3018 1745 3064; x_wconf 83' lang='lat' dir='ltr'><strong>vocat</strong></span> 
     </span>
     <span class='ocr_line' id='line_1_49' title="bbox 88 3070 1743 3144; baseline 0.002 -13"><span class='ocrx_word' id='word_1_401' title='bbox 88 3072 143 3131; x_wconf 82' lang='lat' dir='ltr'><strong>ssd</strong></span> <span class='ocrx_word' id='word_1_402' title='bbox 155 3073 300 3129; x_wconf 83' lang='lat' dir='ltr'><strong>occasione</strong></span> <span class='ocrx_word' id='word_1_403' title='bbox 318 3070 379 3127; x_wconf 88' lang='lat' dir='ltr'><strong>data</strong></span> <span class='ocrx_word' id='word_1_404' title='bbox 396 3070 503 3129; x_wconf 88' lang='lat' dir='ltr'><strong>dicendi</strong></span> <span class='ocrx_word' id='word_1_405' title='bbox 514 3070 549 3128; x_wconf 89' lang='lat' dir='ltr'><strong>de</strong></span> <span class='ocrx_word' id='word_1_406' title='bbox 571 3072 716 3133; x_wconf 74' lang='lat' dir='ltr'><strong>bestiario,</strong></span> <span class='ocrx_word' id='word_1_407' title='bbox 732 3072 887 3144; x_wconf 87' lang='lat' dir='ltr'><strong>ingratiam</strong></span> <span class='ocrx_word' id='word_1_408' title='bbox 939 3073 1110 3127; x_wconf 67' lang='lat' dir='ltr'><strong>ianuarium</strong></span> <span class='ocrx_word' id='word_1_409' title='bbox 1124 3074 1205 3126; x_wconf 85' lang='lat' dir='ltr'><strong>totius</strong></span> <span class='ocrx_word' id='word_1_410' title='bbox 1219 3073 1369 3140; x_wconf 76' lang='lat' dir='ltr'><strong>Evangelii.</strong></span> <span class='ocrx_word' id='word_1_411' title='bbox 1393 3072 1447 3128; x_wconf 88' lang='lat' dir='ltr'><strong>Sed</strong></span> <span class='ocrx_word' id='word_1_412' title='bbox 1461 3073 1520 3130; x_wconf 86' lang='lat' dir='ltr'><strong>haec</strong></span> <span class='ocrx_word' id='word_1_413' title='bbox 1540 3075 1640 3143; x_wconf 90' lang='lat' dir='ltr'><strong>obiter,</strong></span> <span class='ocrx_word' id='word_1_414' title='bbox 1661 3087 1688 3133; x_wconf 93' lang='lat' dir='ltr'><strong>et</strong></span> <span class='ocrx_word' id='word_1_415' title='bbox 1710 3095 1743 3135; x_wconf 84' lang='lat' dir='ltr'><strong>ex</strong></span> 
     </span>
     <span class='ocr_line' id='line_1_50' title="bbox 85 3140 1741 3232; baseline 0.002 -32"><span class='ocrx_word' id='word_1_416' title='bbox 85 3144 240 3216; x_wconf 89' lang='lat' dir='ltr'><strong>juniorum,</strong></span> <span class='ocrx_word' id='word_1_417' title='bbox 249 3141 355 3215; x_wconf 73' lang='lat' dir='ltr'><strong>iuvabit</strong></span> <span class='ocrx_word' id='word_1_418' title='bbox 368 3140 412 3198; x_wconf 91' lang='lat' dir='ltr'><strong>bic</strong></span> <span class='ocrx_word' id='word_1_419' title='bbox 433 3145 543 3198; x_wconf 81' lang='lat' dir='ltr'><strong>notasse</strong></span> <span class='ocrx_word' id='word_1_420' title='bbox 561 3142 683 3198; x_wconf 85' lang='lat' dir='ltr'><strong>codicem</strong></span> <span class='ocrx_word' id='word_1_421' title='bbox 706 3142 791 3206; x_wconf 92' lang='lat' dir='ltr'><strong>illum,</strong></span> <span class='ocrx_word' id='word_1_422' title='bbox 806 3158 888 3214; x_wconf 84' lang='lat' dir='ltr'><strong>quem</strong></span> <span class='ocrx_word' id='word_1_423' title='bbox 902 3168 925 3232; x_wconf 73' lang='lat' dir='ltr'>C</span> <span class='ocrx_word' id='word_1_424' title='bbox 940 3141 1082 3197; x_wconf 88' lang='lat' dir='ltr'><strong>occasione</strong></span> <span class='ocrx_word' id='word_1_425' title='bbox 1092 3141 1162 3198; x_wconf 83' lang='lat' dir='ltr'><strong>dicta</strong></span> <span class='ocrx_word' id='word_1_426' title='bbox 1185 3141 1219 3198; x_wconf 89' lang='lat' dir='ltr'><strong>de</strong></span> <span class='ocrx_word' id='word_1_427' title='bbox 1233 3142 1379 3209; x_wconf 78' lang='lat' dir='ltr'><strong>breviario,</strong></span> <span class='ocrx_word' id='word_1_428' title='bbox 1394 3158 1449 3214; x_wconf 89' lang='lat' dir='ltr'><strong>quo</strong></span> <span class='ocrx_word' id='word_1_429' title='bbox 1462 3144 1528 3200; x_wconf 89' lang='lat' dir='ltr'><strong>nihil</strong></span> <span class='ocrx_word' id='word_1_430' title='bbox 1551 3146 1686 3204; x_wconf 89' lang='lat' dir='ltr'><strong>habemus</strong></span> <span class='ocrx_word' id='word_1_431' title='bbox 1702 3148 1741 3204; x_wconf 89' lang='lat' dir='ltr'><strong>la·</strong></span> 
     </span>
     <span class='ocr_line' id='line_1_51' title="bbox 88 3211 1081 3286; baseline -0.003 -15"><span class='ocrx_word' id='word_1_432' title='bbox 88 3230 147 3286; x_wconf 71' lang='lat' dir='ltr'><strong>pra</strong></span> <span class='ocrx_word' id='word_1_433' title='bbox 159 3212 285 3269; x_wconf 86' lang='lat' dir='ltr'><strong>manibus</strong></span> <span class='ocrx_word' id='word_1_434' title='bbox 297 3213 442 3279; x_wconf 88' lang='lat' dir='ltr'><strong>babemus,</strong></span> <span class='ocrx_word' id='word_1_435' title='bbox 457 3228 512 3283; x_wconf 88' lang='lat' dir='ltr'><strong>quo</strong></span> <span class='ocrx_word' id='word_1_436' title='bbox 526 3211 649 3269; x_wconf 78' lang='lat' dir='ltr'><strong>ornatum</strong></span> <span class='ocrx_word' id='word_1_437' title='bbox 663 3211 784 3268; x_wconf 82' lang='lat' dir='ltr'><strong>divinum</strong></span> <span class='ocrx_word' id='word_1_438' title='bbox 798 3213 889 3269; x_wconf 90' lang='lat' dir='ltr'><strong>conti-</strong></span> <span class='ocrx_word' id='word_1_439' title='bbox 942 3211 1081 3268; x_wconf 84' lang='lat' dir='ltr'><strong>miliarius.</strong></span> 
     </span>
     <span class='ocr_line' id='line_1_52' title="bbox 87 3282 887 3356; baseline -0.005 -13"><span class='ocrx_word' id='word_1_440' title='bbox 87 3294 184 3351; x_wconf 89' lang='lat' dir='ltr'><strong>netur,</strong></span> <span class='ocrx_word' id='word_1_441' title='bbox 210 3284 375 3340; x_wconf 75' lang='lat' dir='ltr'><strong>breviarium</strong></span> <span class='ocrx_word' id='word_1_442' title='bbox 406 3283 550 3356; x_wconf 85' lang='lat' dir='ltr'><strong>appellari,</strong></span> <span class='ocrx_word' id='word_1_443' title='bbox 582 3282 726 3356; x_wconf 87' lang='lat' dir='ltr'><strong>multiplici</strong></span> <span class='ocrx_word' id='word_1_444' title='bbox 762 3284 887 3339; x_wconf 88' lang='lat' dir='ltr'><strong>ratione:</strong></span> 
     </span>
    </p>
   </div>
   <div class='ocr_carea' id='block_1_17' title="bbox 604 3526 1227 3650">
    <p class='ocr_par' dir='ltr' id='par_1_17' title="bbox 604 3526 1227 3650">
     <span class='ocr_line' id='line_1_53' title="bbox 604 3526 1227 3650; baseline 0.003 -28"><span class='ocrx_word' id='word_1_445' title='bbox 604 3526 840 3623; x_wconf 75' lang='lat' dir='ltr'><strong>branis</strong></span> <span class='ocrx_word' id='word_1_446' title='bbox 878 3526 1227 3650; x_wconf 78' lang='lat' dir='ltr'><strong>QUINTUS,</strong></span> 
     </span>
    </p>
   </div>
   <div class='ocr_carea' id='block_1_18' title="bbox 683 3691 1144 3744">
    <p class='ocr_par' dir='ltr' id='par_1_18' title="bbox 683 3691 1144 3744">
     <span class='ocr_line' id='line_1_54' title="bbox 683 3691 1144 3744; baseline -0.002 -1"><span class='ocrx_word' id='word_1_447' title='bbox 683 3692 723 3743; x_wconf 76' lang='lat' dir='ltr'><strong>bb</strong></span> <span class='ocrx_word' id='word_1_448' title='bbox 742 3691 868 3744; x_wconf 73' lang='lat' dir='ltr'><strong>sermio</strong></span> <span class='ocrx_word' id='word_1_449' title='bbox 886 3691 1144 3744; x_wconf 69' lang='lat' dir='ltr'><strong>Gtswlbaacba&#39;.</strong></span> 
     </span>
    </p>
   </div>
   <div class='ocr_carea' id='block_1_19' title="bbox 339 3919 1742 3995">
    <p class='ocr_par' dir='ltr' id='par_1_19' title="bbox 339 3919 1742 3995">
     <span class='ocr_line' id='line_1_55' title="bbox 339 3919 1742 3995; baseline 0.004 -17"><span class='ocrx_word' id='word_1_450' title='bbox 339 3920 459 3978; x_wconf 78' lang='lat' dir='ltr'>CAPUT</span> <span class='ocrx_word' id='word_1_451' title='bbox 477 3920 639 3976; x_wconf 80' lang='lat' dir='ltr'><strong>Paratum.</strong></span> <span class='ocrx_word' id='word_1_452' title='bbox 943 3920 1035 3976; x_wconf 82' lang='lat' dir='ltr'><strong>Nam¹</strong></span> <span class='ocrx_word' id='word_1_453' title='bbox 1051 3928 1113 3991; x_wconf 90' lang='lat' dir='ltr'><strong>post</strong></span> <span class='ocrx_word' id='word_1_454' title='bbox 1123 3929 1239 3993; x_wconf 90' lang='lat' dir='ltr'><strong>quatuor</strong></span> <span class='ocrx_word' id='word_1_455' title='bbox 1252 3919 1368 3988; x_wconf 88' lang='lat' dir='ltr'><strong>libellos,</strong></span> <span class='ocrx_word' id='word_1_456' title='bbox 1380 3922 1426 3993; x_wconf 84' lang='lat' dir='ltr'><strong>qui</strong></span> <span class='ocrx_word' id='word_1_457' title='bbox 1444 3937 1527 3995; x_wconf 89' lang='lat' dir='ltr'><strong>super</strong></span> <span class='ocrx_word' id='word_1_458' title='bbox 1540 3922 1669 3981; x_wconf 89' lang='lat' dir='ltr'><strong>institutis</strong></span> <span class='ocrx_word' id='word_1_459' title='bbox 1683 3941 1742 3983; x_wconf 93' lang='lat' dir='ltr'><strong>mo-</strong></span> 
     </span>
    </p>
   </div>
   <div class='ocr_carea' id='block_1_20' title="bbox 89 4012 1741 4176">
    <p class='ocr_par' dir='ltr' id='par_1_20' title="bbox 89 4012 1741 4176">
     <span class='ocr_line' id='line_1_56' title="bbox 89 4012 1740 4086; baseline -0.005 -2"><span class='ocrx_word' id='word_1_460' title='bbox 89 4030 234 4086; x_wconf 78' lang='lat' dir='ltr'><strong>Trnnsitus</strong></span> <span class='ocrx_word' id='word_1_461' title='bbox 245 4027 281 4082; x_wconf 86' lang='lat' dir='ltr'><strong>cb</strong></span> <span class='ocrx_word' id='word_1_462' title='bbox 296 4027 430 4082; x_wconf 73' lang='lat' dir='ltr'><strong>instinttt&#39;s</strong></span> <span class='ocrx_word' id='word_1_463' title='bbox 439 4024 616 4079; x_wconf 77' lang='lat' dir='ltr'><strong>cenobiorum</strong></span> <span class='ocrx_word' id='word_1_464' title='bbox 628 4022 666 4074; x_wconf 83' lang='lat' dir='ltr'><strong>cd</strong></span> <span class='ocrx_word' id='word_1_465' title='bbox 680 4021 889 4076; x_wconf 82' lang='lat' dir='ltr'><strong>colluctationem</strong></span> <span class='ocrx_word' id='word_1_466' title='bbox 942 4012 1123 4067; x_wconf 79' lang='lat' dir='ltr'><strong>austeriorum</strong></span> <span class='ocrx_word' id='word_1_467' title='bbox 1137 4012 1235 4085; x_wconf 78' lang='lat' dir='ltr'><strong>digesti</strong></span> <span class='ocrx_word' id='word_1_468' title='bbox 1248 4021 1328 4080; x_wconf 90' lang='lat' dir='ltr'><strong>sunt,</strong></span> <span class='ocrx_word' id='word_1_469' title='bbox 1342 4029 1414 4070; x_wconf 92' lang='lat' dir='ltr'><strong>nunc</strong></span> <span class='ocrx_word' id='word_1_470' title='bbox 1434 4015 1552 4084; x_wconf 86' lang='lat' dir='ltr'><strong>arripere</strong></span> <span class='ocrx_word' id='word_1_471' title='bbox 1565 4016 1740 4076; x_wconf 88' lang='lat' dir='ltr'><strong>colluctatio·</strong></span> 
     </span>
     <span class='ocr_line' id='line_1_57' title="bbox 284 4095 1741 4176; baseline 0.012 -25"><span class='ocrx_word' id='word_1_472' title='bbox 284 4103 341 4152; x_wconf 86' lang='lat' dir='ltr'><strong>octo</strong></span> <span class='ocrx_word' id='word_1_473' title='bbox 351 4096 545 4167; x_wconf 71' lang='lat' dir='ltr'><strong>principalium</strong></span> <span class='ocrx_word' id='word_1_474' title='bbox 555 4095 693 4146; x_wconf 66' lang='lat' dir='ltr'><strong>mnarum.</strong></span> <span class='ocrx_word' id='word_1_475' title='bbox 942 4116 1006 4158; x_wconf 90' lang='lat' dir='ltr'><strong>nem</strong></span> <span class='ocrx_word' id='word_1_476' title='bbox 1025 4096 1039 4134; x_wconf 59' lang='grc' dir='ltr'><strong>Ι)</strong></span> <span class='ocrx_word' id='word_1_477' title='bbox 1056 4105 1185 4160; x_wconf 84' lang='lat' dir='ltr'><strong>adversus</strong></span> <span class='ocrx_word' id='word_1_478' title='bbox 1197 4112 1262 4161; x_wconf 87' lang='lat' dir='ltr'><strong>octo</strong></span> <span class='ocrx_word' id='word_1_479' title='bbox 1274 4105 1428 4176; x_wconf 86' lang='lat' dir='ltr'><strong>principalia</strong></span> <span class='ocrx_word' id='word_1_480' title='bbox 1451 4107 1512 4162; x_wconf 89' lang='lat' dir='ltr'><strong>vitia</strong></span> <span class='ocrx_word' id='word_1_481' title='bbox 1524 4109 1619 4165; x_wconf 85' lang='lat' dir='ltr'><strong>restris</strong></span> <span class='ocrx_word' id='word_1_482' title='bbox 1640 4111 1741 4168; x_wconf 88' lang='lat' dir='ltr'><strong>oratio·</strong></span> 
     </span>
    </p>
   </div>
   <div class='ocr_carea' id='block_1_21' title="bbox 125 4194 1740 4277">
    <p class='ocr_par' dir='ltr' id='par_1_21' title="bbox 125 4194 1740 4277">
     <span class='ocr_line' id='line_1_58' title="bbox 125 4194 1740 4277; baseline 0 -16"><span class='ocrx_word' id='word_1_483' title='bbox 125 4204 242 4276; x_wconf 79' lang='lat' dir='ltr'><strong>Quintrn</strong></span> <span class='ocrx_word' id='word_1_484' title='bbox 253 4202 342 4269; x_wconf 87' lang='lat' dir='ltr'><strong>nobis,</strong></span> <span class='ocrx_word' id='word_1_485' title='bbox 351 4201 463 4275; x_wconf 79' lang='lat' dir='ltr'><strong>juvante</strong></span> <span class='ocrx_word' id='word_1_486' title='bbox 479 4200 549 4266; x_wconf 89' lang='lat' dir='ltr'><strong>Deo,</strong></span> <span class='ocrx_word' id='word_1_487' title='bbox 568 4196 635 4253; x_wconf 90' lang='lat' dir='ltr'><strong>liber</strong></span> <span class='ocrx_word' id='word_1_488' title='bbox 654 4195 704 4253; x_wconf 89' lang='lat' dir='ltr'><strong>iste</strong></span> <span class='ocrx_word' id='word_1_489' title='bbox 719 4194 886 4268; x_wconf 90' lang='lat' dir='ltr'><strong>procuditur.</strong></span> <span class='ocrx_word' id='word_1_490' title='bbox 942 4194 1035 4261; x_wconf 91' lang='lat' dir='ltr'><strong>nibus,</strong></span> <span class='ocrx_word' id='word_1_491' title='bbox 1049 4196 1168 4252; x_wconf 89' lang='lat' dir='ltr'><strong>Domino</strong></span> <span class='ocrx_word' id='word_1_492' title='bbox 1180 4196 1363 4264; x_wconf 83' lang='lat' dir='ltr'><strong>confortante,</strong></span> <span class='ocrx_word' id='word_1_493' title='bbox 1375 4197 1559 4269; x_wconf 86' lang='lat' dir='ltr'><strong>disponimus,</strong></span> <span class='ocrx_word' id='word_1_494' title='bbox 1571 4199 1669 4270; x_wconf 82' lang='lat' dir='ltr'><strong>idest,</strong></span> <span class='ocrx_word' id='word_1_495' title='bbox 1684 4205 1740 4277; x_wconf 91' lang='lat' dir='ltr'><strong>pri·</strong></span> 
     </span>
    </p>
   </div>
   <div class='ocr_carea' id='block_1_22' title="bbox 637 4318 1193 4377">
    <p class='ocr_par' dir='ltr' id='par_1_22' title="bbox 637 4318 1193 4377">
     <span class='ocr_line' id='line_1_59' title="bbox 637 4318 1193 4377; baseline -0.007 -1"><span class='ocrx_word' id='word_1_496' title='bbox 637 4321 763 4377; x_wconf 74' lang='lat' dir='ltr'><strong>assant</strong></span> <span class='ocrx_word' id='word_1_497' title='bbox 783 4319 894 4375; x_wconf 72' lang='lat' dir='ltr'><strong>Gtzmt</strong></span> <span class='ocrx_word' id='word_1_498' title='bbox 913 4318 1193 4375; x_wconf 73' lang='lat' dir='ltr'><strong>COMMENTARIUS.</strong></span> 
     </span>
    </p>
   </div>
   <div class='ocr_carea' id='block_1_23' title="bbox 83 4425 1741 4850">
    <p class='ocr_par' dir='ltr' id='par_1_23' title="bbox 83 4425 1741 4850">
     <span class='ocr_line' id='line_1_60' title="bbox 123 4425 1741 4509; baseline 0.001 -16"><span class='ocrx_word' id='word_1_499' title='bbox 123 4441 136 4471; x_wconf 84' lang='lat'>⁸</span> <span class='ocrx_word' id='word_1_500' title='bbox 149 4440 189 4493; x_wconf 90' lang='lat' dir='ltr'><strong>lta</strong></span> <span class='ocrx_word' id='word_1_501' title='bbox 202 4443 320 4508; x_wconf 87' lang='lat' dir='ltr'><strong>quatuor</strong></span> <span class='ocrx_word' id='word_1_502' title='bbox 335 4432 419 4489; x_wconf 90' lang='lat' dir='ltr'><strong>libros</strong></span> <span class='ocrx_word' id='word_1_503' title='bbox 430 4429 613 4504; x_wconf 68' lang='lat' dir='ltr'><strong>precedentes</strong></span> <span class='ocrx_word' id='word_1_504' title='bbox 636 4429 687 4485; x_wconf 86' lang='lat' dir='ltr'><strong>sub</strong></span> <span class='ocrx_word' id='word_1_505' title='bbox 707 4443 763 4485; x_wconf 93' lang='lat' dir='ltr'><strong>uno</strong></span> <span class='ocrx_word' id='word_1_506' title='bbox 779 4428 859 4483; x_wconf 90' lang='lat' dir='ltr'><strong>titulo</strong></span> <span class='ocrx_word' id='word_1_507' title='bbox 876 4444 883 4482; x_wconf 78' lang='grc' dir='ltr'>ε</span> <span class='ocrx_word' id='word_1_508' title='bbox 901 4425 1126 4498; x_wconf 81' lang='lat' dir='ltr'><strong>Dmetapborice</strong></span> <span class='ocrx_word' id='word_1_509' title='bbox 1139 4442 1202 4483; x_wconf 85' lang='lat' dir='ltr'><strong>vero</strong></span> <span class='ocrx_word' id='word_1_510' title='bbox 1216 4440 1298 4483; x_wconf 92' lang='lat' dir='ltr'><strong>omne</strong></span> <span class='ocrx_word' id='word_1_511' title='bbox 1317 4425 1478 4500; x_wconf 90' lang='lat' dir='ltr'><strong>principium</strong></span> <span class='ocrx_word' id='word_1_512' title='bbox 1487 4430 1647 4490; x_wconf 84' lang='lat' dir='ltr'><strong>directivum</strong></span> <span class='ocrx_word' id='word_1_513' title='bbox 1659 4447 1741 4509; x_wconf 89' lang='lat' dir='ltr'><strong>caput</strong></span> 
     </span>
     <span class='ocr_line' id='line_1_61' title="bbox 85 4497 1741 4580; baseline 0.002 -19"><span class='ocrx_word' id='word_1_514' title='bbox 85 4514 128 4568; x_wconf 77' lang='lat' dir='ltr'><strong>lte</strong></span> <span class='ocrx_word' id='word_1_515' title='bbox 147 4509 280 4563; x_wconf 64' lang='lat' dir='ltr'><strong>insanitis</strong></span> <span class='ocrx_word' id='word_1_516' title='bbox 299 4506 533 4570; x_wconf 76' lang='lat' dir='ltr'><strong>monasteriorum,</strong></span> <span class='ocrx_word' id='word_1_517' title='bbox 547 4502 586 4556; x_wconf 84' lang='lat' dir='ltr'><strong>vel</strong></span> <span class='ocrx_word' id='word_1_518' title='bbox 601 4502 792 4561; x_wconf 71' lang='lat' dir='ltr'><strong>caenobiorum,</strong></span> <span class='ocrx_word' id='word_1_519' title='bbox 807 4514 883 4553; x_wconf 93' lang='lat' dir='ltr'><strong>com·</strong></span> <span class='ocrx_word' id='word_1_520' title='bbox 940 4506 1069 4565; x_wconf 60' lang='lat' dir='ltr'><strong>vocatum</strong></span> <span class='ocrx_word' id='word_1_521' title='bbox 1085 4498 1197 4554; x_wconf 90' lang='lat' dir='ltr'><strong>undeet</strong></span> <span class='ocrx_word' id='word_1_522' title='bbox 1211 4497 1335 4554; x_wconf 88' lang='lat' dir='ltr'><strong>homines</strong></span> <span class='ocrx_word' id='word_1_523' title='bbox 1353 4499 1398 4572; x_wconf 90' lang='lat' dir='ltr'><strong>qui</strong></span> <span class='ocrx_word' id='word_1_524' title='bbox 1414 4501 1483 4557; x_wconf 90' lang='lat' dir='ltr'><strong>alios</strong></span> <span class='ocrx_word' id='word_1_525' title='bbox 1503 4502 1626 4576; x_wconf 89' lang='lat' dir='ltr'><strong>dirigunt</strong></span> <span class='ocrx_word' id='word_1_526' title='bbox 1643 4515 1672 4562; x_wconf 88' lang='lat' dir='ltr'><strong>et</strong></span> <span class='ocrx_word' id='word_1_527' title='bbox 1691 4524 1741 4580; x_wconf 89' lang='lat' dir='ltr'><strong>gu·</strong></span> 
     </span>
     <span class='ocr_line' id='line_1_62' title="bbox 104 4567 1739 4648; baseline -0.001 -13"><span class='ocrx_word' id='word_1_528' title='bbox 104 4580 228 4635; x_wconf 85' lang='lat' dir='ltr'><strong>rebendit</strong></span> <span class='ocrx_word' id='word_1_529' title='bbox 243 4597 249 4633; x_wconf 91' lang='lat'>:</span> <span class='ocrx_word' id='word_1_530' title='bbox 266 4591 335 4648; x_wconf 87' lang='lat' dir='ltr'><strong>quos</strong></span> <span class='ocrx_word' id='word_1_531' title='bbox 348 4573 506 4632; x_wconf 82' lang='lat' dir='ltr'><strong>Gennadius</strong></span> <span class='ocrx_word' id='word_1_532' title='bbox 525 4581 552 4628; x_wconf 87' lang='lat' dir='ltr'><strong>et</strong></span> <span class='ocrx_word' id='word_1_533' title='bbox 564 4573 609 4627; x_wconf 90' lang='lat' dir='ltr'><strong>alii</strong></span> <span class='ocrx_word' id='word_1_534' title='bbox 619 4571 675 4628; x_wconf 88' lang='lat' dir='ltr'><strong>suis</strong></span> <span class='ocrx_word' id='word_1_535' title='bbox 686 4570 802 4642; x_wconf 91' lang='lat' dir='ltr'><strong>propriis</strong></span> <span class='ocrx_word' id='word_1_536' title='bbox 826 4572 885 4625; x_wconf 92' lang='lat' dir='ltr'><strong>titu·</strong></span> <span class='ocrx_word' id='word_1_537' title='bbox 939 4567 1056 4624; x_wconf 76' lang='grc' dir='ltr'><strong>Ιιοιιιοιιῑ</strong></span> <span class='ocrx_word' id='word_1_538' title='bbox 1065 4570 1152 4641; x_wconf 90' lang='lat' dir='ltr'><strong>capita</strong></span> <span class='ocrx_word' id='word_1_539' title='bbox 1164 4569 1280 4625; x_wconf 91' lang='lat' dir='ltr'><strong>aliorum</strong></span> <span class='ocrx_word' id='word_1_540' title='bbox 1292 4578 1432 4626; x_wconf 83' lang='lat' dir='ltr'><strong>vocantur.</strong></span> <span class='ocrx_word' id='word_1_541' title='bbox 1441 4572 1548 4628; x_wconf 87' lang='lat' dir='ltr'><strong>Dicitur</strong></span> <span class='ocrx_word' id='word_1_542' title='bbox 1566 4590 1630 4648; x_wconf 87' lang='lat' dir='ltr'><strong>ergo</strong></span> <span class='ocrx_word' id='word_1_543' title='bbox 1643 4578 1739 4634; x_wconf 84' lang='lat' dir='ltr'><strong>vitium</strong></span> 
     </span>
     <span class='ocr_line' id='line_1_63' title="bbox 95 4639 1739 4731; baseline 0.002 -33"><span class='ocrx_word' id='word_1_544' title='bbox 95 4653 121 4706; x_wconf 74' lang='grc' dir='ltr'><strong>ιι</strong></span> <span class='ocrx_word' id='word_1_545' title='bbox 133 4650 313 4731; x_wconf 76' lang='lat' dir='ltr'><strong>distinguunt.</strong></span> <span class='ocrx_word' id='word_1_546' title='bbox 328 4646 380 4702; x_wconf 79' lang='lat' dir='ltr'><strong>Alii</strong></span> <span class='ocrx_word' id='word_1_547' title='bbox 395 4659 461 4700; x_wconf 86' lang='lat' dir='ltr'><strong>vero</strong></span> <span class='ocrx_word' id='word_1_548' title='bbox 483 4659 537 4699; x_wconf 93' lang='lat' dir='ltr'><strong>una</strong></span> <span class='ocrx_word' id='word_1_549' title='bbox 560 4643 710 4715; x_wconf 84' lang='lat' dir='ltr'><strong>eademque</strong></span> <span class='ocrx_word' id='word_1_550' title='bbox 725 4639 885 4696; x_wconf 89' lang='lat' dir='ltr'><strong>monastica·</strong></span> <span class='ocrx_word' id='word_1_551' title='bbox 939 4641 1050 4711; x_wconf 88' lang='lat' dir='ltr'><strong>capitale</strong></span> <span class='ocrx_word' id='word_1_552' title='bbox 1062 4655 1118 4695; x_wconf 93' lang='lat' dir='ltr'><strong>uno</strong></span> <span class='ocrx_word' id='word_1_553' title='bbox 1132 4639 1215 4697; x_wconf 92' lang='lat' dir='ltr'><strong>modo</strong></span> <span class='ocrx_word' id='word_1_554' title='bbox 1230 4639 1343 4710; x_wconf 89' lang='lat' dir='ltr'><strong>acapite</strong></span> <span class='ocrx_word' id='word_1_555' title='bbox 1353 4642 1551 4713; x_wconf 90' lang='lat' dir='ltr'><strong>propriedicto,</strong></span> <span class='ocrx_word' id='word_1_556' title='bbox 1565 4647 1739 4703; x_wconf 87' lang='lat' dir='ltr'><strong>etsicvitium</strong></span> 
     </span>
     <span class='ocr_line' id='line_1_64' title="bbox 83 4709 1738 4796; baseline -0.004 -19"><span class='ocrx_word' id='word_1_557' title='bbox 83 4736 149 4778; x_wconf 84' lang='lat' dir='ltr'><strong>mm</strong></span> <span class='ocrx_word' id='word_1_558' title='bbox 165 4719 364 4776; x_wconf 80' lang='lat' dir='ltr'><strong>institutionum</strong></span> <span class='ocrx_word' id='word_1_559' title='bbox 379 4715 555 4796; x_wconf 86' lang='lat' dir='ltr'><strong>inscriptione</strong></span> <span class='ocrx_word' id='word_1_560' title='bbox 575 4713 770 4775; x_wconf 88' lang='lat' dir='ltr'><strong>denominant,</strong></span> <span class='ocrx_word' id='word_1_561' title='bbox 792 4709 886 4781; x_wconf 81' lang='lat' dir='ltr'><strong>sicque</strong></span> <span class='ocrx_word' id='word_1_562' title='bbox 940 4709 1216 4782; x_wconf 88' lang='lat' dir='ltr'><strong>capitaleappellatur,</strong></span> <span class='ocrx_word' id='word_1_563' title='bbox 1228 4712 1301 4782; x_wconf 88' lang='lat' dir='ltr'><strong>quod</strong></span> <span class='ocrx_word' id='word_1_564' title='bbox 1314 4727 1395 4782; x_wconf 88' lang='lat' dir='ltr'><strong>poena</strong></span> <span class='ocrx_word' id='word_1_565' title='bbox 1406 4713 1500 4782; x_wconf 83' lang='lat' dir='ltr'><strong>capitis</strong></span> <span class='ocrx_word' id='word_1_566' title='bbox 1515 4715 1738 4782; x_wconf 79' lang='lat' dir='ltr'><strong>punitur(Tbom.</strong></span> 
     </span>
     <span class='ocr_line' id='line_1_65' title="bbox 83 4780 1738 4850; baseline -0.004 -2"><span class='ocrx_word' id='word_1_567' title='bbox 83 4791 173 4848; x_wconf 76' lang='lat' dir='ltr'><strong>libros</strong></span> <span class='ocrx_word' id='word_1_568' title='bbox 189 4789 332 4846; x_wconf 88' lang='lat' dir='ltr'><strong>duodecim</strong></span> <span class='ocrx_word' id='word_1_569' title='bbox 355 4786 556 4842; x_wconf 82' lang='lat' dir='ltr'><strong>institutionum</strong></span> <span class='ocrx_word' id='word_1_570' title='bbox 580 4800 595 4839; x_wconf 91' lang='lat' dir='ltr'><strong>a</strong></span> <span class='ocrx_word' id='word_1_571' title='bbox 615 4783 689 4839; x_wconf 90' lang='lat' dir='ltr'><strong>libris</strong></span> <span class='ocrx_word' id='word_1_572' title='bbox 712 4780 886 4838; x_wconf 89' lang='lat' dir='ltr'><strong>collationum</strong></span> <span class='ocrx_word' id='word_1_573' title='bbox 941 4784 1738 4850; x_wconf 76' lang='lat' dir='ltr'><strong>t·2,q.³t,crt.tets,et2-2,q.5,48;locn.dcoriuslastit.</strong></span> 
     </span>
    </p>
   </div>
   <div class='ocr_carea' id='block_1_24' title="bbox 84 4851 1740 5004">
    <p class='ocr_par' dir='ltr' id='par_1_24' title="bbox 84 4851 1740 5004">
     <span class='ocr_line' id='line_1_66' title="bbox 84 4851 1739 4973; baseline -0.005 -54"><span class='ocrx_word' id='word_1_574' title='bbox 84 4870 236 4920; x_wconf 85' lang='lat' dir='ltr'><strong>secernunt</strong></span> <span class='ocrx_word' id='word_1_575' title='bbox 256 4876 288 4916; x_wconf 91' lang='lat' dir='ltr'><strong>ac</strong></span> <span class='ocrx_word' id='word_1_576' title='bbox 303 4867 441 4930; x_wconf 87' lang='lat' dir='ltr'><strong>separant,</strong></span> <span class='ocrx_word' id='word_1_577' title='bbox 454 4865 485 4912; x_wconf 90' lang='lat' dir='ltr'><strong>ut</strong></span> <span class='ocrx_word' id='word_1_578' title='bbox 502 4854 566 4911; x_wconf 89' lang='lat' dir='ltr'><strong>alibi</strong></span> <span class='ocrx_word' id='word_1_579' title='bbox 578 4855 681 4911; x_wconf 90' lang='lat' dir='ltr'><strong>dictum</strong></span> <span class='ocrx_word' id='word_1_580' title='bbox 700 4862 742 4910; x_wconf 90' lang='lat' dir='ltr'><strong>est</strong></span> <span class='ocrx_word' id='word_1_581' title='bbox 761 4852 822 4924; x_wconf 76' lang='lat' dir='ltr'><strong>(Aa</strong></span> <span class='ocrx_word' id='word_1_582' title='bbox 837 4853 883 4907; x_wconf 85' lang='lat' dir='ltr'><strong>lib.</strong></span> <span class='ocrx_word' id='word_1_583' title='bbox 939 4853 1038 4906; x_wconf 83' lang='lat' dir='ltr'><strong>morel.</strong></span> <span class='ocrx_word' id='word_1_584' title='bbox 1052 4866 1095 4916; x_wconf 82' lang='lat' dir='ltr'><strong>rr,</strong></span> <span class='ocrx_word' id='word_1_585' title='bbox 1107 4867 1164 4920; x_wconf 84' lang='lat' dir='ltr'><strong>cop.</strong></span> <span class='ocrx_word' id='word_1_586' title='bbox 1176 4855 1235 4915; x_wconf 78' lang='lat'>12).</span> <span class='ocrx_word' id='word_1_587' title='bbox 1245 4851 1282 4904; x_wconf 79' lang='lat' dir='ltr'><strong>At</strong></span> <span class='ocrx_word' id='word_1_588' title='bbox 1289 4852 1384 4931; x_wconf 84' lang='lat' dir='ltr'><strong>nonita</strong></span> <span class='ocrx_word' id='word_1_589' title='bbox 1392 4852 1519 4973; x_wconf 56' lang='lat' dir='ltr'><strong>accipitur</strong></span> <span class='ocrx_word' id='word_1_590' title='bbox 1527 4853 1656 4907; x_wconf 81' lang='lat' dir='ltr'><strong>vitiumea</strong></span> <span class='ocrx_word' id='word_1_591' title='bbox 1677 4856 1739 4912; x_wconf 88' lang='lat' dir='ltr'><strong>itate</strong></span> 
     </span>
     <span class='ocr_line' id='line_1_67' title="bbox 84 4871 1740 5004; baseline -0.006 -13"><span class='ocrx_word' id='word_1_592' title='bbox 84 4949 111 5004; x_wconf 87' lang='lat'><strong>1,</strong></span> <span class='ocrx_word' id='word_1_593' title='bbox 127 4949 187 5004; x_wconf 85' lang='lat' dir='ltr'><strong>cop.</strong></span> <span class='ocrx_word' id='word_1_594' title='bbox 206 4934 249 5001; x_wconf 86' lang='lat' dir='ltr'><strong>l).</strong></span> <span class='ocrx_word' id='word_1_595' title='bbox 940 4922 968 4978; x_wconf 93' lang='lat' dir='ltr'><strong>in</strong></span> <span class='ocrx_word' id='word_1_596' title='bbox 978 4921 1030 4977; x_wconf 92' lang='lat' dir='ltr'><strong>boc</strong></span> <span class='ocrx_word' id='word_1_597' title='bbox 1040 4928 1229 4989; x_wconf 81' lang='lat' dir='ltr'><strong>tractatu,quo</strong></span> <span class='ocrx_word' id='word_1_598' title='bbox 1239 4919 1272 4975; x_wconf 91' lang='lat' dir='ltr'><strong>de</strong></span> <span class='ocrx_word' id='word_1_599' title='bbox 1282 4920 1354 4974; x_wconf 81' lang='lat' dir='ltr'><strong>vitiis</strong></span> <span class='ocrx_word' id='word_1_600' title='bbox 1363 4929 1449 4989; x_wconf 80' lang='lat' dir='ltr'><strong>capita</strong></span> <span class='ocrx_word' id='word_1_601' title='bbox 1462 4919 1522 4975; x_wconf 86' lang='lat' dir='ltr'><strong>rbus</strong></span> <span class='ocrx_word' id='word_1_602' title='bbox 1535 4922 1638 4992; x_wconf 89' lang='lat' dir='ltr'><strong>agitur:</strong></span> <span class='ocrx_word' id='word_1_603' title='bbox 1648 4871 1740 4981; x_wconf 63' lang='lat' dir='ltr'><strong>dicun·</strong></span> 
     </span>
    </p>
   </div>
   <div class='ocr_carea' id='block_1_25' title="bbox 85 4993 891 5573">
    <p class='ocr_par' dir='ltr' id='par_1_25' title="bbox 85 4993 891 5573">
     <span class='ocr_line' id='line_1_68' title="bbox 122 4993 886 5081; baseline -0.017 -21"><span class='ocrx_word' id='word_1_604' title='bbox 122 4997 243 5076; x_wconf 66' lang='lat' dir='ltr'><strong>bliujus</strong></span> <span class='ocrx_word' id='word_1_605' title='bbox 260 5000 321 5058; x_wconf 90' lang='lat' dir='ltr'><strong>libri</strong></span> <span class='ocrx_word' id='word_1_606' title='bbox 338 5016 370 5057; x_wconf 90' lang='lat' dir='ltr'><strong>ac</strong></span> <span class='ocrx_word' id='word_1_607' title='bbox 387 4998 557 5081; x_wconf 65' lang='lat' dir='ltr'><strong>sepirentium</strong></span> <span class='ocrx_word' id='word_1_608' title='bbox 577 4995 730 5054; x_wconf 89' lang='lat' dir='ltr'><strong>communis</strong></span> <span class='ocrx_word' id='word_1_609' title='bbox 748 4993 886 5066; x_wconf 89' lang='lat' dir='ltr'><strong>inscriptio</strong></span> 
     </span>
     <span class='ocr_line' id='line_1_69' title="bbox 85 5064 887 5145; baseline -0.021 -10"><span class='ocrx_word' id='word_1_610' title='bbox 85 5082 139 5135; x_wconf 75' lang='lat' dir='ltr'><strong>est.</strong></span> <span class='ocrx_word' id='word_1_611' title='bbox 154 5075 189 5131; x_wconf 87' lang='lat' dir='ltr'><strong>de</strong></span> <span class='ocrx_word' id='word_1_612' title='bbox 208 5072 367 5145; x_wconf 85' lang='lat' dir='ltr'><strong>capitalibus</strong></span> <span class='ocrx_word' id='word_1_613' title='bbox 391 5070 460 5126; x_wconf 83' lang='lat' dir='ltr'><strong>vittis</strong></span> <span class='ocrx_word' id='word_1_614' title='bbox 475 5088 482 5125; x_wconf 93' lang='lat'>:</span> <span class='ocrx_word' id='word_1_615' title='bbox 495 5067 618 5141; x_wconf 85' lang='lat' dir='ltr'><strong>quamvis</strong></span> <span class='ocrx_word' id='word_1_616' title='bbox 632 5067 714 5124; x_wconf 88' lang='lat' dir='ltr'><strong>etiam</strong></span> <span class='ocrx_word' id='word_1_617' title='bbox 734 5064 786 5122; x_wconf 91' lang='lat' dir='ltr'><strong>sub</strong></span> <span class='ocrx_word' id='word_1_618' title='bbox 805 5079 887 5137; x_wconf 87' lang='lat' dir='ltr'><strong>gene-</strong></span> 
     </span>
     <span class='ocr_line' id='line_1_70' title="bbox 86 5134 888 5207; baseline -0.016 -5"><span class='ocrx_word' id='word_1_619' title='bbox 86 5146 140 5204; x_wconf 87' lang='lat' dir='ltr'><strong>rali</strong></span> <span class='ocrx_word' id='word_1_620' title='bbox 164 5144 245 5201; x_wconf 90' lang='lat' dir='ltr'><strong>titulo</strong></span> <span class='ocrx_word' id='word_1_621' title='bbox 259 5142 458 5198; x_wconf 89' lang='lat' dir='ltr'><strong>institutionum</strong></span> <span class='ocrx_word' id='word_1_622' title='bbox 481 5141 695 5196; x_wconf 88' lang='lat' dir='ltr'><strong>monasticarum</strong></span> <span class='ocrx_word' id='word_1_623' title='bbox 709 5134 888 5207; x_wconf 89' lang='lat' dir='ltr'><strong>comprehen-</strong></span> 
     </span>
     <span class='ocr_line' id='line_1_71' title="bbox 85 5208 889 5275; baseline -0.02 0"><span class='ocrx_word' id='word_1_624' title='bbox 85 5217 197 5275; x_wconf 82' lang='lat' dir='ltr'><strong>dantur.</strong></span> <span class='ocrx_word' id='word_1_625' title='bbox 222 5215 330 5270; x_wconf 88' lang='lat' dir='ltr'><strong>llorum</strong></span> <span class='ocrx_word' id='word_1_626' title='bbox 353 5212 484 5268; x_wconf 92' lang='lat' dir='ltr'><strong>librorum</strong></span> <span class='ocrx_word' id='word_1_627' title='bbox 502 5208 624 5265; x_wconf 89' lang='lat' dir='ltr'><strong>meminit</strong></span> <span class='ocrx_word' id='word_1_628' title='bbox 642 5208 754 5265; x_wconf 82' lang='lat' dir='ltr'><strong>Photius</strong></span> <span class='ocrx_word' id='word_1_629' title='bbox 776 5208 889 5264; x_wconf 84' lang='lat' dir='ltr'><strong>Graecus</strong></span> 
     </span>
     <span class='ocr_line' id='line_1_72' title="bbox 86 5276 889 5358; baseline -0.019 -13"><span class='ocrx_word' id='word_1_630' title='bbox 86 5288 116 5344; x_wconf 91' lang='lat' dir='ltr'><strong>in</strong></span> <span class='ocrx_word' id='word_1_631' title='bbox 134 5303 186 5344; x_wconf 88' lang='lat' dir='ltr'><strong>suo</strong></span> <span class='ocrx_word' id='word_1_632' title='bbox 201 5286 300 5358; x_wconf 86' lang='lat' dir='ltr'><strong>elogio,</strong></span> <span class='ocrx_word' id='word_1_633' title='bbox 312 5297 414 5354; x_wconf 87' lang='lat' dir='ltr'><strong>eosque</strong></span> <span class='ocrx_word' id='word_1_634' title='bbox 425 5283 501 5338; x_wconf 86' lang='lat' dir='ltr'><strong>valde</strong></span> <span class='ocrx_word' id='word_1_635' title='bbox 511 5279 697 5343; x_wconf 87' lang='lat' dir='ltr'><strong>commendat,</strong></span> <span class='ocrx_word' id='word_1_636' title='bbox 711 5287 743 5334; x_wconf 92' lang='lat' dir='ltr'><strong>ut</strong></span> <span class='ocrx_word' id='word_1_637' title='bbox 755 5276 790 5333; x_wconf 92' lang='lat' dir='ltr'><strong>ibi</strong></span> <span class='ocrx_word' id='word_1_638' title='bbox 799 5276 889 5332; x_wconf 87' lang='lat' dir='ltr'><strong>videre</strong></span> 
     </span>
     <span class='ocr_line' id='line_1_73' title="bbox 87 5347 889 5429; baseline -0.019 -14"><span class='ocrx_word' id='word_1_639' title='bbox 87 5359 171 5416; x_wconf 80' lang='lat' dir='ltr'><strong>estin</strong></span> <span class='ocrx_word' id='word_1_640' title='bbox 186 5358 268 5429; x_wconf 81' lang='lat' dir='ltr'><strong>hujus</strong></span> <span class='ocrx_word' id='word_1_641' title='bbox 281 5353 370 5426; x_wconf 88' lang='lat' dir='ltr'><strong>operis</strong></span> <span class='ocrx_word' id='word_1_642' title='bbox 384 5353 470 5408; x_wconf 89' lang='lat' dir='ltr'><strong>initio.</strong></span> <span class='ocrx_word' id='word_1_643' title='bbox 487 5353 572 5408; x_wconf 84' lang='lat' dir='ltr'><strong>Porro</strong></span> <span class='ocrx_word' id='word_1_644' title='bbox 586 5350 621 5406; x_wconf 89' lang='lat' dir='ltr'><strong>de</strong></span> <span class='ocrx_word' id='word_1_645' title='bbox 641 5350 713 5405; x_wconf 88' lang='lat' dir='ltr'><strong>vitiis</strong></span> <span class='ocrx_word' id='word_1_646' title='bbox 734 5347 889 5420; x_wconf 89' lang='lat' dir='ltr'><strong>principali-</strong></span> 
     </span>
     <span class='ocr_line' id='line_1_74' title="bbox 87 5417 890 5497; baseline -0.016 -11"><span class='ocrx_word' id='word_1_647' title='bbox 87 5429 150 5493; x_wconf 85' lang='lat' dir='ltr'><strong>bus,</strong></span> <span class='ocrx_word' id='word_1_648' title='bbox 164 5430 220 5484; x_wconf 81' lang='lat' dir='ltr'><strong>sire</strong></span> <span class='ocrx_word' id='word_1_649' title='bbox 236 5425 413 5497; x_wconf 81' lang='lat' dir='ltr'><strong>eaprabbus,</strong></span> <span class='ocrx_word' id='word_1_650' title='bbox 430 5438 548 5495; x_wconf 91' lang='lat' dir='ltr'><strong>quorum</strong></span> <span class='ocrx_word' id='word_1_651' title='bbox 560 5420 750 5477; x_wconf 88' lang='lat' dir='ltr'><strong>tractationem</strong></span> <span class='ocrx_word' id='word_1_652' title='bbox 765 5417 890 5489; x_wconf 85' lang='lat' dir='ltr'><strong>deinceps</strong></span> 
     </span>
     <span class='ocr_line' id='line_1_75' title="bbox 90 5487 891 5573; baseline -0.017 -17"><span class='ocrx_word' id='word_1_653' title='bbox 90 5499 248 5573; x_wconf 72' lang='lat' dir='ltr'><strong>aggreditur</strong></span> <span class='ocrx_word' id='word_1_654' title='bbox 269 5495 430 5563; x_wconf 85' lang='lat' dir='ltr'><strong>Cassianus,</strong></span> <span class='ocrx_word' id='word_1_655' title='bbox 457 5492 584 5563; x_wconf 77' lang='lat' dir='ltr'><strong>quadam</strong></span> <span class='ocrx_word' id='word_1_656' title='bbox 609 5491 677 5547; x_wconf 91' lang='lat' dir='ltr'><strong>mibi</strong></span> <span class='ocrx_word' id='word_1_657' title='bbox 700 5489 824 5545; x_wconf 81' lang='lat' dir='ltr'><strong>ridentur</strong></span> <span class='ocrx_word' id='word_1_658' title='bbox 847 5487 891 5543; x_wconf 91' lang='lat' dir='ltr'><strong>bic</strong></span> 
     </span>
    </p>
   </div>
   <div class='ocr_carea' id='block_1_26' title="bbox 88 5559 891 5857">
    <p class='ocr_par' dir='ltr' id='par_1_26' title="bbox 88 5559 891 5857">
     <span class='ocr_line' id='line_1_76' title="bbox 126 5559 890 5638; baseline -0.017 -11"><span class='ocrx_word' id='word_1_659' title='bbox 126 5571 245 5627; x_wconf 87' lang='lat' dir='ltr'><strong>ueratim</strong></span> <span class='ocrx_word' id='word_1_660' title='bbox 267 5567 454 5638; x_wconf 72' lang='lat' dir='ltr'><strong>praenotanda.</strong></span> <span class='ocrx_word' id='word_1_661' title='bbox 469 5565 572 5627; x_wconf 84' lang='lat' dir='ltr'><strong>Primo,</strong></span> <span class='ocrx_word' id='word_1_662' title='bbox 588 5563 680 5618; x_wconf 87' lang='lat' dir='ltr'><strong>vitium</strong></span> <span class='ocrx_word' id='word_1_663' title='bbox 693 5560 808 5634; x_wconf 88' lang='lat' dir='ltr'><strong>capitale</strong></span> <span class='ocrx_word' id='word_1_664' title='bbox 819 5559 890 5615; x_wconf 93' lang='lat' dir='ltr'><strong>duo-</strong></span> 
     </span>
     <span class='ocr_line' id='line_1_77' title="bbox 89 5585 891 5712; baseline -0.017 -14"><span class='ocrx_word' id='word_1_665' title='bbox 89 5585 145 5698; x_wconf 55' lang='lat' dir='ltr'><strong>isis</strong></span> <span class='ocrx_word' id='word_1_666' title='bbox 166 5640 254 5697; x_wconf 89' lang='lat' dir='ltr'><strong>modis</strong></span> <span class='ocrx_word' id='word_1_667' title='bbox 268 5637 438 5710; x_wconf 89' lang='lat' dir='ltr'><strong>intelligitur.</strong></span> <span class='ocrx_word' id='word_1_668' title='bbox 461 5634 580 5706; x_wconf 83' lang='lat' dir='ltr'><strong>capitale</strong></span> <span class='ocrx_word' id='word_1_669' title='bbox 595 5634 667 5689; x_wconf 92' lang='lat' dir='ltr'><strong>enim</strong></span> <span class='ocrx_word' id='word_1_670' title='bbox 682 5648 698 5688; x_wconf 89' lang='lat' dir='ltr'><strong>a</strong></span> <span class='ocrx_word' id='word_1_671' title='bbox 720 5632 807 5703; x_wconf 89' lang='lat' dir='ltr'><strong>capite</strong></span> <span class='ocrx_word' id='word_1_672' title='bbox 820 5629 891 5712; x_wconf 82' lang='lat' dir='ltr'><strong>dici-</strong></span> 
     </span>
     <span class='ocr_line' id='line_1_78' title="bbox 88 5701 889 5781; baseline -0.017 -13"><span class='ocrx_word' id='word_1_673' title='bbox 88 5717 243 5781; x_wconf 83' lang='lat' dir='ltr'><strong>tor;caput</strong></span> <span class='ocrx_word' id='word_1_674' title='bbox 252 5719 345 5765; x_wconf 89' lang='lat' dir='ltr'><strong>autem</strong></span> <span class='ocrx_word' id='word_1_675' title='bbox 355 5715 433 5763; x_wconf 72' lang='lat' dir='ltr'><strong>sernas</strong></span> <span class='ocrx_word' id='word_1_676' title='bbox 443 5704 597 5760; x_wconf 90' lang='lat' dir='ltr'><strong>membrum</strong></span> <span class='ocrx_word' id='word_1_677' title='bbox 605 5701 889 5777; x_wconf 88' lang='lat' dir='ltr'><strong>quoddamanimalrs:</strong></span> 
     </span>
     <span class='ocr_line' id='line_1_79' title="bbox 88 5771 890 5857; baseline -0.021 -16"><span class='ocrx_word' id='word_1_678' title='bbox 88 5785 166 5857; x_wconf 81' lang='lat' dir='ltr'><strong>quod</strong></span> <span class='ocrx_word' id='word_1_679' title='bbox 189 5788 232 5837; x_wconf 88' lang='lat' dir='ltr'><strong>est</strong></span> <span class='ocrx_word' id='word_1_680' title='bbox 256 5779 417 5851; x_wconf 89' lang='lat' dir='ltr'><strong>principium</strong></span> <span class='ocrx_word' id='word_1_681' title='bbox 440 5775 620 5832; x_wconf 87' lang='lat' dir='ltr'><strong>directionum</strong></span> <span class='ocrx_word' id='word_1_682' title='bbox 647 5775 730 5830; x_wconf 88' lang='lat' dir='ltr'><strong>totius</strong></span> <span class='ocrx_word' id='word_1_683' title='bbox 746 5771 890 5829; x_wconf 88' lang='lat' dir='ltr'><strong>animalis:</strong></span> 
     </span>
    </p>
   </div>
   <div class='ocr_carea' id='block_1_27' title="bbox 199 5865 456 5944">
    <p class='ocr_par' dir='ltr' id='par_1_27' title="bbox 199 5865 456 5944">
     <span class='ocr_line' id='line_1_80' title="bbox 199 5865 456 5944; baseline -0.031 -17"><span class='ocrx_word' id='word_1_684' title='bbox 199 5872 331 5944; x_wconf 78' lang='lat' dir='ltr'><strong>Parnon.</strong></span> <span class='ocrx_word' id='word_1_685' title='bbox 350 5865 456 5922; x_wconf 83' lang='lat' dir='ltr'><strong>XLix.</strong></span> 
     </span>
    </p>
   </div>
   <div class='ocr_carea' id='block_1_28' title="bbox 941 4987 1744 5842">
    <p class='ocr_par' dir='ltr' id='par_1_28' title="bbox 941 4987 1744 5842">
     <span class='ocr_line' id='line_1_81' title="bbox 941 4987 1737 5067; baseline 0.009 -21"><span class='ocrx_word' id='word_1_686' title='bbox 941 5000 987 5048; x_wconf 90' lang='lat' dir='ltr'><strong>tur</strong></span> <span class='ocrx_word' id='word_1_687' title='bbox 1004 4991 1077 5046; x_wconf 87' lang='lat' dir='ltr'><strong>enim</strong></span> <span class='ocrx_word' id='word_1_688' title='bbox 1091 4989 1225 5060; x_wconf 89' lang='lat' dir='ltr'><strong>capitalia,</strong></span> <span class='ocrx_word' id='word_1_689' title='bbox 1238 4987 1312 5060; x_wconf 89' lang='lat' dir='ltr'><strong>quod</strong></span> <span class='ocrx_word' id='word_1_690' title='bbox 1326 4990 1380 5045; x_wconf 88' lang='lat' dir='ltr'><strong>sint</strong></span> <span class='ocrx_word' id='word_1_691' title='bbox 1392 4990 1475 5045; x_wconf 86' lang='lat' dir='ltr'><strong>veluti</strong></span> <span class='ocrx_word' id='word_1_692' title='bbox 1488 4988 1588 5057; x_wconf 83' lang='lat' dir='ltr'><strong>fontes,</strong></span> <span class='ocrx_word' id='word_1_693' title='bbox 1598 4994 1639 5049; x_wconf 80' lang='lat' dir='ltr'><strong>vel</strong></span> <span class='ocrx_word' id='word_1_694' title='bbox 1652 4996 1737 5067; x_wconf 90' lang='lat' dir='ltr'><strong>capita</strong></span> 
     </span>
     <span class='ocr_line' id='line_1_82' title="bbox 941 5059 1739 5133; baseline 0.009 -16"><span class='ocrx_word' id='word_1_695' title='bbox 941 5061 1117 5133; x_wconf 87' lang='lat' dir='ltr'><strong>reliquorum,</strong></span> <span class='ocrx_word' id='word_1_696' title='bbox 1132 5060 1265 5130; x_wconf 87' lang='lat' dir='ltr'><strong>equibus,</strong></span> <span class='ocrx_word' id='word_1_697' title='bbox 1277 5059 1350 5116; x_wconf 78' lang='lat' dir='ltr'><strong>velut</strong></span> <span class='ocrx_word' id='word_1_698' title='bbox 1361 5076 1393 5115; x_wconf 83' lang='lat' dir='ltr'><strong>ex</strong></span> <span class='ocrx_word' id='word_1_699' title='bbox 1404 5070 1531 5132; x_wconf 87' lang='lat' dir='ltr'><strong>corrupta</strong></span> <span class='ocrx_word' id='word_1_700' title='bbox 1539 5063 1639 5133; x_wconf 89' lang='lat' dir='ltr'><strong>radice,</strong></span> <span class='ocrx_word' id='word_1_701' title='bbox 1650 5070 1739 5126; x_wconf 86' lang='lat' dir='ltr'><strong>omnis</strong></span> 
     </span>
     <span class='ocr_line' id='line_1_83' title="bbox 941 5129 1740 5210; baseline 0.013 -24"><span class='ocrx_word' id='word_1_702' title='bbox 941 5130 1048 5204; x_wconf 89' lang='lat' dir='ltr'><strong>generis</strong></span> <span class='ocrx_word' id='word_1_703' title='bbox 1060 5131 1145 5196; x_wconf 85' lang='lat' dir='ltr'><strong>vitia,</strong></span> <span class='ocrx_word' id='word_1_704' title='bbox 1164 5129 1364 5201; x_wconf 89' lang='lat' dir='ltr'><strong>turpitudines,</strong></span> <span class='ocrx_word' id='word_1_705' title='bbox 1380 5131 1504 5187; x_wconf 89' lang='lat' dir='ltr'><strong>scandala</strong></span> <span class='ocrx_word' id='word_1_706' title='bbox 1528 5149 1560 5190; x_wconf 90' lang='lat' dir='ltr'><strong>ac</strong></span> <span class='ocrx_word' id='word_1_707' title='bbox 1579 5140 1740 5210; x_wconf 84' lang='lat' dir='ltr'><strong>corruptelae</strong></span> 
     </span>
     <span class='ocr_line' id='line_1_84' title="bbox 942 5201 1740 5280; baseline 0.01 -22"><span class='ocrx_word' id='word_1_708' title='bbox 942 5201 1102 5276; x_wconf 78' lang='lat' dir='ltr'><strong>profluunt3</strong></span> <span class='ocrx_word' id='word_1_709' title='bbox 1118 5201 1191 5274; x_wconf 87' lang='lat' dir='ltr'><strong>quod</strong></span> <span class='ocrx_word' id='word_1_710' title='bbox 1205 5210 1364 5258; x_wconf 90' lang='lat' dir='ltr'><strong>tamennon</strong></span> <span class='ocrx_word' id='word_1_711' title='bbox 1389 5204 1428 5258; x_wconf 91' lang='lat' dir='ltr'><strong>sic</strong></span> <span class='ocrx_word' id='word_1_712' title='bbox 1444 5203 1648 5274; x_wconf 88' lang='lat' dir='ltr'><strong>accipiendum,</strong></span> <span class='ocrx_word' id='word_1_713' title='bbox 1662 5211 1740 5280; x_wconf 82' lang='lat' dir='ltr'><strong>quasi</strong></span> 
     </span>
     <span class='ocr_line' id='line_1_85' title="bbox 944 5272 1738 5399; baseline 0.008 -69"><span class='ocrx_word' id='word_1_714' title='bbox 944 5272 1049 5346; x_wconf 90' lang='lat' dir='ltr'><strong>singula</strong></span> <span class='ocrx_word' id='word_1_715' title='bbox 1066 5272 1256 5399; x_wconf 65' lang='lat' dir='ltr'><strong>vitiacaXitalia</strong></span> <span class='ocrx_word' id='word_1_716' title='bbox 1266 5281 1429 5333; x_wconf 87' lang='lat' dir='ltr'><strong>caeterorum</strong></span> <span class='ocrx_word' id='word_1_717' title='bbox 1439 5277 1562 5332; x_wconf 90' lang='lat' dir='ltr'><strong>omnium</strong></span> <span class='ocrx_word' id='word_1_718' title='bbox 1573 5293 1664 5334; x_wconf 75' lang='lat' dir='ltr'><strong>causae</strong></span> <span class='ocrx_word' id='word_1_719' title='bbox 1673 5282 1738 5349; x_wconf 89' lang='lat' dir='ltr'><strong>sint,</strong></span> 
     </span>
     <span class='ocr_line' id='line_1_86' title="bbox 944 5343 1740 5417; baseline 0.009 -17"><span class='ocrx_word' id='word_1_720' title='bbox 944 5353 971 5400; x_wconf 90' lang='lat' dir='ltr'><strong>et</strong></span> <span class='ocrx_word' id='word_1_721' title='bbox 982 5343 1116 5417; x_wconf 87' lang='lat' dir='ltr'><strong>origines,</strong></span> <span class='ocrx_word' id='word_1_722' title='bbox 1128 5358 1158 5400; x_wconf 89' lang='lat' dir='ltr'><strong>se</strong></span> <span class='ocrx_word' id='word_1_723' title='bbox 1195 5345 1257 5415; x_wconf 82' lang='lat' dir='ltr'><strong>quia</strong></span> <span class='ocrx_word' id='word_1_724' title='bbox 1271 5345 1486 5416; x_wconf 91' lang='lat' dir='ltr'><strong>unumquodque</strong></span> <span class='ocrx_word' id='word_1_725' title='bbox 1500 5346 1610 5402; x_wconf 88' lang='lat' dir='ltr'><strong>illorum</strong></span> <span class='ocrx_word' id='word_1_726' title='bbox 1624 5351 1659 5405; x_wconf 89' lang='lat' dir='ltr'><strong>sit</strong></span> <span class='ocrx_word' id='word_1_727' title='bbox 1671 5353 1740 5407; x_wconf 93' lang='lat' dir='ltr'><strong>mul·</strong></span> 
     </span>
     <span class='ocr_line' id='line_1_87' title="bbox 944 5415 1742 5490; baseline 0.008 -19"><span class='ocrx_word' id='word_1_728' title='bbox 944 5424 1037 5472; x_wconf 90' lang='lat' dir='ltr'><strong>torum</strong></span> <span class='ocrx_word' id='word_1_729' title='bbox 1051 5415 1166 5471; x_wconf 88' lang='lat' dir='ltr'><strong>aliorum</strong></span> <span class='ocrx_word' id='word_1_730' title='bbox 1176 5422 1296 5487; x_wconf 85' lang='lat' dir='ltr'><strong>caputet</strong></span> <span class='ocrx_word' id='word_1_731' title='bbox 1309 5429 1399 5470; x_wconf 91' lang='lat' dir='ltr'><strong>causa.</strong></span> <span class='ocrx_word' id='word_1_732' title='bbox 1416 5415 1497 5472; x_wconf 89' lang='lat' dir='ltr'><strong>Unde</strong></span> <span class='ocrx_word' id='word_1_733' title='bbox 1511 5426 1538 5472; x_wconf 91' lang='lat' dir='ltr'><strong>et</strong></span> <span class='ocrx_word' id='word_1_734' title='bbox 1549 5419 1659 5490; x_wconf 89' lang='lat' dir='ltr'><strong>singulis</strong></span> <span class='ocrx_word' id='word_1_735' title='bbox 1672 5422 1742 5477; x_wconf 89' lang='lat' dir='ltr'><strong>vitiis</strong></span> 
     </span>
     <span class='ocr_line' id='line_1_88' title="bbox 944 5484 1742 5562; baseline 0.006 -20"><span class='ocrx_word' id='word_1_736' title='bbox 944 5486 1103 5558; x_wconf 89' lang='lat' dir='ltr'><strong>capitalibus</strong></span> <span class='ocrx_word' id='word_1_737' title='bbox 1122 5486 1208 5541; x_wconf 90' lang='lat' dir='ltr'><strong>multa</strong></span> <span class='ocrx_word' id='word_1_738' title='bbox 1233 5484 1294 5540; x_wconf 87' lang='lat' dir='ltr'><strong>vitia</strong></span> <span class='ocrx_word' id='word_1_739' title='bbox 1317 5501 1349 5541; x_wconf 79' lang='lat' dir='ltr'><strong>en</strong></span> <span class='ocrx_word' id='word_1_740' title='bbox 1365 5486 1429 5558; x_wconf 86' lang='lat' dir='ltr'><strong>ipsis</strong></span> <span class='ocrx_word' id='word_1_741' title='bbox 1447 5489 1584 5544; x_wconf 85' lang='lat' dir='ltr'><strong>nascentia</strong></span> <span class='ocrx_word' id='word_1_742' title='bbox 1601 5492 1742 5562; x_wconf 83' lang='lat' dir='ltr'><strong>assignan-</strong></span> 
     </span>
     <span class='ocr_line' id='line_1_89' title="bbox 944 5555 1741 5628; baseline 0.008 -17"><span class='ocrx_word' id='word_1_743' title='bbox 944 5564 999 5623; x_wconf 89' lang='lat' dir='ltr'><strong>tur,</strong></span> <span class='ocrx_word' id='word_1_744' title='bbox 1010 5571 1072 5628; x_wconf 81' lang='lat' dir='ltr'><strong>quae</strong></span> <span class='ocrx_word' id='word_1_745' title='bbox 1085 5557 1148 5614; x_wconf 84' lang='lat' dir='ltr'><strong>liliae</strong></span> <span class='ocrx_word' id='word_1_746' title='bbox 1163 5555 1287 5628; x_wconf 88' lang='lat' dir='ltr'><strong>ipsorum</strong></span> <span class='ocrx_word' id='word_1_747' title='bbox 1297 5565 1436 5612; x_wconf 82' lang='lat' dir='ltr'><strong>vocantur.</strong></span> <span class='ocrx_word' id='word_1_748' title='bbox 1449 5558 1575 5614; x_wconf 90' lang='lat' dir='ltr'><strong>Secundo</strong></span> <span class='ocrx_word' id='word_1_749' title='bbox 1590 5562 1741 5617; x_wconf 90' lang='lat' dir='ltr'><strong>notandum</strong></span> 
     </span>
     <span class='ocr_line' id='line_1_90' title="bbox 945 5627 1743 5704; baseline 0.009 -22"><span class='ocrx_word' id='word_1_750' title='bbox 945 5630 1020 5700; x_wconf 87' lang='lat' dir='ltr'><strong>quod</strong></span> <span class='ocrx_word' id='word_1_751' title='bbox 1031 5627 1251 5695; x_wconf 85' lang='lat' dir='ltr'><strong>Cassianus(llic</strong></span> <span class='ocrx_word' id='word_1_752' title='bbox 1264 5628 1383 5682; x_wconf 86' lang='lat' dir='ltr'><strong>ctcollot.</strong></span> <span class='ocrx_word' id='word_1_753' title='bbox 1399 5633 1425 5682; x_wconf 86' lang='grc'><strong>4.</strong></span> <span class='ocrx_word' id='word_1_754' title='bbox 1441 5643 1464 5682; x_wconf 87' lang='grc' dir='ltr'><strong>ο.</strong></span> <span class='ocrx_word' id='word_1_755' title='bbox 1481 5634 1513 5695; x_wconf 75' lang='lat' dir='ltr'><strong>t)</strong></span> <span class='ocrx_word' id='word_1_756' title='bbox 1527 5639 1589 5685; x_wconf 90' lang='lat' dir='ltr'><strong>octo</strong></span> <span class='ocrx_word' id='word_1_757' title='bbox 1601 5630 1743 5704; x_wconf 83' lang='lat' dir='ltr'><strong>vitiacapl·</strong></span> 
     </span>
     <span class='ocr_line' id='line_1_91' title="bbox 944 5698 1743 5770; baseline 0.001 -16"><span class='ocrx_word' id='word_1_758' title='bbox 944 5699 1019 5765; x_wconf 86' lang='lat' dir='ltr'><strong>talia,</strong></span> <span class='ocrx_word' id='word_1_759' title='bbox 1031 5713 1080 5753; x_wconf 85' lang='lat' dir='ltr'><strong>seu</strong></span> <span class='ocrx_word' id='word_1_760' title='bbox 1092 5698 1255 5770; x_wconf 90' lang='lat' dir='ltr'><strong>principalia,</strong></span> <span class='ocrx_word' id='word_1_761' title='bbox 1271 5698 1379 5768; x_wconf 91' lang='lat' dir='ltr'><strong>posuit,</strong></span> <span class='ocrx_word' id='word_1_762' title='bbox 1391 5699 1454 5770; x_wconf 88' lang='lat' dir='ltr'><strong>quia</strong></span> <span class='ocrx_word' id='word_1_763' title='bbox 1470 5700 1626 5770; x_wconf 86' lang='lat' dir='ltr'><strong>superbiam</strong></span> <span class='ocrx_word' id='word_1_764' title='bbox 1647 5710 1743 5757; x_wconf 82' lang='lat' dir='ltr'><strong>octavo</strong></span> 
     </span>
     <span class='ocr_line' id='line_1_92' title="bbox 945 5768 1744 5842; baseline 0 -17"><span class='ocrx_word' id='word_1_765' title='bbox 945 5784 977 5825; x_wconf 90' lang='lat' dir='ltr'><strong>ac</strong></span> <span class='ocrx_word' id='word_1_766' title='bbox 996 5769 1077 5825; x_wconf 84' lang='lat' dir='ltr'><strong>veluti</strong></span> <span class='ocrx_word' id='word_1_767' title='bbox 1099 5784 1228 5842; x_wconf 89' lang='lat' dir='ltr'><strong>supremo</strong></span> <span class='ocrx_word' id='word_1_768' title='bbox 1239 5769 1301 5825; x_wconf 94' lang='lat' dir='ltr'><strong>loco</strong></span> <span class='ocrx_word' id='word_1_769' title='bbox 1325 5768 1441 5826; x_wconf 88' lang='lat' dir='ltr'><strong>interea</strong></span> <span class='ocrx_word' id='word_1_770' title='bbox 1458 5780 1587 5826; x_wconf 86' lang='lat' dir='ltr'><strong>recenset.</strong></span> <span class='ocrx_word' id='word_1_771' title='bbox 1617 5775 1649 5825; x_wconf 78' lang='lat' dir='ltr'><strong>bt</strong></span> <span class='ocrx_word' id='word_1_772' title='bbox 1663 5772 1744 5840; x_wconf 83' lang='lat' dir='ltr'><strong>bajus</strong></span> 
     </span>
    </p>
   </div>
   <div class='ocr_carea' id='block_1_29' title="bbox 1584 5862 1599 5910">
    <p class='ocr_par' dir='ltr' id='par_1_29' title="bbox 1584 5862 1599 5910">
     <span class='ocr_line' id='line_1_93' title="bbox 1584 5862 1599 5910; baseline 0 0"><span class='ocrx_word' id='word_1_773' title='bbox 1584 5862 1599 5910; x_wconf 82' lang='lat' dir='ltr'><strong>t</strong></span> 
     </span>
    </p>
   </div>
   <div class='ocr_carea' id='block_1_30' title="bbox 0 0 1930 6148">
    <p class='ocr_par' dir='ltr' id='par_1_30' title="bbox 0 0 1930 6148">
     <span class='ocr_line' id='line_1_94' title="bbox 0 0 1930 6148; baseline 0 0"><span class='ocrx_word' id='word_1_774' title='bbox 0 0 1930 6148; x_wconf 95' lang='lat' dir='ltr'><strong> </strong></span> 
     </span>
    </p>
   </div>
  </div>
 </body>
</html>
