3848 6158
133 221 186 274 657
615 210 782 270 cbttxtlo
801 212 848 270 Vi.
867 242 903 255 -
921 214 965 270 bs
983 214 1071 270 NECE
1090 214 1309 273 sanctonum.
1734 223 1785 279 658

131 344 211 416 eujus
224 342 307 399 etiam
325 339 447 397 secunda
469 337 617 406 moderari,
639 348 744 396 etcum
766 341 813 413 qni
832 341 862 396 in
877 356 933 396 uno
947 347 973 406 Α
989 342 1072 397 etiam
1098 343 1196 398 clarius
1220 343 1349 410 intuetur,
1370 358 1433 400 cum
1460 343 1596 400 elbeaeius
1619 344 1785 417 spiritalibus

133 453 234 494 eorum
244 442 399 508 superatur,
415 440 544 488 neutrum
554 431 670 489 sufferre
681 433 869 490 certissimum
883 442 934 489 est.
989 437 1111 507 pascitur
1130 436 1256 504 theoriis,
1277 453 1341 494 cum
1355 437 1471 495 lucidius
1485 439 1535 495 sibi
1553 448 1668 495 reserata
1681 441 1785 511 conspi-

134 532 255 590 Facilius
272 538 364 585 tamen
384 528 449 600 quis
462 526 525 583 elidi
541 535 632 599 potest
645 531 782 602 prosperis
794 545 878 602 quam
892 530 934 587 ad·
988 530 1027 585 cit
1039 531 1164 586 eoelcslia
1178 540 1358 598 sacramenta,
1372 547 1435 589 eum
1448 534 1585 591 orationes
1597 535 1691 606 purius
1706 541 1787 605 atquc

132 626 229 682 versis.
250 627 318 681 Haec
334 622 407 678 enim
434 621 573 678 interdum
594 623 679 680 etiam
700 623 799 680 invitos
815 625 935 681 retinent
988 624 1103 681 alacrius
1123 625 1223 682 emittit
1240 627 1275 683 ad
1295 628 1463 694 Dominum,
1479 644 1542 684 eum
1558 629 1595 685 ita
1617 629 1727 701 spiritus
1743 645 1786 684 ar-

130 728 216 792 atque
236 717 394 783 humiliant,
410 722 438 772 et
460 716 671 789 compunctione
693 716 870 774 saluberrima
893 720 934 775 vel
989 716 1056 774 dore
1068 734 1214 775 succensus
1227 719 1262 776 ud
1277 736 1308 777 ea
1328 736 1391 793 quae
1408 721 1550 778 invisibilia
1567 731 1632 778 sunt
1644 731 1672 779 et
1683 731 1784 779 aeterna

130 816 225 872 minus
240 828 353 887 peceare
365 811 481 881 faciunt,
491 812 532 868 vel
546 813 710 879 emendant;
726 814 772 870 illa
785 830 850 871 xero
862 815 934 871 mol·
989 820 1046 868 tota
1061 813 1143 868 animi
1163 813 1301 871 alacritate
1314 817 1502 890 transmigrat,
1517 825 1547 872 ut
1567 832 1739 890 nequaquam
1757 833 1785 874 se

132 908 205 966 libus
217 916 342 964 mentem
359 922 390 961 ac
404 905 565 979 perniciosis
579 907 738 963 extollentia
759 907 933 965 blandimen-
960 918 968 941 ⁸
983 907 1042 983 jam
1055 908 1149 966 credat
1159 909 1187 963 in
1197 924 1278 965 earne
1292 910 1450 966 consistere.
1468 912 1560 966 Habet
1572 911 1697 967 similiter
1711 918 1738 965 et
1748 911 1785 967 si·

131 1003 179 1072 tis,
203 1017 315 1060 securos
338 1000 475 1058 felicitatis
496 1015 554 1057 suae
576 1008 710 1073 proventu
727 1002 807 1058 ruina
831 1002 934 1073 majore
988 998 1115 1066 cisaram,
1138 1014 1200 1054 cum
1229 999 1410 1054 tentationum
1437 999 1591 1056 turbinibus
1620 1000 1784 1073 implicatur,

128 1104 321 1171 praetemunt.
988 1091 1092 1147 eumad
1101 1090 1234 1148 desideria
1245 1091 1334 1148 earnis
1344 1092 1542 1149 incentivorum
1554 1095 1665 1151 aestibus
1677 1095 1785 1151 inflam-

455 1188 577 1246 cletis
602 1190 639 1244 X.
986 1190 1088 1250 matur,
1107 1198 1171 1238 cum
1191 1182 1225 1239 ad
1247 1182 1394 1240 iracundiae
1413 1182 1534 1240 furorem
1549 1186 1785 1257 perturbationum

230 1302 267 1354 De
278 1299 376 1353 uirtute
389 1295 444 1348 uiri
458 1293 594 1363 perfecti,
609 1294 659 1361 qni
669 1292 838 1349 ambidexter
985 1276 1047 1347 igne
1061 1275 1245 1345 succenditur,
1258 1292 1323 1332 eum
1342 1275 1476 1347 superbiae
1491 1293 1539 1332 seu
1556 1278 1714 1336 cenodoxiae
1729 1282 1786 1336 ela-

362 1364 522 1437 fiqurultter
539 1368 717 1432 nrtucupctur.
985 1369 1060 1424 tione
1081 1369 1213 1442 pulsetur,
1231 1385 1295 1425 cum
1320 1369 1427 1426 tristitia
1449 1379 1568 1427 mortem
1586 1380 1716 1443 operante
1736 1373 1785 1429 de·

168 1475 214 1531 isti
230 1481 295 1530 sunt
310 1488 375 1544 ergo
392 1473 438 1542 qui
457 1469 607 1541 figuraliter
624 1470 652 1525 in
670 1469 817 1541 Scripturis
830 1469 932 1526 sanctis
985 1461 1123 1534 primitur,
1135 1464 1342 1551 cum-machinis
1351 1465 1453 1522 acediae
1465 1473 1491 1521 et
1498 1466 1704 1538 impugnatione
1716 1482 1785 1523 eon-

132 1561 361 1633 ·ὰμφοτεφοδὲξιιι
397 1559 423 1616 id
448 1566 513 1636 est,
535 1557 702 1614 ambidextri
727 1569 930 1631 nuncupantur,
986 1557 1103 1627 entitur,
1128 1559 1354 1629 eumque-omni
1374 1558 1487 1631 spiritali
1501 1558 1609 1616 fervore
1633 1561 1783 1631 subtracto,

130 1663 164 1710 nt
182 1653 226 1710 ille
240 1647 254 1685 ¹³
266 1652 340 1709 both
355 1653 384 1707 in
399 1651 470 1707 libro
491 1649 619 1706 Judioum
645 1648 731 1706 fuisse
755 1649 929 1719 describitur,
985 1651 1106 1728 quodam
1120 1659 1215 1724 tepore
1230 1662 1312 1724 atque
1325 1652 1501 1709 irrationabili
1513 1668 1632 1710 moerore
1644 1656 1784 1726 torpescit,

131 1752 180 1821 qui
197 1754 313 1819 uberque
327 1763 411 1801 mauu
425 1747 552 1801 utebatur
568 1761 619 1816 pra
631 1745 744 1801 daretem
759 1746 856 1814 (Judie.
872 1748 928 1819 ιιι).
945 1765 970 1829 B
985 1753 1016 1801 ut
1029 1760 1085 1800 non
1096 1745 1186 1801 solum
1197 1728 1410 1816 cogitationibus
1424 1744 1505 1801 rectis
1519 1761 1550 1801 ac
1564 1743 1732 1802 ferventibus
1744 1745 1785 1803 de·

131 1847 221 1915 Quam
232 1841 406 1898 virtutemita
419 1840 571 1912 poterimus
583 1853 748 1911 nosquoque
762 1839 932 1897 intellectus·
984 1847 1103 1906 seratur,
1120 1838 1264 1896 sedetiam
1284 1840 1415 1911 psalmus,
1435 1839 1533 1906 oratio,
1553 1840 1645 1904 lectio,
1667 1841 1784 1897 remotio

131 1939 194 1995 liter
212 1935 361 2009 possidere,
376 1935 399 1990 si
423 1949 454 1990 ea
469 1948 531 2006 quae
545 1948 674 2005 prospera
686 1940 751 1990 sunt
766 1932 931 2006 dexteraque
986 1933 1063 1989 cellae
1082 1933 1165 1989 simul
1180 1932 1321 2002 horreant,
1343 1941 1369 1990 et
1384 1933 1544 1990 intolerabili
1560 1935 1680 2006 quodam
1699 1943 1785 1991 tetro-

131 2039 290 2097 censentur,
304 2037 331 2086 et
344 2044 374 2084 ea
388 2044 448 2100 quae
462 2026 576 2084 adversa
590 2034 699 2084 santae
714 2027 825 2083 sinistra
837 2027 930 2085 dieun-
983 2040 1038 2097 que
1049 2022 1161 2082 fastidio
1172 2026 1295 2081 universa
1310 2024 1440 2083 sordeant
1452 2027 1632 2083 instrumenta
1644 2028 1783 2096 virtutum,

130 2134 193 2189 tur,
214 2124 290 2179 bono
301 2130 428 2195 rectoque
442 2137 491 2178 usu
508 2120 544 2177 ad
555 2129 661 2193 partem
678 2121 822 2179 fecerimus
834 2122 929 2180 dexte·
983 2117 1084 2191 quibus
1099 2118 1296 2192 compulsatur
1316 2119 1477 2183 monachus,
1492 2120 1609 2175 sinistris
1622 2122 1742 2192 partibus
1755 2140 1784 2179 se

133 2233 196 2274 ram
211 2216 356 2288 pertinere,
380 2222 409 2270 nt
434 2229 613 2286 quaecumque
634 2211 737 2270 fuerint
756 2215 839 2282 illata,
864 2216 931 2272 bant
984 2220 1133 2286 eognoscat
1154 2211 1254 2286 urgeri.
1277 2212 1407 2286 Quisquis
1421 2213 1507 2285 igitur
1528 2213 1621 2269 inillis
1640 2215 1781 2285 quaedex·

135 2310 223 2377 nobis,
237 2309 387 2366 secundum
407 2309 580 2381 Apostolum,
600 2325 678 2363 orme
692 2309 856 2379 justr'timlll
870 2311 928 2368 Cor.
983 2314 1034 2363 trae
1047 2306 1130 2378 partis
1140 2306 1513 2378 essepraedtximus‚minime
1522 2305 1602 2362 fuerit
1612 2307 1782 2366 subintrante

132 2404 187 2470 rr).
212 2401 325 2457 Duabus
347 2415 467 2472 namque
490 2399 613 2472 partibus
632 2409 659 2456 et
679 2400 718 2468 (ut
738 2399 774 2455 ita
802 2401 928 2469 dixerim)
983 2400 1071 2474 gloria
1091 2401 1216 2457 vanitatis
1240 2401 1339 2465 clatus,
1359 2411 1387 2457 et
1401 2401 1428 2457 in
1449 2402 1508 2457 istis
1521 2417 1583 2473 quae
1597 2402 1712 2459 sinistrae
1724 2420 1784 2476 par·

130 2495 260 2552 manibus
276 2504 286 2530 ⁶
301 2495 457 2550 interiorem
480 2494 622 2550 bominem
638 2472 765 2551 nostrum
782 2495 930 2553 subsistere
983 2494 1019 2550 tis
1031 2503 1105 2563 sunt,
1122 2495 1235 2551 viriliter
1253 2494 1394 2564 dimicans,
1410 2495 1483 2551 nulla
1507 2495 1695 2568 desperatione
1714 2514 1783 2554 cou-

130 2588 327 2662 pervidemus:
348 2604 399 2644 nec
418 2587 562 2660 quisquam
584 2595 742 2644 sanctorum
763 2602 856 2644 earere
878 2587 930 2646 hac
983 2587 1129 2656 eiderit,ac
1142 2590 1235 2661 potius
1245 2588 1280 2645 de
1293 2589 1437 2645 contrariis
1450 2605 1526 2646 arma
1539 2591 1666 2662 quaedam
1677 2593 1783 2664 patien-

128 2682 237 2748 sinistra
247 2696 331 2755 quam
345 2680 462 2738 dicimus
477 2689 576 2753 potest,
591 2679 640 2737 sed
658 2680 685 2735 in
697 2679 751 2736 boe
769 2680 853 2737 virtus
866 2697 930 2753 per·
984 2687 1030 2742 tire
1042 2687 1076 2743 ad
1085 2687 1243 2743 exercitium
1252 2687 1359 2742 virtutis
1372 2687 1561 2759 assumpserit,
1575 2696 1689 2759 utraque
1700 2705 1783 2745 manu

131 2773 201 2831 fecta
223 2773 397 2842 discernitur,
420 2761 435 2806 ‘¹
452 2773 475 2829 si
497 2782 642 2845 utramque
660 2773 688 2828 in
706 2773 846 2830 dexteram
861 2774 929 2830 bene

130 2867 232 2924 utendo
246 2875 396 2924 convertat.
416 2868 451 2922 Et
463 2875 496 2923 ut
516 2865 687 2923 manifestius
701 2864 754 2923 hoc
770 2865 843 2939 quod
859 2865 928 2924 diei-

130 2976 195 3017 mus
214 2961 300 3034 possit
323 2960 448 3033 intelligi,
473 2958 554 3016 babet
580 2960 622 3016 vir
645 2959 754 3017 sanetus
776 2960 927 3031 dexteram,

129 3068 273 3110 successus
289 3052 418 3110 videlieet
434 3053 580 3125 spiritales,
597 3053 626 3108 in
648 3069 701 3126 qua
721 3062 788 3110 tnnc
803 3054 928 3111 consistit

984 2789 1075 2838 utetur
1096 2797 1146 2853 pro
1164 2780 1269 2844 dextra,
1288 2780 1356 2836 etin
1378 2789 1495 2853 utroque
1514 2790 1577 2835 actu
1598 2780 1783 2852 triumphator

983 2874 1107 2944 effectus,
1123 2884 1179 2930 tam
1196 2874 1230 2931 de
1244 2873 1353 2930 sinistro
1369 2881 1440 2929 statu
1453 2889 1537 2945 quam
1556 2873 1590 2930 de
1609 2872 1705 2930 dextro
1723 2876 1783 2946 pal-

983 2985 1057 3025 mam
1073 2969 1197 3025 victoriae
1204 2976 1394 3039 consequetur.
1405 2967 1520 3036 Qualem
1531 2967 1639 3023 beatum
1652 2968 1705 3022 Job
1720 2968 1784 3041 legi-

982 3078 1044 3119 mus
1055 3061 1199 3128 meruisse,
1210 3061 1256 3134 qui
1267 3060 1359 3133 utique
1373 3075 1422 3131 per
1431 3059 1571 3115 dexteram
1586 3060 1781 3129 coronabatur,

130 3148 240 3221 quando
257 3146 364 3204 fervens
377 3149 473 3220 spiritu
487 3146 630 3205 desideriis
650 3156 678 3202 et
699 3149 926 3220 concupiscentiis
944 3154 1091 3228 cquando
1117 3163 1221 3226 septem
1242 3153 1364 3209 liliorum
1386 3160 1461 3224 pater
1481 3151 1627 3224 opulentus
1651 3167 1682 3208 ac
1708 3139 1787 3210 dives¹

131 3246 262 3303 omnibus
282 3245 453 3312 dominatur,
466 3245 575 3318 quando
590 3244 623 3300 ab
638 3244 714 3301 omni
728 3244 861 3302 diabolica
877 3246 928 3302 im·
982 3247 1112 3306 incedens
1122 3248 1285 3321 quotidiana
1297 3263 1347 3319 pro
1362 3261 1459 3303 eorum
1473 3245 1664 3318 purificatione
1676 3247 1781 3303 sacrib—
1799 3248 1801 3252 '

62 3338 66 3343 ’
130 3340 295 3415 pugnatione
310 3356 423 3398 securus
434 3340 537 3413 absque
548 3340 606 3396 ullo
617 3339 710 3396 labore
725 3355 757 3396 ae
771 3339 930 3400 diflieultate
983 3342 1025 3398 eia
1039 3341 1159 3398 Domino
1169 3339 1317 3413 offerebat,
1330 3356 1386 3396 non
1396 3348 1453 3395 tam
1468 3341 1520 3396 sibi
1536 3354 1583 3397 eos
1597 3357 1680 3412 quam
1696 3351 1706 3377 ⁸
1722 3345 1781 3398 Deo

131 3434 199 3491 vitia
210 3435 298 3491 mmls
311 3435 352 3490 vel
366 3435 470 3507 respuit
481 3432 524 3490 vel
534 3432 678 3503 abscindit,
692 3448 756 3489 cum
767 3433 929 3492 sublimatus
983 3443 1123 3508 susceptos
1132 3451 1163 3491 ac
1170 3433 1317 3491 familiares
1333 3434 1444 3507 cupiens
1463 3433 1604 3503 exhibere,
1618 3435 1726 3506 quando
1736 3437 1780 3509 ja·

132 3536 243 3598 aterra,
255 3529 379 3586 universa
393 3528 539 3600 praesentia
552 3535 633 3601 atque
647 3535 756 3584 terrena
779 3527 852 3584 velut
868 3527 930 3586 ina·
982 3546 1037 3588 nua
1053 3531 1111 3604 eius
1133 3529 1208 3586 omni
1222 3527 1373 3585 advenienti
1389 3527 1507 3602 potebat,
1527 3527 1636 3602 quando
1657 3537 1716 3585 erat
1733 3545 1781 3601 pes

132 3621 499 3695 nemfumumumbramque
512 3638 625 3679 vacuam
634 3621 847 3694 contemplatur,
860 3631 887 3679 et
898 3631 928 3679 ut
983 3624 1153 3689 claudorum,
1164 3631 1192 3679 et
1204 3622 1299 3679 oculus
1308 3636 1459 3690 caeeorum,
1470 3621 1579 3694 quando
1594 3621 1627 3678 de
1638 3622 1781 3679 velleribus

131 3729 196 3770 mox
207 3717 351 3774 transitura
366 3708 530 3785 contemnit,
545 3732 610 3773 cnm
625 3714 714 3772 futura
725 3732 772 3788 per
783 3731 927 3772 excessum
980 3718 1074 3775 ovium
1087 3718 1155 3792 ejus,
1174 3716 1278 3774 humeri
1292 3714 1454 3773 calefiebant
1470 3715 1654 3783 infirmorum,
1670 3715 1780 3788 quando
1841 3722 1843 3726 ‘

83 3852 88 3858 .
129 3809 242 3880 mentis,
256 3826 311 3867 non
326 3811 416 3869 solum
435 3810 624 3869 ardentissime
640 3809 818 3884 concupiscit,
832 3826 926 3868 rerum
980 3821 1039 3870 erat
1053 3812 1238 3886 orphanorum
1251 3819 1328 3884 pater
1341 3810 1419 3866 etvir
1438 3809 1593 3874 viduarum,
1607 3808 1715 3880 quando
1729 3824 1780 3866 nec

677 3952 805 4007 abatem
824 3952 936 4009 zeAEl
955 3954 1232 4012 coltltnbraltlbs

165 4089 179 4115 ⁸
196 4075 423 4150 Ἀμφοτιφοδέξιος,
440 4087 489 4128 seu
518 4068 698 4136 ambidexter,
714 4070 751 4126 ait
761 4068 868 4138 Suidas,
883 4071 930 4143 qui
983 4074 1068 4133 mille,
1082 4078 1106 4127 et
1128 4075 1214 4127 decem
1235 4073 1323 4126 millia
1342 4088 1360 4125 o
1374 4072 1480 4126 dea-tris
1494 4073 1558 4125 tuis.
1572 4070 1667 4136 Abeo,
1681 4068 1780 4140 inquit,

130 4149 228 4208 iaevam
246 4166 297 4220 pro
314 4149 409 4203 dextra
427 4143 519 4208 babet,
540 4157 589 4198 seu
607 4141 653 4213 qni
672 4141 777 4196 sinistra
796 4141 884 4197 utitur
901 4150 931 4197 ut
984 4146 1034 4213 qui
1043 4143 1484 4211 debitatinadjuturicrllttssr'mi,
1495 4141 1591 4194 eadent
1603 4141 1714 4195 clatere
1723 4141 1780 4209 ejus

129 4223 250 4285 dextra,
264 4218 310 4287 qui
324 4226 352 4272 et
364 4214 504 4288 ἀμφιδέξιος
514 4213 611 4269 dicitnr
622 4213 805 4269 contractiore
815 4212 931 4268 vocabu·
983 4214 1068 4276 mille,
1084 4220 1107 4268 et
1122 4214 1211 4268 decem
1223 4214 1311 4266 nullia
1323 4229 1341 4266 c
1358 4211 1462 4267 dectrv's
1475 4212 1541 4280 ejus.
1562 4215 1677 4266 bectmc
1693 4216 1781 4268 suncti

128 4293 159 4348 lo
169 4315 176 4355 ;
188 4303 244 4359 quo
258 4296 358 4359 praeter
368 4287 435 4342 alios
445 4300 511 4342 usus
524 4292 565 4340 est
578 4283 727 4356 Gregorius
741 4283 931 4340 Nazianzenus
984 4285 1099 4350 dicdum
1117 4286 1230 4339 sinistra
1243 4298 1297 4337 nou
1312 4284 1423 4344 dieitur,
1438 4284 1486 4338 sed
1500 4284 1582 4337 lutus.
1604 4283 1698 4338 l'idete
1711 4286 1781 4338 araim

127 4364 161 4418 in
180 4359 303 4415 oratione
320 4357 425 4414 funebri
442 4358 468 4413 in
484 4357 512 4412 S.
532 4355 671 4417 basilium,
685 4354 731 4410 ubi
752 4371 800 4411 eos
818 4354 864 4424 qni
883 4362 932 4410 aut
984 4355 1165 4424 quoddr'ettur
1179 4375 1188 4410 ε
1205 4354 1336 4410 Etdeecm
1349 4354 1464 4408 millteu
1479 4355 1582 4409 eiramis
1595 4356 1658 4408 luis.
1667 4356 1704 4410 Et
1714 4372 1780 4426 quo·

128 4431 189 4486 vita
210 4437 318 4484 tantum
339 4437 385 4484 aut
409 4426 561 4484 eruditione
587 4427 731 4483 dumtaxat
754 4427 928 4495 excellerent,
984 4425 1779 4492 rnododiacerus:dedecetolefactucmilleitluandoeuim

128 4501 200 4558 nibil
215 4516 230 4556 a
248 4499 329 4556 luscis
340 4498 452 4556 differre
471 4499 554 4556 dicit:
570 4500 615 4569 qui
631 4503 694 4553 verb
708 4511 802 4569 parem
815 4497 841 4552 in
854 4505 929 4553 utro·
985 4498 1249 4560 desterudieitur,et
1260 4500 1779 4569 siatlstruaounomiuctur,prosirrlstru

131 4589 188 4644 que
200 4571 311 4628 laudem
324 4571 463 4627 consecuti
482 4577 591 4636 essent,
606 4584 653 4623 eos
664 4567 819 4639 ἀμφιδέξιοος
829 4567 857 4624 id
875 4575 927 4631 est,
984 4569 1055 4623 lutus
1078 4573 1243 4624 nomirtotur.
1265 4572 1323 4627 Nau
1337 4571 1409 4624 ercam
1420 4576 1526 4639 poterat
1540 4570 1648 4639 justum
1667 4588 1731 4632 esse,
1747 4577 1778 4624 ut

130 4641 329 4709 ambidextros,
356 4658 388 4697 ae
412 4640 537 4696 numeris
557 4637 685 4694 omnibus
703 4638 844 4695 absolutos
856 4654 926 4694 esse.
979 4640 1071 4709 justus
1085 4641 1192 4696 baberet
1202 4643 1347 4697 Hrrntrcm.
1363 4642 1416 4708 otti
1428 4646 1462 4702 te,
1473 4643 1778 4710 inquitpereusserttr'n

132 4714 250 4769 Budaeus
266 4713 293 4767 in
315 4710 526 4769 Commentariis
543 4730 550 4765 ε
568 4710 652 4779 Apud
666 4709 810 4777 qutunem,
831 4709 928 4780 inquit,
943 4687 969 4752 D
985 4711 1123 4766 danbrum
1137 4713 1291 4774 monilium,
1304 4713 1392 4780 praebe
1402 4713 1462 4765 eict
1475 4713 1588 4764 alterum
1601 4710 1707 4774 (blatta.
1721 4709 1776 4774 vr);

133 4785 202 4854 (Lib.
223 4798 268 4839 vll
288 4784 321 4837 de
339 4784 473 4853 Leqt'btts),
486 4779 622 4851 ἇρτίποὸες,
633 4779 675 4832 xci
684 4778 820 4850 ἀρτίχειρες
832 4779 929 4835 dicun-

133 4861 192 4916 tur,
206 4857 254 4924 put
265 4855 451 4925 utroquepede
465 4858 490 4907 et
499 4858 614 4920 utraeque
624 4866 706 4905 mauu
718 4866 791 4919 reque
803 4854 928 4913 utuntur,

132 4931 166 4980 ut
179 4928 243 4979 sunt
254 4922 390 4996 ἀμφιδέξιος
402 4924 476 4979 nullu
482 4938 532 4994 per
547 4922 759 4977 dissuetudinem
773 4921 869 4976 utettdi
884 4921 930 4976 de·

135 4998 253 5052 bilitcto.

168 5065 362 5123 lNominatur
385 5063 428 5121 bie
455 5065 527 5120 inter
547 5062 657 5119 Judiess
676 5062 769 5144 populi
790 5061 930 5117 israelitici

132 5146 198 5213 post
208 5139 291 5194 Josue
303 5137 421 5193 tertius:
438 5138 476 5191 be
491 5150 545 5206 quo
557 5135 584 5190 in
600 5134 647 5190 lib.
662 5134 751 5190 Judre.
768 5149 828 5204 cap.
844 5146 881 5189 111
894 5133 931 5189 ita

132 5208 263 5265 scribitur
280 5227 286 5261 :
301 5210 446 5265 Suscitavit
456 5208 492 5261 eis
508 5207 668 5261 salvatorem
679 5205 804 5260 cocubalo
813 5204 885 5266 Aod,
900 5206 933 5274 {l-

134 5282 201 5335 lium
211 5282 291 5347 Gara,
307 5281 358 5349 filit
367 5280 482 5339 Gemini,
494 5279 543 5349 qui
554 5281 669 5347 utruque
679 5292 764 5332 manu
772 5291 823 5346 pro
835 5275 933 5329 electra

131 5353 269 5406 ttfebtltttr.
281 5351 363 5408 Unde
374 5347 576 5420 ἀμφοτεροδέξιος
585 5348 674 5405 dictus
691 5356 774 5412 esua
789 5350 825 5402 D.
840 5355 930 5402 autern

135 5422 306 5494 Hieronymo
324 5421 397 5486 (tte.
423 5424 451 5475 in
472 5422 644 5477 lesinione.
663 5424 705 5485 17)
718 5417 871 5490 ἀμφιδέξιος,
885 5416 931 5490 qui

983 4798 1037 4837 recu
1048 4783 1131 4850 dicit,
1140 4785 1321 4837 etstursuum.
1328 4784 1388 4838 Noc
1396 4783 1510 4833 euimcst
1518 4779 1695 4845 streistrcquoe
1702 4793 1779 4845 proc-

985 4854 1072 4914 bctur,
1084 4852 1130 4906 sed
1143 4853 1256 4911 dentem
1273 4848 1368 4903 altera
1384 4853 1457 4915 Ergo
1470 4847 1627 4915 simpliciter
1641 4848 1699 4901 dico
1713 4863 1778 4916 quo·

984 4921 1231 4990 niumjustusducs
1239 4920 1366 4972 docteres
1375 4917 1590 4986 bcbetDcut'que
1598 4920 1672 4973 stille
1684 4919 1777 4982 dictis,

985 4994 1034 5062 qui
1041 4991 1166 5045 scibimr
1174 4993 1205 5043 iu
1217 4989 1422 5049 tudemmltoro,
1428 4993 1571 5058 prepterea
1578 4988 1646 5046 duna
1654 4990 1779 5046 flecteres

986 5063 1088 5118 babere
1103 5061 1216 5127 dieitur,
1230 5062 1295 5129 quie
1308 5060 1400 5129 justus
1419 5067 1487 5128 erut,
1504 5065 1530 5116 et
1552 5062 1687 5130 ietterseet't
1702 5063 1780 5116 illum

983 5134 1194 5205 pinguissimum
1213 5148 1310 5201 regem.
1332 5133 1400 5188 Haec
1416 5133 1554 5190 moraliter
1566 5143 1594 5188 et
1615 5132 1779 5204 tropologice

988 5207 1022 5261 D.
1036 5204 1229 5275 Hieronymus.

1022 5285 1033 5311 ⁰
1049 5274 1224 5347 blanuseripti
1239 5273 1383 5330 nonnulli:
1398 5278 1451 5331 Deo
1476 5275 1615 5345 subjectos.
1631 5274 1781 5348 Dionysius

987 5346 1051 5421 legit
1064 5352 1184 5419 acceptos
1207 5347 1292 5418 (Μῦν.
1313 5359 1334 5400 x
1356 5349 1445 5403 lustit.
1463 5345 1501 5412 6).
1517 5347 1571 5404 Sed
1589 5349 1780 5405 veriornostra

987 5419 1079 5484 lectio,
1098 5428 1127 5474 ut
1144 5417 1325 5473 communior.
1342 5419 1490 5488 Susceptus
1503 5427 1595 5474 autem
1615 5418 1735 5488 intellige
1753 5421 1781 5474 in

138 5490 271 5549 interfecit
284 5507 377 5564 regem
392 5493 476 5563 Eglon
493 5490 715 5564 pinguissimum.
987 5504 1082 5546 euram
1097 5504 1145 5544 seu
1164 5488 1315 5544 clientelam
1334 5494 1464 5558 receptos.
1487 5488 1608 5559 suseepti
1631 5489 1702 5541 enim
1717 5487 1782 5543 olim

174 5564 224 5618 cld
248 5571 300 5628 est,
323 5571 455 5630 mentem,
470 5563 525 5617 sive
550 5562 683 5619 animam.
699 5560 744 5616 Sic
764 5573 837 5631 saepe
859 5557 933 5632 apud
987 5560 1147 5616 dicebantur
1168 5559 1293 5637 clientes,
1308 5572 1378 5627 quos
1401 5558 1507 5626 patroni
1531 5558 1648 5615 tuendos
1662 5571 1784 5626 suscepe-

134 5632 260 5690 Paulum.
984 5638 1056 5696 rant,
1071 5638 1101 5685 ut
1112 5630 1179 5686 alias
1201 5636 1365 5684 notavimus.
1383 5627 1450 5681 ilinc
1463 5629 1498 5682 D.
1522 5628 1686 5683 Ambrosius
1698 5640 1781 5680 serm.

171 5692 184 5736 ὖ
200 5706 249 5761 His
268 5702 418 5760 admodum
433 5712 613 5760 consentanea
631 5700 727 5758 scribit
743 5698 931 5774 Hieronymus
984 5706 1019 5757 93
1032 5704 1190 5757 :falcatum
1201 5696 1786 5774 uninopvoeseuticemecctspraestituend-

132 5775 162 5832 in
186 5776 265 5832 illum
280 5775 442 5832 versiculum
460 5775 532 5831 Psal.
548 5789 608 5830 xe:
629 5774 731 5831 Cadent
750 5771 865 5828 ulcteee
886 5777 931 5826 tuo
984 5773 1124 5837 coemtio
1138 5774 1272 5841 quantum
1287 5769 1374 5837 (uult
1387 5767 1454 5838 ides
1471 5768 1712 5830 amotusosnpta.
