3848 6158
95 258 150 314 ιω
354 254 398 310 us
415 253 655 312 cmiosrouuu
673 253 794 311 resur.
815 254 879 312 ue.
900 256 934 311 v.
956 285 990 299 -
1009 257 1054 312 ns
1071 255 1206 314 seiiinu
1225 226 1503 320 cisterninam.
1700 273 1753 329 ass
1850 238 1879 322 .'

96 377 629 447 tatis⁸meudacioeircumreutis,cum
646 378 899 455 uuiqersistradidit
912 385 940 448 Α
953 381 1052 453 gabilis
1071 397 1263 454 perseverans,
1279 377 1416 443 btertiam
1438 387 1490 445 sibi
1507 389 1633 448 cellulam
1656 395 1683 450 in
1698 410 1751 467 qua

95 473 300 533 instrumentis.
319 474 383 546 lpse
396 487 461 530 vero
478 487 542 546 erga
560 487 631 545 opus
644 471 785 530 charitatis
802 473 896 531 inlati·
951 483 1140 533 commaneret
1152 477 1296 535 exstruxit.

644 599 772 655 hinnul
790 599 905 655 GAZAEl
923 599 1205 659 COMMENTARIUS.

96 725 141 802 ter
154 714 321 782 Cassianus,
337 715 448 785 eiusque
462 711 565 786 collega
578 714 748 785 Germanus,
760 724 900 773 monaste·
954 725 983 772 et
996 716 1023 773 iu
1037 716 1253 787 collationibus,
1270 720 1348 792 plene
1368 721 1475 795 exigere
1486 723 1593 781 videtui
1604 733 1635 783 ut
1652 727 1753 801 aliquid

96 805 141 875 ria
150 783 500 858 cellasquemonachorum
514 786 728 855 perlustrantes,
743 786 859 843 subinde
871 787 901 842 in
954 786 988 844 de
1002 803 1033 844 ee
1047 798 1221 846 annotemus.
1237 791 1310 848 Cella
1331 792 1423 864 itaque
1440 799 1470 861 (a
1485 810 1538 868 qua
1555 796 1753 856 diminutivum

96 861 157 943 illis
175 861 209 915 ad
229 866 341 930 tenipus
357 856 550 938 morabantur,
570 865 601 913 nt
622 858 668 913 SS.
683 861 796 913 Petrum
815 858 900 914 collo·
954 860 1063 926 cellula)
1076 860 1149 916 dieta
1168 862 1303 932 estquod
1316 863 1342 919 in
1355 879 1386 920 ea
1404 864 1525 922 celentur
1551 882 1683 939 quaeesse
1702 886 1753 928 vo-

97 946 166 1015 quio
179 937 207 987 et
220 944 370 1012 congressu
379 927 484 984 diutius
496 925 665 996 lruereutur,
683 937 711 1010 et
724 944 821 985 eorum
837 928 903 985 doo-
956 931 1047 988 lumus
1056 933 1173 988 occulta.
1184 933 1255 989 Nem
1268 935 1361 991 omnis
1376 937 1487 992 loeusin
1498 909 1553 1007 quo
1562 940 1629 1010 quid
1640 943 1752 1012 reponi·

98 1012 222 1073 triuem,
241 1007 368 1058 instituta
392 1004 421 1054 et
443 1000 569 1071 exempla
591 1013 736 1056 memorrae
759 1015 902 1058 commen·
956 1010 1054 1058 turni
1078 1011 1211 1070 servetur,
1236 1004 1302 1060 nella
1325 1007 1485 1076 appellatur.
1514 1009 1611 1065 Cicero
1638 1009 1673 1067 de
1701 1013 1753 1069 Se-

99 1073 207 1132 tlmnt·
284 1142 290 1154 ,
352 1141 358 1153 ‚
401 1140 407 1151 ,
504 1139 510 1151 ,
610 1140 616 1151 ,
886 1142 893 1154 .
955 1079 1064 1129 nectute
1082 1093 1089 1128 ·.
1105 1075 1223 1144 Seiiiper,
1237 1074 1334 1145 iuquit,
1346 1077 1408 1131 boni
1425 1079 1581 1149 assiduique
1592 1082 1696 1137 domini
1714 1100 1754 1139 re·

136 1141 308 1201 ⁸ldeodaeie
322 1140 581 1222 triburtCassienus
592 1155 651 1196 viro
663 1147 758 1195 sancto
774 1155 843 1197 :uec
855 1157 904 1198 mi·
956 1146 1031 1212 serta
1050 1149 1090 1200 est
1108 1145 1174 1199 cella
1193 1146 1317 1209 asinario,
1339 1147 1450 1211 oleario,
1469 1150 1605 1214 mellaria,
1628 1157 1754 1222 pomariis

98 1233 176 1283 rum,
187 1212 411 1297 quandoquidem
422 1224 553 1282 ipsecum
566 1211 776 1293 nonnullisaliis
786 1213 902 1270 senserit
957 1218 1067 1282 (Festus
1082 1218 1223 1286 Pompeius
1237 1217 1286 1270 lib.
1305 1231 1355 1282 iii;
1371 1219 1491 1273 Isidorus
1508 1221 1556 1274 lid.
1575 1237 1616 1276 xv
1631 1227 1750 1292 Etpneol.

99 1287 276 1370 mendacium
296 1280 468 1363 officiosum,
479 1281 560 1362 'quod
572 1282 618 1337 bic
629 1291 709 1337 vocat
725 1284 901 1341 mendacium
956 1302 980 1341 e.
996 1288 1033 1356 s).
1049 1287 1101 1342 Sed
1116 1294 1145 1342 et
1159 1286 1290 1359 Virgilius
1300 1290 1411 1358 (deniq.
1427 1293 1470 1358 iv)
1486 1289 1610 1346 favorum
1624 1309 1753 1352 cavernas

101 1356 257 1439 charitatis,
272 1371 329 1411 nou
342 1352 427 1436 modo
440 1350 547 1407 licitum
567 1367 636 1415 esse,
650 1353 697 1408 sed
710 1361 739 1436 et
750 1354 900 1436 laudabile,
956 1356 1039 1412 cellas
1049 1357 1165 1423 vocavit,
1176 1373 1239 1414 cnm
1255 1358 1289 1414 de
1299 1358 1395 1432 apibus
1406 1358 1445 1415 ait
1456 1379 1462 1414 ι
1474 1362 1638 1417 lli'steiidiint
1647 1369 1753 1420 nectere

100 1446 135 1513 ac
149 1426 267 1486 subinde
286 1437 490 1492 necessarium,
519 1430 550 1505 ut
565 1438 608 1505 'ex
627 1424 826 1481 collationibus
841 1426 900 1498 pla·
957 1428 1045 1483 cellos.
1064 1431 1097 1483 Et
1116 1429 1188 1500 apud
1200 1429 1323 1485 ethnicos
1336 1431 1403 1486 celle
1418 1445 1480 1501 pars
1489 1433 1583 1503 templi
1595 1441 1652 1490 eret
1664 1450 1755 1491 sacra·

100 1516 164 1558 nius
187 1501 259 1579 liet.¹
273 1500 379 1553 Verum
397 1495 731 1577 hancopioionemnt
753 1493 850 1551 falsam
874 1504 902 1552 et
956 1498 1021 1565 tior,
1033 1498 1061 1554 in
1082 1515 1167 1570 quani
1188 1500 1292 1571 ingredi
1311 1501 1422 1557 cuilibet
1436 1501 1476 1556 las
1496 1517 1551 1558 nou
1565 1512 1624 1559 crat
1657 1504 1755 1563 Graeco

100 1585 187 1629 sacrae
200 1573 349 1652 bjcripturae
363 1574 532 1648 contrariam
545 1567 855 1646 gnaviterlimpuguavit
865 1568 898 1623 D.
956 1570 1059 1624 desedi.
1084 1571 1165 1628 Unde
1185 1569 1258 1642 apud
1277 1572 1393 1628 Gellium
1417 1572 1524 1644 legitur,
1547 1545 1704 1644 scipionem
1724 1577 1754 1633 in

100 1646 271 1724 Augustinus
290 1636 398 1722 duobus
415 1636 492 1692 libris
506 1637 541 1693 de
556 1636 699 1692 mendacio
719 1638 900 1709 conscriptis,
954 1639 1120 1710 Capitolium
1140 1642 1259 1708 venisse,
1272 1643 1438 1716 jussisseqiic
1450 1643 1528 1699 lovis
1541 1644 1636 1701 cellam
1652 1647 1753 1717 aperiri

100 1729 144 1770 eui
158 1719 218 1768 tota
233 1717 418 1783 posteriorum
433 1707 627 1780 theologorum
642 1708 736 1763 schola
751 1709 898 1776 consentit,
954 1712 1040 1777 (Neci.
1056 1714 1139 1768 Attio.
1154 1713 1200 1767 lio.
1214 1727 1262 1768 vii
1276 1730 1335 1785 cop.
1354 1717 1391 1780 l).
1408 1718 1445 1769 At
1457 1714 1486 1769 in
1505 1730 1558 1770 usu
1571 1718 1753 1775 ecclesiastico

100 1784 235 1855 donetque
255 1796 340 1863 omne
361 1778 534 1861 mendacium
552 1794 611 1834 esse
628 1786 793 1861 ‘peccatam
813 1795 901 1851 neque
952 1781 1028 1837 oellae
1045 1782 1164 1851 primum
1177 1782 1257 1839 dictae
1271 1792 1337 1840 sunt
1348 1784 1533 1851 domunculae,
1545 1801 1592 1842 seu
1606 1803 1688 1857 paria
1702 1789 1754 1844 do·

100 1869 233 1926 umquam
249 1851 455 1934 mentiendum,
470 1857 555 1906 etiam
570 1857 600 1905 nt
611 1850 666 1905 silii
685 1866 746 1932 quis
765 1851 807 1905 vel
821 1851 899 1906 alteri
958 1852 1060 1909 micitia
1076 1852 1291 1923 monachorum,
1301 1870 1351 1911 seu
1363 1855 1600 1923 anachoretarum,
1613 1858 1640 1913 in
1654 1859 1755 1930 quibus

99 1942 184 2000 quam
195 1924 316 1981 maxime
323 1931 417 1994 prosit.
426 1923 592 1991 Nequeeiiim
602 1921 903 1994 idenaitAugnstiuus,
959 1922 1083 1989 latentes,
1101 1923 1236 1990 orationi,
1256 1925 1495 1997 contemplationi,
1516 1928 1629 1999 aliisque
1647 1931 1754 1987 exerci-

102 1998 270 2083 mendacium
276 1994 428 2076 petundum
437 1997 537 2076 estnon
549 2008 603 2047 csse
612 1997 757 2075 peccatum,
769 1994 834 2062 quia
844 2008 906 2063 pos·
957 1993 1004 2049 tiis
1019 1995 1151 2050 vacabant
1175 1994 1202 2050 in
1216 1995 1284 2051 locis
1296 1995 1410 2051 remotis
1426 2004 1453 2051 et
1466 1998 1596 2053 solitariis
1614 2019 1620 2054 ε
1636 2016 1754 2070 quarum

102 2084 187 2153 ternus
200 2066 348 2137 aliquando
361 2067 444 2148 aliem
452 2064 578 2134 prodesse
587 2063 736 2147 mentiendo
746 2081 754 2117 i
763 2078 904 2133 possemne
919 2100 944 2162 B
957 2065 1086 2121 meminit
1100 2066 1179 2120 divus
1201 2064 1389 2137 llieronymus
1403 2067 1431 2121 iu
1451 2067 1564 2137 epistola
1577 2073 1611 2123 22
1623 2078 1652 2124 et
1663 2075 1697 2125 27
1720 2072 1754 2127 ad

101 2156 175 2197 mmm
193 2143 219 2194 et
239 2137 374 2219 furnodo,
388 2151 414 2191 si
424 2151 532 2218 pauper
551 2151 596 2217 cni
615 2134 709 2204 polam
721 2135 806 2189 datur
822 2137 904 2191 sentit
956 2136 1133 2193 Eustochium
1142 2140 1188 2203 (Et
1197 2139 1314 2206 preerat.
1328 2139 1358 2191 in
1368 2139 1435 2205 lieo.
1446 2138 1473 2193 S.
1487 2139 1646 2206 Pocbemr'i).
1658 2143 1754 2198 Postea

103 2209 281 2272 oommodum‚
289 2213 314 2264 et
322 2208 395 2262 diues
406 2206 640 2288 ceticlemttollitnr
648 2221 702 2259 non
711 2208 793 2260 sentit
802 2208 901 2261 i'iiconi·
956 2222 1022 2263 vero
1038 2207 1148 2279 quidam
1165 2206 1215 2261 viri
1239 2206 1327 2262 sancti
1351 2206 1480 2263 etiamid
1502 2207 1616 2264 urbibus
1637 2218 1663 2264 et
1677 2220 1753 2267 extre

104 2281 227 2337 modum
247 2283 329 2362 l’orro
340 2292 404 2359 cum
418 2277 492 2358 aliud
507 2284 543 2331 sit
555 2275 678 2340 mentiri,
698 2275 772 2331 aliud
787 2275 902 2332 obscure
955 2277 1038 2333 urbes
1051 2277 1131 2333 cellas
1150 2276 1250 2333 babere
1267 2286 1432 2349 coeperunt:
1455 2291 1511 2348 quo
1526 2277 1629 2334 iactum
1643 2288 1695 2348 est,
1709 2289 1753 2348 ut,

103 2351 149 2434 vel
163 2349 378 2431 amphibologice
395 2349 467 2430 loqui
484 2352 560 2414 (nam
573 2347 620 2418 qni
633 2347 720 2402 utitur
732 2346 902 2417 amphibolo-
955 2348 1179 2404 concurrentibus
1188 2348 1216 2403 iu
1226 2364 1313 2404 unum
1324 2347 1464 2416 iratribus,
1472 2357 1499 2402 et
1507 2349 1559 2404 sub
1568 2365 1665 2405 eornm
1675 2351 1756 2408 disci·

101 2438 160 2496 gia,
173 2429 224 2477 aut
237 2429 318 2476 tacita
337 2428 526 2486 restrictione,
540 2433 597 2473 non
612 2417 729 2474 intendit
743 2417 841 2473 lalsum
855 2431 901 2473 as·
955 2417 1029 2489 plina
1044 2419 1213 2491 aggregatis,
1229 2418 1348 2476 humiles
1359 2427 1387 2474 et
1400 2419 1622 2490 contemptibiles
1642 2422 1716 2478 cellae
1726 2423 1755 2478 in

101 2507 194 2550 serere
209 2507 259 2563 pro
275 2505 347 2555 iero,
368 2498 529 2573 eutlnegaie
543 2487 683 2572 quod-scit
694 2496 741 2545 aut
756 2496 832 2560 putat
843 2503 902 2544 esse
956 2490 1047 2615 ampla
1060 2498 1086 2544 et
1096 2489 1238 2561 splendida
1248 2490 1411 2547 monasteria
1425 2490 1523 2560 passim
1534 2501 1750 2565 consurgerent:

101 2576 215 2634 rerum,
233 2561 307 2645 quod
330 2575 440 2643 proprie
455 2569 496 2616 est
515 2566 646 2642 mentiri,
659 2560 712 2615 hoc
729 2566 785 2621 est,
806 2566 903 2614 contra
958 2575 995 2615 un
1015 2560 1194 2617 eetiamnum
1209 2560 1297 2617 multa
1309 2561 1433 2617 coenobia
1454 2570 1561 2617 retento
1575 2562 1689 2633 antiquo
1709 2579 1756 2620 vo-

100 2642 226 2693 mentem
238 2648 289 2699 ire,
305 2640 352 2688 aut
365 2634 466 2703 loqui),
484 2629 564 2687 laeile
582 2633 672 2702 potuit
685 2631 773 2685 honus
786 2630 833 2686 ille
845 2645 905 2686 ere-
957 2630 1055 2686 cabulo
1078 2634 1153 2688 cellae
1174 2641 1375 2701 nuncupantur,
1399 2639 1430 2687 ut
1452 2632 1559 2688 notant
1581 2635 1707 2689 llolaous
1725 2635 1755 2690 in

101 2706 171 2763 inita
186 2722 202 2762 a
218 2702 362 2760 mendacio
377 2703 486 2775 proprie
497 2702 571 2758 dicto
585 2701 795 2766 ermenricum
809 2716 904 2757 revera
958 2703 1156 2772 blertyrologio
1168 2703 1248 2772 (Adit
1259 2708 1285 2758 et
1297 2708 1330 2757 27
1344 2704 1482 2769 Nor-emb,
1492 2708 1518 2758 et
1530 2706 1558 2757 i'ii
1567 2705 1696 2760 Annolib,
1706 2706 1755 2762 SS.

101 2793 184 2835 suam
203 2775 332 2832 cellulam
354 2772 526 2830 venientibus
543 2772 660 2829 libenter
680 2771 858 2843 relinqueret,
877 2779 905 2826 et
955 2773 1081 2842 boletis
1095 2774 1234 2841 Oetoh.,et
1248 2775 1318 2828 olibi
1336 2817 1342 2830 .
1360 2777 1394 2829 D.
1411 2775 1493 2829 etiam
1509 2774 1671 2832 Benedictus
1702 2790 1756 2831 uo·

101 2849 186 2904 aliam
202 2846 257 2902 sibi
277 2843 376 2927 deinde
386 2851 571 2901 construeret:
588 2859 620 2900 ac
631 2858 740 2899 rursum
752 2843 811 2898 aliis
823 2850 905 2912 atque
956 2843 1018 2898 dam
1035 2843 1096 2899 loco
1108 2845 1182 2900 cella
1195 2845 1306 2900 nomine
1317 2774 1511 2900 dormitorium
1526 2845 1652 2916 intelligit
1663 2885 1671 2913 ,
1683 2790 1755 2901 hum

101 2920 166 2976 eliis
194 2916 450 2998 supervenientibus
477 2924 588 2987 paratus
613 2923 685 2970 esset
706 2913 813 2971 cedere.
841 2916 902 2984 Quo
955 2914 1491 2984 aitzdciidelojiiqitorordootineoderii
1500 2916 1755 2985 celloiesquemnne.

54 2996 59 3005 '
102 2991 186 3047 etiarn
200 2987 374 3045 modoaliud
392 2986 732 3069 exemplum,quodsscep.
756 2991 791 3042 39
805 2999 902 3041 uerre-
955 2985 1018 3057 Cap.
1037 2990 1080 3040 22.
1092 2987 1123 3041 ln
1129 2987 1192 3058 jure
1201 2987 1331 3042 canonico
1340 2987 1416 3042 cellae
1429 2986 1757 3058 monachorumduplices

103 3070 161 3129 teir,
177 3062 301 3134 prudens
315 3059 402 3115 lector
415 3058 494 3114 lacile
508 3074 523 3112 a
537 3054 673 3114 mendacii
692 3056 772 3126 culpa
787 3071 902 3111 excusa·
955 3071 987 3112 ex
1010 3055 1157 3113 rimuntur.
1172 3058 1240 3114 Alite
1251 3057 1325 3112 enim
1339 3064 1403 3113 sunt
1415 3057 1486 3112 iutra
1499 3065 1575 3127 septa
1588 3058 1756 3127 monasterii,

101 3133 157 3200 bit,
175 3145 343 3204 quamquam
361 3129 466 3211 nonsit
479 3127 531 3210 hac
542 3129 576 3185 de
589 3143 620 3183 re
633 3127 717 3183 nimis
730 3128 810 3184 anxie
827 3127 902 3183 labo·
956 3072 1007 3184 seg
1016 3136 1091 3184 eitra
1108 3143 1255 3185 commuue
1267 3127 1482 3195 dormitorium,
1498 3141 1565 3199 quas
1579 3135 1650 3182 vetat
1665 3143 1755 3184 canon

105 3203 234 3260 randum.
252 3204 314 3258 lloii
333 3215 408 3256 enim
420 3198 552 3281 quidquid
564 3199 599 3255 de
613 3199 678 3255 viris
689 3198 805 3265 sanctis,
821 3198 861 3254 iel
874 3196 904 3253 lu
957 3197 1078 3255 consiliii
1102 3199 1266 3271 Agathensie
1289 3199 1402 3271 siugulis
1435 3197 1577 3253 monachis
1602 3199 1758 3270 promiscue

106 3276 265 3357 scriptura,
286 3272 328 3327 rel
344 3271 424 3336 alibi,
449 3270 579 3341 legimus,
600 3269 629 3325 id
649 3268 780 3325 contiuuo
799 3269 904 3325 licitum
957 3269 1194 3335 coiicedi,uedum
1204 3268 1238 3325 ab
1248 3269 1315 3340 ipsis
1327 3269 1435 3343 propria
1449 3269 1611 3325 erictoritate
1624 3270 1756 3339 construi,

104 3354 157 3404 aut
174 3344 335 3427 imitandum
352 3341 464 3398 credere
480 3341 630 3407 debemus,
646 3355 709 3395 cum
723 3348 830 3395 constet
846 3339 906 3395 illos
958 3339 1006 3395 sed
1018 3347 1127 3395 tautum
1145 3340 1263 3396 inllrmis
1281 3351 1330 3396 aut
1342 3340 1495 3396 senioribus
1514 3341 1636 3395 emeritis
1650 3349 1678 3396 et
1691 3355 1758 3413 pro-

104 3430 272 3474 convixisse
294 3414 397 3484 absque
412 3419 536 3484 peceato,
559 3411 657 3468 saltem
677 3410 793 3476 veniali,
815 3410 906 3483 eujus·
959 3409 1037 3466 batis.
1062 3410 1129 3466 Aliae
1147 3419 1210 3467 sunt
1224 3410 1298 3468 cellae
1318 3410 1493 3466 eremitarum
1512 3419 1559 3466 aut
1581 3411 1758 3469 anachoreta·

102 3488 183 3545 modi
197 3494 261 3544 sunt
275 3485 489 3555 mendaciaque
503 3483 633 3539 dicuntur
646 3481 781 3550 olllciosa,
793 3497 856 3554 quae
866 3489 907 3536 te·
922 3465 946 3530 C
962 3496 1034 3543 rum,
1047 3491 1123 3537 eirira
1135 3483 1216 3538 urbes
1229 3481 1259 3537 iu
1272 3482 1338 3537 locis
1350 3481 1463 3538 desertis
1477 3489 1525 3536 aut
1534 3483 1649 3538 remotis
1657 3484 1759 3540 consti·

103 3575 170 3618 nien
187 3561 220 3613 l).
234 3557 403 3640 Augustinus
418 3556 499 3611 docet
513 3570 567 3610 non
579 3568 639 3610 esse
653 3553 767 3610 minima
783 3561 903 3624 peccata,
958 3560 1042 3618 tutae,
1057 3552 1089 3608 de
1108 3552 1209 3623 quibus
1227 3553 1347 3623 loquitur
1360 3550 1514 3608 Boniiacius
1534 3561 1645 3610 octavus
1665 3556 1759 3626 ponti-

104 3640 133 3688 et
147 3631 214 3686 viris
227 3628 353 3700 perlectis
364 3625 487 3682 studiose
502 3625 632 3682 cavenda.
653 3627 703 3680 Est
716 3633 847 3708 praeterea
860 3623 904 3679 hic
958 3623 999 3678 lei
1013 3640 1071 3692 eep.
1086 3624 1522 3694 Prioilepi'nm,del⁷erb.s1qiiif.,
1537 3625 1564 3680 in
1577 3634 1654 3681 sexto
1665 3628 1760 3697 (Apud

103 3698 320 3765 observandum,
338 3697 507 3765 lieecierba,
541 3711 584 3753 uae
601 3694 904 3764 mendaciosullragari
960 3697 1088 3752 Gintmii.
1107 3697 1159 3761 18,
1184 3713 1212 3766 q.
1228 3701 1254 3760 2,
1267 3711 1325 3767 cnp.
1351 3695 1542 3761 ll'iilliis),ubi
1558 3699 1698 3766 percellas
1713 3696 1760 3753 de-

103 3773 244 3839 ridentur,
268 3787 284 3827 a
311 3767 443 3852 Dionysio
469 3713 665 3829 eitherium,
691 3767 748 3849 ,qui
782 3765 904 3823 Cassiani
959 3765 1046 3821 clarat
1059 3783 1088 3822 sc
1102 3766 1251 3838 intelligere
1268 3766 1327 3823 loca
1341 3773 1444 3822 secreta
1459 3773 1486 3820 et
1506 3768 1627 3823 solitarie
1646 3781 1708 3836 quie
1722 3766 1758 3822 ab

104 3844 261 3903 doctrinam
282 3855 359 3897 omni
375 3854 469 3895 errore
486 3839 623 3895 detersam
638 3837 765 3893 exhibere
785 3837 904 3904 studuit,
960 3836 1107 3893 hominum
1125 3846 1249 3909 separata
1264 3837 1408 3907 convictu,
1429 3844 1494 3892 sunt
1515 3837 1549 3892 ad
1570 3837 1760 3906 contemplan-

103 3915 232 3972 eonsultn
260 3910 444 3983 preetermissa
467 3925 539 3978 esse,
566 3908 799 3980 quemadmodum
824 3916 850 3964 et
874 3923 906 3962 ee
960 3906 1027 3963 dnm
1051 3916 1079 3964 et
1106 3911 1166 3965 Deo
1190 3908 1342 3965 vacandum
1375 3906 1527 3977 specialiter
1552 3905 1690 3974 deputata.
1717 3906 1761 3962 Ad

144 4001 170 4044 te
195 3987 229 4042 de
249 3985 345 4041 eadem
370 3981 523 4037 mentiendi
555 3979 665 4035 licentia
686 3979 768 4033 latins
796 3978 907 4034 disserit
959 3979 1190 4035 e'usmodicellas
1210 3994 1288 4050 posse
1303 3978 1447 4050 religiosos
1467 3977 1552 4030 etiam
1574 3974 1761 4032 mendicantes

104 4002 191 4115 ¹§hbes
203 4055 305 4128 loseph
326 4053 445 4122 acepite
461 4060 556 4108 octavo
571 4065 656 4120 usque
672 4048 705 4105 ad
723 4048 805 4103 linem
822 4049 907 4104 colle-
960 3995 996 4103 de
1012 4049 1119 4104 licentia
1139 4050 1314 4122 praelatorum
1333 4063 1446 4104 suorum
1470 4046 1588 4102 transire
1607 4045 1762 4102 decernitur

108 4129 192 4186 tionis
202 4127 319 4185 decimae
330 4124 465 4192 septimae.
481 4123 624 4179 Ediveiso
635 4128 727 4175 autem
740 4118 907 4190 deprehendi
960 4134 1021 4188 cap.
1043 4121 1124 4175 unico
1147 4120 1181 4176 de
1204 4123 1309 4175 Excess.
1337 4119 1491 4187 praelatoi.,
1514 4117 1543 4170 in
1571 4123 1658 4170 sexto.
1689 4114 1760 4170 lllud

109 4201 245 4257 innostro
260 4213 313 4254 ms.
330 4195 547 4251 additamentum
560 4192 701 4266 quoddam
713 4190 778 4247 huic
791 4192 852 4246 loco
867 4190 909 4245 in·
962 4195 1092 4260 praeterea
1106 4189 1140 4246 de
1159 4188 1234 4245 cellis
1246 4199 1273 4243 et
1285 4188 1386 4244 cellulis
1410 4185 1610 4242 monachorum
1625 4186 1762 4242 succurrit

106 4280 211 4330 sertum
228 4269 345 4342 postilla
360 4265 459 4332 rerba,
475 4266 704 4321 etmmsimiiii'me
721 4262 906 4332 affuissemus,
961 4260 1167 4325 annotandum,
1184 4260 1304 4331 singulas
1317 4257 1434 4330 singulis
1453 4256 1595 4313 monachis
1610 4272 1641 4311 eii
1659 4272 1711 4312 usu
1734 4265 1762 4313 et

107 4346 269 4413 emmunim
294 4338 332 4395 ibi
351 4338 426 4393 enim
447 4336 572 4393 subditur
594 4353 601 4391 i
627 4336 751 4392 cliiiri‘tos
770 4336 843 4389 serni
859 4335 909 4389 liei
962 4331 1089 4387 instituto
1117 4341 1240 4387 veterum
1266 4333 1377 4387 Petrum
1397 4324 1526 4402 assignari
1545 4329 1633 4384 solere
1656 4343 1688 4384 ec
1712 4327 1760 4384 de·

106 4416 186 4472 debet
194 4413 307 4468 mederi·
313 4409 484 4479 3ecemplum
496 4424 558 4463 uero
568 4407 711 4469 mendacii,
726 4406 909 4476 qnodsempor
961 4403 1034 4458 bere.
1051 4404 1124 4458 Nam
1150 4401 1200 4457 etsi
1218 4402 1368 4474 reperimus
1389 4399 1493 4473 priscos
1513 4399 1663 4455 monachos
1683 4399 1760 4455 bebi·

260 4488 310 4547 est,
328 4481 481 4552 iepiidi’nri'.
495 4482 567 4537 Nom
578 4479 649 4549 quod
662 4479 715 4549 filii
725 4480 789 4541 Dei,
800 4478 853 4546 tilii
864 4477 908 4530 ei·
962 4483 1034 4529 tasse
1056 4473 1221 4545 quandoque
1260 4473 1331 4528 luces
1345 4471 1372 4527 in
1391 4487 1447 4527 una
1461 4471 1555 4527 cellnlu
1576 4471 1618 4543 (id
1638 4470 1712 4527 enim
1726 4469 1761 4528 de

106 4558 203 4614 delicet
215 4557 346 4620 oeiitotis,
356 4552 432 4606 iiiillo
442 4566 554 4621 prorsus
572 4550 650 4604 mode
662 4551 772 4604 mentiri
781 4548 906 4610 debeant,
961 4544 1187 4601 Tabennensiotis
1211 4489 1295 4600 referi
1316 4542 1489 4611 Palladius),
1513 4551 1604 4598 tamen
1619 4550 1649 4598 ut
1674 4541 1761 4599 multo

39 4658 44 4663 ·
106 4630 201 4685 benno
211 4627 391 4696 dispostione,
405 4625 545 4692 ceterique
555 4624 649 4675 Patres
665 4619 810 4688 multiplici
823 4633 909 4674 esser·
962 4617 1049 4673 tutius
1067 4626 1095 4673 et
1112 4614 1286 4672 commodius
1298 4614 1420 4684 singulos
1435 4615 1582 4686 separatim
1602 4613 1709 4686 degere,
1725 4613 1762 4669 ite

106 4702 183 4756 tione
194 4699 348 4768 effiminat.
364 4694 434 4763 Quae
453 4693 534 4748 verba
547 4706 604 4746 uon
620 4705 679 4745 esse
694 4690 824 4756 Cassiani,
839 4704 908 4747 con·
962 4697 990 4743 et
1008 4687 1175 4761 frequentius
1192 4695 1220 4742 et
1238 4685 1367 4741 usitatius
1385 4683 1466 4740 luisse
1480 4685 1624 4744 discimus,
1640 4684 1762 4753 primum

106 4779 203 4827 textus
222 4770 289 4824 satis
306 4764 429 4831 indicat,
444 4779 508 4819 cum
532 4778 583 4818 nec
604 4758 836 4833 antecedentibus,
858 4774 909 4814 nec
962 4775 994 4815 ci
1009 4760 1133 4821 Philone,
1148 4757 1194 4828 qui
1209 4757 1244 4812 de
1256 4754 1423 4825 therapeutis
1438 4753 1627 4810 Alexandrinis
1647 4753 1684 4804 ita
1696 4753 1762 4807 scri·

106 4839 341 4911 consequentibus
363 4835 533 4900 colieereant3
551 4848 601 4889 nec
615 4833 644 4888 in
663 4831 721 4887 aliis
740 4831 947 4957 exemplari-1)
963 4831 1005 4886 bit
1018 4831 1087 4896 (tio,
1104 4829 1137 4882 de
1152 4830 1216 4883 Vite
1229 4827 1357 4895 contem.)
1373 4825 1594 4892 :Siiiqiili‘ontcm
1606 4823 1763 4876 linbeiitse·

103 4913 161 4971 liris
175 4911 357 4983 reperiantur.
375 4909 468 4977 ltaque
481 4907 608 4962 videntur
621 4903 742 4976 primum
755 4903 792 4959 ali
804 4918 819 4957 a
832 4903 907 4973 ique,
963 4917 1021 4956 cros
1031 4900 1167 4960 redimens,
1179 4899 1227 4951 nbi
1235 4899 1353 4953 solitarii
1362 4900 1462 4950 sunctae
1473 4895 1537 4946 oitoe
1546 4895 1682 4965 mysteriis
1695 4893 1764 4948 dant

104 4984 156 5057 qui
170 4977 420 5039 huncerroremde
432 4977 575 5034 mendacio
590 4983 684 5032 notare
696 4974 820 5039 voluerii,
834 4989 910 5029 mar·
962 4987 1080 5042 opimam.
1106 4971 1144 5023 lle
1164 4968 1225 5038 qiiis
1251 4982 1314 5022 vero
1336 4967 1530 5034 interpretetur
1548 4962 1644 5018 sacella
1670 4963 1762 5034 potius

105 5055 166 5130 gini
182 5053 313 5123 ascripta,
327 5056 420 5121 postea
434 5065 498 5105 vero
510 5047 651 5118 scriptoris
663 5045 908 5116 alicujusiuscitie,
962 5043 1045 5098 luisse
1065 5055 1149 5112 quam
1175 5038 1272 5104 cellas,
1295 5035 1420 5107 prohibet
1441 5035 1516 5090 idem
1538 5034 1614 5089 Philo
1636 5036 1757 5092 scribens

107 5127 150 5185 rel
164 5125 285 5188 incuria,
298 5124 327 5179 in
345 5127 449 5178 textum
467 5120 558 5191 ipsum
573 5118 725 5189 irrepsisse.
741 5115 795 5172 Sed
813 5115 847 5172 de
866 5116 909 5171 his
963 5113 1072 5178 (Euseb.
1093 5112 1141 5165 lib.
1160 5110 1258 5166 Eccles.
1281 5111 1364 5175 Hist,
1378 5123 1400 5162 c.
1416 5107 1472 5176 10),
1491 5114 1590 5178 piaeter
1601 5105 1650 5162 has
1664 5106 1756 5195 singu-

105 5197 186 5271 plura
204 5197 239 5252 ad
253 5193 431 5252 collationem
450 5191 586 5248 decimam
606 5189 765 5259 septimam,
963 5185 1054 5240 lorum
1074 5182 1157 5239 cellas
1171 5180 1307 5237 exstitisse
1325 5179 1398 5252 apud
1412 5194 1460 5235 eos
1471 5192 1617 5234 commune
1629 5197 1755 5249 σεμνειον,

143 5263 158 5301 ¹²
184 5268 280 5325 Simile
303 5266 460 5333 exemplum
485 5262 591 5318 abbatis
611 5261 754 5334 cujusdam
775 5256 907 5314 Dorothei
962 5271 1016 5339 quo
1028 5255 1105 5311 statis
1119 5253 1215 5309 diebus
1225 5252 1355 5323 horisque
1366 5250 1402 5307 ad
1416 5249 1591 5306 celebrandis
1605 5249 1656 5304 Dei
1667 5249 1760 5306 landes

107 5347 203 5397 narrat
217 5336 355 5394 Palladius
368 5336 439 5391 llist.
455 5333 599 5399 lausiac,
612 5348 671 5404 cap.
686 5336 712 5384 2.
731 5334 757 5385 ls
771 5328 855 5395 enini,
872 5329 910 5384 iu·
961 5327 1138 5399 liturgiasque
1157 5324 1345 5380 convenirent.
1373 5327 1403 5377 2ο
1430 5324 1469 5377 Ei
1490 5321 1595 5392 Regula
1621 5320 1759 5377 Pachomii

106 5411 179 5485 quit,
194 5418 256 5466 toto
275 5409 331 5473 die,
346 5413 427 5476 atque
441 5405 509 5462 adeo
524 5405 553 5461 iii
570 5405 629 5474 ipso
643 5412 711 5460 aestu
728 5400 864 5465 meridiei,
880 5399 909 5455 iu
962 5408 1015 5455 ort.
1035 5404 1065 5454 bi
1082 5398 1150 5455 :Ad
1161 5399 1274 5452 ulter-ins
1289 5395 1412 5452 cellulam
1422 5395 1527 5448 intrare
1540 5393 1631 5447 nnlliis
1644 5394 1761 5459 audenti

110 5481 263 5539 solitudine
278 5481 359 5553 justa
383 5493 459 5533 mare
480 5476 624 5602 colligebat
643 5473 763 5546 lapides,
778 5479 850 5528 etex
870 5471 911 5527 eis
965 5479 993 5526 et
1015 5479 1066 5526 art.
1087 5474 1121 5524 65
1138 5490 1143 5524 :
1159 5470 1236 5526 Niln'l
1247 5471 1276 5522 iit
1294 5469 1418 5523 collesiio
1432 5466 1529 5535 absque
1546 5467 1688 5536 prepositi
1705 5463 1763 5533 jus·

112 5564 220 5625 semper
238 5551 382 5609 edificans
399 5555 426 5606 et
446 5549 528 5604 cellas
562 5547 669 5608 aciens,
684 5561 730 5601 eas
750 5544 865 5602 cedebat
879 5542 912 5598 iis
965 5545 1038 5598 sione
1054 5543 1189 5613 quispiam
1211 5541 1305 5595 condet
1319 5539 1405 5606 (Vide
1421 5541 1502 5593 etiem
1526 5543 1580 5591 ort.
1604 5543 1637 5590 43
1660 5540 1685 5590 et
1700 5538 1762 5601 45).

151 5623 161 5678 i
186 5640 241 5681 non
303 5633 391 5679 terent
406 5620 555 5683 tedihcare,
579 5616 696 5690 singulis
718 5616 797 5672 aunis
816 5617 911 5670 cellam
967 5618 996 5668 3⁰
1013 5619 1049 5668 liii
1066 5618 1098 5667 t).
1116 5613 1286 5683 Hieronymo
1306 5610 1385 5682 epist.
1406 5615 1440 5666 22
1452 5610 1486 5665 ad
1505 5607 1700 5675 Eustochium,
1718 5604 1764 5662 ubi

114 5636 224 5752 &ciens
242 5704 261 5748 A
276 5694 321 5750 iud
338 5694 403 5751 item
418 5691 508 5749 simile
519 5690 553 5746 de
567 5689 717 5745 Ammonio
732 5687 814 5743 relert
831 5685 912 5742 Rull-
965 5684 999 5741 de
1013 5684 1158 5740 coenobitis
1173 5683 1304 5756 AEgyptiis
1318 5698 1418 5755 agens:
1434 5683 1553 5742 Alcaeiit,
1567 5678 1667 5747 inquii.
1685 5692 1765 5799 seqre·

110 5780 165 5822 uus
185 5767 214 5823 iri
235 5766 306 5821 Vitis
320 5768 379 5822 Pat.
405 5766 423 5819 Ι.
446 5778 469 5819 ii
482 5779 542 5834 cap.
556 5768 605 5831 23,
624 5768 652 5816 et
668 5760 769 5815 Pallad.
789 5774 847 5830 cap.
866 5762 909 5812 70.
965 5759 1031 5820 ruti,
1045 5756 1092 5810 sed
1101 5757 1205 5826 junctis
1217 5755 1331 5810 cellulis.
1346 5757 1378 5808 Et
1389 5751 1459 5808 inira
1474 5773 1480 5807 :
1498 5753 1667 5808 circii-mount
1680 5764 1708 5800 cc
1720 5747 1764 5799 ln-

109 5838 198 5895 Porro
211 5838 341 5909 frequens
358 5836 434 5895 ceila
452 5842 480 5891 et
491 5833 596 5892 cellulae
611 5831 719 5888 mentio
737 5831 765 5886 in
778 5828 821 5886 his
834 5827 912 5886 libris
966 5829 1189 5898 lestinqnloriim.
1204 5830 1237 5883 Et
1245 5827 1327 5899 epist.
1342 5828 1376 5880 21
1389 5843 1395 5879 :
1408 5823 1490 5892 Cujus
1501 5836 1553 5876 non
1564 5819 1675 5872 intravit
1685 5815 1766 5869 cellu-
