<?xml version="1.0" encoding="UTF-8"?>
<!DOCTYPE html PUBLIC "-//W3C//DTD XHTML 1.0 Transitional//EN"
    "http://www.w3.org/TR/xhtml1/DTD/xhtml1-transitional.dtd">
<html xmlns="http://www.w3.org/1999/xhtml" xml:lang="en" lang="en">
 <head>
  <title>
</title>
<meta http-equiv="Content-Type" content="text/html;charset=utf-8" />
  <meta name='ocr-system' content='tesseract 3.04.00' />
  <meta name='ocr-capabilities' content='ocr_page ocr_carea ocr_par ocr_line ocrx_word'/>
</head>
<body>
  <div class='ocr_page' id='page_1' title='image "./patrologiaecurs29unkngoog_0647.png"; bbox 0 0 3848 6158; ppageno 0'>
   <div class='ocr_carea' id='block_1_1' title="bbox 132 215 1788 287">
    <p class='ocr_par' dir='ltr' id='par_1_1' title="bbox 132 215 1788 287">
     <span class='ocr_line' id='line_1_1' title="bbox 132 215 1788 287; baseline 0.002 -12"><span class='ocrx_word' id='word_1_1' title='bbox 132 220 196 276; x_wconf 74' lang='lat' dir='ltr'><strong>lest</strong></span> <span class='ocrx_word' id='word_1_2' title='bbox 600 215 770 275; x_wconf 76' lang='lat' dir='ltr'><strong>cottana</strong></span> <span class='ocrx_word' id='word_1_3' title='bbox 788 218 881 275; x_wconf 70' lang='lat' dir='ltr'><strong>xxti.</strong></span> <span class='ocrx_word' id='word_1_4' title='bbox 901 248 936 259; x_wconf 94' lang='lat'><em>-</em></span> <span class='ocrx_word' id='word_1_5' title='bbox 956 218 1000 273; x_wconf 87' lang='lat' dir='ltr'><strong>DE</strong></span> <span class='ocrx_word' id='word_1_6' title='bbox 1018 215 1323 274; x_wconf 65' lang='lat' dir='ltr'><strong>santificatione.</strong></span> <span class='ocrx_word' id='word_1_7' title='bbox 1719 230 1788 287; x_wconf 70' lang='lat'><strong>{282</strong></span> 
     </span>
    </p>
   </div>
   <div class='ocr_carea' id='block_1_2' title="bbox 130 338 1792 1167">
    <p class='ocr_par' dir='ltr' id='par_1_2' title="bbox 130 338 1792 1167">
     <span class='ocr_line' id='line_1_2' title="bbox 130 338 1785 422; baseline 0.005 -23"><span class='ocrx_word' id='word_1_8' title='bbox 130 349 286 409; x_wconf 87' lang='lat' dir='ltr'><strong>summata,</strong></span> <span class='ocrx_word' id='word_1_9' title='bbox 301 341 412 399; x_wconf 90' lang='lat' dir='ltr'><strong>illorum</strong></span> <span class='ocrx_word' id='word_1_10' title='bbox 432 338 526 414; x_wconf 79' lang='lat' dir='ltr'><strong>vigim</strong></span> <span class='ocrx_word' id='word_1_11' title='bbox 541 349 658 415; x_wconf 90' lang='lat' dir='ltr'><strong>quatuor</strong></span> <span class='ocrx_word' id='word_1_12' title='bbox 678 343 830 412; x_wconf 88' lang='lat' dir='ltr'><strong>seniorum,</strong></span> <span class='ocrx_word' id='word_1_13' title='bbox 845 341 890 414; x_wconf 89' lang='lat' dir='ltr'><strong>qai</strong></span> <span class='ocrx_word' id='word_1_14' title='bbox 905 343 932 398; x_wconf 94' lang='lat' dir='ltr'><strong>in</strong></span> <span class='ocrx_word' id='word_1_15' title='bbox 947 347 974 409; x_wconf 77' lang='grc' dir='ltr'><strong>Α</strong></span> <span class='ocrx_word' id='word_1_16' title='bbox 988 356 1156 410; x_wconf 88' lang='lat' dir='ltr'><strong>sermonem,</strong></span> <span class='ocrx_word' id='word_1_17' title='bbox 1171 356 1227 413; x_wconf 92' lang='lat' dir='ltr'><strong>quo</strong></span> <span class='ocrx_word' id='word_1_18' title='bbox 1241 348 1317 397; x_wconf 87' lang='lat' dir='ltr'><strong>tauta</strong></span> <span class='ocrx_word' id='word_1_19' title='bbox 1336 340 1511 414; x_wconf 81' lang='lat' dir='ltr'><strong>profunditas</strong></span> <span class='ocrx_word' id='word_1_20' title='bbox 1526 354 1705 418; x_wconf 88' lang='lat' dir='ltr'><strong>promeretur,</strong></span> <span class='ocrx_word' id='word_1_21' title='bbox 1721 365 1785 422; x_wconf 92' lang='lat' dir='ltr'><strong>pro·</strong></span> 
     </span>
     <span class='ocr_line' id='line_1_3' title="bbox 131 432 1792 513; baseline 0.006 -22"><span class='ocrx_word' id='word_1_22' title='bbox 131 440 225 491; x_wconf 88' lang='lat' dir='ltr'><strong>sancta</strong></span> <span class='ocrx_word' id='word_1_23' title='bbox 240 433 406 506; x_wconf 72' lang='lat' dir='ltr'><strong>Apocalypsi</strong></span> <span class='ocrx_word' id='word_1_24' title='bbox 420 434 514 505; x_wconf 80' lang='lat' dir='ltr'><strong>(Apoe.</strong></span> <span class='ocrx_word' id='word_1_25' title='bbox 534 435 580 507; x_wconf 90' lang='grc' dir='ltr'><strong>ιιι)</strong></span> <span class='ocrx_word' id='word_1_26' title='bbox 596 449 711 492; x_wconf 77' lang='lat' dir='ltr'><strong>maenas</strong></span> <span class='ocrx_word' id='word_1_27' title='bbox 723 450 787 493; x_wconf 88' lang='lat' dir='ltr'><strong>suas</strong></span> <span class='ocrx_word' id='word_1_28' title='bbox 800 440 879 508; x_wconf 79' lang='lat' dir='ltr'><strong>Agna</strong></span> <span class='ocrx_word' id='word_1_29' title='bbox 890 432 930 492; x_wconf 90' lang='lat' dir='ltr'><strong>af·</strong></span> <span class='ocrx_word' id='word_1_30' title='bbox 987 445 1048 510; x_wconf 83' lang='lat' dir='ltr'><strong>pter</strong></span> <span class='ocrx_word' id='word_1_31' title='bbox 1072 436 1204 493; x_wconf 91' lang='lat' dir='ltr'><strong>honorem</strong></span> <span class='ocrx_word' id='word_1_32' title='bbox 1223 435 1346 493; x_wconf 92' lang='lat' dir='ltr'><strong>nominis</strong></span> <span class='ocrx_word' id='word_1_33' title='bbox 1366 436 1409 493; x_wconf 92' lang='lat' dir='ltr'><strong>sui</strong></span> <span class='ocrx_word' id='word_1_34' title='bbox 1427 436 1530 496; x_wconf 87' lang='lat' dir='ltr'><strong>donare</strong></span> <span class='ocrx_word' id='word_1_35' title='bbox 1542 438 1670 512; x_wconf 85' lang='lat' dir='ltr'><strong>dignatus</strong></span> <span class='ocrx_word' id='word_1_36' title='bbox 1683 452 1734 500; x_wconf 77' lang='lat' dir='ltr'><strong>est.</strong></span> <span class='ocrx_word' id='word_1_37' title='bbox 1753 447 1792 513; x_wconf 48' lang='lat' dir='ltr'><strong>lit,</strong></span> 
     </span>
     <span class='ocr_line' id='line_1_4' title="bbox 131 528 1787 603; baseline 0.006 -17"><span class='ocrx_word' id='word_1_38' title='bbox 131 528 201 586; x_wconf 89' lang='lat' dir='ltr'><strong>ferre</strong></span> <span class='ocrx_word' id='word_1_39' title='bbox 214 528 351 598; x_wconf 89' lang='lat' dir='ltr'><strong>dicuntur,</strong></span> <span class='ocrx_word' id='word_1_40' title='bbox 361 542 479 585; x_wconf 90' lang='lat' dir='ltr'><strong>numero</strong></span> <span class='ocrx_word' id='word_1_41' title='bbox 494 528 608 602; x_wconf 76' lang='lat' dir='ltr'>mystice</span> <span class='ocrx_word' id='word_1_42' title='bbox 622 537 800 603; x_wconf 75' lang='lat' dir='ltr'>congruente,</span> <span class='ocrx_word' id='word_1_43' title='bbox 822 537 933 586; x_wconf 87' lang='lat' dir='ltr'><strong>cuncta·</strong></span> <span class='ocrx_word' id='word_1_44' title='bbox 986 538 1146 587; x_wconf 88' lang='lat' dir='ltr'><strong>necesseest</strong></span> <span class='ocrx_word' id='word_1_45' title='bbox 1155 537 1186 585; x_wconf 92' lang='lat' dir='ltr'><strong>ut</strong></span> <span class='ocrx_word' id='word_1_46' title='bbox 1199 528 1233 585; x_wconf 89' lang='lat' dir='ltr'><strong>ad</strong></span> <span class='ocrx_word' id='word_1_47' title='bbox 1243 538 1386 586; x_wconf 83' lang='lat' dir='ltr'>auctorem</span> <span class='ocrx_word' id='word_1_48' title='bbox 1399 530 1537 589; x_wconf 90' lang='lat' dir='ltr'><strong>bonorum</strong></span> <span class='ocrx_word' id='word_1_49' title='bbox 1551 534 1678 592; x_wconf 89' lang='lat' dir='ltr'><strong>omnium</strong></span> <span class='ocrx_word' id='word_1_50' title='bbox 1692 552 1787 596; x_wconf 84' lang='lat' dir='ltr'><strong>muns-</strong></span> 
     </span>
     <span class='ocr_line' id='line_1_5' title="bbox 131 621 1787 698; baseline 0.006 -20"><span class='ocrx_word' id='word_1_51' title='bbox 131 636 193 680; x_wconf 90' lang='lat' dir='ltr'><strong>rum</strong></span> <span class='ocrx_word' id='word_1_52' title='bbox 212 622 428 695; x_wconf 81' lang='lat' dir='ltr'><strong>promissionum</strong></span> <span class='ocrx_word' id='word_1_53' title='bbox 444 632 601 679; x_wconf 87' lang='lat' dir='ltr'><strong>nostrarum</strong></span> <span class='ocrx_word' id='word_1_54' title='bbox 617 621 716 681; x_wconf 88' lang='lat' dir='ltr'><strong>debitis</strong></span> <span class='ocrx_word' id='word_1_55' title='bbox 728 638 780 680; x_wconf 93' lang='lat' dir='ltr'><strong>nos</strong></span> <span class='ocrx_word' id='word_1_56' title='bbox 795 622 933 680; x_wconf 87' lang='lat' dir='ltr'><strong>credimus</strong></span> <span class='ocrx_word' id='word_1_57' title='bbox 987 624 1025 680; x_wconf 91' lang='lat' dir='ltr'><strong>ris</strong></span> <span class='ocrx_word' id='word_1_58' title='bbox 1042 623 1086 680; x_wconf 91' lang='lat' dir='ltr'><strong>sui</strong></span> <span class='ocrx_word' id='word_1_59' title='bbox 1102 624 1199 680; x_wconf 88' lang='lat' dir='ltr'><strong>merita</strong></span> <span class='ocrx_word' id='word_1_60' title='bbox 1213 622 1376 693; x_wconf 91' lang='lat' dir='ltr'><strong>referantur,</strong></span> <span class='ocrx_word' id='word_1_61' title='bbox 1387 625 1431 681; x_wconf 91' lang='lat' dir='ltr'><strong>eui</strong></span> <span class='ocrx_word' id='word_1_62' title='bbox 1452 624 1506 681; x_wconf 90' lang='lat' dir='ltr'><strong>hoc</strong></span> <span class='ocrx_word' id='word_1_63' title='bbox 1519 626 1578 698; x_wconf 93' lang='lat' dir='ltr'><strong>ipso</strong></span> <span class='ocrx_word' id='word_1_64' title='bbox 1591 626 1705 687; x_wconf 89' lang='lat' dir='ltr'><strong>debetur</strong></span> <span class='ocrx_word' id='word_1_65' title='bbox 1725 647 1787 689; x_wconf 88' lang='lat' dir='ltr'><strong>am·</strong></span> 
     </span>
     <span class='ocr_line' id='line_1_6' title="bbox 132 716 1786 797; baseline 0.007 -26"><span class='ocrx_word' id='word_1_66' title='bbox 132 716 295 797; x_wconf 79' lang='lat' dir='ltr'><strong>liberandos.</strong></span> <span class='ocrx_word' id='word_1_67' title='bbox 310 716 403 789; x_wconf 88' lang='lat' dir='ltr'><strong>Siqua</strong></span> <span class='ocrx_word' id='word_1_68' title='bbox 418 716 532 789; x_wconf 82' lang='lat' dir='ltr'><strong>proinde</strong></span> <span class='ocrx_word' id='word_1_69' title='bbox 543 716 627 789; x_wconf 86' lang='lat' dir='ltr'><strong>gloria</strong></span> <span class='ocrx_word' id='word_1_70' title='bbox 642 716 693 774; x_wconf 69' lang='grc' dir='ltr'><strong>ἰιι</strong></span> <span class='ocrx_word' id='word_1_71' title='bbox 710 717 935 790; x_wconf 81' lang='lat' dir='ltr'><strong>vigintiquatuor</strong></span> <span class='ocrx_word' id='word_1_72' title='bbox 988 719 1067 791; x_wconf 89' lang='lat' dir='ltr'><strong>plius,</strong></span> <span class='ocrx_word' id='word_1_73' title='bbox 1085 734 1141 791; x_wconf 93' lang='lat' dir='ltr'><strong>quo</strong></span> <span class='ocrx_word' id='word_1_74' title='bbox 1157 717 1242 791; x_wconf 89' lang='lat' dir='ltr'><strong>magis</strong></span> <span class='ocrx_word' id='word_1_75' title='bbox 1261 718 1385 775; x_wconf 79' lang='lat' dir='ltr'><strong>soluitur.</strong></span> <span class='ocrx_word' id='word_1_76' title='bbox 1404 719 1488 792; x_wconf 88' lang='lat' dir='ltr'><strong>igitur</strong></span> <span class='ocrx_word' id='word_1_77' title='bbox 1502 719 1538 776; x_wconf 90' lang='lat' dir='ltr'><strong>ad</strong></span> <span class='ocrx_word' id='word_1_78' title='bbox 1558 720 1631 779; x_wconf 89' lang='lat' dir='ltr'><strong>hunc</strong></span> <span class='ocrx_word' id='word_1_79' title='bbox 1646 725 1786 783; x_wconf 78' lang='lat' dir='ltr'><strong>Abraham</strong></span> 
     </span>
     <span class='ocr_line' id='line_1_7' title="bbox 131 808 1785 886; baseline 0.007 -21"><span class='ocrx_word' id='word_1_80' title='bbox 131 811 253 865; x_wconf 83' lang='lat' dir='ltr'><strong>seniores</strong></span> <span class='ocrx_word' id='word_1_81' title='bbox 269 810 355 866; x_wconf 79' lang='lat' dir='ltr'><strong>nostri</strong></span> <span class='ocrx_word' id='word_1_82' title='bbox 370 809 406 866; x_wconf 92' lang='lat' dir='ltr'><strong>ob</strong></span> <span class='ocrx_word' id='word_1_83' title='bbox 425 810 603 867; x_wconf 91' lang='lat' dir='ltr'><strong>institutionis</strong></span> <span class='ocrx_word' id='word_1_84' title='bbox 616 825 673 867; x_wconf 75' lang='lat' dir='ltr'><strong>suae</strong></span> <span class='ocrx_word' id='word_1_85' title='bbox 691 810 820 866; x_wconf 91' lang='lat' dir='ltr'><strong>meritum</strong></span> <span class='ocrx_word' id='word_1_86' title='bbox 835 808 936 867; x_wconf 83' lang='lat' dir='ltr'><strong>inerint</strong></span> <span class='ocrx_word' id='word_1_87' title='bbox 987 812 1185 886; x_wconf 77' lang='lat' dir='ltr'><strong>cogitationum</strong></span> <span class='ocrx_word' id='word_1_88' title='bbox 1199 820 1355 869; x_wconf 80' lang='lat' dir='ltr'><strong>nostrarum</strong></span> <span class='ocrx_word' id='word_1_89' title='bbox 1367 812 1604 886; x_wconf 79' lang='lat' dir='ltr'><strong>impugnationem</strong></span> <span class='ocrx_word' id='word_1_90' title='bbox 1624 818 1704 874; x_wconf 82' lang='lat' dir='ltr'><strong>annia</strong></span> <span class='ocrx_word' id='word_1_91' title='bbox 1716 834 1785 876; x_wconf 92' lang='lat' dir='ltr'><strong>con-</strong></span> 
     </span>
     <span class='ocr_line' id='line_1_8' title="bbox 132 903 1784 983; baseline 0.007 -23"><span class='ocrx_word' id='word_1_92' title='bbox 132 904 265 973; x_wconf 87' lang='lat' dir='ltr'><strong>coronati,</strong></span> <span class='ocrx_word' id='word_1_93' title='bbox 287 903 323 959; x_wconf 91' lang='lat' dir='ltr'><strong>illi</strong></span> <span class='ocrx_word' id='word_1_94' title='bbox 342 903 387 976; x_wconf 93' lang='lat' dir='ltr'><strong>qui</strong></span> <span class='ocrx_word' id='word_1_95' title='bbox 413 919 463 976; x_wconf 93' lang='lat' dir='ltr'><strong>pro</strong></span> <span class='ocrx_word' id='word_1_96' title='bbox 484 904 570 961; x_wconf 89' lang='lat' dir='ltr'><strong>salute</strong></span> <span class='ocrx_word' id='word_1_97' title='bbox 592 905 687 961; x_wconf 92' lang='lat' dir='ltr'><strong>mundi</strong></span> <span class='ocrx_word' id='word_1_98' title='bbox 712 904 870 961; x_wconf 88' lang='lat' dir='ltr'><strong>immolatus</strong></span> <span class='ocrx_word' id='word_1_99' title='bbox 894 912 935 962; x_wconf 88' lang='lat' dir='ltr'><strong>est</strong></span> <span class='ocrx_word' id='word_1_100' title='bbox 988 905 1106 962; x_wconf 87' lang='lat' dir='ltr'><strong>fossione</strong></span> <span class='ocrx_word' id='word_1_101' title='bbox 1124 906 1284 977; x_wconf 81' lang='lat' dir='ltr'><strong>detulimus,</strong></span> <span class='ocrx_word' id='word_1_102' title='bbox 1300 907 1363 980; x_wconf 89' lang='lat' dir='ltr'><strong>quia</strong></span> <span class='ocrx_word' id='word_1_103' title='bbox 1377 906 1412 966; x_wconf 88' lang='lat' dir='ltr'><strong>ad</strong></span> <span class='ocrx_word' id='word_1_104' title='bbox 1430 909 1605 981; x_wconf 88' lang='lat' dir='ltr'><strong>repetendam</strong></span> <span class='ocrx_word' id='word_1_105' title='bbox 1617 911 1784 983; x_wconf 84' lang='lat' dir='ltr'><strong>provinciam</strong></span> 
     </span>
     <span class='ocr_line' id='line_1_9' title="bbox 132 996 1788 1077; baseline 0.008 -25"><span class='ocrx_word' id='word_1_106' title='bbox 132 1001 212 1069; x_wconf 80' lang='lat' dir='ltr'><strong>Agna</strong></span> <span class='ocrx_word' id='word_1_107' title='bbox 226 996 356 1071; x_wconf 74' lang='lat' dir='ltr'><strong>subiectis</strong></span> <span class='ocrx_word' id='word_1_108' title='bbox 368 1004 434 1054; x_wconf 90' lang='lat' dir='ltr'><strong>sunt</strong></span> <span class='ocrx_word' id='word_1_109' title='bbox 445 997 581 1071; x_wconf 82' lang='lat' dir='ltr'><strong>capitibus</strong></span> <span class='ocrx_word' id='word_1_110' title='bbox 600 998 719 1054; x_wconf 88' lang='lat' dir='ltr'><strong>oblaturi</strong></span> <span class='ocrx_word' id='word_1_111' title='bbox 727 1016 735 1069; x_wconf 91' lang='lat'>;</span> <span class='ocrx_word' id='word_1_112' title='bbox 747 998 805 1069; x_wconf 93' lang='lat' dir='ltr'><strong>ipse</strong></span> <span class='ocrx_word' id='word_1_113' title='bbox 819 997 931 1054; x_wconf 89' lang='lat' dir='ltr'><strong>enimet</strong></span> <span class='ocrx_word' id='word_1_114' title='bbox 984 1010 1119 1069; x_wconf 73' lang='lat' dir='ltr'><strong>nosram,</strong></span> <span class='ocrx_word' id='word_1_115' title='bbox 1138 1003 1243 1073; x_wconf 59' lang='lat' dir='ltr'><strong>atque*</strong></span> <span class='ocrx_word' id='word_1_116' title='bbox 1258 1000 1293 1058; x_wconf 88' lang='lat' dir='ltr'><strong>ad</strong></span> <span class='ocrx_word' id='word_1_117' title='bbox 1304 1002 1466 1059; x_wconf 83' lang='lat' dir='ltr'><strong>revisendos</strong></span> <span class='ocrx_word' id='word_1_118' title='bbox 1482 1013 1606 1075; x_wconf 87' lang='lat' dir='ltr'><strong>parentes</strong></span> <span class='ocrx_word' id='word_1_119' title='bbox 1620 1006 1788 1077; x_wconf 83' lang='lat' dir='ltr'><strong>quotidianis</strong></span> 
     </span>
     <span class='ocr_line' id='line_1_10' title="bbox 131 1089 1787 1167; baseline 0.008 -23"><span class='ocrx_word' id='word_1_120' title='bbox 131 1089 255 1147; x_wconf 89' lang='lat' dir='ltr'><strong>illistam</strong></span> <span class='ocrx_word' id='word_1_121' title='bbox 275 1090 410 1148; x_wconf 83' lang='lat' dir='ltr'><strong>eximium</strong></span> <span class='ocrx_word' id='word_1_122' title='bbox 429 1106 556 1160; x_wconf 88' lang='lat' dir='ltr'><strong>sensum,</strong></span> <span class='ocrx_word' id='word_1_123' title='bbox 569 1099 596 1148; x_wconf 91' lang='lat' dir='ltr'><strong>et</strong></span> <span class='ocrx_word' id='word_1_124' title='bbox 610 1091 690 1149; x_wconf 90' lang='lat' dir='ltr'><strong>nobis</strong></span> <span class='ocrx_word' id='word_1_125' title='bbox 704 1092 932 1164; x_wconf 82' lang='lat' dir='ltr'><strong>qualemcumque</strong></span> <span class='ocrx_word' id='word_1_126' title='bbox 986 1092 1070 1148; x_wconf 90' lang='lat' dir='ltr'><strong>animi</strong></span> <span class='ocrx_word' id='word_1_127' title='bbox 1084 1092 1195 1150; x_wconf 80' lang='lat' dir='ltr'><strong>aestibus</strong></span> <span class='ocrx_word' id='word_1_128' title='bbox 1203 1093 1378 1167; x_wconf 89' lang='lat' dir='ltr'><strong>urgebamur.</strong></span> <span class='ocrx_word' id='word_1_129' title='bbox 1389 1095 1460 1152; x_wconf 87' lang='lat' dir='ltr'><strong>Hinc</strong></span> <span class='ocrx_word' id='word_1_130' title='bbox 1467 1097 1569 1153; x_wconf 89' lang='lat' dir='ltr'><strong>etenim</strong></span> <span class='ocrx_word' id='word_1_131' title='bbox 1578 1097 1659 1157; x_wconf 88' lang='lat' dir='ltr'><strong>nobis</strong></span> <span class='ocrx_word' id='word_1_132' title='bbox 1667 1100 1787 1157; x_wconf 83' lang='lat' dir='ltr'><strong>maxima</strong></span> 
     </span>
    </p>
   </div>
   <div class='ocr_carea' id='block_1_3' title="bbox 684 1250 1240 1308">
    <p class='ocr_par' dir='ltr' id='par_1_3' title="bbox 684 1250 1240 1308">
     <span class='ocr_line' id='line_1_11' title="bbox 684 1250 1240 1308; baseline -0.004 0"><span class='ocrx_word' id='word_1_133' title='bbox 684 1253 811 1308; x_wconf 72' lang='lat' dir='ltr'><strong>hinnul</strong></span> <span class='ocrx_word' id='word_1_134' title='bbox 829 1251 943 1308; x_wconf 67' lang='lat' dir='ltr'><strong>attat</strong></span> <span class='ocrx_word' id='word_1_135' title='bbox 962 1250 1240 1308; x_wconf 69' lang='lat' dir='ltr'><strong>COMMENTARIUS.</strong></span> 
     </span>
    </p>
   </div>
   <div class='ocr_carea' id='block_1_4' title="bbox 133 1391 934 1606">
    <p class='ocr_par' dir='ltr' id='par_1_4' title="bbox 133 1391 934 1606">
     <span class='ocr_line' id='line_1_12' title="bbox 134 1391 934 1465; baseline 0.003 -19"><span class='ocrx_word' id='word_1_136' title='bbox 134 1397 150 1446; x_wconf 87' lang='grc' dir='ltr'><strong>ι</strong></span> <span class='ocrx_word' id='word_1_137' title='bbox 174 1401 202 1448; x_wconf 89' lang='grc' dir='ltr'><strong>ιι</strong></span> <span class='ocrx_word' id='word_1_138' title='bbox 219 1398 247 1460; x_wconf 84' lang='grc'><strong>5,</strong></span> <span class='ocrx_word' id='word_1_139' title='bbox 261 1392 309 1448; x_wconf 92' lang='lat' dir='ltr'><strong>ubi</strong></span> <span class='ocrx_word' id='word_1_140' title='bbox 327 1391 382 1448; x_wconf 95' lang='lat' dir='ltr'><strong>duo</strong></span> <span class='ocrx_word' id='word_1_141' title='bbox 397 1392 527 1450; x_wconf 90' lang='lat' dir='ltr'><strong>miracula</strong></span> <span class='ocrx_word' id='word_1_142' title='bbox 541 1392 713 1450; x_wconf 87' lang='lat' dir='ltr'><strong>curationum</strong></span> <span class='ocrx_word' id='word_1_143' title='bbox 727 1391 762 1449; x_wconf 89' lang='lat' dir='ltr'><strong>ab</strong></span> <span class='ocrx_word' id='word_1_144' title='bbox 782 1408 813 1448; x_wconf 92' lang='lat' dir='ltr'><strong>eo</strong></span> <span class='ocrx_word' id='word_1_145' title='bbox 829 1401 934 1465; x_wconf 89' lang='lat' dir='ltr'><strong>patrata</strong></span> 
     </span>
     <span class='ocr_line' id='line_1_13' title="bbox 133 1463 934 1545; baseline 0.002 -28"><span class='ocrx_word' id='word_1_146' title='bbox 133 1472 296 1532; x_wconf 63' lang='lat' dir='ltr'><strong>narrantum</strong></span> <span class='ocrx_word' id='word_1_147' title='bbox 321 1463 366 1533; x_wconf 91' lang='lat' dir='ltr'><strong>qui</strong></span> <span class='ocrx_word' id='word_1_148' title='bbox 389 1472 417 1520; x_wconf 88' lang='lat' dir='ltr'><strong>et</strong></span> <span class='ocrx_word' id='word_1_149' title='bbox 436 1466 503 1528; x_wconf 72' lang='grc' dir='ltr'><strong>παῖς,</strong></span> <span class='ocrx_word' id='word_1_150' title='bbox 523 1464 549 1521; x_wconf 94' lang='lat' dir='ltr'><strong>id</strong></span> <span class='ocrx_word' id='word_1_151' title='bbox 570 1473 620 1533; x_wconf 89' lang='lat' dir='ltr'><strong>est,</strong></span> <span class='ocrx_word' id='word_1_152' title='bbox 646 1480 722 1535; x_wconf 92' lang='lat' dir='ltr'><strong>puer,</strong></span> <span class='ocrx_word' id='word_1_153' title='bbox 741 1480 791 1535; x_wconf 90' lang='lat' dir='ltr'><strong>pro</strong></span> <span class='ocrx_word' id='word_1_154' title='bbox 804 1464 934 1545; x_wconf 90' lang='lat' dir='ltr'><strong>simplici·</strong></span> 
     </span>
     <span class='ocr_line' id='line_1_14' title="bbox 133 1535 931 1606; baseline 0.001 -18"><span class='ocrx_word' id='word_1_155' title='bbox 133 1541 189 1589; x_wconf 88' lang='lat' dir='ltr'><strong>tate</strong></span> <span class='ocrx_word' id='word_1_156' title='bbox 213 1543 239 1591; x_wconf 90' lang='lat' dir='ltr'><strong>et</strong></span> <span class='ocrx_word' id='word_1_157' title='bbox 267 1536 420 1591; x_wconf 88' lang='lat' dir='ltr'><strong>innocentia</strong></span> <span class='ocrx_word' id='word_1_158' title='bbox 448 1537 656 1606; x_wconf 86' lang='lat' dir='ltr'><strong>cognominatus</strong></span> <span class='ocrx_word' id='word_1_159' title='bbox 678 1535 779 1592; x_wconf 87' lang='lat' dir='ltr'><strong>ibidem</strong></span> <span class='ocrx_word' id='word_1_160' title='bbox 812 1535 931 1602; x_wconf 82' lang='lat' dir='ltr'><strong>dicitur;</strong></span> 
     </span>
    </p>
   </div>
   <div class='ocr_carea' id='block_1_5' title="bbox 132 1390 1787 1895">
    <p class='ocr_par' dir='ltr' id='par_1_5' title="bbox 132 1390 1787 1895">
     <span class='ocr_line' id='line_1_15' title="bbox 988 1390 1787 1465; baseline 0.011 -18"><span class='ocrx_word' id='word_1_161' title='bbox 988 1401 1030 1448; x_wconf 87' lang='lat' dir='ltr'><strong>ter</strong></span> <span class='ocrx_word' id='word_1_162' title='bbox 1056 1390 1254 1465; x_wconf 87' lang='lat' dir='ltr'><strong>significentur,</strong></span> <span class='ocrx_word' id='word_1_163' title='bbox 1279 1392 1352 1463; x_wconf 91' lang='lat' dir='ltr'><strong>apud</strong></span> <span class='ocrx_word' id='word_1_164' title='bbox 1365 1391 1577 1463; x_wconf 87' lang='lat' dir='ltr'><strong>jurisconsultos</strong></span> <span class='ocrx_word' id='word_1_165' title='bbox 1596 1403 1702 1465; x_wconf 74' lang='lat' dir='ltr'><strong>umen,</strong></span> <span class='ocrx_word' id='word_1_166' title='bbox 1718 1406 1787 1458; x_wconf 87' lang='lat' dir='ltr'><strong>teste</strong></span> 
     </span>
     <span class='ocr_line' id='line_1_16' title="bbox 987 1463 1786 1537; baseline 0.011 -19"><span class='ocrx_word' id='word_1_167' title='bbox 987 1465 1086 1529; x_wconf 81' lang='lat' dir='ltr'><strong>Festo,</strong></span> <span class='ocrx_word' id='word_1_168' title='bbox 1111 1463 1196 1518; x_wconf 89' lang='lat' dir='ltr'><strong>etiam</strong></span> <span class='ocrx_word' id='word_1_169' title='bbox 1219 1477 1285 1518; x_wconf 87' lang='lat' dir='ltr'><strong>arus</strong></span> <span class='ocrx_word' id='word_1_170' title='bbox 1308 1470 1335 1518; x_wconf 92' lang='lat' dir='ltr'><strong>et</strong></span> <span class='ocrx_word' id='word_1_171' title='bbox 1363 1478 1494 1533; x_wconf 82' lang='lat' dir='ltr'><strong>proavus,</strong></span> <span class='ocrx_word' id='word_1_172' title='bbox 1519 1465 1615 1536; x_wconf 89' lang='lat' dir='ltr'><strong>aliique</strong></span> <span class='ocrx_word' id='word_1_173' title='bbox 1634 1469 1786 1537; x_wconf 88' lang='lat' dir='ltr'><strong>superiores</strong></span> 
     </span>
     <span class='ocr_line' id='line_1_17' title="bbox 987 1532 1785 1622; baseline 0.013 -33"><span class='ocrx_word' id='word_1_174' title='bbox 987 1534 1131 1606; x_wconf 93' lang='lat' dir='ltr'><strong>utriusque</strong></span> <span class='ocrx_word' id='word_1_175' title='bbox 1144 1549 1224 1589; x_wconf 86' lang='lat' dir='ltr'><strong>serus</strong></span> <span class='ocrx_word' id='word_1_176' title='bbox 1237 1532 1435 1604; x_wconf 87' lang='lat' dir='ltr'><strong>intelliguntur.</strong></span> <span class='ocrx_word' id='word_1_177' title='bbox 1452 1536 1541 1590; x_wconf 93' lang='lat' dir='ltr'><strong>lmmo</strong></span> <span class='ocrx_word' id='word_1_178' title='bbox 1556 1536 1686 1594; x_wconf 89' lang='lat' dir='ltr'><strong>etiamad</strong></span> <span class='ocrx_word' id='word_1_179' title='bbox 1701 1555 1785 1622; x_wconf 86' lang='lat' dir='ltr'><strong>quos-</strong></span> 
     </span>
     <span class='ocr_line' id='line_1_18' title="bbox 133 1603 1784 1675; baseline 0.005 -16"><span class='ocrx_word' id='word_1_180' title='bbox 133 1620 215 1675; x_wconf 89' lang='lat' dir='ltr'><strong>quem</strong></span> <span class='ocrx_word' id='word_1_181' title='bbox 242 1604 352 1674; x_wconf 88' lang='lat' dir='ltr'><strong>quidem</strong></span> <span class='ocrx_word' id='word_1_182' title='bbox 366 1607 449 1661; x_wconf 88' lang='lat' dir='ltr'><strong>alium</strong></span> <span class='ocrx_word' id='word_1_183' title='bbox 463 1623 522 1663; x_wconf 91' lang='lat' dir='ltr'><strong>esse</strong></span> <span class='ocrx_word' id='word_1_184' title='bbox 543 1607 577 1663; x_wconf 87' lang='lat' dir='ltr'><strong>ab</strong></span> <span class='ocrx_word' id='word_1_185' title='bbox 596 1607 641 1662; x_wconf 92' lang='lat' dir='ltr'><strong>illo</strong></span> <span class='ocrx_word' id='word_1_186' title='bbox 664 1606 691 1663; x_wconf 88' lang='lat' dir='ltr'><strong>S.</strong></span> <span class='ocrx_word' id='word_1_187' title='bbox 715 1605 863 1673; x_wconf 74' lang='lat' dir='ltr'><strong>Abraham,</strong></span> <span class='ocrx_word' id='word_1_188' title='bbox 879 1606 934 1662; x_wconf 88' lang='lat' dir='ltr'><strong>sire</strong></span> <span class='ocrx_word' id='word_1_189' title='bbox 988 1604 1054 1660; x_wconf 92' lang='lat' dir='ltr'><strong>libet</strong></span> <span class='ocrx_word' id='word_1_190' title='bbox 1066 1620 1169 1660; x_wconf 89' lang='lat' dir='ltr'><strong>consau</strong></span> <span class='ocrx_word' id='word_1_191' title='bbox 1190 1604 1285 1660; x_wconf 90' lang='lat' dir='ltr'><strong>niueos</strong></span> <span class='ocrx_word' id='word_1_192' title='bbox 1298 1603 1351 1660; x_wconf 92' lang='lat' dir='ltr'><strong>hoc</strong></span> <span class='ocrx_word' id='word_1_193' title='bbox 1368 1605 1530 1661; x_wconf 89' lang='lat' dir='ltr'><strong>vocabulum</strong></span> <span class='ocrx_word' id='word_1_194' title='bbox 1548 1616 1689 1664; x_wconf 85' lang='lat' dir='ltr'><strong>extensum</strong></span> <span class='ocrx_word' id='word_1_195' title='bbox 1706 1627 1784 1668; x_wconf 88' lang='lat' dir='ltr'><strong>rnre-</strong></span> 
     </span>
     <span class='ocr_line' id='line_1_19' title="bbox 133 1620 1786 1801; baseline 0.004 -70"><span class='ocrx_word' id='word_1_196' title='bbox 133 1673 266 1731; x_wconf 81' lang='lat' dir='ltr'><strong>llbramio</strong></span> <span class='ocrx_word' id='word_1_197' title='bbox 281 1676 361 1747; x_wconf 81' lang='lat' dir='ltr'><strong>Syru,</strong></span> <span class='ocrx_word' id='word_1_198' title='bbox 376 1676 455 1756; x_wconf 81' lang='lat' dir='ltr'><strong>eujus</strong></span> <span class='ocrx_word' id='word_1_199' title='bbox 470 1677 554 1730; x_wconf 88' lang='lat' dir='ltr'><strong>vitam</strong></span> <span class='ocrx_word' id='word_1_200' title='bbox 568 1684 595 1732; x_wconf 89' lang='lat' dir='ltr'><strong>et</strong></span> <span class='ocrx_word' id='word_1_201' title='bbox 608 1693 653 1733; x_wconf 89' lang='lat' dir='ltr'><strong>res</strong></span> <span class='ocrx_word' id='word_1_202' title='bbox 666 1685 753 1748; x_wconf 85' lang='lat' dir='ltr'><strong>gestas</strong></span> <span class='ocrx_word' id='word_1_203' title='bbox 765 1678 797 1732; x_wconf 88' lang='lat' dir='ltr'><strong>B.</strong></span> <span class='ocrx_word' id='word_1_204' title='bbox 814 1675 934 1801; x_wconf 49' lang='lat' dir='ltr'><strong>Ephrem</strong></span> <span class='ocrx_word' id='word_1_205' title='bbox 987 1675 1095 1743; x_wconf 70' lang='lat' dir='ltr'><strong>nimus,</strong></span> <span class='ocrx_word' id='word_1_206' title='bbox 1111 1675 1159 1757; x_wconf 80' lang='lat' dir='ltr'><strong>scd</strong></span> <span class='ocrx_word' id='word_1_207' title='bbox 1171 1620 1227 1730; x_wconf 60' lang='lat' dir='ltr'><strong>hoe</strong></span> <span class='ocrx_word' id='word_1_208' title='bbox 1239 1675 1310 1757; x_wconf 80' lang='lat' dir='ltr'><strong>apud</strong></span> <span class='ocrx_word' id='word_1_209' title='bbox 1331 1691 1378 1731; x_wconf 88' lang='lat' dir='ltr'><strong>eos</strong></span> <span class='ocrx_word' id='word_1_210' title='bbox 1396 1675 1541 1758; x_wconf 80' lang='lat' dir='ltr'><strong>dumtaxat</strong></span> <span class='ocrx_word' id='word_1_211' title='bbox 1564 1677 1609 1747; x_wconf 90' lang='lat' dir='ltr'><strong>qni</strong></span> <span class='ocrx_word' id='word_1_212' title='bbox 1631 1678 1690 1750; x_wconf 90' lang='lat' dir='ltr'><strong>jam</strong></span> <span class='ocrx_word' id='word_1_213' title='bbox 1711 1682 1786 1738; x_wconf 88' lang='lat' dir='ltr'><strong>labe-</strong></span> 
     </span>
     <span class='ocr_line' id='line_1_20' title="bbox 132 1745 1785 1818; baseline 0.005 -17"><span class='ocrx_word' id='word_1_214' title='bbox 132 1745 312 1815; x_wconf 88' lang='lat' dir='ltr'><strong>eonscripsit,</strong></span> <span class='ocrx_word' id='word_1_215' title='bbox 338 1745 433 1800; x_wconf 78' lang='lat' dir='ltr'><strong>multis</strong></span> <span class='ocrx_word' id='word_1_216' title='bbox 453 1745 559 1801; x_wconf 88' lang='lat' dir='ltr'><strong>indiciis</strong></span> <span class='ocrx_word' id='word_1_217' title='bbox 583 1754 610 1801; x_wconf 93' lang='lat' dir='ltr'><strong>et</strong></span> <span class='ocrx_word' id='word_1_218' title='bbox 632 1747 803 1818; x_wconf 77' lang='lat' dir='ltr'><strong>argumentis</strong></span> <span class='ocrx_word' id='word_1_219' title='bbox 832 1746 933 1803; x_wconf 89' lang='lat' dir='ltr'><strong>iidem</strong></span> <span class='ocrx_word' id='word_1_220' title='bbox 987 1754 1078 1803; x_wconf 87' lang='lat' dir='ltr'><strong>scente</strong></span> <span class='ocrx_word' id='word_1_221' title='bbox 1102 1747 1204 1818; x_wconf 78' lang='lat' dir='ltr'><strong>lingua</strong></span> <span class='ocrx_word' id='word_1_222' title='bbox 1226 1748 1330 1802; x_wconf 84' lang='lat' dir='ltr'><strong>Latrnae</strong></span> <span class='ocrx_word' id='word_1_223' title='bbox 1354 1755 1471 1818; x_wconf 79' lang='lat' dir='ltr'><strong>puritate</strong></span> <span class='ocrx_word' id='word_1_224' title='bbox 1492 1763 1583 1803; x_wconf 79' lang='lat' dir='ltr'><strong>minus</strong></span> <span class='ocrx_word' id='word_1_225' title='bbox 1605 1756 1676 1805; x_wconf 86' lang='lat' dir='ltr'><strong>tersa</strong></span> <span class='ocrx_word' id='word_1_226' title='bbox 1700 1750 1785 1809; x_wconf 89' lang='lat' dir='ltr'><strong>locuti</strong></span> 
     </span>
     <span class='ocr_line' id='line_1_21' title="bbox 133 1808 1786 1895; baseline 0.005 -23"><span class='ocrx_word' id='word_1_227' title='bbox 133 1815 251 1872; x_wconf 88' lang='lat' dir='ltr'><strong>ostendi.</strong></span> <span class='ocrx_word' id='word_1_228' title='bbox 264 1817 348 1870; x_wconf 85' lang='lat' dir='ltr'><strong>Porro</strong></span> <span class='ocrx_word' id='word_1_229' title='bbox 357 1831 455 1886; x_wconf 90' lang='lat' dir='ltr'><strong>auceps</strong></span> <span class='ocrx_word' id='word_1_230' title='bbox 467 1824 495 1871; x_wconf 91' lang='lat' dir='ltr'><strong>et</strong></span> <span class='ocrx_word' id='word_1_231' title='bbox 508 1817 713 1889; x_wconf 88' lang='lat' dir='ltr'><strong>ambiguamibi</strong></span> <span class='ocrx_word' id='word_1_232' title='bbox 723 1817 878 1890; x_wconf 85' lang='lat' dir='ltr'><strong>conjectura</strong></span> <span class='ocrx_word' id='word_1_233' title='bbox 891 1826 934 1875; x_wconf 88' lang='lat' dir='ltr'><strong>est</strong></span> <span class='ocrx_word' id='word_1_234' title='bbox 952 1808 1061 1886; x_wconf 88' lang='lat' dir='ltr'><strong>Bsunt,</strong></span> <span class='ocrx_word' id='word_1_235' title='bbox 1073 1817 1147 1890; x_wconf 89' lang='lat' dir='ltr'><strong>quod</strong></span> <span class='ocrx_word' id='word_1_236' title='bbox 1168 1826 1194 1873; x_wconf 92' lang='lat' dir='ltr'><strong>et</strong></span> <span class='ocrx_word' id='word_1_237' title='bbox 1216 1818 1287 1874; x_wconf 87' lang='lat' dir='ltr'><strong>Galli</strong></span> <span class='ocrx_word' id='word_1_238' title='bbox 1305 1819 1333 1873; x_wconf 93' lang='lat' dir='ltr'><strong>in</strong></span> <span class='ocrx_word' id='word_1_239' title='bbox 1344 1832 1394 1873; x_wconf 89' lang='lat' dir='ltr'><strong>sua</strong></span> <span class='ocrx_word' id='word_1_240' title='bbox 1407 1818 1549 1875; x_wconf 83' lang='lat' dir='ltr'><strong>vernacula</strong></span> <span class='ocrx_word' id='word_1_241' title='bbox 1562 1818 1717 1892; x_wconf 86' lang='lat' dir='ltr'><strong>observant,</strong></span> <span class='ocrx_word' id='word_1_242' title='bbox 1730 1838 1786 1895; x_wconf 89' lang='lat' dir='ltr'><strong>quo</strong></span> 
     </span>
    </p>
   </div>
   <div class='ocr_carea' id='block_1_6' title="bbox 130 1885 933 3230">
    <p class='ocr_par' dir='ltr' id='par_1_6' title="bbox 130 1885 933 3230">
     <span class='ocr_line' id='line_1_22' title="bbox 131 1885 933 1961; baseline 0.006 -20"><span class='ocrx_word' id='word_1_243' title='bbox 131 1902 199 1942; x_wconf 93' lang='lat' dir='ltr'><strong>num</strong></span> <span class='ocrx_word' id='word_1_244' title='bbox 211 1886 256 1942; x_wconf 93' lang='lat' dir='ltr'><strong>ille</strong></span> <span class='ocrx_word' id='word_1_245' title='bbox 268 1885 304 1941; x_wconf 92' lang='lat' dir='ltr'><strong>sit</strong></span> <span class='ocrx_word' id='word_1_246' title='bbox 317 1886 465 1952; x_wconf 75' lang='lat' dir='ltr'><strong>Abrabam,</strong></span> <span class='ocrx_word' id='word_1_247' title='bbox 481 1885 521 1941; x_wconf 84' lang='lat' dir='ltr'><strong>rel</strong></span> <span class='ocrx_word' id='word_1_248' title='bbox 534 1888 681 1943; x_wconf 76' lang='lat' dir='ltr'><strong>abramius</strong></span> <span class='ocrx_word' id='word_1_249' title='bbox 690 1888 773 1943; x_wconf 90' lang='lat' dir='ltr'><strong>etiam</strong></span> <span class='ocrx_word' id='word_1_250' title='bbox 783 1889 933 1961; x_wconf 84' lang='lat' dir='ltr'><strong>AEgyptius,</strong></span> 
     </span>
     <span class='ocr_line' id='line_1_23' title="bbox 133 1956 930 2032; baseline 0.006 -20"><span class='ocrx_word' id='word_1_251' title='bbox 133 1956 166 2012; x_wconf 90' lang='lat' dir='ltr'><strong>de</strong></span> <span class='ocrx_word' id='word_1_252' title='bbox 180 1972 234 2027; x_wconf 93' lang='lat' dir='ltr'><strong>quo</strong></span> <span class='ocrx_word' id='word_1_253' title='bbox 255 1956 393 2012; x_wconf 87' lang='lat' dir='ltr'><strong>Palladius</strong></span> <span class='ocrx_word' id='word_1_254' title='bbox 412 1956 472 2011; x_wconf 81' lang='lat' dir='ltr'><strong>lraec</strong></span> <span class='ocrx_word' id='word_1_255' title='bbox 487 1964 595 2012; x_wconf 88' lang='lat' dir='ltr'><strong>tantum</strong></span> <span class='ocrx_word' id='word_1_256' title='bbox 611 1958 694 2013; x_wconf 81' lang='lat' dir='ltr'><strong>refert</strong></span> <span class='ocrx_word' id='word_1_257' title='bbox 709 1958 828 2032; x_wconf 85' lang='lat' dir='ltr'><strong>(Lousia.</strong></span> <span class='ocrx_word' id='word_1_258' title='bbox 848 1963 909 2029; x_wconf 78' lang='lat'>10⁵)</span> <span class='ocrx_word' id='word_1_259' title='bbox 924 1980 930 2016; x_wconf 92' lang='lat'>:</span> 
     </span>
     <span class='ocr_line' id='line_1_24' title="bbox 131 2027 933 2101; baseline 0.002 -17"><span class='ocrx_word' id='word_1_260' title='bbox 131 2030 194 2084; x_wconf 87' lang='lat' dir='ltr'><strong>Fuit</strong></span> <span class='ocrx_word' id='word_1_261' title='bbox 206 2027 318 2096; x_wconf 87' lang='lat' dir='ltr'><strong>quidam</strong></span> <span class='ocrx_word' id='word_1_262' title='bbox 340 2028 488 2083; x_wconf 83' lang='lat' dir='ltr'><strong>Abramius</strong></span> <span class='ocrx_word' id='word_1_263' title='bbox 502 2045 597 2097; x_wconf 79' lang='lat' dir='ltr'><strong>patere</strong></span> <span class='ocrx_word' id='word_1_264' title='bbox 610 2032 763 2099; x_wconf 80' lang='lat' dir='ltr'><strong>AEqpptius,</strong></span> <span class='ocrx_word' id='word_1_265' title='bbox 782 2033 832 2101; x_wconf 88' lang='lat' dir='ltr'><strong>qui</strong></span> <span class='ocrx_word' id='word_1_266' title='bbox 848 2034 933 2087; x_wconf 82' lang='lat' dir='ltr'><strong>eitam</strong></span> 
     </span>
     <span class='ocr_line' id='line_1_25' title="bbox 132 2100 933 2169; baseline 0.007 -15"><span class='ocrx_word' id='word_1_267' title='bbox 132 2100 308 2169; x_wconf 71' lang='lat' dir='ltr'><strong>asperi-inrum</strong></span> <span class='ocrx_word' id='word_1_268' title='bbox 326 2104 352 2153; x_wconf 90' lang='lat' dir='ltr'><strong>et</strong></span> <span class='ocrx_word' id='word_1_269' title='bbox 360 2102 480 2154; x_wconf 72' lang='lat' dir='ltr'><strong>mimimo</strong></span> <span class='ocrx_word' id='word_1_270' title='bbox 492 2106 623 2169; x_wconf 77' lang='lat' dir='ltr'><strong>agrestem</strong></span> <span class='ocrx_word' id='word_1_271' title='bbox 632 2104 686 2169; x_wconf 76' lang='lat' dir='ltr'><strong>egit</strong></span> <span class='ocrx_word' id='word_1_272' title='bbox 699 2103 728 2155; x_wconf 89' lang='lat' dir='ltr'><strong>in</strong></span> <span class='ocrx_word' id='word_1_273' title='bbox 741 2101 895 2158; x_wconf 81' lang='lat' dir='ltr'><strong>solitudine.</strong></span> <span class='ocrx_word' id='word_1_274' title='bbox 904 2106 933 2160; x_wconf 89' lang='lat' dir='ltr'><strong>fs</strong></span> 
     </span>
     <span class='ocr_line' id='line_1_26' title="bbox 132 2171 933 2242; baseline 0.006 -17"><span class='ocrx_word' id='word_1_275' title='bbox 132 2172 224 2225; x_wconf 87' lang='lat' dir='ltr'><strong>animo</strong></span> <span class='ocrx_word' id='word_1_276' title='bbox 234 2172 368 2224; x_wconf 86' lang='lat' dir='ltr'><strong>sauciatus</strong></span> <span class='ocrx_word' id='word_1_277' title='bbox 374 2171 408 2224; x_wconf 91' lang='lat' dir='ltr'><strong>ab</strong></span> <span class='ocrx_word' id='word_1_278' title='bbox 418 2173 897 2242; x_wconf 72' lang='lat' dir='ltr'><strong>tritempestioapersuosmneeenens</strong></span> <span class='ocrx_word' id='word_1_279' title='bbox 903 2176 933 2230; x_wconf 88' lang='lat' dir='ltr'><strong>in</strong></span> 
     </span>
     <span class='ocr_line' id='line_1_27' title="bbox 132 2242 931 2312; baseline 0.004 -15"><span class='ocrx_word' id='word_1_280' title='bbox 132 2242 266 2297; x_wconf 87' lang='lat' dir='ltr'><strong>ecclesiam</strong></span> <span class='ocrx_word' id='word_1_281' title='bbox 287 2242 422 2296; x_wconf 81' lang='lat' dir='ltr'><strong>contendit</strong></span> <span class='ocrx_word' id='word_1_282' title='bbox 432 2258 491 2296; x_wconf 89' lang='lat' dir='ltr'><strong>cum</strong></span> <span class='ocrx_word' id='word_1_283' title='bbox 507 2244 672 2312; x_wconf 75' lang='lat' dir='ltr'><strong>presbyteris</strong></span> <span class='ocrx_word' id='word_1_284' title='bbox 686 2244 776 2298; x_wconf 77' lang='lat' dir='ltr'><strong>diceris</strong></span> <span class='ocrx_word' id='word_1_285' title='bbox 792 2245 896 2301; x_wconf 83' lang='lat' dir='ltr'><strong>:Noctu</strong></span> <span class='ocrx_word' id='word_1_286' title='bbox 914 2262 931 2300; x_wconf 92' lang='lat' dir='ltr'><strong>a</strong></span> 
     </span>
     <span class='ocr_line' id='line_1_28' title="bbox 133 2313 932 2385; baseline 0.001 -15"><span class='ocrx_word' id='word_1_287' title='bbox 133 2313 383 2370; x_wconf 82' lang='lat' dir='ltr'><strong>Christoordinutus</strong></span> <span class='ocrx_word' id='word_1_288' title='bbox 392 2328 451 2367; x_wconf 87' lang='lat' dir='ltr'><strong>sunt</strong></span> <span class='ocrx_word' id='word_1_289' title='bbox 458 2315 609 2383; x_wconf 79' lang='lat' dir='ltr'><strong>presbyter,</strong></span> <span class='ocrx_word' id='word_1_290' title='bbox 619 2317 746 2385; x_wconf 87' lang='lat' dir='ltr'><strong>suscipite</strong></span> <span class='ocrx_word' id='word_1_291' title='bbox 754 2330 796 2369; x_wconf 85' lang='lat' dir='ltr'><strong>nte</strong></span> <span class='ocrx_word' id='word_1_292' title='bbox 804 2320 835 2369; x_wconf 89' lang='lat' dir='ltr'><strong>ut</strong></span> <span class='ocrx_word' id='word_1_293' title='bbox 844 2330 932 2371; x_wconf 51' lang='lat' dir='ltr'><strong>secere</strong></span> 
     </span>
     <span class='ocr_line' id='line_1_29' title="bbox 132 2384 932 2448; baseline 0.003 -9"><span class='ocrx_word' id='word_1_294' title='bbox 132 2384 229 2439; x_wconf 87' lang='lat' dir='ltr'><strong>dotem.</strong></span> <span class='ocrx_word' id='word_1_295' title='bbox 246 2387 337 2439; x_wconf 86' lang='lat' dir='ltr'><strong>Patres</strong></span> <span class='ocrx_word' id='word_1_296' title='bbox 346 2400 406 2439; x_wconf 87' lang='lat' dir='ltr'><strong>eum</strong></span> <span class='ocrx_word' id='word_1_297' title='bbox 419 2386 595 2439; x_wconf 79' lang='lat' dir='ltr'><strong>abducisscnt</strong></span> <span class='ocrx_word' id='word_1_298' title='bbox 606 2402 664 2440; x_wconf 81' lang='lat' dir='ltr'><strong>earm</strong></span> <span class='ocrx_word' id='word_1_299' title='bbox 679 2385 932 2448; x_wconf 83' lang='lat' dir='ltr'><strong>nsaliludine,etad</strong></span> 
     </span>
     <span class='ocr_line' id='line_1_30' title="bbox 130 2455 929 2526; baseline 0.004 -17"><span class='ocrx_word' id='word_1_300' title='bbox 130 2458 214 2510; x_wconf 86' lang='lat' dir='ltr'><strong>citam</strong></span> <span class='ocrx_word' id='word_1_301' title='bbox 224 2455 399 2511; x_wconf 79' lang='lat' dir='ltr'><strong>dedamissent</strong></span> <span class='ocrx_word' id='word_1_302' title='bbox 411 2459 567 2511; x_wconf 81' lang='lat' dir='ltr'><strong>crassiorem</strong></span> <span class='ocrx_word' id='word_1_303' title='bbox 581 2462 606 2512; x_wconf 90' lang='lat' dir='ltr'><strong>et</strong></span> <span class='ocrx_word' id='word_1_304' title='bbox 619 2460 703 2526; x_wconf 74' lang='lat' dir='ltr'><strong>magis</strong></span> <span class='ocrx_word' id='word_1_305' title='bbox 717 2457 929 2524; x_wconf 71' lang='lat' dir='ltr'><strong>indifferentem,</strong></span> 
     </span>
     <span class='ocr_line' id='line_1_31' title="bbox 132 2528 932 2597; baseline 0.005 -17"><span class='ocrx_word' id='word_1_306' title='bbox 132 2531 261 2580; x_wconf 72' lang='lat' dir='ltr'><strong>amarunt</strong></span> <span class='ocrx_word' id='word_1_307' title='bbox 272 2542 331 2580; x_wconf 87' lang='lat' dir='ltr'><strong>errrn</strong></span> <span class='ocrx_word' id='word_1_308' title='bbox 341 2544 358 2581; x_wconf 91' lang='grc' dir='ltr'><strong>ιι</strong></span> <span class='ocrx_word' id='word_1_309' title='bbox 370 2528 507 2597; x_wconf 83' lang='lat' dir='ltr'><strong>superbie,</strong></span> <span class='ocrx_word' id='word_1_310' title='bbox 520 2528 676 2583; x_wconf 80' lang='lat' dir='ltr'><strong>deducentes</strong></span> <span class='ocrx_word' id='word_1_311' title='bbox 685 2544 745 2582; x_wconf 89' lang='lat' dir='ltr'><strong>eum</strong></span> <span class='ocrx_word' id='word_1_312' title='bbox 758 2528 794 2581; x_wconf 89' lang='lat' dir='ltr'><strong>ud</strong></span> <span class='ocrx_word' id='word_1_313' title='bbox 808 2530 932 2597; x_wconf 74' lang='lat' dir='ltr'><strong>copositio</strong></span> 
     </span>
     <span class='ocr_line' id='line_1_32' title="bbox 131 2598 931 2661; baseline 0.006 -11"><span class='ocrx_word' id='word_1_314' title='bbox 131 2610 191 2651; x_wconf 82' lang='lat' dir='ltr'><strong>nan</strong></span> <span class='ocrx_word' id='word_1_315' title='bbox 211 2612 266 2650; x_wconf 84' lang='lat' dir='ltr'><strong>suoe</strong></span> <span class='ocrx_word' id='word_1_316' title='bbox 279 2598 483 2661; x_wconf 79' lang='lat' dir='ltr'><strong>imbecillitatis,</strong></span> <span class='ocrx_word' id='word_1_317' title='bbox 506 2599 615 2654; x_wconf 89' lang='lat' dir='ltr'><strong>illusum</strong></span> <span class='ocrx_word' id='word_1_318' title='bbox 630 2616 646 2653; x_wconf 88' lang='lat' dir='ltr'><strong>a</strong></span> <span class='ocrx_word' id='word_1_319' title='bbox 667 2598 840 2653; x_wconf 73' lang='lat' dir='ltr'><strong>dmnonibus.</strong></span> <span class='ocrx_word' id='word_1_320' title='bbox 863 2600 931 2655; x_wconf 81' lang='lat' dir='ltr'><strong>llaec</strong></span> 
     </span>
     <span class='ocr_line' id='line_1_33' title="bbox 131 2666 930 2739; baseline 0.004 -17"><span class='ocrx_word' id='word_1_321' title='bbox 131 2666 279 2722; x_wconf 87' lang='lat' dir='ltr'><strong>Palladius.</strong></span> <span class='ocrx_word' id='word_1_322' title='bbox 297 2669 361 2724; x_wconf 82' lang='lat' dir='ltr'><strong>Fuit</strong></span> <span class='ocrx_word' id='word_1_323' title='bbox 374 2669 444 2725; x_wconf 88' lang='lat' dir='ltr'><strong>alius</strong></span> <span class='ocrx_word' id='word_1_324' title='bbox 457 2668 568 2739; x_wconf 90' lang='lat' dir='ltr'><strong>quidam</strong></span> <span class='ocrx_word' id='word_1_325' title='bbox 585 2672 612 2725; x_wconf 88' lang='lat' dir='ltr'><strong>S.</strong></span> <span class='ocrx_word' id='word_1_326' title='bbox 629 2669 767 2724; x_wconf 81' lang='lat' dir='ltr'><strong>Abraham</strong></span> <span class='ocrx_word' id='word_1_327' title='bbox 784 2671 930 2739; x_wconf 69' lang='lat' dir='ltr'><strong>arvernas,</strong></span> 
     </span>
     <span class='ocr_line' id='line_1_34' title="bbox 131 2735 931 2810; baseline 0.004 -17"><span class='ocrx_word' id='word_1_328' title='bbox 131 2735 165 2793; x_wconf 90' lang='lat' dir='ltr'><strong>de</strong></span> <span class='ocrx_word' id='word_1_329' title='bbox 184 2753 239 2808; x_wconf 94' lang='lat' dir='ltr'><strong>quo</strong></span> <span class='ocrx_word' id='word_1_330' title='bbox 258 2739 386 2795; x_wconf 88' lang='lat' dir='ltr'><strong>Sidonius</strong></span> <span class='ocrx_word' id='word_1_331' title='bbox 407 2739 574 2810; x_wconf 80' lang='lat' dir='ltr'><strong>Apollinaris</strong></span> <span class='ocrx_word' id='word_1_332' title='bbox 595 2741 699 2809; x_wconf 83' lang='lat' dir='ltr'><strong>insigne</strong></span> <span class='ocrx_word' id='word_1_333' title='bbox 715 2753 827 2796; x_wconf 89' lang='lat' dir='ltr'><strong>carmen</strong></span> <span class='ocrx_word' id='word_1_334' title='bbox 847 2740 931 2796; x_wconf 88' lang='lat' dir='ltr'><strong>edidit</strong></span> 
     </span>
     <span class='ocr_line' id='line_1_35' title="bbox 132 2807 931 2882; baseline 0.004 -18"><span class='ocrx_word' id='word_1_335' title='bbox 132 2807 200 2878; x_wconf 85' lang='lat' dir='ltr'><strong>(Lib.</strong></span> <span class='ocrx_word' id='word_1_336' title='bbox 212 2823 255 2864; x_wconf 84' lang='grc' dir='ltr'><strong>ιιι</strong></span> <span class='ocrx_word' id='word_1_337' title='bbox 268 2825 325 2880; x_wconf 72' lang='grc' dir='ltr'><strong>ιιι.</strong></span> <span class='ocrx_word' id='word_1_338' title='bbox 347 2810 404 2879; x_wconf 82' lang='grc' dir='ltr'><strong>ιι);</strong></span> <span class='ocrx_word' id='word_1_339' title='bbox 423 2819 451 2864; x_wconf 88' lang='grc' dir='ltr'><strong>ιι</strong></span> <span class='ocrx_word' id='word_1_340' title='bbox 466 2810 590 2865; x_wconf 87' lang='lat' dir='ltr'><strong>meminit</strong></span> <span class='ocrx_word' id='word_1_341' title='bbox 602 2811 750 2882; x_wconf 88' lang='lat' dir='ltr'><strong>Gregorius</strong></span> <span class='ocrx_word' id='word_1_342' title='bbox 764 2811 931 2868; x_wconf 89' lang='lat' dir='ltr'><strong>Turonensis</strong></span> 
     </span>
     <span class='ocr_line' id='line_1_36' title="bbox 131 2878 927 2952; baseline 0.009 -22"><span class='ocrx_word' id='word_1_343' title='bbox 131 2878 150 2931; x_wconf 93' lang='lat' dir='ltr'><strong>l.</strong></span> <span class='ocrx_word' id='word_1_344' title='bbox 163 2892 188 2931; x_wconf 88' lang='grc' dir='ltr'><strong>ιι</strong></span> <span class='ocrx_word' id='word_1_345' title='bbox 198 2879 303 2931; x_wconf 86' lang='lat' dir='ltr'><strong>Hister.</strong></span> <span class='ocrx_word' id='word_1_346' title='bbox 314 2895 338 2932; x_wconf 88' lang='lat' dir='ltr'><strong>c.</strong></span> <span class='ocrx_word' id='word_1_347' title='bbox 349 2883 431 2943; x_wconf 55' lang='lat' dir='ltr'><strong>‘ibet</strong></span> <span class='ocrx_word' id='word_1_348' title='bbox 443 2881 667 2952; x_wconf 86' lang='lat' dir='ltr'><strong>blartyrologium</strong></span> <span class='ocrx_word' id='word_1_349' title='bbox 676 2883 760 2934; x_wconf 87' lang='lat' dir='ltr'><strong>Rom.</strong></span> <span class='ocrx_word' id='word_1_350' title='bbox 773 2886 805 2933; x_wconf 88' lang='grc'><strong>17</strong></span> <span class='ocrx_word' id='word_1_351' title='bbox 818 2880 927 2937; x_wconf 81' lang='lat' dir='ltr'><strong>kalend.</strong></span> 
     </span>
     <span class='ocr_line' id='line_1_37' title="bbox 132 2946 932 3016; baseline 0.009 -15"><span class='ocrx_word' id='word_1_352' title='bbox 132 2946 209 3001; x_wconf 88' lang='lat' dir='ltr'><strong>Julii.</strong></span> <span class='ocrx_word' id='word_1_353' title='bbox 233 2948 357 3016; x_wconf 85' lang='lat' dir='ltr'><strong>Denique</strong></span> <span class='ocrx_word' id='word_1_354' title='bbox 369 2947 557 3001; x_wconf 76' lang='lat' dir='ltr'><strong>&#39;theodoretus</strong></span> <span class='ocrx_word' id='word_1_355' title='bbox 581 2950 650 3004; x_wconf 91' lang='lat' dir='ltr'><strong>duos</strong></span> <span class='ocrx_word' id='word_1_356' title='bbox 672 2950 738 3004; x_wconf 91' lang='lat' dir='ltr'><strong>alios</strong></span> <span class='ocrx_word' id='word_1_357' title='bbox 753 2950 932 3007; x_wconf 87' lang='lat' dir='ltr'><strong>anachoretas</strong></span> 
     </span>
     <span class='ocr_line' id='line_1_38' title="bbox 132 3015 926 3090; baseline 0.008 -19"><span class='ocrx_word' id='word_1_358' title='bbox 132 3015 302 3072; x_wconf 66' lang='lat' dir='ltr'><strong>abrahamus</strong></span> <span class='ocrx_word' id='word_1_359' title='bbox 315 3016 405 3071; x_wconf 88' lang='lat' dir='ltr'><strong>dictos</strong></span> <span class='ocrx_word' id='word_1_360' title='bbox 416 3025 614 3071; x_wconf 88' lang='lat' dir='ltr'><strong>commemorat</strong></span> <span class='ocrx_word' id='word_1_361' title='bbox 629 3018 739 3089; x_wconf 88' lang='lat' dir='ltr'><strong>(ilistor.</strong></span> <span class='ocrx_word' id='word_1_362' title='bbox 754 3020 802 3072; x_wconf 87' lang='lat' dir='ltr'><strong>lib.</strong></span> <span class='ocrx_word' id='word_1_363' title='bbox 820 3034 852 3075; x_wconf 87' lang='lat' dir='ltr'><strong>rr</strong></span> <span class='ocrx_word' id='word_1_364' title='bbox 864 3036 926 3090; x_wconf 89' lang='lat' dir='ltr'><strong>cap.</strong></span> 
     </span>
     <span class='ocr_line' id='line_1_39' title="bbox 133 3086 931 3159; baseline 0.006 -18"><span class='ocrx_word' id='word_1_365' title='bbox 133 3092 179 3154; x_wconf 77' lang='grc'><strong>26,</strong></span> <span class='ocrx_word' id='word_1_366' title='bbox 200 3091 226 3141; x_wconf 85' lang='grc' dir='ltr'><strong>ιι</strong></span> <span class='ocrx_word' id='word_1_367' title='bbox 249 3088 279 3141; x_wconf 84' lang='lat' dir='ltr'><strong>in</strong></span> <span class='ocrx_word' id='word_1_368' title='bbox 304 3087 373 3141; x_wconf 85' lang='lat' dir='ltr'><strong>Hist.</strong></span> <span class='ocrx_word' id='word_1_369' title='bbox 395 3089 460 3155; x_wconf 80' lang='lat' dir='ltr'><strong>lleq.</strong></span> <span class='ocrx_word' id='word_1_370' title='bbox 481 3102 539 3157; x_wconf 89' lang='lat' dir='ltr'><strong>cap.</strong></span> <span class='ocrx_word' id='word_1_371' title='bbox 560 3090 616 3159; x_wconf 83' lang='grc'>17).</span> <span class='ocrx_word' id='word_1_372' title='bbox 638 3092 673 3143; x_wconf 82' lang='lat' dir='ltr'><strong>At</strong></span> <span class='ocrx_word' id='word_1_373' title='bbox 694 3086 730 3143; x_wconf 93' lang='lat' dir='ltr'><strong>de</strong></span> <span class='ocrx_word' id='word_1_374' title='bbox 749 3087 852 3144; x_wconf 85' lang='lat' dir='ltr'><strong>hishis</strong></span> <span class='ocrx_word' id='word_1_375' title='bbox 875 3106 931 3147; x_wconf 93' lang='lat' dir='ltr'><strong>non</strong></span> 
     </span>
     <span class='ocr_line' id='line_1_40' title="bbox 131 3158 230 3230; baseline -0.01 -17"><span class='ocrx_word' id='word_1_376' title='bbox 131 3158 230 3230; x_wconf 89' lang='lat' dir='ltr'><strong>agitur.</strong></span> 
     </span>
    </p>
   </div>
   <div class='ocr_carea' id='block_1_7' title="bbox 983 1887 1794 3168">
    <p class='ocr_par' dir='ltr' id='par_1_7' title="bbox 983 1887 1794 3168">
     <span class='ocr_line' id='line_1_41' title="bbox 989 1887 1787 1963; baseline 0.008 -19"><span class='ocrx_word' id='word_1_377' title='bbox 989 1889 1071 1945; x_wconf 89' lang='lat' dir='ltr'><strong>etiam</strong></span> <span class='ocrx_word' id='word_1_378' title='bbox 1083 1888 1166 1944; x_wconf 90' lang='lat' dir='ltr'><strong>modo</strong></span> <span class='ocrx_word' id='word_1_379' title='bbox 1181 1888 1248 1944; x_wconf 90' lang='lat' dir='ltr'><strong>nihil</strong></span> <span class='ocrx_word' id='word_1_380' title='bbox 1264 1896 1335 1944; x_wconf 84' lang='lat' dir='ltr'><strong>vetat</strong></span> <span class='ocrx_word' id='word_1_381' title='bbox 1349 1887 1392 1945; x_wconf 88' lang='lat' dir='ltr'><strong>hic</strong></span> <span class='ocrx_word' id='word_1_382' title='bbox 1407 1889 1504 1962; x_wconf 86' lang='lat' dir='ltr'><strong>accipi.</strong></span> <span class='ocrx_word' id='word_1_383' title='bbox 1520 1891 1606 1947; x_wconf 91' lang='lat' dir='ltr'><strong>Porro</strong></span> <span class='ocrx_word' id='word_1_384' title='bbox 1620 1907 1701 1963; x_wconf 89' lang='lat' dir='ltr'><strong>quam</strong></span> <span class='ocrx_word' id='word_1_385' title='bbox 1714 1894 1787 1963; x_wconf 88' lang='lat' dir='ltr'><strong>peri-</strong></span> 
     </span>
     <span class='ocr_line' id='line_1_42' title="bbox 988 1959 1787 2032; baseline 0.008 -16"><span class='ocrx_word' id='word_1_386' title='bbox 988 1959 1113 2017; x_wconf 92' lang='lat' dir='ltr'><strong>culosum</strong></span> <span class='ocrx_word' id='word_1_387' title='bbox 1127 1960 1161 2015; x_wconf 92' lang='lat' dir='ltr'><strong>sit</strong></span> <span class='ocrx_word' id='word_1_388' title='bbox 1174 1959 1313 2016; x_wconf 89' lang='lat' dir='ltr'><strong>monachis</strong></span> <span class='ocrx_word' id='word_1_389' title='bbox 1328 1959 1364 2015; x_wconf 89' lang='lat' dir='ltr'><strong>ad</strong></span> <span class='ocrx_word' id='word_1_390' title='bbox 1377 1969 1501 2032; x_wconf 88' lang='lat' dir='ltr'><strong>parentes</strong></span> <span class='ocrx_word' id='word_1_391' title='bbox 1511 1968 1557 2017; x_wconf 90' lang='lat' dir='ltr'><strong>aut</strong></span> <span class='ocrx_word' id='word_1_392' title='bbox 1569 1962 1674 2019; x_wconf 89' lang='lat' dir='ltr'><strong>amicos</strong></span> <span class='ocrx_word' id='word_1_393' title='bbox 1686 1979 1787 2022; x_wconf 88' lang='lat' dir='ltr'><strong>carna-</strong></span> 
     </span>
     <span class='ocr_line' id='line_1_43' title="bbox 987 2029 1787 2092; baseline 0.009 -7"><span class='ocrx_word' id='word_1_394' title='bbox 987 2029 1026 2086; x_wconf 89' lang='lat' dir='ltr'><strong>les</strong></span> <span class='ocrx_word' id='word_1_395' title='bbox 1040 2030 1195 2087; x_wconf 83' lang='lat' dir='ltr'><strong>invisendos</strong></span> <span class='ocrx_word' id='word_1_396' title='bbox 1212 2040 1315 2087; x_wconf 89' lang='lat' dir='ltr'><strong>temere</strong></span> <span class='ocrx_word' id='word_1_397' title='bbox 1333 2040 1382 2087; x_wconf 93' lang='lat' dir='ltr'><strong>aut</strong></span> <span class='ocrx_word' id='word_1_398' title='bbox 1395 2031 1461 2087; x_wconf 90' lang='lat' dir='ltr'><strong>eitra</strong></span> <span class='ocrx_word' id='word_1_399' title='bbox 1474 2033 1663 2089; x_wconf 89' lang='lat' dir='ltr'><strong>necessitatem</strong></span> <span class='ocrx_word' id='word_1_400' title='bbox 1687 2050 1787 2092; x_wconf 84' lang='lat' dir='ltr'><strong>excur-</strong></span> 
     </span>
     <span class='ocr_line' id='line_1_44' title="bbox 986 2102 1786 2174; baseline 0.009 -18"><span class='ocrx_word' id='word_1_401' title='bbox 986 2117 1057 2171; x_wconf 89' lang='lat' dir='ltr'><strong>rere,</strong></span> <span class='ocrx_word' id='word_1_402' title='bbox 1067 2118 1117 2159; x_wconf 92' lang='lat' dir='ltr'><strong>suo</strong></span> <span class='ocrx_word' id='word_1_403' title='bbox 1129 2102 1231 2157; x_wconf 88' lang='lat' dir='ltr'><strong>damno</strong></span> <span class='ocrx_word' id='word_1_404' title='bbox 1249 2111 1277 2159; x_wconf 92' lang='lat' dir='ltr'><strong>et</strong></span> <span class='ocrx_word' id='word_1_405' title='bbox 1290 2102 1476 2174; x_wconf 86' lang='lat' dir='ltr'><strong>experimento</strong></span> <span class='ocrx_word' id='word_1_406' title='bbox 1489 2102 1584 2160; x_wconf 86' lang='lat' dir='ltr'><strong>didicit</strong></span> <span class='ocrx_word' id='word_1_407' title='bbox 1603 2105 1729 2162; x_wconf 86' lang='lat' dir='ltr'><strong>lllalchus</strong></span> <span class='ocrx_word' id='word_1_408' title='bbox 1741 2107 1786 2163; x_wconf 90' lang='lat' dir='ltr'><strong>ille</strong></span> 
     </span>
     <span class='ocr_line' id='line_1_45' title="bbox 987 2173 1785 2246; baseline 0.008 -19"><span class='ocrx_word' id='word_1_409' title='bbox 987 2173 1148 2240; x_wconf 77' lang='lat' dir='ltr'><strong>monnellus,</strong></span> <span class='ocrx_word' id='word_1_410' title='bbox 1162 2173 1239 2245; x_wconf 84' lang='lat' dir='ltr'><strong>eujus</strong></span> <span class='ocrx_word' id='word_1_411' title='bbox 1253 2173 1335 2228; x_wconf 87' lang='lat' dir='ltr'><strong>vitam</strong></span> <span class='ocrx_word' id='word_1_412' title='bbox 1351 2177 1385 2229; x_wconf 89' lang='lat' dir='ltr'><strong>D.</strong></span> <span class='ocrx_word' id='word_1_413' title='bbox 1396 2173 1583 2246; x_wconf 84' lang='lat' dir='ltr'><strong>Hieronymus</strong></span> <span class='ocrx_word' id='word_1_414' title='bbox 1598 2178 1649 2231; x_wconf 90' lang='lat' dir='ltr'><strong>scri</strong></span> <span class='ocrx_word' id='word_1_415' title='bbox 1672 2177 1705 2232; x_wconf 90' lang='lat' dir='ltr'><strong>tis</strong></span> <span class='ocrx_word' id='word_1_416' title='bbox 1715 2192 1785 2234; x_wconf 88' lang='lat' dir='ltr'><strong>eon·</strong></span> 
     </span>
     <span class='ocr_line' id='line_1_46' title="bbox 986 2192 1786 2315; baseline 0.01 -18"><span class='ocrx_word' id='word_1_417' title='bbox 986 2243 1114 2315; x_wconf 88' lang='lat' dir='ltr'><strong>signarit,</strong></span> <span class='ocrx_word' id='word_1_418' title='bbox 1138 2244 1183 2314; x_wconf 92' lang='lat' dir='ltr'><strong>qui</strong></span> <span class='ocrx_word' id='word_1_419' title='bbox 1201 2244 1236 2300; x_wconf 92' lang='lat' dir='ltr'><strong>de</strong></span> <span class='ocrx_word' id='word_1_420' title='bbox 1257 2245 1433 2309; x_wconf 90' lang='lat' dir='ltr'><strong>monasterio,</strong></span> <span class='ocrx_word' id='word_1_421' title='bbox 1457 2244 1632 2301; x_wconf 89' lang='lat' dir='ltr'><strong>dissuadente</strong></span> <span class='ocrx_word' id='word_1_422' title='bbox 1653 2192 1713 2303; x_wconf 65' lang='lat' dir='ltr'><strong>Dect</strong></span> <span class='ocrx_word' id='word_1_423' title='bbox 1735 2248 1786 2305; x_wconf 88' lang='lat' dir='ltr'><strong>ab·</strong></span> 
     </span>
     <span class='ocr_line' id='line_1_47' title="bbox 986 2313 1794 2386; baseline 0.007 -17"><span class='ocrx_word' id='word_1_424' title='bbox 986 2313 1059 2381; x_wconf 87' lang='lat' dir='ltr'><strong>bate,</strong></span> <span class='ocrx_word' id='word_1_425' title='bbox 1078 2329 1211 2386; x_wconf 85' lang='lat' dir='ltr'><strong>egressus,</strong></span> <span class='ocrx_word' id='word_1_426' title='bbox 1227 2322 1258 2370; x_wconf 90' lang='lat' dir='ltr'><strong>ut</strong></span> <span class='ocrx_word' id='word_1_427' title='bbox 1271 2316 1389 2386; x_wconf 89' lang='lat' dir='ltr'><strong>patriam</strong></span> <span class='ocrx_word' id='word_1_428' title='bbox 1407 2324 1434 2370; x_wconf 92' lang='lat' dir='ltr'><strong>et</strong></span> <span class='ocrx_word' id='word_1_429' title='bbox 1455 2324 1580 2386; x_wconf 88' lang='lat' dir='ltr'><strong>parentes</strong></span> <span class='ocrx_word' id='word_1_430' title='bbox 1595 2317 1733 2379; x_wconf 83' lang='lat' dir='ltr'><strong>inviseret,</strong></span> <span class='ocrx_word' id='word_1_431' title='bbox 1757 2319 1794 2375; x_wconf 85' lang='lat' dir='ltr'><strong>in·</strong></span> 
     </span>
     <span class='ocr_line' id='line_1_48' title="bbox 984 2384 1785 2509; baseline 0.007 -70"><span class='ocrx_word' id='word_1_432' title='bbox 984 2384 1164 2441; x_wconf 90' lang='lat' dir='ltr'><strong>barbarorum</strong></span> <span class='ocrx_word' id='word_1_433' title='bbox 1180 2400 1276 2440; x_wconf 89' lang='lat' dir='ltr'><strong>manus</strong></span> <span class='ocrx_word' id='word_1_434' title='bbox 1295 2384 1426 2453; x_wconf 88' lang='lat' dir='ltr'><strong>incidit,a</strong></span> <span class='ocrx_word' id='word_1_435' title='bbox 1441 2386 1538 2466; x_wconf 84' lang='lat' dir='ltr'><strong>quibus</strong></span> <span class='ocrx_word' id='word_1_436' title='bbox 1549 2394 1644 2509; x_wconf 70' lang='lat' dir='ltr'><strong>raptus</strong></span> <span class='ocrx_word' id='word_1_437' title='bbox 1654 2395 1681 2443; x_wconf 90' lang='lat' dir='ltr'><strong>et</strong></span> <span class='ocrx_word' id='word_1_438' title='bbox 1697 2388 1785 2446; x_wconf 88' lang='lat' dir='ltr'><strong>abdu-</strong></span> 
     </span>
     <span class='ocr_line' id='line_1_49' title="bbox 984 2455 1786 2531; baseline 0.005 -21"><span class='ocrx_word' id='word_1_439' title='bbox 984 2464 1044 2512; x_wconf 91' lang='lat' dir='ltr'><strong>ctus</strong></span> <span class='ocrx_word' id='word_1_440' title='bbox 1064 2458 1162 2512; x_wconf 91' lang='lat' dir='ltr'><strong>multas</strong></span> <span class='ocrx_word' id='word_1_441' title='bbox 1177 2455 1274 2510; x_wconf 89' lang='lat' dir='ltr'><strong>deinde</strong></span> <span class='ocrx_word' id='word_1_442' title='bbox 1287 2469 1424 2510; x_wconf 79' lang='lat' dir='ltr'><strong>aerumnas</strong></span> <span class='ocrx_word' id='word_1_443' title='bbox 1442 2465 1470 2510; x_wconf 90' lang='lat' dir='ltr'><strong>et</strong></span> <span class='ocrx_word' id='word_1_444' title='bbox 1486 2455 1578 2510; x_wconf 80' lang='lat' dir='ltr'><strong>dillicu</strong></span> <span class='ocrx_word' id='word_1_445' title='bbox 1591 2466 1660 2512; x_wconf 88' lang='lat' dir='ltr'><strong>tates</strong></span> <span class='ocrx_word' id='word_1_446' title='bbox 1691 2475 1786 2531; x_wconf 89' lang='lat' dir='ltr'><strong>erpes-</strong></span> 
     </span>
     <span class='ocr_line' id='line_1_50' title="bbox 984 2522 1784 2597; baseline 0.013 -19"><span class='ocrx_word' id='word_1_447' title='bbox 984 2541 1032 2580; x_wconf 90' lang='lat' dir='ltr'><strong>sus</strong></span> <span class='ocrx_word' id='word_1_448' title='bbox 1055 2535 1105 2581; x_wconf 93' lang='lat' dir='ltr'><strong>est.</strong></span> <span class='ocrx_word' id='word_1_449' title='bbox 1131 2524 1204 2580; x_wconf 88' lang='lat' dir='ltr'><strong>Trita</strong></span> <span class='ocrx_word' id='word_1_450' title='bbox 1231 2532 1271 2580; x_wconf 91' lang='lat' dir='ltr'><strong>est</strong></span> <span class='ocrx_word' id='word_1_451' title='bbox 1294 2533 1321 2580; x_wconf 92' lang='lat' dir='ltr'><strong>et</strong></span> <span class='ocrx_word' id='word_1_452' title='bbox 1340 2524 1411 2579; x_wconf 89' lang='lat' dir='ltr'><strong>lectu</strong></span> <span class='ocrx_word' id='word_1_453' title='bbox 1429 2522 1512 2597; x_wconf 89' lang='lat' dir='ltr'><strong>digna</strong></span> <span class='ocrx_word' id='word_1_454' title='bbox 1531 2524 1644 2582; x_wconf 88' lang='lat' dir='ltr'><strong>historia</strong></span> <span class='ocrx_word' id='word_1_455' title='bbox 1683 2533 1784 2589; x_wconf 83' lang='lat' dir='ltr'><strong>Tomel</strong></span> 
     </span>
     <span class='ocr_line' id='line_1_51' title="bbox 986 2594 1794 2666; baseline 0.01 -16"><span class='ocrx_word' id='word_1_456' title='bbox 986 2597 1101 2666; x_wconf 85' lang='lat' dir='ltr'><strong>Operum</strong></span> <span class='ocrx_word' id='word_1_457' title='bbox 1118 2600 1151 2652; x_wconf 87' lang='lat' dir='ltr'><strong>D.</strong></span> <span class='ocrx_word' id='word_1_458' title='bbox 1166 2598 1262 2661; x_wconf 76' lang='lat' dir='ltr'><strong>ilica).</strong></span> <span class='ocrx_word' id='word_1_459' title='bbox 1279 2594 1456 2652; x_wconf 86' lang='lat' dir='ltr'><strong>Contrarium</strong></span> <span class='ocrx_word' id='word_1_460' title='bbox 1478 2610 1544 2651; x_wconf 88' lang='lat' dir='ltr'><strong>vero</strong></span> <span class='ocrx_word' id='word_1_461' title='bbox 1556 2610 1588 2651; x_wconf 86' lang='lat' dir='ltr'><strong>ue</strong></span> <span class='ocrx_word' id='word_1_462' title='bbox 1608 2601 1794 2659; x_wconf 86' lang='lat' dir='ltr'><strong>memorabile·</strong></span> 
     </span>
     <span class='ocr_line' id='line_1_52' title="bbox 985 2664 1784 2737; baseline 0.008 -16"><span class='ocrx_word' id='word_1_463' title='bbox 985 2667 1144 2737; x_wconf 83' lang='lat' dir='ltr'><strong>exemplum</strong></span> <span class='ocrx_word' id='word_1_464' title='bbox 1159 2666 1266 2722; x_wconf 89' lang='lat' dir='ltr'><strong>abbatis</strong></span> <span class='ocrx_word' id='word_1_465' title='bbox 1280 2666 1366 2721; x_wconf 86' lang='lat' dir='ltr'><strong>Pieris</strong></span> <span class='ocrx_word' id='word_1_466' title='bbox 1382 2664 1466 2721; x_wconf 84' lang='lat' dir='ltr'><strong>refert</strong></span> <span class='ocrx_word' id='word_1_467' title='bbox 1487 2668 1656 2724; x_wconf 80' lang='lat' dir='ltr'><strong>sozomenus</strong></span> <span class='ocrx_word' id='word_1_468' title='bbox 1670 2669 1712 2726; x_wconf 88' lang='lat' dir='ltr'><strong>his</strong></span> <span class='ocrx_word' id='word_1_469' title='bbox 1724 2687 1784 2728; x_wconf 88' lang='lat' dir='ltr'><strong>rer·</strong></span> 
     </span>
     <span class='ocr_line' id='line_1_53' title="bbox 985 2736 1786 2809; baseline 0.01 -17"><span class='ocrx_word' id='word_1_470' title='bbox 985 2736 1027 2792; x_wconf 90' lang='lat' dir='ltr'><strong>bis</strong></span> <span class='ocrx_word' id='word_1_471' title='bbox 1039 2740 1108 2807; x_wconf 88' lang='lat' dir='ltr'><strong>(Lib.</strong></span> <span class='ocrx_word' id='word_1_472' title='bbox 1128 2754 1158 2794; x_wconf 87' lang='lat' dir='ltr'><strong>vt</strong></span> <span class='ocrx_word' id='word_1_473' title='bbox 1170 2754 1231 2809; x_wconf 88' lang='lat' dir='ltr'><strong>cap.</strong></span> <span class='ocrx_word' id='word_1_474' title='bbox 1244 2741 1289 2802; x_wconf 75' lang='grc' dir='ltr'><strong>ιιι)</strong></span> <span class='ocrx_word' id='word_1_475' title='bbox 1305 2756 1311 2791; x_wconf 95' lang='lat'><strong>:</strong></span> <span class='ocrx_word' id='word_1_476' title='bbox 1326 2740 1387 2793; x_wconf 88' lang='lat' dir='ltr'><strong>Pior·</strong></span> <span class='ocrx_word' id='word_1_477' title='bbox 1401 2753 1460 2792; x_wconf 89' lang='lat' dir='ltr'><strong>cum</strong></span> <span class='ocrx_word' id='word_1_478' title='bbox 1481 2741 1619 2793; x_wconf 71' lang='lat' dir='ltr'><strong>statuisset</strong></span> <span class='ocrx_word' id='word_1_479' title='bbox 1634 2742 1668 2795; x_wconf 88' lang='lat' dir='ltr'><strong>ab</strong></span> <span class='ocrx_word' id='word_1_480' title='bbox 1680 2745 1786 2800; x_wconf 86' lang='lat' dir='ltr'><strong>ineunte</strong></span> 
     </span>
     <span class='ocr_line' id='line_1_54' title="bbox 983 2809 1784 2884; baseline 0.009 -21"><span class='ocrx_word' id='word_1_481' title='bbox 983 2809 1160 2865; x_wconf 87' lang='lat' dir='ltr'><strong>adolescentia</strong></span> <span class='ocrx_word' id='word_1_482' title='bbox 1182 2814 1245 2865; x_wconf 81' lang='lat' dir='ltr'><strong>citae</strong></span> <span class='ocrx_word' id='word_1_483' title='bbox 1265 2811 1418 2864; x_wconf 68' lang='lat' dir='ltr'><strong>morentiae</strong></span> <span class='ocrx_word' id='word_1_484' title='bbox 1445 2823 1472 2863; x_wconf 87' lang='lat' dir='ltr'><strong>se</strong></span> <span class='ocrx_word' id='word_1_485' title='bbox 1496 2824 1659 2874; x_wconf 77' lang='lat' dir='ltr'><strong>cornescere,</strong></span> <span class='ocrx_word' id='word_1_486' title='bbox 1679 2828 1707 2867; x_wconf 89' lang='lat' dir='ltr'><strong>eo</strong></span> <span class='ocrx_word' id='word_1_487' title='bbox 1727 2817 1784 2884; x_wconf 88' lang='lat' dir='ltr'><strong>ipso</strong></span> 
     </span>
     <span class='ocr_line' id='line_1_55' title="bbox 984 2879 1785 2950; baseline 0.01 -17"><span class='ocrx_word' id='word_1_488' title='bbox 984 2884 1109 2950; x_wconf 83' lang='lat' dir='ltr'><strong>temporis</strong></span> <span class='ocrx_word' id='word_1_489' title='bbox 1132 2883 1241 2950; x_wconf 67' lang='lat' dir='ltr'><strong>uestigio</strong></span> <span class='ocrx_word' id='word_1_490' title='bbox 1259 2896 1311 2950; x_wconf 91' lang='lat' dir='ltr'><strong>quo</strong></span> <span class='ocrx_word' id='word_1_491' title='bbox 1334 2896 1365 2934; x_wconf 89' lang='lat' dir='ltr'><strong>ea</strong></span> <span class='ocrx_word' id='word_1_492' title='bbox 1386 2879 1420 2934; x_wconf 88' lang='lat' dir='ltr'><strong>de</strong></span> <span class='ocrx_word' id='word_1_493' title='bbox 1439 2894 1521 2934; x_wconf 87' lang='lat' dir='ltr'><strong>cause</strong></span> <span class='ocrx_word' id='word_1_494' title='bbox 1536 2885 1661 2950; x_wconf 88' lang='lat' dir='ltr'><strong>paternis</strong></span> <span class='ocrx_word' id='word_1_495' title='bbox 1681 2884 1785 2941; x_wconf 83' lang='lat' dir='ltr'><strong>adibus</strong></span> 
     </span>
     <span class='ocr_line' id='line_1_56' title="bbox 986 2951 1785 3022; baseline 0.009 -19"><span class='ocrx_word' id='word_1_496' title='bbox 986 2966 1109 3017; x_wconf 79' lang='lat' dir='ltr'><strong>opressus</strong></span> <span class='ocrx_word' id='word_1_497' title='bbox 1121 2954 1167 3015; x_wconf 90' lang='lat' dir='ltr'><strong>sit,</strong></span> <span class='ocrx_word' id='word_1_498' title='bbox 1180 2951 1325 3022; x_wconf 74' lang='lat' dir='ltr'><strong>spogmrrdit</strong></span> <span class='ocrx_word' id='word_1_499' title='bbox 1339 2954 1391 3005; x_wconf 87' lang='lat' dir='ltr'><strong>Deo</strong></span> <span class='ocrx_word' id='word_1_500' title='bbox 1403 2965 1430 3005; x_wconf 89' lang='lat' dir='ltr'><strong>se</strong></span> <span class='ocrx_word' id='word_1_501' title='bbox 1447 2951 1480 3005; x_wconf 89' lang='lat' dir='ltr'><strong>de</strong></span> <span class='ocrx_word' id='word_1_502' title='bbox 1494 2956 1587 3007; x_wconf 82' lang='lat' dir='ltr'><strong>caetero</strong></span> <span class='ocrx_word' id='word_1_503' title='bbox 1604 2955 1736 3009; x_wconf 79' lang='grc' dir='ltr'><strong>ιιιιιιιιιιι</strong></span> <span class='ocrx_word' id='word_1_504' title='bbox 1749 2972 1785 3010; x_wconf 83' lang='lat' dir='ltr'><strong>ee</strong></span> 
     </span>
     <span class='ocr_line' id='line_1_57' title="bbox 985 3022 1786 3098; baseline 0.009 -24"><span class='ocrx_word' id='word_1_505' title='bbox 985 3023 1041 3075; x_wconf 91' lang='lat' dir='ltr'><strong>suis</strong></span> <span class='ocrx_word' id='word_1_506' title='bbox 1061 3022 1210 3091; x_wconf 81' lang='lat' dir='ltr'><strong>aliquando</strong></span> <span class='ocrx_word' id='word_1_507' title='bbox 1226 3024 1308 3076; x_wconf 87' lang='lat' dir='ltr'><strong>oeulis</strong></span> <span class='ocrx_word' id='word_1_508' title='bbox 1326 3026 1506 3098; x_wconf 84' lang='lat' dir='ltr'><strong>aspectururn.</strong></span> <span class='ocrx_word' id='word_1_509' title='bbox 1524 3024 1588 3078; x_wconf 86' lang='lat' dir='ltr'><strong>Post</strong></span> <span class='ocrx_word' id='word_1_510' title='bbox 1606 3040 1689 3079; x_wconf 77' lang='lat' dir='ltr'><strong>rennos</strong></span> <span class='ocrx_word' id='word_1_511' title='bbox 1707 3029 1786 3096; x_wconf 83' lang='lat' dir='ltr'><strong>quin-</strong></span> 
     </span>
     <span class='ocr_line' id='line_1_58' title="bbox 986 3094 1785 3168; baseline 0.011 -24"><span class='ocrx_word' id='word_1_512' title='bbox 986 3095 1116 3160; x_wconf 81' lang='lat' dir='ltr'><strong>quaginta</strong></span> <span class='ocrx_word' id='word_1_513' title='bbox 1123 3094 1305 3162; x_wconf 85' lang='lat' dir='ltr'><strong>sororaeeepit</strong></span> <span class='ocrx_word' id='word_1_514' title='bbox 1312 3107 1372 3146; x_wconf 89' lang='lat' dir='ltr'><strong>eum</strong></span> <span class='ocrx_word' id='word_1_515' title='bbox 1382 3094 1470 3147; x_wconf 88' lang='lat' dir='ltr'><strong>adbuc</strong></span> <span class='ocrx_word' id='word_1_516' title='bbox 1477 3095 1574 3148; x_wconf 85' lang='lat' dir='ltr'><strong>eicere.</strong></span> <span class='ocrx_word' id='word_1_517' title='bbox 1587 3096 1651 3162; x_wconf 76' lang='lat' dir='ltr'><strong>Quae</strong></span> <span class='ocrx_word' id='word_1_518' title='bbox 1661 3111 1785 3168; x_wconf 73' lang='lat' dir='ltr'><strong>clampre</strong></span> 
     </span>
    </p>
   </div>
   <div class='ocr_carea' id='block_1_8' title="bbox 946 3163 1785 3244">
    <p class='ocr_par' dir='ltr' id='par_1_8' title="bbox 946 3163 1785 3244">
     <span class='ocr_line' id='line_1_59' title="bbox 946 3163 1785 3244; baseline 0.011 -29"><span class='ocrx_word' id='word_1_519' title='bbox 946 3180 969 3244; x_wconf 62' lang='grc' dir='ltr'><strong>ρ</strong></span> <span class='ocrx_word' id='word_1_520' title='bbox 985 3163 1112 3218; x_wconf 87' lang='lat' dir='ltr'><strong>immenso</strong></span> <span class='ocrx_word' id='word_1_521' title='bbox 1126 3164 1226 3232; x_wconf 83' lang='lat' dir='ltr'><strong>qaudr‘o</strong></span> <span class='ocrx_word' id='word_1_522' title='bbox 1238 3165 1331 3217; x_wconf 82' lang='lat' dir='ltr'><strong>rrerntii</strong></span> <span class='ocrx_word' id='word_1_523' title='bbox 1339 3168 1395 3218; x_wconf 87' lang='lat' dir='ltr'><strong>tarn</strong></span> <span class='ocrx_word' id='word_1_524' title='bbox 1407 3167 1541 3234; x_wconf 82' lang='lat' dir='ltr'><strong>insperati</strong></span> <span class='ocrx_word' id='word_1_525' title='bbox 1548 3170 1689 3235; x_wconf 85' lang='lat' dir='ltr'><strong>essetpene</strong></span> <span class='ocrx_word' id='word_1_526' title='bbox 1699 3170 1785 3224; x_wconf 77' lang='lat' dir='ltr'><strong>obstri-</strong></span> 
     </span>
    </p>
   </div>
   <div class='ocr_carea' id='block_1_9' title="bbox 131 3227 1795 3443">
    <p class='ocr_par' dir='ltr' id='par_1_9' title="bbox 131 3227 1795 3443">
     <span class='ocr_line' id='line_1_60' title="bbox 167 3227 1795 3304; baseline 0.009 -22"><span class='ocrx_word' id='word_1_527' title='bbox 167 3232 179 3261; x_wconf 75' lang='grc' dir='ltr'><strong>ι</strong></span> <span class='ocrx_word' id='word_1_528' title='bbox 191 3227 411 3284; x_wconf 85' lang='lat' dir='ltr'><strong>llarumscilicet</strong></span> <span class='ocrx_word' id='word_1_529' title='bbox 423 3228 644 3285; x_wconf 68' lang='lat' dir='ltr'><strong>decollationem</strong></span> <span class='ocrx_word' id='word_1_530' title='bbox 657 3238 792 3297; x_wconf 89' lang='lat' dir='ltr'><strong>auctores,</strong></span> <span class='ocrx_word' id='word_1_531' title='bbox 808 3231 863 3287; x_wconf 89' lang='lat' dir='ltr'><strong>sire</strong></span> <span class='ocrx_word' id='word_1_532' title='bbox 872 3231 931 3287; x_wconf 90' lang='lat' dir='ltr'><strong>eol-</strong></span> <span class='ocrx_word' id='word_1_533' title='bbox 981 3235 1103 3302; x_wconf 85' lang='lat' dir='ltr'><strong>pefecta,</strong></span> <span class='ocrx_word' id='word_1_534' title='bbox 1116 3237 1248 3304; x_wconf 84' lang='lat' dir='ltr'><strong>quiescere</strong></span> <span class='ocrx_word' id='word_1_535' title='bbox 1259 3250 1314 3289; x_wconf 87' lang='lat' dir='ltr'><strong>nan</strong></span> <span class='ocrx_word' id='word_1_536' title='bbox 1324 3238 1413 3304; x_wconf 90' lang='lat' dir='ltr'><strong>potuit</strong></span> <span class='ocrx_word' id='word_1_537' title='bbox 1422 3238 1599 3302; x_wconf 72' lang='lat' dir='ltr'><strong>ribifratrem</strong></span> <span class='ocrx_word' id='word_1_538' title='bbox 1610 3239 1692 3294; x_wconf 80' lang='lat' dir='ltr'><strong>omlis</strong></span> <span class='ocrx_word' id='word_1_539' title='bbox 1702 3242 1795 3296; x_wconf 74' lang='lat' dir='ltr'><strong>intus·</strong></span> 
     </span>
     <span class='ocr_line' id='line_1_61' title="bbox 131 3298 1786 3374; baseline 0.006 -20"><span class='ocrx_word' id='word_1_540' title='bbox 131 3298 241 3368; x_wconf 89' lang='lat' dir='ltr'><strong>latores,</strong></span> <span class='ocrx_word' id='word_1_541' title='bbox 252 3300 500 3355; x_wconf 90' lang='lat' dir='ltr'><strong>auteollocutores.</strong></span> <span class='ocrx_word' id='word_1_542' title='bbox 512 3300 645 3356; x_wconf 83' lang='lat' dir='ltr'><strong>Dicuntur</strong></span> <span class='ocrx_word' id='word_1_543' title='bbox 657 3309 750 3357; x_wconf 88' lang='lat' dir='ltr'><strong>autem</strong></span> <span class='ocrx_word' id='word_1_544' title='bbox 761 3302 853 3374; x_wconf 81' lang='lat' dir='ltr'><strong>viginti</strong></span> <span class='ocrx_word' id='word_1_545' title='bbox 863 3318 932 3374; x_wconf 86' lang='lat' dir='ltr'><strong>qua·</strong></span> <span class='ocrx_word' id='word_1_546' title='bbox 985 3308 1070 3356; x_wconf 89' lang='lat' dir='ltr'><strong>retur.</strong></span> <span class='ocrx_word' id='word_1_547' title='bbox 1087 3305 1172 3369; x_wconf 87' lang='lat' dir='ltr'><strong>Quom</strong></span> <span class='ocrx_word' id='word_1_548' title='bbox 1192 3310 1269 3357; x_wconf 79' lang='lat' dir='ltr'><strong>etrite</strong></span> <span class='ocrx_word' id='word_1_549' title='bbox 1284 3312 1447 3371; x_wconf 67' lang='lat' dir='ltr'><strong>procreatam,</strong></span> <span class='ocrx_word' id='word_1_550' title='bbox 1463 3307 1668 3374; x_wconf 83' lang='lat' dir='ltr'><strong>lamentantem,</strong></span> <span class='ocrx_word' id='word_1_551' title='bbox 1684 3315 1710 3363; x_wconf 88' lang='lat' dir='ltr'><strong>et</strong></span> <span class='ocrx_word' id='word_1_552' title='bbox 1731 3314 1786 3364; x_wconf 88' lang='lat' dir='ltr'><strong>im-</strong></span> 
     </span>
     <span class='ocr_line' id='line_1_62' title="bbox 131 3370 1788 3443; baseline 0.005 -18"><span class='ocrx_word' id='word_1_553' title='bbox 131 3379 195 3426; x_wconf 92' lang='lat' dir='ltr'><strong>tuor</strong></span> <span class='ocrx_word' id='word_1_554' title='bbox 218 3385 299 3426; x_wconf 89' lang='lat' dir='ltr'><strong>senos</strong></span> <span class='ocrx_word' id='word_1_555' title='bbox 320 3370 462 3436; x_wconf 88' lang='lat' dir='ltr'><strong>(allusione</strong></span> <span class='ocrx_word' id='word_1_556' title='bbox 483 3370 599 3443; x_wconf 88' lang='lat' dir='ltr'><strong>quadam</strong></span> <span class='ocrx_word' id='word_1_557' title='bbox 624 3373 738 3429; x_wconf 91' lang='lat' dir='ltr'><strong>adillos</strong></span> <span class='ocrx_word' id='word_1_558' title='bbox 758 3373 932 3429; x_wconf 68' lang='lat' dir='ltr'><strong>accentores</strong></span> <span class='ocrx_word' id='word_1_559' title='bbox 981 3373 1133 3441; x_wconf 88' lang='lat' dir='ltr'><strong>plorantem</strong></span> <span class='ocrx_word' id='word_1_560' title='bbox 1154 3376 1183 3425; x_wconf 91' lang='lat' dir='ltr'><strong>in</strong></span> <span class='ocrx_word' id='word_1_561' title='bbox 1203 3373 1253 3427; x_wconf 85' lang='lat' dir='ltr'><strong>irae</strong></span> <span class='ocrx_word' id='word_1_562' title='bbox 1273 3387 1302 3425; x_wconf 88' lang='lat' dir='ltr'><strong>re</strong></span> <span class='ocrx_word' id='word_1_563' title='bbox 1324 3375 1462 3426; x_wconf 82' lang='lat' dir='ltr'><strong>aereilium</strong></span> <span class='ocrx_word' id='word_1_564' title='bbox 1484 3377 1619 3442; x_wconf 88' lang='lat' dir='ltr'><strong>episcopus</strong></span> <span class='ocrx_word' id='word_1_565' title='bbox 1642 3378 1717 3432; x_wconf 88' lang='lat' dir='ltr'><strong>illius</strong></span> <span class='ocrx_word' id='word_1_566' title='bbox 1737 3382 1788 3435; x_wconf 89' lang='lat' dir='ltr'><strong>loci</strong></span> 
     </span>
    </p>
   </div>
   <div class='ocr_carea' id='block_1_10' title="bbox 131 3441 931 3588">
    <p class='ocr_par' dir='ltr' id='par_1_10' title="bbox 131 3441 931 3588">
     <span class='ocr_line' id='line_1_63' title="bbox 131 3441 931 3515; baseline 0.005 -19"><span class='ocrx_word' id='word_1_567' title='bbox 131 3455 200 3512; x_wconf 92' lang='lat' dir='ltr'><strong>quos</strong></span> <span class='ocrx_word' id='word_1_568' title='bbox 210 3441 276 3498; x_wconf 87' lang='lat' dir='ltr'><strong>ridit</strong></span> <span class='ocrx_word' id='word_1_569' title='bbox 290 3442 410 3497; x_wconf 88' lang='lat' dir='ltr'><strong>loannes</strong></span> <span class='ocrx_word' id='word_1_570' title='bbox 426 3442 452 3497; x_wconf 92' lang='lat' dir='ltr'><strong>in</strong></span> <span class='ocrx_word' id='word_1_571' title='bbox 464 3443 648 3514; x_wconf 74' lang='lat' dir='ltr'><strong>Apocalypsi),</strong></span> <span class='ocrx_word' id='word_1_572' title='bbox 666 3458 722 3499; x_wconf 93' lang='lat' dir='ltr'><strong>non</strong></span> <span class='ocrx_word' id='word_1_573' title='bbox 737 3458 852 3499; x_wconf 90' lang='lat' dir='ltr'><strong>numero</strong></span> <span class='ocrx_word' id='word_1_574' title='bbox 867 3459 931 3515; x_wconf 91' lang='lat' dir='ltr'><strong>per-</strong></span> 
     </span>
     <span class='ocr_line' id='line_1_64' title="bbox 131 3512 929 3588; baseline 0.004 -21"><span class='ocrx_word' id='word_1_575' title='bbox 131 3527 271 3573; x_wconf 83' lang='lat' dir='ltr'><strong>sonarum,</strong></span> <span class='ocrx_word' id='word_1_576' title='bbox 287 3512 335 3568; x_wconf 91' lang='lat' dir='ltr'><strong>sed</strong></span> <span class='ocrx_word' id='word_1_577' title='bbox 349 3512 537 3569; x_wconf 88' lang='lat' dir='ltr'><strong>collationum.</strong></span> <span class='ocrx_word' id='word_1_578' title='bbox 549 3516 611 3569; x_wconf 85' lang='lat' dir='ltr'><strong>Non</strong></span> <span class='ocrx_word' id='word_1_579' title='bbox 626 3515 698 3569; x_wconf 92' lang='lat' dir='ltr'><strong>enim</strong></span> <span class='ocrx_word' id='word_1_580' title='bbox 707 3514 822 3586; x_wconf 89' lang='lat' dir='ltr'><strong>singulis</strong></span> <span class='ocrx_word' id='word_1_581' title='bbox 834 3514 929 3588; x_wconf 93' lang='lat' dir='ltr'><strong>singu-</strong></span> 
     </span>
    </p>
   </div>
   <div class='ocr_carea' id='block_1_11' title="bbox 985 3443 1796 3589">
    <p class='ocr_par' dir='ltr' id='par_1_11' title="bbox 985 3443 1796 3589">
     <span class='ocr_line' id='line_1_65' title="bbox 985 3443 1796 3512; baseline 0.011 -15"><span class='ocrx_word' id='word_1_582' title='bbox 985 3446 1192 3508; x_wconf 87' lang='lat' dir='ltr'><strong>commiseratus,</strong></span> <span class='ocrx_word' id='word_1_583' title='bbox 1207 3443 1317 3511; x_wconf 89' lang='lat' dir='ltr'><strong>scripsit</strong></span> <span class='ocrx_word' id='word_1_584' title='bbox 1329 3443 1367 3495; x_wconf 89' lang='lat' dir='ltr'><strong>od</strong></span> <span class='ocrx_word' id='word_1_585' title='bbox 1377 3443 1508 3512; x_wconf 76' lang='lat' dir='ltr'><strong>praesides</strong></span> <span class='ocrx_word' id='word_1_586' title='bbox 1515 3447 1701 3502; x_wconf 80' lang='lat' dir='ltr'><strong>mortariorum</strong></span> <span class='ocrx_word' id='word_1_587' title='bbox 1711 3452 1740 3504; x_wconf 88' lang='lat' dir='ltr'><strong>in</strong></span> <span class='ocrx_word' id='word_1_588' title='bbox 1746 3460 1796 3506; x_wconf 84' lang='lat' dir='ltr'><strong>so·&#39;</strong></span> 
     </span>
     <span class='ocr_line' id='line_1_66' title="bbox 985 3514 1787 3589; baseline 0.01 -22"><span class='ocrx_word' id='word_1_589' title='bbox 985 3514 1099 3569; x_wconf 86' lang='lat' dir='ltr'><strong>litudiae</strong></span> <span class='ocrx_word' id='word_1_590' title='bbox 1121 3515 1272 3583; x_wconf 77' lang='lat' dir='ltr'><strong>degentirrm</strong></span> <span class='ocrx_word' id='word_1_591' title='bbox 1286 3517 1317 3567; x_wconf 92' lang='lat' dir='ltr'><strong>ut</strong></span> <span class='ocrx_word' id='word_1_592' title='bbox 1335 3515 1440 3569; x_wconf 82' lang='lat' dir='ltr'><strong>Piorum</strong></span> <span class='ocrx_word' id='word_1_593' title='bbox 1463 3514 1500 3568; x_wconf 89' lang='lat' dir='ltr'><strong>ad</strong></span> <span class='ocrx_word' id='word_1_594' title='bbox 1521 3530 1548 3569; x_wconf 91' lang='lat' dir='ltr'><strong>se</strong></span> <span class='ocrx_word' id='word_1_595' title='bbox 1569 3519 1716 3575; x_wconf 84' lang='lat' dir='ltr'><strong>mitterent.</strong></span> <span class='ocrx_word' id='word_1_596' title='bbox 1733 3522 1787 3589; x_wconf 85' lang='lat' dir='ltr'><strong>Qui</strong></span> 
     </span>
    </p>
   </div>
   <div class='ocr_carea' id='block_1_12' title="bbox 131 3582 1784 3657">
    <p class='ocr_par' dir='ltr' id='par_1_12' title="bbox 131 3582 1784 3657">
     <span class='ocr_line' id='line_1_67' title="bbox 131 3582 1784 3657; baseline 0.006 -20"><span class='ocrx_word' id='word_1_597' title='bbox 131 3582 175 3649; x_wconf 84' lang='lat' dir='ltr'><strong>lae,</strong></span> <span class='ocrx_word' id='word_1_598' title='bbox 187 3584 235 3639; x_wconf 91' lang='lat' dir='ltr'><strong>sed</strong></span> <span class='ocrx_word' id='word_1_599' title='bbox 248 3583 383 3654; x_wconf 91' lang='lat' dir='ltr'><strong>aliquibus</strong></span> <span class='ocrx_word' id='word_1_600' title='bbox 395 3583 468 3649; x_wconf 83' lang='lat' dir='ltr'><strong>duae,</strong></span> <span class='ocrx_word' id='word_1_601' title='bbox 482 3585 540 3640; x_wconf 88' lang='lat' dir='ltr'><strong>aliis</strong></span> <span class='ocrx_word' id='word_1_602' title='bbox 554 3585 637 3641; x_wconf 89' lang='lat' dir='ltr'><strong>etiam</strong></span> <span class='ocrx_word' id='word_1_603' title='bbox 650 3595 705 3642; x_wconf 88' lang='lat' dir='ltr'><strong>tres</strong></span> <span class='ocrx_word' id='word_1_604' title='bbox 717 3584 877 3641; x_wconf 88' lang='lat' dir='ltr'><strong>collationes</strong></span> <span class='ocrx_word' id='word_1_605' title='bbox 890 3594 932 3641; x_wconf 89' lang='lat' dir='ltr'><strong>at·</strong></span> <span class='ocrx_word' id='word_1_606' title='bbox 980 3585 1073 3655; x_wconf 80' lang='lat' dir='ltr'><strong>jrtssus</strong></span> <span class='ocrx_word' id='word_1_607' title='bbox 1088 3602 1117 3640; x_wconf 91' lang='lat' dir='ltr'><strong>eo</strong></span> <span class='ocrx_word' id='word_1_608' title='bbox 1131 3588 1269 3655; x_wconf 86' lang='lat' dir='ltr'><strong>profectus</strong></span> <span class='ocrx_word' id='word_1_609' title='bbox 1290 3589 1342 3648; x_wconf 88' lang='lat' dir='ltr'><strong>est,</strong></span> <span class='ocrx_word' id='word_1_610' title='bbox 1356 3587 1457 3655; x_wconf 87' lang='lat' dir='ltr'><strong>quippe</strong></span> <span class='ocrx_word' id='word_1_611' title='bbox 1477 3601 1537 3639; x_wconf 88' lang='lat' dir='ltr'><strong>eum</strong></span> <span class='ocrx_word' id='word_1_612' title='bbox 1554 3602 1608 3641; x_wconf 82' lang='lat' dir='ltr'><strong>neri</strong></span> <span class='ocrx_word' id='word_1_613' title='bbox 1623 3595 1712 3657; x_wconf 85' lang='lat' dir='ltr'><strong>posset</strong></span> <span class='ocrx_word' id='word_1_614' title='bbox 1729 3593 1784 3647; x_wconf 87' lang='lat' dir='ltr'><strong>illis</strong></span> 
     </span>
    </p>
   </div>
   <div class='ocr_carea' id='block_1_13' title="bbox 129 3644 931 4572">
    <p class='ocr_par' dir='ltr' id='par_1_13' title="bbox 129 3644 931 4572">
     <span class='ocr_line' id='line_1_68' title="bbox 132 3644 931 3729; baseline 0.006 -21"><span class='ocrx_word' id='word_1_615' title='bbox 132 3654 297 3709; x_wconf 88' lang='lat' dir='ltr'><strong>tribuuntur.</strong></span> <span class='ocrx_word' id='word_1_616' title='bbox 312 3655 393 3710; x_wconf 91' lang='lat' dir='ltr'><strong>Unde</strong></span> <span class='ocrx_word' id='word_1_617' title='bbox 407 3656 481 3726; x_wconf 93' lang='lat' dir='ltr'><strong>quod</strong></span> <span class='ocrx_word' id='word_1_618' title='bbox 495 3656 529 3712; x_wconf 91' lang='lat' dir='ltr'><strong>ad</strong></span> <span class='ocrx_word' id='word_1_619' title='bbox 541 3644 686 3713; x_wconf 77' lang='lat' dir='ltr'><strong>numerum</strong></span> <span class='ocrx_word' id='word_1_620' title='bbox 700 3672 878 3729; x_wconf 86' lang='lat' dir='ltr'><strong>personarum</strong></span> <span class='ocrx_word' id='word_1_621' title='bbox 893 3666 931 3713; x_wconf 90' lang='lat' dir='ltr'><strong>at·</strong></span> 
     </span>
     <span class='ocr_line' id='line_1_69' title="bbox 130 3725 931 3795; baseline 0.006 -15"><span class='ocrx_word' id='word_1_622' title='bbox 130 3725 208 3791; x_wconf 91' lang='lat' dir='ltr'><strong>tinet,</strong></span> <span class='ocrx_word' id='word_1_623' title='bbox 223 3741 278 3781; x_wconf 93' lang='lat' dir='ltr'><strong>uon</strong></span> <span class='ocrx_word' id='word_1_624' title='bbox 298 3725 350 3781; x_wconf 92' lang='lat' dir='ltr'><strong>nisi</strong></span> <span class='ocrx_word' id='word_1_625' title='bbox 363 3726 519 3795; x_wconf 90' lang='lat' dir='ltr'><strong>quindecim</strong></span> <span class='ocrx_word' id='word_1_626' title='bbox 531 3743 648 3782; x_wconf 80' lang='lat' dir='ltr'><strong>numero</strong></span> <span class='ocrx_word' id='word_1_627' title='bbox 663 3728 833 3785; x_wconf 78' lang='lat' dir='ltr'><strong>anachoretae</strong></span> <span class='ocrx_word' id='word_1_628' title='bbox 847 3728 874 3782; x_wconf 93' lang='lat' dir='ltr'><strong>iu</strong></span> <span class='ocrx_word' id='word_1_629' title='bbox 890 3728 931 3785; x_wconf 89' lang='lat' dir='ltr'><strong>his</strong></span> 
     </span>
     <span class='ocr_line' id='line_1_70' title="bbox 130 3794 928 3871; baseline 0.006 -21"><span class='ocrx_word' id='word_1_630' title='bbox 130 3794 322 3852; x_wconf 89' lang='lat' dir='ltr'><strong>collationibus</strong></span> <span class='ocrx_word' id='word_1_631' title='bbox 347 3797 529 3852; x_wconf 87' lang='lat' dir='ltr'><strong>nominantur</strong></span> <span class='ocrx_word' id='word_1_632' title='bbox 544 3798 677 3857; x_wconf 82' lang='lat' dir='ltr'><strong>:Primus</strong></span> <span class='ocrx_word' id='word_1_633' title='bbox 700 3799 786 3855; x_wconf 90' lang='lat' dir='ltr'><strong>abbas</strong></span> <span class='ocrx_word' id='word_1_634' title='bbox 807 3802 928 3871; x_wconf 87' lang='lat' dir='ltr'><strong>Moyses,</strong></span> 
     </span>
     <span class='ocr_line' id='line_1_71' title="bbox 129 3864 929 3939; baseline 0.009 -21"><span class='ocrx_word' id='word_1_635' title='bbox 129 3865 174 3919; x_wconf 89' lang='lat' dir='ltr'><strong>cui</strong></span> <span class='ocrx_word' id='word_1_636' title='bbox 190 3866 276 3933; x_wconf 74' lang='lat' dir='ltr'><strong>priona</strong></span> <span class='ocrx_word' id='word_1_637' title='bbox 297 3864 416 3931; x_wconf 89' lang='lat' dir='ltr'><strong>collatio,</strong></span> <span class='ocrx_word' id='word_1_638' title='bbox 430 3867 462 3918; x_wconf 87' lang='lat' dir='ltr'><strong>de</strong></span> <span class='ocrx_word' id='word_1_639' title='bbox 478 3870 603 3919; x_wconf 86' lang='lat' dir='ltr'><strong>monaehi</strong></span> <span class='ocrx_word' id='word_1_640' title='bbox 619 3871 797 3923; x_wconf 87' lang='lat' dir='ltr'><strong>destinatione</strong></span> <span class='ocrx_word' id='word_1_641' title='bbox 813 3872 854 3924; x_wconf 77' lang='grc' dir='ltr'><strong>ιιι</strong></span> <span class='ocrx_word' id='word_1_642' title='bbox 866 3874 929 3939; x_wconf 74' lang='lat' dir='ltr'><strong>fue,</strong></span> 
     </span>
     <span class='ocr_line' id='line_1_72' title="bbox 130 3933 929 4007; baseline 0.01 -19"><span class='ocrx_word' id='word_1_643' title='bbox 130 3941 157 3988; x_wconf 94' lang='lat' dir='ltr'><strong>et</strong></span> <span class='ocrx_word' id='word_1_644' title='bbox 166 3933 298 3999; x_wconf 90' lang='lat' dir='ltr'><strong>secunda,</strong></span> <span class='ocrx_word' id='word_1_645' title='bbox 310 3935 342 3987; x_wconf 85' lang='lat' dir='ltr'><strong>de</strong></span> <span class='ocrx_word' id='word_1_646' title='bbox 355 3934 522 3989; x_wconf 73' lang='lat' dir='ltr'><strong>discretione.</strong></span> <span class='ocrx_word' id='word_1_647' title='bbox 534 3936 677 3990; x_wconf 77' lang='lat' dir='ltr'><strong>Securmus</strong></span> <span class='ocrx_word' id='word_1_648' title='bbox 688 3936 870 4007; x_wconf 86' lang='lat' dir='ltr'><strong>Paphnutius,</strong></span> <span class='ocrx_word' id='word_1_649' title='bbox 886 3944 929 3996; x_wconf 89' lang='lat' dir='ltr'><strong>eui</strong></span> 
     </span>
     <span class='ocr_line' id='line_1_73' title="bbox 131 4004 929 4078; baseline 0.006 -18"><span class='ocrx_word' id='word_1_650' title='bbox 131 4004 221 4068; x_wconf 89' lang='lat' dir='ltr'><strong>tertia,</strong></span> <span class='ocrx_word' id='word_1_651' title='bbox 242 4005 274 4059; x_wconf 88' lang='lat' dir='ltr'><strong>de</strong></span> <span class='ocrx_word' id='word_1_652' title='bbox 291 4006 377 4058; x_wconf 86' lang='lat' dir='ltr'><strong>tribus</strong></span> <span class='ocrx_word' id='word_1_653' title='bbox 396 4005 685 4061; x_wconf 80' lang='lat' dir='ltr'><strong>erbrerruntiatr&#39;onibus.</strong></span> <span class='ocrx_word' id='word_1_654' title='bbox 702 4006 810 4062; x_wconf 81' lang='lat' dir='ltr'><strong>Tettius</strong></span> <span class='ocrx_word' id='word_1_655' title='bbox 821 4009 929 4078; x_wconf 85' lang='lat' dir='ltr'><strong>Daniel,</strong></span> 
     </span>
     <span class='ocr_line' id='line_1_74' title="bbox 130 4076 930 4150; baseline 0.008 -20"><span class='ocrx_word' id='word_1_656' title='bbox 130 4076 172 4130; x_wconf 88' lang='lat' dir='ltr'><strong>eui</strong></span> <span class='ocrx_word' id='word_1_657' title='bbox 182 4082 291 4147; x_wconf 89' lang='lat' dir='ltr'><strong>quarta,</strong></span> <span class='ocrx_word' id='word_1_658' title='bbox 299 4076 331 4130; x_wconf 85' lang='lat' dir='ltr'><strong>de</strong></span> <span class='ocrx_word' id='word_1_659' title='bbox 341 4079 647 4146; x_wconf 71' lang='lat' dir='ltr'><strong>conccupiscentihcamis</strong></span> <span class='ocrx_word' id='word_1_660' title='bbox 659 4083 685 4132; x_wconf 91' lang='lat' dir='ltr'><strong>ot</strong></span> <span class='ocrx_word' id='word_1_661' title='bbox 693 4080 801 4148; x_wconf 75' lang='lat' dir='ltr'><strong>sprir&#39;tu.</strong></span> <span class='ocrx_word' id='word_1_662' title='bbox 812 4080 930 4150; x_wconf 88' lang='lat' dir='ltr'><strong>Quartus</strong></span> 
     </span>
     <span class='ocr_line' id='line_1_75' title="bbox 131 4145 931 4273; baseline 0.006 -71"><span class='ocrx_word' id='word_1_663' title='bbox 131 4145 323 4214; x_wconf 63' lang='lat' dir='ltr'><strong>Serapionem</strong></span> <span class='ocrx_word' id='word_1_664' title='bbox 335 4147 841 4273; x_wconf 43' lang='lat' dir='ltr'><strong>quinta,deectedrrincipulibusuitiis.</strong></span> <span class='ocrx_word' id='word_1_665' title='bbox 850 4151 931 4220; x_wconf 85' lang='lat' dir='ltr'><strong>Quin·</strong></span> 
     </span>
     <span class='ocr_line' id='line_1_76' title="bbox 130 4216 930 4285; baseline 0.009 -14"><span class='ocrx_word' id='word_1_666' title='bbox 130 4223 174 4272; x_wconf 92' lang='lat' dir='ltr'><strong>tus</strong></span> <span class='ocrx_word' id='word_1_667' title='bbox 187 4216 360 4283; x_wconf 85' lang='lat' dir='ltr'><strong>Theodorus,</strong></span> <span class='ocrx_word' id='word_1_668' title='bbox 376 4217 420 4273; x_wconf 91' lang='lat' dir='ltr'><strong>cui</strong></span> <span class='ocrx_word' id='word_1_669' title='bbox 438 4226 525 4285; x_wconf 83' lang='lat' dir='ltr'><strong>serta,</strong></span> <span class='ocrx_word' id='word_1_670' title='bbox 557 4234 641 4274; x_wconf 84' lang='lat' dir='ltr'><strong>eneae</strong></span> <span class='ocrx_word' id='word_1_671' title='bbox 657 4226 819 4275; x_wconf 85' lang='lat' dir='ltr'><strong>sanctorum.</strong></span> <span class='ocrx_word' id='word_1_672' title='bbox 833 4221 930 4280; x_wconf 83' lang='lat' dir='ltr'><strong>Sextus</strong></span> 
     </span>
     <span class='ocr_line' id='line_1_77' title="bbox 129 4288 929 4363; baseline 0.005 -20"><span class='ocrx_word' id='word_1_673' title='bbox 129 4288 257 4356; x_wconf 90' lang='lat' dir='ltr'><strong>Serenus,</strong></span> <span class='ocrx_word' id='word_1_674' title='bbox 273 4288 316 4343; x_wconf 83' lang='lat' dir='ltr'><strong>ciri</strong></span> <span class='ocrx_word' id='word_1_675' title='bbox 329 4290 455 4359; x_wconf 89' lang='lat' dir='ltr'><strong>septima,</strong></span> <span class='ocrx_word' id='word_1_676' title='bbox 468 4290 503 4345; x_wconf 87' lang='lat' dir='ltr'><strong>de</strong></span> <span class='ocrx_word' id='word_1_677' title='bbox 517 4292 615 4345; x_wconf 80' lang='lat' dir='ltr'><strong>anina</strong></span> <span class='ocrx_word' id='word_1_678' title='bbox 634 4292 796 4358; x_wconf 83' lang='lat' dir='ltr'><strong>moln&#39;litute,</strong></span> <span class='ocrx_word' id='word_1_679' title='bbox 807 4297 833 4346; x_wconf 89' lang='lat' dir='ltr'><strong>et</strong></span> <span class='ocrx_word' id='word_1_680' title='bbox 845 4295 929 4363; x_wconf 88' lang='lat' dir='ltr'><strong>spiri-</strong></span> 
     </span>
     <span class='ocr_line' id='line_1_78' title="bbox 131 4361 930 4434; baseline 0.006 -20"><span class='ocrx_word' id='word_1_681' title='bbox 131 4361 231 4415; x_wconf 87' lang='lat' dir='ltr'><strong>talibus</strong></span> <span class='ocrx_word' id='word_1_682' title='bbox 243 4362 383 4429; x_wconf 70' lang='lat' dir='ltr'><strong>requitatis,</strong></span> <span class='ocrx_word' id='word_1_683' title='bbox 396 4369 424 4416; x_wconf 91' lang='lat' dir='ltr'><strong>et</strong></span> <span class='ocrx_word' id='word_1_684' title='bbox 432 4369 537 4429; x_wconf 83' lang='grc' dir='ltr'><strong>οιιιιι,</strong></span> <span class='ocrx_word' id='word_1_685' title='bbox 547 4362 580 4417; x_wconf 88' lang='lat' dir='ltr'><strong>de</strong></span> <span class='ocrx_word' id='word_1_686' title='bbox 590 4363 802 4433; x_wconf 79' lang='lat' dir='ltr'><strong>principatibus,</strong></span> <span class='ocrx_word' id='word_1_687' title='bbox 810 4370 930 4434; x_wconf 86' lang='lat' dir='ltr'><strong>scupote-</strong></span> 
     </span>
     <span class='ocr_line' id='line_1_79' title="bbox 130 4432 930 4502; baseline 0.006 -16"><span class='ocrx_word' id='word_1_688' title='bbox 130 4433 258 4486; x_wconf 88' lang='lat' dir='ltr'><strong>statibus.</strong></span> <span class='ocrx_word' id='word_1_689' title='bbox 267 4432 409 4502; x_wconf 88' lang='lat' dir='ltr'><strong>Septimus</strong></span> <span class='ocrx_word' id='word_1_690' title='bbox 419 4435 503 4499; x_wconf 91' lang='lat' dir='ltr'><strong>isaac,</strong></span> <span class='ocrx_word' id='word_1_691' title='bbox 515 4433 558 4488; x_wconf 92' lang='lat' dir='ltr'><strong>eui</strong></span> <span class='ocrx_word' id='word_1_692' title='bbox 570 4448 656 4500; x_wconf 89' lang='lat' dir='ltr'><strong>nona,</strong></span> <span class='ocrx_word' id='word_1_693' title='bbox 667 4433 700 4489; x_wconf 88' lang='lat' dir='ltr'><strong>de</strong></span> <span class='ocrx_word' id='word_1_694' title='bbox 710 4437 838 4502; x_wconf 87' lang='lat' dir='ltr'><strong>oratione,</strong></span> <span class='ocrx_word' id='word_1_695' title='bbox 852 4435 930 4491; x_wconf 85' lang='lat' dir='ltr'><strong>etde-</strong></span> 
     </span>
     <span class='ocr_line' id='line_1_80' title="bbox 130 4501 928 4572; baseline 0.009 -17"><span class='ocrx_word' id='word_1_696' title='bbox 130 4501 214 4567; x_wconf 90' lang='lat' dir='ltr'><strong>cima,</strong></span> <span class='ocrx_word' id='word_1_697' title='bbox 227 4503 260 4556; x_wconf 89' lang='lat' dir='ltr'><strong>de</strong></span> <span class='ocrx_word' id='word_1_698' title='bbox 274 4506 403 4559; x_wconf 86' lang='lat' dir='ltr'><strong>orationis</strong></span> <span class='ocrx_word' id='word_1_699' title='bbox 413 4503 541 4572; x_wconf 72' lang='lat' dir='ltr'><strong>flagitate.</strong></span> <span class='ocrx_word' id='word_1_700' title='bbox 559 4504 679 4560; x_wconf 83' lang='lat' dir='ltr'><strong>Octavus</strong></span> <span class='ocrx_word' id='word_1_701' title='bbox 697 4503 870 4570; x_wconf 73' lang='lat' dir='ltr'><strong>Chaeremon,</strong></span> <span class='ocrx_word' id='word_1_702' title='bbox 886 4506 928 4562; x_wconf 91' lang='lat' dir='ltr'><strong>cui</strong></span> 
     </span>
    </p>
   </div>
   <div class='ocr_carea' id='block_1_14' title="bbox 983 3657 1786 4585">
    <p class='ocr_par' dir='ltr' id='par_1_14' title="bbox 983 3657 1786 4585">
     <span class='ocr_line' id='line_1_81' title="bbox 983 3657 1785 3728; baseline 0.006 -18"><span class='ocrx_word' id='word_1_703' title='bbox 983 3657 1171 3711; x_wconf 85' lang='lat' dir='ltr'><strong>contradicere.</strong></span> <span class='ocrx_word' id='word_1_704' title='bbox 1191 3657 1238 3712; x_wconf 89' lang='lat' dir='ltr'><strong>ille</strong></span> <span class='ocrx_word' id='word_1_705' title='bbox 1257 3657 1350 3724; x_wconf 76' lang='lat' dir='ltr'><strong>igitur,</strong></span> <span class='ocrx_word' id='word_1_706' title='bbox 1366 3671 1418 3709; x_wconf 90' lang='lat' dir='ltr'><strong>uno</strong></span> <span class='ocrx_word' id='word_1_707' title='bbox 1440 3670 1527 3710; x_wconf 89' lang='lat' dir='ltr'><strong>sccurn</strong></span> <span class='ocrx_word' id='word_1_708' title='bbox 1547 3665 1698 3728; x_wconf 87' lang='lat' dir='ltr'><strong>assumpto,</strong></span> <span class='ocrx_word' id='word_1_709' title='bbox 1711 3666 1785 3718; x_wconf 78' lang='grc' dir='ltr'><strong>ιιιιιι</strong></span> 
     </span>
     <span class='ocr_line' id='line_1_82' title="bbox 984 3727 1782 3801; baseline 0.009 -20"><span class='ocrx_word' id='word_1_710' title='bbox 984 3728 1015 3781; x_wconf 88' lang='lat' dir='ltr'><strong>in</strong></span> <span class='ocrx_word' id='word_1_711' title='bbox 1029 3730 1161 3798; x_wconf 79' lang='lat' dir='ltr'><strong>patriam,</strong></span> <span class='ocrx_word' id='word_1_712' title='bbox 1177 3733 1258 3796; x_wconf 87' lang='lat' dir='ltr'><strong>atque</strong></span> <span class='ocrx_word' id='word_1_713' title='bbox 1275 3730 1349 3780; x_wconf 79' lang='lat' dir='ltr'><strong>stares</strong></span> <span class='ocrx_word' id='word_1_714' title='bbox 1360 3742 1411 3796; x_wconf 89' lang='lat' dir='ltr'><strong>pro</strong></span> <span class='ocrx_word' id='word_1_715' title='bbox 1423 3727 1528 3791; x_wconf 83' lang='lat' dir='ltr'><strong>foribus</strong></span> <span class='ocrx_word' id='word_1_716' title='bbox 1543 3729 1638 3784; x_wconf 88' lang='lat' dir='ltr'><strong>domus</strong></span> <span class='ocrx_word' id='word_1_717' title='bbox 1648 3737 1782 3801; x_wconf 79' lang='lat' dir='ltr'><strong>perterrere,</strong></span> 
     </span>
     <span class='ocr_line' id='line_1_83' title="bbox 984 3798 1786 3869; baseline 0.01 -17"><span class='ocrx_word' id='word_1_718' title='bbox 984 3800 1093 3867; x_wconf 81' lang='lat' dir='ltr'><strong>siqrurm</strong></span> <span class='ocrx_word' id='word_1_719' title='bbox 1103 3799 1178 3853; x_wconf 88' lang='lat' dir='ltr'><strong>dedit</strong></span> <span class='ocrx_word' id='word_1_720' title='bbox 1186 3814 1213 3853; x_wconf 90' lang='lat' dir='ltr'><strong>se</strong></span> <span class='ocrx_word' id='word_1_721' title='bbox 1224 3801 1336 3851; x_wconf 63' lang='lat' dir='ltr'><strong>crenisse.</strong></span> <span class='ocrx_word' id='word_1_722' title='bbox 1353 3798 1404 3853; x_wconf 84' lang='lat' dir='ltr'><strong>Ubi</strong></span> <span class='ocrx_word' id='word_1_723' title='bbox 1413 3813 1475 3852; x_wconf 87' lang='lat' dir='ltr'><strong>cera</strong></span> <span class='ocrx_word' id='word_1_724' title='bbox 1486 3800 1558 3864; x_wconf 89' lang='lat' dir='ltr'><strong>fores</strong></span> <span class='ocrx_word' id='word_1_725' title='bbox 1570 3814 1680 3868; x_wconf 87' lang='lat' dir='ltr'><strong>crepare</strong></span> <span class='ocrx_word' id='word_1_726' title='bbox 1689 3807 1786 3869; x_wconf 82' lang='lat' dir='ltr'><strong>sensit,-</strong></span> 
     </span>
     <span class='ocr_line' id='line_1_84' title="bbox 984 3869 1784 3943; baseline 0.008 -19"><span class='ocrx_word' id='word_1_727' title='bbox 984 3871 1065 3924; x_wconf 85' lang='lat' dir='ltr'><strong>0culis</strong></span> <span class='ocrx_word' id='word_1_728' title='bbox 1079 3871 1187 3925; x_wconf 85' lang='lat' dir='ltr'><strong>ueclrrsis</strong></span> <span class='ocrx_word' id='word_1_729' title='bbox 1199 3883 1314 3923; x_wconf 88' lang='lat' dir='ltr'><strong>sororem</strong></span> <span class='ocrx_word' id='word_1_730' title='bbox 1328 3870 1433 3922; x_wconf 88' lang='lat' dir='ltr'><strong>neruine</strong></span> <span class='ocrx_word' id='word_1_731' title='bbox 1446 3869 1624 3938; x_wconf 79' lang='lat' dir='ltr'><strong>compellauit,</strong></span> <span class='ocrx_word' id='word_1_732' title='bbox 1637 3872 1761 3943; x_wconf 74' lang='lat' dir='ltr'><strong>dicitque</strong></span> <span class='ocrx_word' id='word_1_733' title='bbox 1774 3894 1784 3930; x_wconf 78' lang='lat' dir='ltr'><strong>r</strong></span> 
     </span>
     <span class='ocr_line' id='line_1_85' title="bbox 983 3943 1785 4012; baseline 0.006 -16"><span class='ocrx_word' id='word_1_734' title='bbox 983 3943 1041 4009; x_wconf 81' lang='lat' dir='ltr'><strong>Epo</strong></span> <span class='ocrx_word' id='word_1_735' title='bbox 1065 3943 1129 3996; x_wconf 90' lang='lat' dir='ltr'><strong>Pior</strong></span> <span class='ocrx_word' id='word_1_736' title='bbox 1150 3943 1240 4008; x_wconf 88' lang='lat' dir='ltr'><strong>frater</strong></span> <span class='ocrx_word' id='word_1_737' title='bbox 1255 3945 1334 4003; x_wconf 78' lang='lat' dir='ltr'><strong>trius3</strong></span> <span class='ocrx_word' id='word_1_738' title='bbox 1356 3954 1413 4007; x_wconf 81' lang='lat' dir='ltr'><strong>cqc,</strong></span> <span class='ocrx_word' id='word_1_739' title='bbox 1438 3954 1480 3994; x_wconf 89' lang='lat' dir='ltr'><strong>me</strong></span> <span class='ocrx_word' id='word_1_740' title='bbox 1500 3944 1635 4008; x_wconf 85' lang='lat' dir='ltr'><strong>eerttuere,</strong></span> <span class='ocrx_word' id='word_1_741' title='bbox 1653 3950 1785 4012; x_wconf 77' lang='lat' dir='ltr'><strong>pauentum</strong></span> 
     </span>
     <span class='ocr_line' id='line_1_86' title="bbox 985 4010 1784 4081; baseline 0.01 -18"><span class='ocrx_word' id='word_1_742' title='bbox 985 4012 1064 4063; x_wconf 88' lang='lat' dir='ltr'><strong>lubet.</strong></span> <span class='ocrx_word' id='word_1_743' title='bbox 1076 4014 1126 4065; x_wconf 84' lang='lat' dir='ltr'><strong>illu</strong></span> <span class='ocrx_word' id='word_1_744' title='bbox 1139 4014 1225 4077; x_wconf 72' lang='lat' dir='ltr'><strong>igitur</strong></span> <span class='ocrx_word' id='word_1_745' title='bbox 1234 4013 1302 4063; x_wconf 88' lang='lat' dir='ltr'><strong>mire</strong></span> <span class='ocrx_word' id='word_1_746' title='bbox 1313 4011 1363 4063; x_wconf 86' lang='lat' dir='ltr'><strong>bac</strong></span> <span class='ocrx_word' id='word_1_747' title='bbox 1376 4011 1411 4064; x_wconf 86' lang='lat' dir='ltr'><strong>de</strong></span> <span class='ocrx_word' id='word_1_748' title='bbox 1424 4026 1453 4064; x_wconf 92' lang='lat' dir='ltr'><strong>re</strong></span> <span class='ocrx_word' id='word_1_749' title='bbox 1465 4010 1596 4064; x_wconf 86' lang='lat' dir='ltr'><strong>oblectata</strong></span> <span class='ocrx_word' id='word_1_750' title='bbox 1613 4017 1717 4081; x_wconf 78' lang='lat' dir='ltr'><strong>gratias</strong></span> <span class='ocrx_word' id='word_1_751' title='bbox 1732 4018 1784 4072; x_wconf 91' lang='lat' dir='ltr'><strong>Deo</strong></span> 
     </span>
     <span class='ocr_line' id='line_1_87' title="bbox 984 4080 1786 4148; baseline 0.009 -14"><span class='ocrx_word' id='word_1_752' title='bbox 984 4081 1050 4147; x_wconf 82' lang='lat' dir='ltr'><strong>epit.</strong></span> <span class='ocrx_word' id='word_1_753' title='bbox 1068 4080 1114 4133; x_wconf 90' lang='lat' dir='ltr'><strong>llle</strong></span> <span class='ocrx_word' id='word_1_754' title='bbox 1127 4084 1215 4132; x_wconf 86' lang='lat' dir='ltr'><strong>autern</strong></span> <span class='ocrx_word' id='word_1_755' title='bbox 1226 4095 1285 4132; x_wconf 83' lang='lat' dir='ltr'><strong>cerm</strong></span> <span class='ocrx_word' id='word_1_756' title='bbox 1296 4094 1382 4148; x_wconf 84' lang='lat' dir='ltr'><strong>prope</strong></span> <span class='ocrx_word' id='word_1_757' title='bbox 1392 4081 1463 4145; x_wconf 83' lang='lat' dir='ltr'><strong>fores</strong></span> <span class='ocrx_word' id='word_1_758' title='bbox 1472 4086 1597 4148; x_wconf 84' lang='lat' dir='ltr'><strong>precatus</strong></span> <span class='ocrx_word' id='word_1_759' title='bbox 1609 4090 1684 4147; x_wconf 87' lang='lat' dir='ltr'><strong>esset,</strong></span> <span class='ocrx_word' id='word_1_760' title='bbox 1700 4101 1786 4141; x_wconf 84' lang='lat' dir='ltr'><strong>recer-</strong></span> 
     </span>
     <span class='ocr_line' id='line_1_88' title="bbox 985 4149 1782 4236; baseline 0.011 -33"><span class='ocrx_word' id='word_1_761' title='bbox 985 4153 1053 4203; x_wconf 89' lang='lat' dir='ltr'><strong>titur</strong></span> <span class='ocrx_word' id='word_1_762' title='bbox 1066 4151 1102 4204; x_wconf 88' lang='lat' dir='ltr'><strong>nd</strong></span> <span class='ocrx_word' id='word_1_763' title='bbox 1114 4150 1199 4203; x_wconf 88' lang='lat' dir='ltr'><strong>lecum</strong></span> <span class='ocrx_word' id='word_1_764' title='bbox 1212 4151 1242 4202; x_wconf 87' lang='lat' dir='ltr'><strong>in</strong></span> <span class='ocrx_word' id='word_1_765' title='bbox 1257 4164 1310 4218; x_wconf 86' lang='lat' dir='ltr'><strong>que</strong></span> <span class='ocrx_word' id='word_1_766' title='bbox 1325 4149 1474 4202; x_wconf 86' lang='lat' dir='ltr'><strong>habitabat.</strong></span> <span class='ocrx_word' id='word_1_767' title='bbox 1491 4151 1558 4204; x_wconf 86' lang='lat' dir='ltr'><strong>Haee</strong></span> <span class='ocrx_word' id='word_1_768' title='bbox 1573 4150 1628 4218; x_wconf 91' lang='lat' dir='ltr'><strong>ille,</strong></span> <span class='ocrx_word' id='word_1_769' title='bbox 1643 4153 1782 4236; x_wconf 85' lang='lat' dir='ltr'><strong>inquibus</strong></span> 
     </span>
     <span class='ocr_line' id='line_1_89' title="bbox 985 4218 1784 4296; baseline 0.009 -21"><span class='ocrx_word' id='word_1_770' title='bbox 985 4220 1071 4275; x_wconf 89' lang='lat' dir='ltr'><strong>multa</strong></span> <span class='ocrx_word' id='word_1_771' title='bbox 1085 4228 1231 4290; x_wconf 89' lang='lat' dir='ltr'><strong>suppetunt</strong></span> <span class='ocrx_word' id='word_1_772' title='bbox 1243 4218 1411 4290; x_wconf 88' lang='lat' dir='ltr'><strong>antiquitatis</strong></span> <span class='ocrx_word' id='word_1_773' title='bbox 1424 4228 1452 4273; x_wconf 89' lang='lat' dir='ltr'><strong>et</strong></span> <span class='ocrx_word' id='word_1_774' title='bbox 1465 4220 1622 4277; x_wconf 81' lang='lat' dir='ltr'><strong>monasticae</strong></span> <span class='ocrx_word' id='word_1_775' title='bbox 1633 4222 1784 4296; x_wconf 80' lang='lat' dir='ltr'><strong>disciplinae</strong></span> 
     </span>
     <span class='ocr_line' id='line_1_90' title="bbox 984 4289 1784 4355; baseline 0.006 -7"><span class='ocrx_word' id='word_1_776' title='bbox 984 4292 1157 4348; x_wconf 89' lang='lat' dir='ltr'><strong>documenta.</strong></span> <span class='ocrx_word' id='word_1_777' title='bbox 1177 4293 1309 4355; x_wconf 84' lang='lat' dir='ltr'><strong>Primum,</strong></span> <span class='ocrx_word' id='word_1_778' title='bbox 1322 4289 1448 4344; x_wconf 85' lang='lat' dir='ltr'><strong>morraehi</strong></span> <span class='ocrx_word' id='word_1_779' title='bbox 1462 4298 1490 4345; x_wconf 93' lang='grc' dir='ltr'><strong>ει</strong></span> <span class='ocrx_word' id='word_1_780' title='bbox 1502 4291 1674 4350; x_wconf 78' lang='lat' dir='ltr'><strong>anachoretae</strong></span> <span class='ocrx_word' id='word_1_781' title='bbox 1684 4295 1784 4353; x_wconf 91' lang='lat' dir='ltr'><strong>insoli-</strong></span> 
     </span>
     <span class='ocr_line' id='line_1_91' title="bbox 986 4360 1784 4443; baseline 0.009 -25"><span class='ocrx_word' id='word_1_782' title='bbox 986 4363 1080 4418; x_wconf 89' lang='lat' dir='ltr'><strong>tudine.</strong></span> <span class='ocrx_word' id='word_1_783' title='bbox 1092 4370 1213 4434; x_wconf 88' lang='lat' dir='ltr'><strong>agentes,</strong></span> <span class='ocrx_word' id='word_1_784' title='bbox 1223 4360 1441 4443; x_wconf 85' lang='lat' dir='ltr'><strong>eorumdemque</strong></span> <span class='ocrx_word' id='word_1_785' title='bbox 1455 4370 1547 4432; x_wconf 89' lang='lat' dir='ltr'><strong>patres</strong></span> <span class='ocrx_word' id='word_1_786' title='bbox 1560 4370 1589 4418; x_wconf 89' lang='grc' dir='ltr'><strong>ιι</strong></span> <span class='ocrx_word' id='word_1_787' title='bbox 1600 4365 1720 4431; x_wconf 88' lang='lat' dir='ltr'><strong>abbates,</strong></span> <span class='ocrx_word' id='word_1_788' title='bbox 1735 4383 1784 4425; x_wconf 90' lang='lat' dir='ltr'><strong>seu</strong></span> 
     </span>
     <span class='ocr_line' id='line_1_92' title="bbox 984 4432 1785 4506; baseline 0.011 -19"><span class='ocrx_word' id='word_1_789' title='bbox 984 4432 1131 4506; x_wconf 85' lang='lat' dir='ltr'><strong>praesides,</strong></span> <span class='ocrx_word' id='word_1_790' title='bbox 1151 4434 1278 4505; x_wconf 88' lang='lat' dir='ltr'><strong>episeopo</strong></span> <span class='ocrx_word' id='word_1_791' title='bbox 1300 4432 1351 4486; x_wconf 92' lang='lat' dir='ltr'><strong>loci</strong></span> <span class='ocrx_word' id='word_1_792' title='bbox 1368 4432 1439 4487; x_wconf 80' lang='lat' dir='ltr'><strong>illius</strong></span> <span class='ocrx_word' id='word_1_793' title='bbox 1481 4433 1630 4506; x_wconf 84' lang='lat' dir='ltr'><strong>raeeipienti</strong></span> <span class='ocrx_word' id='word_1_794' title='bbox 1653 4437 1785 4496; x_wconf 90' lang='lat' dir='ltr'><strong>obediunt</strong></span> 
     </span>
     <span class='ocr_line' id='line_1_93' title="bbox 985 4501 1785 4585; baseline 0.008 -25"><span class='ocrx_word' id='word_1_795' title='bbox 985 4515 1012 4560; x_wconf 89' lang='lat' dir='ltr'><strong>et</strong></span> <span class='ocrx_word' id='word_1_796' title='bbox 1027 4503 1152 4560; x_wconf 90' lang='lat' dir='ltr'><strong>subditos</strong></span> <span class='ocrx_word' id='word_1_797' title='bbox 1168 4520 1197 4559; x_wconf 90' lang='lat' dir='ltr'><strong>se</strong></span> <span class='ocrx_word' id='word_1_798' title='bbox 1216 4501 1378 4569; x_wconf 86' lang='lat' dir='ltr'><strong>ostendunt;</strong></span> <span class='ocrx_word' id='word_1_799' title='bbox 1399 4520 1435 4585; x_wconf 88' lang='lat' dir='ltr'><strong>qu</strong></span> <span class='ocrx_word' id='word_1_800' title='bbox 1487 4506 1581 4560; x_wconf 90' lang='lat' dir='ltr'><strong>multis</strong></span> <span class='ocrx_word' id='word_1_801' title='bbox 1594 4509 1744 4565; x_wconf 88' lang='lat' dir='ltr'><strong>canonibus</strong></span> <span class='ocrx_word' id='word_1_802' title='bbox 1757 4517 1785 4567; x_wconf 89' lang='lat' dir='ltr'><strong>et</strong></span> 
     </span>
    </p>
   </div>
   <div class='ocr_carea' id='block_1_15' title="bbox 129 4572 1783 4653">
    <p class='ocr_par' dir='ltr' id='par_1_15' title="bbox 129 4572 1783 4653">
     <span class='ocr_line' id='line_1_94' title="bbox 129 4572 1783 4653; baseline 0.005 -25"><span class='ocrx_word' id='word_1_803' title='bbox 129 4572 288 4639; x_wconf 87' lang='lat' dir='ltr'><strong>undecima,</strong></span> <span class='ocrx_word' id='word_1_804' title='bbox 303 4573 336 4628; x_wconf 88' lang='lat' dir='ltr'><strong>de</strong></span> <span class='ocrx_word' id='word_1_805' title='bbox 345 4576 516 4643; x_wconf 85' lang='lat' dir='ltr'><strong>perfectione,</strong></span> <span class='ocrx_word' id='word_1_806' title='bbox 532 4582 560 4630; x_wconf 89' lang='lat' dir='ltr'><strong>et</strong></span> <span class='ocrx_word' id='word_1_807' title='bbox 569 4574 742 4642; x_wconf 89' lang='lat' dir='ltr'><strong>duodecima,</strong></span> <span class='ocrx_word' id='word_1_808' title='bbox 754 4576 787 4631; x_wconf 89' lang='lat' dir='ltr'><strong>de</strong></span> <span class='ocrx_word' id='word_1_809' title='bbox 795 4579 928 4642; x_wconf 87' lang='lat' dir='ltr'><strong>castitate,</strong></span> <span class='ocrx_word' id='word_1_810' title='bbox 947 4572 1100 4636; x_wconf 86' lang='lat' dir='ltr'><strong>Ddccretis</strong></span> <span class='ocrx_word' id='word_1_811' title='bbox 1119 4591 1134 4631; x_wconf 92' lang='lat' dir='ltr'><strong>a</strong></span> <span class='ocrx_word' id='word_1_812' title='bbox 1156 4576 1288 4632; x_wconf 87' lang='lat' dir='ltr'><strong>Gratiana</strong></span> <span class='ocrx_word' id='word_1_813' title='bbox 1312 4575 1432 4630; x_wconf 81' lang='lat' dir='ltr'><strong>collectus</strong></span> <span class='ocrx_word' id='word_1_814' title='bbox 1455 4577 1589 4631; x_wconf 87' lang='lat' dir='ltr'><strong>sancitum</strong></span> <span class='ocrx_word' id='word_1_815' title='bbox 1612 4578 1710 4650; x_wconf 89' lang='lat' dir='ltr'><strong>legitur</strong></span> <span class='ocrx_word' id='word_1_816' title='bbox 1727 4585 1783 4653; x_wconf 82' lang='lat' dir='ltr'><strong>(ib,</strong></span> 
     </span>
    </p>
   </div>
   <div class='ocr_carea' id='block_1_16' title="bbox 127 4643 931 5781">
    <p class='ocr_par' dir='ltr' id='par_1_16' title="bbox 129 4643 930 4908">
     <span class='ocr_line' id='line_1_95' title="bbox 129 4643 928 4715; baseline 0.006 -17"><span class='ocrx_word' id='word_1_817' title='bbox 129 4650 155 4699; x_wconf 93' lang='grc' dir='ltr'><strong>ει</strong></span> <span class='ocrx_word' id='word_1_818' title='bbox 173 4643 280 4698; x_wconf 89' lang='lat' dir='ltr'><strong>decima</strong></span> <span class='ocrx_word' id='word_1_819' title='bbox 296 4645 387 4711; x_wconf 89' lang='lat' dir='ltr'><strong>tertia,</strong></span> <span class='ocrx_word' id='word_1_820' title='bbox 398 4645 431 4700; x_wconf 86' lang='lat' dir='ltr'><strong>de</strong></span> <span class='ocrx_word' id='word_1_821' title='bbox 441 4647 602 4715; x_wconf 84' lang='lat' dir='ltr'><strong>protectione</strong></span> <span class='ocrx_word' id='word_1_822' title='bbox 616 4650 671 4703; x_wconf 87' lang='lat' dir='ltr'><strong>Dei.</strong></span> <span class='ocrx_word' id='word_1_823' title='bbox 685 4649 779 4702; x_wconf 79' lang='lat' dir='ltr'><strong>Nonus</strong></span> <span class='ocrx_word' id='word_1_824' title='bbox 791 4650 928 4713; x_wconf 88' lang='lat' dir='ltr'><strong>Nesteros,</strong></span> 
     </span>
     <span class='ocr_line' id='line_1_96' title="bbox 129 4714 929 4786; baseline 0.009 -17"><span class='ocrx_word' id='word_1_825' title='bbox 129 4714 172 4770; x_wconf 90' lang='lat' dir='ltr'><strong>eui</strong></span> <span class='ocrx_word' id='word_1_826' title='bbox 195 4714 427 4786; x_wconf 88' lang='lat' dir='ltr'><strong>decimaquarta,</strong></span> <span class='ocrx_word' id='word_1_827' title='bbox 449 4717 482 4771; x_wconf 90' lang='lat' dir='ltr'><strong>de</strong></span> <span class='ocrx_word' id='word_1_828' title='bbox 539 4718 628 4771; x_wconf 80' lang='lat' dir='ltr'><strong>iritcrli</strong></span> <span class='ocrx_word' id='word_1_829' title='bbox 647 4721 770 4782; x_wconf 85' lang='lat' dir='ltr'><strong>seientia,</strong></span> <span class='ocrx_word' id='word_1_830' title='bbox 783 4727 811 4773; x_wconf 93' lang='lat' dir='ltr'><strong>et</strong></span> <span class='ocrx_word' id='word_1_831' title='bbox 823 4719 929 4776; x_wconf 85' lang='lat' dir='ltr'><strong>decima</strong></span> 
     </span>
     <span class='ocr_line' id='line_1_97' title="bbox 129 4784 930 4908; baseline 0.011 -71"><span class='ocrx_word' id='word_1_832' title='bbox 129 4784 236 4908; x_wconf 55' lang='lat' dir='ltr'><strong>guinis,</strong></span> <span class='ocrx_word' id='word_1_833' title='bbox 246 4787 279 4839; x_wconf 86' lang='lat' dir='ltr'><strong>de</strong></span> <span class='ocrx_word' id='word_1_834' title='bbox 288 4787 495 4842; x_wconf 81' lang='lat' dir='ltr'><strong>charismatibus</strong></span> <span class='ocrx_word' id='word_1_835' title='bbox 505 4808 512 4841; x_wconf 90' lang='grc' dir='ltr'><strong>ι</strong></span> <span class='ocrx_word' id='word_1_836' title='bbox 524 4790 615 4841; x_wconf 79' lang='lat' dir='ltr'><strong>inieris.</strong></span> <span class='ocrx_word' id='word_1_837' title='bbox 628 4789 825 4845; x_wconf 80' lang='lat' dir='ltr'><strong>Decimuslose</strong></span> <span class='ocrx_word' id='word_1_838' title='bbox 846 4790 876 4853; x_wconf 84' lang='lat' dir='ltr'><strong>b,</strong></span> <span class='ocrx_word' id='word_1_839' title='bbox 886 4791 930 4846; x_wconf 89' lang='lat' dir='ltr'><strong>cui</strong></span> 
     </span>
    </p>

    <p class='ocr_par' dir='ltr' id='par_1_17' title="bbox 127 4854 931 5781">
     <span class='ocr_line' id='line_1_98' title="bbox 148 4854 930 4932; baseline 0.012 -25"><span class='ocrx_word' id='word_1_840' title='bbox 148 4854 236 4908; x_wconf 82' lang='lat' dir='ltr'><strong>sclina</strong></span> <span class='ocrx_word' id='word_1_841' title='bbox 246 4865 333 4924; x_wconf 81' lang='lat' dir='ltr'><strong>sexta,</strong></span> <span class='ocrx_word' id='word_1_842' title='bbox 344 4858 378 4912; x_wconf 86' lang='lat' dir='ltr'><strong>de</strong></span> <span class='ocrx_word' id='word_1_843' title='bbox 390 4861 521 4921; x_wconf 86' lang='lat' dir='ltr'><strong>amicitia,</strong></span> <span class='ocrx_word' id='word_1_844' title='bbox 530 4867 557 4913; x_wconf 92' lang='lat' dir='ltr'><strong>et</strong></span> <span class='ocrx_word' id='word_1_845' title='bbox 566 4857 671 4914; x_wconf 88' lang='lat' dir='ltr'><strong>decima</strong></span> <span class='ocrx_word' id='word_1_846' title='bbox 684 4859 811 4929; x_wconf 88' lang='lat' dir='ltr'><strong>septima,</strong></span> <span class='ocrx_word' id='word_1_847' title='bbox 865 4861 930 4932; x_wconf 76' lang='lat' dir='ltr'><strong>def·</strong></span> 
     </span>
     <span class='ocr_line' id='line_1_99' title="bbox 128 4927 930 5000; baseline 0.014 -22"><span class='ocrx_word' id='word_1_848' title='bbox 128 4927 234 4979; x_wconf 76' lang='lat' dir='ltr'><strong>niardo.</strong></span> <span class='ocrx_word' id='word_1_849' title='bbox 253 4927 420 4983; x_wconf 87' lang='lat' dir='ltr'><strong>Undecimus</strong></span> <span class='ocrx_word' id='word_1_850' title='bbox 436 4931 590 4998; x_wconf 90' lang='lat' dir='ltr'><strong>Piammon,</strong></span> <span class='ocrx_word' id='word_1_851' title='bbox 605 4931 648 4986; x_wconf 89' lang='lat' dir='ltr'><strong>cui</strong></span> <span class='ocrx_word' id='word_1_852' title='bbox 660 4931 764 4985; x_wconf 85' lang='lat' dir='ltr'><strong>decima</strong></span> <span class='ocrx_word' id='word_1_853' title='bbox 779 4940 884 5000; x_wconf 86' lang='lat' dir='ltr'><strong>octava,</strong></span> <span class='ocrx_word' id='word_1_854' title='bbox 897 4934 930 4989; x_wconf 87' lang='lat' dir='ltr'><strong>de</strong></span> 
     </span>
     <span class='ocr_line' id='line_1_100' title="bbox 130 4997 928 5073; baseline 0.01 -22"><span class='ocrx_word' id='word_1_855' title='bbox 130 4997 218 5051; x_wconf 86' lang='lat' dir='ltr'><strong>tribus</strong></span> <span class='ocrx_word' id='word_1_856' title='bbox 233 4999 372 5066; x_wconf 71' lang='lat' dir='ltr'><strong>perscribas</strong></span> <span class='ocrx_word' id='word_1_857' title='bbox 383 5001 583 5055; x_wconf 78' lang='lat' dir='ltr'><strong>mortariorum.</strong></span> <span class='ocrx_word' id='word_1_858' title='bbox 600 5001 785 5058; x_wconf 85' lang='lat' dir='ltr'><strong>Duodecimus</strong></span> <span class='ocrx_word' id='word_1_859' title='bbox 798 5004 928 5073; x_wconf 86' lang='lat' dir='ltr'><strong>loannes,</strong></span> 
     </span>
     <span class='ocr_line' id='line_1_101' title="bbox 129 5066 930 5141; baseline 0.012 -19"><span class='ocrx_word' id='word_1_860' title='bbox 129 5068 171 5123; x_wconf 89' lang='lat' dir='ltr'><strong>cui</strong></span> <span class='ocrx_word' id='word_1_861' title='bbox 183 5066 381 5137; x_wconf 82' lang='lat' dir='ltr'><strong>decimanona,</strong></span> <span class='ocrx_word' id='word_1_862' title='bbox 391 5071 785 5141; x_wconf 83' lang='lat' dir='ltr'><strong>definecoenobitreeteremitoe.</strong></span> <span class='ocrx_word' id='word_1_863' title='bbox 798 5075 930 5132; x_wconf 88' lang='lat' dir='ltr'><strong>Decimus</strong></span> 
     </span>
     <span class='ocr_line' id='line_1_102' title="bbox 129 5141 931 5215; baseline 0.011 -22"><span class='ocrx_word' id='word_1_864' title='bbox 129 5141 225 5195; x_wconf 88' lang='lat' dir='ltr'><strong>tertius</strong></span> <span class='ocrx_word' id='word_1_865' title='bbox 242 5141 375 5206; x_wconf 84' lang='lat' dir='ltr'><strong>Pinufrus,</strong></span> <span class='ocrx_word' id='word_1_866' title='bbox 391 5143 433 5196; x_wconf 90' lang='lat' dir='ltr'><strong>cui</strong></span> <span class='ocrx_word' id='word_1_867' title='bbox 456 5143 595 5214; x_wconf 86' lang='lat' dir='ltr'><strong>vigesima,</strong></span> <span class='ocrx_word' id='word_1_868' title='bbox 610 5145 643 5200; x_wconf 89' lang='lat' dir='ltr'><strong>de</strong></span> <span class='ocrx_word' id='word_1_869' title='bbox 660 5148 828 5215; x_wconf 77' lang='lat' dir='ltr'><strong>penitentie</strong></span> <span class='ocrx_word' id='word_1_870' title='bbox 840 5149 892 5215; x_wconf 77' lang='lat' dir='ltr'><strong>fue</strong></span> <span class='ocrx_word' id='word_1_871' title='bbox 905 5152 931 5202; x_wconf 90' lang='lat' dir='ltr'><strong>et</strong></span> 
     </span>
     <span class='ocr_line' id='line_1_103' title="bbox 129 5213 929 5290; baseline 0.014 -28"><span class='ocrx_word' id='word_1_872' title='bbox 129 5213 323 5290; x_wconf 75' lang='lat' dir='ltr'><strong>satisfactionis</strong></span> <span class='ocrx_word' id='word_1_873' title='bbox 344 5214 450 5268; x_wconf 77' lang='lat' dir='ltr'><strong>incilicia.</strong></span> <span class='ocrx_word' id='word_1_874' title='bbox 465 5214 595 5269; x_wconf 88' lang='lat' dir='ltr'><strong>Decimus</strong></span> <span class='ocrx_word' id='word_1_875' title='bbox 609 5223 721 5286; x_wconf 76' lang='lat' dir='ltr'><strong>(quartus</strong></span> <span class='ocrx_word' id='word_1_876' title='bbox 735 5216 871 5283; x_wconf 90' lang='lat' dir='ltr'><strong>Theonas,</strong></span> <span class='ocrx_word' id='word_1_877' title='bbox 887 5217 929 5273; x_wconf 91' lang='lat' dir='ltr'><strong>cui</strong></span> 
     </span>
     <span class='ocr_line' id='line_1_104' title="bbox 129 5282 930 5359; baseline 0.016 -28"><span class='ocrx_word' id='word_1_878' title='bbox 129 5282 376 5359; x_wconf 69' lang='lat' dir='ltr'><strong>vigesimaprima,</strong></span> <span class='ocrx_word' id='word_1_879' title='bbox 398 5285 431 5340; x_wconf 86' lang='lat' dir='ltr'><strong>de</strong></span> <span class='ocrx_word' id='word_1_880' title='bbox 460 5287 615 5340; x_wconf 67' lang='lat' dir='ltr'><strong>centurione</strong></span> <span class='ocrx_word' id='word_1_881' title='bbox 639 5289 884 5356; x_wconf 79' lang='lat' dir='ltr'><strong>erirequaqesimrc,</strong></span> <span class='ocrx_word' id='word_1_882' title='bbox 905 5294 930 5344; x_wconf 88' lang='lat' dir='ltr'><strong>et</strong></span> 
     </span>
     <span class='ocr_line' id='line_1_105' title="bbox 129 5352 929 5430; baseline 0.014 -26"><span class='ocrx_word' id='word_1_883' title='bbox 129 5352 403 5430; x_wconf 68' lang='lat' dir='ltr'><strong>vigesimasecunda,</strong></span> <span class='ocrx_word' id='word_1_884' title='bbox 423 5358 456 5411; x_wconf 87' lang='lat' dir='ltr'><strong>de</strong></span> <span class='ocrx_word' id='word_1_885' title='bbox 470 5359 606 5411; x_wconf 80' lang='lat' dir='ltr'><strong>caocturnis</strong></span> <span class='ocrx_word' id='word_1_886' title='bbox 621 5358 801 5423; x_wconf 86' lang='lat' dir='ltr'><strong>illusionibus,</strong></span> <span class='ocrx_word' id='word_1_887' title='bbox 814 5367 842 5414; x_wconf 90' lang='lat' dir='ltr'><strong>et</strong></span> <span class='ocrx_word' id='word_1_888' title='bbox 856 5360 929 5430; x_wconf 87' lang='lat' dir='ltr'><strong>rige·</strong></span> 
     </span>
     <span class='ocr_line' id='line_1_106' title="bbox 129 5424 929 5499; baseline 0.011 -23"><span class='ocrx_word' id='word_1_889' title='bbox 129 5435 199 5476; x_wconf 82' lang='lat' dir='ltr'><strong>suma</strong></span> <span class='ocrx_word' id='word_1_890' title='bbox 215 5424 302 5488; x_wconf 86' lang='lat' dir='ltr'><strong>tertia,</strong></span> <span class='ocrx_word' id='word_1_891' title='bbox 325 5426 358 5481; x_wconf 83' lang='lat' dir='ltr'><strong>de</strong></span> <span class='ocrx_word' id='word_1_892' title='bbox 377 5444 405 5483; x_wconf 89' lang='lat' dir='ltr'><strong>eo</strong></span> <span class='ocrx_word' id='word_1_893' title='bbox 424 5429 495 5499; x_wconf 88' lang='lat' dir='ltr'><strong>quod</strong></span> <span class='ocrx_word' id='word_1_894' title='bbox 518 5429 585 5483; x_wconf 85' lang='lat' dir='ltr'><strong>dicit</strong></span> <span class='ocrx_word' id='word_1_895' title='bbox 598 5430 766 5497; x_wconf 75' lang='lat' dir='ltr'><strong>Apostolus:</strong></span> <span class='ocrx_word' id='word_1_896' title='bbox 787 5433 929 5487; x_wconf 78' lang='lat' dir='ltr'><strong>Nonacrim</strong></span> 
     </span>
     <span class='ocr_line' id='line_1_107' title="bbox 128 5493 930 5572; baseline 0.012 -25"><span class='ocrx_word' id='word_1_897' title='bbox 128 5493 201 5563; x_wconf 83' lang='lat' dir='ltr'><strong>quod</strong></span> <span class='ocrx_word' id='word_1_898' title='bbox 215 5494 282 5561; x_wconf 87' lang='lat' dir='ltr'><strong>rulo,</strong></span> <span class='ocrx_word' id='word_1_899' title='bbox 293 5498 365 5563; x_wconf 87' lang='lat' dir='ltr'><strong>facio</strong></span> <span class='ocrx_word' id='word_1_900' title='bbox 384 5500 490 5563; x_wconf 85' lang='lat' dir='ltr'><strong>borium,</strong></span> <span class='ocrx_word' id='word_1_901' title='bbox 505 5508 556 5556; x_wconf 89' lang='lat' dir='ltr'><strong>etc.</strong></span> <span class='ocrx_word' id='word_1_902' title='bbox 577 5501 706 5555; x_wconf 87' lang='lat' dir='ltr'><strong>Decimus</strong></span> <span class='ocrx_word' id='word_1_903' title='bbox 721 5501 834 5572; x_wconf 89' lang='lat' dir='ltr'><strong>quintus</strong></span> <span class='ocrx_word' id='word_1_904' title='bbox 846 5500 930 5557; x_wconf 88' lang='lat' dir='ltr'><strong>abbas</strong></span> 
     </span>
     <span class='ocr_line' id='line_1_108' title="bbox 127 5563 928 5644; baseline 0.012 -27"><span class='ocrx_word' id='word_1_905' title='bbox 127 5563 279 5628; x_wconf 83' lang='lat' dir='ltr'><strong>Abraham,</strong></span> <span class='ocrx_word' id='word_1_906' title='bbox 299 5566 342 5621; x_wconf 80' lang='grc' dir='ltr'><strong>ιιιί</strong></span> <span class='ocrx_word' id='word_1_907' title='bbox 354 5568 482 5640; x_wconf 84' lang='lat' dir='ltr'><strong>vigesima</strong></span> <span class='ocrx_word' id='word_1_908' title='bbox 497 5580 594 5644; x_wconf 89' lang='lat' dir='ltr'><strong>quarta</strong></span> <span class='ocrx_word' id='word_1_909' title='bbox 610 5580 637 5627; x_wconf 92' lang='lat' dir='ltr'><strong>et</strong></span> <span class='ocrx_word' id='word_1_910' title='bbox 647 5580 785 5644; x_wconf 88' lang='lat' dir='ltr'><strong>postrema</strong></span> <span class='ocrx_word' id='word_1_911' title='bbox 805 5572 928 5640; x_wconf 88' lang='lat' dir='ltr'><strong>collatio,</strong></span> 
     </span>
     <span class='ocr_line' id='line_1_109' title="bbox 128 5635 929 5714; baseline 0.014 -26"><span class='ocrx_word' id='word_1_912' title='bbox 128 5635 161 5689; x_wconf 88' lang='lat' dir='ltr'><strong>cle</strong></span> <span class='ocrx_word' id='word_1_913' title='bbox 176 5640 380 5706; x_wconf 86' lang='lat' dir='ltr'><strong>mortificatione</strong></span> <span class='ocrx_word' id='word_1_914' title='bbox 392 5642 546 5699; x_wconf 89' lang='lat' dir='ltr'><strong>ascribitur.</strong></span> <span class='ocrx_word' id='word_1_915' title='bbox 560 5642 641 5699; x_wconf 87' lang='lat' dir='ltr'><strong>llude</strong></span> <span class='ocrx_word' id='word_1_916' title='bbox 654 5651 726 5714; x_wconf 88' lang='lat' dir='ltr'><strong>patet</strong></span> <span class='ocrx_word' id='word_1_917' title='bbox 736 5645 826 5698; x_wconf 92' lang='lat' dir='ltr'><strong>multo</strong></span> <span class='ocrx_word' id='word_1_918' title='bbox 840 5645 929 5714; x_wconf 86' lang='lat' dir='ltr'><strong>plures</strong></span> 
     </span>
     <span class='ocr_line' id='line_1_110' title="bbox 128 5708 620 5781; baseline 0.022 -22"><span class='ocrx_word' id='word_1_919' title='bbox 128 5719 188 5760; x_wconf 87' lang='lat' dir='ltr'><strong>esse</strong></span> <span class='ocrx_word' id='word_1_920' title='bbox 200 5708 360 5765; x_wconf 88' lang='lat' dir='ltr'><strong>collationes</strong></span> <span class='ocrx_word' id='word_1_921' title='bbox 371 5724 453 5781; x_wconf 89' lang='lat' dir='ltr'><strong>quam</strong></span> <span class='ocrx_word' id='word_1_922' title='bbox 467 5714 620 5770; x_wconf 86' lang='lat' dir='ltr'><strong>collatores.</strong></span> 
     </span>
    </p>
   </div>
   <div class='ocr_carea' id='block_1_17' title="bbox 164 5769 929 5859">
    <p class='ocr_par' dir='ltr' id='par_1_18' title="bbox 164 5769 929 5859">
     <span class='ocr_line' id='line_1_111' title="bbox 164 5769 929 5859; baseline 0.014 -27"><span class='ocrx_word' id='word_1_923' title='bbox 164 5769 177 5807; x_wconf 54' lang='grc' dir='ltr'><strong>θ</strong></span> <span class='ocrx_word' id='word_1_924' title='bbox 191 5778 336 5836; x_wconf 89' lang='lat' dir='ltr'><strong>Parentum</strong></span> <span class='ocrx_word' id='word_1_925' title='bbox 350 5781 472 5849; x_wconf 87' lang='lat' dir='ltr'><strong>nomine,</strong></span> <span class='ocrx_word' id='word_1_926' title='bbox 483 5787 606 5856; x_wconf 75' lang='lat' dir='ltr'><strong>quamvis</strong></span> <span class='ocrx_word' id='word_1_927' title='bbox 620 5787 729 5859; x_wconf 91' lang='lat' dir='ltr'><strong>proprie</strong></span> <span class='ocrx_word' id='word_1_928' title='bbox 739 5794 816 5859; x_wconf 90' lang='lat' dir='ltr'><strong>pater</strong></span> <span class='ocrx_word' id='word_1_929' title='bbox 829 5794 856 5843; x_wconf 90' lang='grc' dir='ltr'><strong>ιι</strong></span> <span class='ocrx_word' id='word_1_930' title='bbox 869 5802 929 5843; x_wconf 86' lang='lat' dir='ltr'><strong>ma·</strong></span> 
     </span>
    </p>
   </div>
   <div class='ocr_carea' id='block_1_18' title="bbox 984 4645 1785 5712">
    <p class='ocr_par' dir='ltr' id='par_1_19' title="bbox 984 4645 1785 5712">
     <span class='ocr_line' id='line_1_112' title="bbox 985 4645 1785 4771; baseline 0.006 -69"><span class='ocrx_word' id='word_1_931' title='bbox 985 4665 1011 4718; x_wconf 85' lang='lat' dir='ltr'><strong>q.</strong></span> <span class='ocrx_word' id='word_1_932' title='bbox 1028 4653 1038 4702; x_wconf 87' lang='lat' dir='ltr'><strong>i</strong></span> <span class='ocrx_word' id='word_1_933' title='bbox 1053 4671 1060 4713; x_wconf 74' lang='lat'>3</span> <span class='ocrx_word' id='word_1_934' title='bbox 1076 4653 1101 4702; x_wconf 89' lang='lat' dir='ltr'><strong>et</strong></span> <span class='ocrx_word' id='word_1_935' title='bbox 1116 4652 1158 4713; x_wconf 86' lang='grc'><strong>18,</strong></span> <span class='ocrx_word' id='word_1_936' title='bbox 1172 4665 1198 4717; x_wconf 89' lang='lat' dir='ltr'><strong>q.</strong></span> <span class='ocrx_word' id='word_1_937' title='bbox 1214 4652 1250 4713; x_wconf 80' lang='lat'><strong>2).</strong></span> <span class='ocrx_word' id='word_1_938' title='bbox 1267 4650 1297 4700; x_wconf 80' lang='lat'><strong>2⁰</strong></span> <span class='ocrx_word' id='word_1_939' title='bbox 1308 4645 1393 4700; x_wconf 87' lang='lat' dir='ltr'><strong>lidem</strong></span> <span class='ocrx_word' id='word_1_940' title='bbox 1405 4646 1588 4713; x_wconf 71' lang='lat' dir='ltr'><strong>anachoreta,</strong></span> <span class='ocrx_word' id='word_1_941' title='bbox 1601 4649 1723 4771; x_wconf 59' lang='lat' dir='ltr'><strong>quamvis</strong></span> <span class='ocrx_word' id='word_1_942' title='bbox 1739 4666 1785 4707; x_wconf 90' lang='lat' dir='ltr'><strong>so-</strong></span> 
     </span>
     <span class='ocr_line' id='line_1_113' title="bbox 984 4716 1784 4788; baseline 0.004 -14"><span class='ocrx_word' id='word_1_943' title='bbox 984 4719 1064 4774; x_wconf 89' lang='lat' dir='ltr'><strong>litarii</strong></span> <span class='ocrx_word' id='word_1_944' title='bbox 1085 4726 1113 4773; x_wconf 91' lang='lat' dir='ltr'><strong>et</strong></span> <span class='ocrx_word' id='word_1_945' title='bbox 1125 4718 1269 4788; x_wconf 86' lang='lat' dir='ltr'><strong>separatim</strong></span> <span class='ocrx_word' id='word_1_946' title='bbox 1283 4716 1309 4770; x_wconf 91' lang='lat' dir='ltr'><strong>in</strong></span> <span class='ocrx_word' id='word_1_947' title='bbox 1323 4716 1436 4771; x_wconf 90' lang='lat' dir='ltr'><strong>remotis</strong></span> <span class='ocrx_word' id='word_1_948' title='bbox 1448 4717 1553 4771; x_wconf 89' lang='lat' dir='ltr'><strong>cellulis</strong></span> <span class='ocrx_word' id='word_1_949' title='bbox 1567 4727 1593 4772; x_wconf 91' lang='lat' dir='ltr'><strong>et</strong></span> <span class='ocrx_word' id='word_1_950' title='bbox 1617 4719 1673 4774; x_wconf 90' lang='lat' dir='ltr'><strong>ocis</strong></span> <span class='ocrx_word' id='word_1_951' title='bbox 1689 4721 1784 4777; x_wconf 86' lang='lat' dir='ltr'><strong>riven-</strong></span> 
     </span>
     <span class='ocr_line' id='line_1_114' title="bbox 984 4785 1782 4860; baseline 0.004 -15"><span class='ocrx_word' id='word_1_952' title='bbox 984 4798 1033 4857; x_wconf 90' lang='lat' dir='ltr'><strong>tes,</strong></span> <span class='ocrx_word' id='word_1_953' title='bbox 1061 4804 1126 4845; x_wconf 89' lang='lat' dir='ltr'><strong>suos</strong></span> <span class='ocrx_word' id='word_1_954' title='bbox 1152 4796 1244 4843; x_wconf 74' lang='lat' dir='ltr'><strong>amen</strong></span> <span class='ocrx_word' id='word_1_955' title='bbox 1269 4785 1406 4842; x_wconf 89' lang='lat' dir='ltr'><strong>habebant</strong></span> <span class='ocrx_word' id='word_1_956' title='bbox 1427 4785 1555 4858; x_wconf 81' lang='lat' dir='ltr'><strong>praesides</strong></span> <span class='ocrx_word' id='word_1_957' title='bbox 1576 4796 1603 4843; x_wconf 91' lang='lat' dir='ltr'><strong>et</strong></span> <span class='ocrx_word' id='word_1_958' title='bbox 1627 4789 1782 4860; x_wconf 75' lang='lat' dir='ltr'><strong>praefectos,</strong></span> 
     </span>
     <span class='ocr_line' id='line_1_115' title="bbox 986 4857 1785 4933; baseline 0.005 -17"><span class='ocrx_word' id='word_1_959' title='bbox 986 4860 1067 4916; x_wconf 85' lang='lat' dir='ltr'><strong>certis</strong></span> <span class='ocrx_word' id='word_1_960' title='bbox 1087 4859 1221 4914; x_wconf 91' lang='lat' dir='ltr'><strong>limitibus</strong></span> <span class='ocrx_word' id='word_1_961' title='bbox 1244 4866 1271 4912; x_wconf 93' lang='lat' dir='ltr'><strong>et</strong></span> <span class='ocrx_word' id='word_1_962' title='bbox 1294 4858 1416 4912; x_wconf 91' lang='lat' dir='ltr'><strong>locorum</strong></span> <span class='ocrx_word' id='word_1_963' title='bbox 1433 4857 1526 4928; x_wconf 90' lang='lat' dir='ltr'><strong>spatiis</strong></span> <span class='ocrx_word' id='word_1_964' title='bbox 1541 4858 1685 4916; x_wconf 87' lang='lat' dir='ltr'><strong>distinctos</strong></span> <span class='ocrx_word' id='word_1_965' title='bbox 1705 4862 1785 4933; x_wconf 82' lang='lat' dir='ltr'><strong>(sicut</strong></span> 
     </span>
     <span class='ocr_line' id='line_1_116' title="bbox 985 4927 1784 4999; baseline 0.003 -12"><span class='ocrx_word' id='word_1_966' title='bbox 985 4930 1069 4987; x_wconf 89' lang='lat' dir='ltr'><strong>modo</strong></span> <span class='ocrx_word' id='word_1_967' title='bbox 1089 4929 1189 4985; x_wconf 88' lang='lat' dir='ltr'><strong>hahent</strong></span> <span class='ocrx_word' id='word_1_968' title='bbox 1209 4927 1329 4999; x_wconf 87' lang='lat' dir='ltr'><strong>religiosi</strong></span> <span class='ocrx_word' id='word_1_969' title='bbox 1351 4943 1416 4983; x_wconf 87' lang='lat' dir='ltr'><strong>suos</strong></span> <span class='ocrx_word' id='word_1_970' title='bbox 1430 4928 1603 4998; x_wconf 80' lang='lat' dir='ltr'><strong>provinciales</strong></span> <span class='ocrx_word' id='word_1_971' title='bbox 1616 4940 1644 4987; x_wconf 95' lang='grc' dir='ltr'><strong>ιι</strong></span> <span class='ocrx_word' id='word_1_972' title='bbox 1658 4932 1784 4989; x_wconf 78' lang='lat' dir='ltr'><strong>visitato-</strong></span> 
     </span>
     <span class='ocr_line' id='line_1_117' title="bbox 984 4999 1784 5077; baseline 0.004 -20"><span class='ocrx_word' id='word_1_973' title='bbox 984 5007 1050 5069; x_wconf 87' lang='lat' dir='ltr'><strong>res),</strong></span> <span class='ocrx_word' id='word_1_974' title='bbox 1070 5002 1169 5073; x_wconf 90' lang='lat' dir='ltr'><strong>quibns</strong></span> <span class='ocrx_word' id='word_1_975' title='bbox 1181 4999 1364 5055; x_wconf 88' lang='lat' dir='ltr'><strong>obedientiam</strong></span> <span class='ocrx_word' id='word_1_976' title='bbox 1385 4999 1563 5071; x_wconf 72' lang='lat' dir='ltr'><strong>prestabant,</strong></span> <span class='ocrx_word' id='word_1_977' title='bbox 1576 5002 1610 5058; x_wconf 93' lang='lat' dir='ltr'><strong>ad</strong></span> <span class='ocrx_word' id='word_1_978' title='bbox 1624 5018 1692 5074; x_wconf 88' lang='lat' dir='ltr'><strong>quos</strong></span> <span class='ocrx_word' id='word_1_979' title='bbox 1711 5019 1784 5077; x_wconf 77' lang='lat' dir='ltr'><strong>saepe</strong></span> 
     </span>
     <span class='ocr_line' id='line_1_118' title="bbox 985 5070 1782 5141; baseline 0.003 -12"><span class='ocrx_word' id='word_1_980' title='bbox 985 5072 1193 5136; x_wconf 80' lang='lat' dir='ltr'><strong>conveniebant,</strong></span> <span class='ocrx_word' id='word_1_981' title='bbox 1208 5078 1235 5125; x_wconf 90' lang='lat' dir='ltr'><strong>et</strong></span> <span class='ocrx_word' id='word_1_982' title='bbox 1249 5070 1283 5126; x_wconf 89' lang='lat' dir='ltr'><strong>de</strong></span> <span class='ocrx_word' id='word_1_983' title='bbox 1300 5071 1382 5126; x_wconf 90' lang='lat' dir='ltr'><strong>rebus</strong></span> <span class='ocrx_word' id='word_1_984' title='bbox 1400 5070 1492 5127; x_wconf 89' lang='lat' dir='ltr'><strong>dubiis</strong></span> <span class='ocrx_word' id='word_1_985' title='bbox 1506 5074 1698 5141; x_wconf 85' lang='lat' dir='ltr'><strong>consulebant,</strong></span> <span class='ocrx_word' id='word_1_986' title='bbox 1713 5089 1782 5131; x_wconf 89' lang='lat' dir='ltr'><strong>cou-</strong></span> 
     </span>
     <span class='ocr_line' id='line_1_119' title="bbox 984 5142 1782 5213; baseline 0.001 -13"><span class='ocrx_word' id='word_1_987' title='bbox 984 5145 1141 5210; x_wconf 90' lang='lat' dir='ltr'><strong>cionautes,</strong></span> <span class='ocrx_word' id='word_1_988' title='bbox 1156 5152 1203 5197; x_wconf 90' lang='lat' dir='ltr'><strong>aut</strong></span> <span class='ocrx_word' id='word_1_989' title='bbox 1222 5142 1390 5213; x_wconf 89' lang='lat' dir='ltr'><strong>disputantes</strong></span> <span class='ocrx_word' id='word_1_990' title='bbox 1411 5142 1565 5208; x_wconf 78' lang='lat' dir='ltr'><strong>erudiebant,</strong></span> <span class='ocrx_word' id='word_1_991' title='bbox 1590 5152 1619 5199; x_wconf 92' lang='lat' dir='ltr'><strong>et</strong></span> <span class='ocrx_word' id='word_1_992' title='bbox 1638 5145 1671 5199; x_wconf 91' lang='lat' dir='ltr'><strong>ab</strong></span> <span class='ocrx_word' id='word_1_993' title='bbox 1691 5147 1742 5213; x_wconf 87' lang='lat' dir='ltr'><strong>eis,</strong></span> <span class='ocrx_word' id='word_1_994' title='bbox 1758 5147 1782 5203; x_wconf 91' lang='lat' dir='ltr'><strong>si</strong></span> 
     </span>
     <span class='ocr_line' id='line_1_120' title="bbox 984 5213 1782 5288; baseline 0.001 -16"><span class='ocrx_word' id='word_1_995' title='bbox 984 5213 1138 5272; x_wconf 87' lang='lat' dir='ltr'><strong>sacerdotes</strong></span> <span class='ocrx_word' id='word_1_996' title='bbox 1157 5221 1243 5279; x_wconf 89' lang='lat' dir='ltr'><strong>erant,</strong></span> <span class='ocrx_word' id='word_1_997' title='bbox 1263 5220 1432 5268; x_wconf 86' lang='lat' dir='ltr'><strong>sacramenta</strong></span> <span class='ocrx_word' id='word_1_998' title='bbox 1447 5213 1525 5267; x_wconf 89' lang='lat' dir='ltr'><strong>statis</strong></span> <span class='ocrx_word' id='word_1_999' title='bbox 1537 5214 1708 5284; x_wconf 87' lang='lat' dir='ltr'><strong>temporibus</strong></span> <span class='ocrx_word' id='word_1_1000' title='bbox 1720 5231 1782 5288; x_wconf 88' lang='lat' dir='ltr'><strong>per·</strong></span> 
     </span>
     <span class='ocr_line' id='line_1_121' title="bbox 984 5282 1781 5359; baseline -0.001 -16"><span class='ocrx_word' id='word_1_1001' title='bbox 984 5287 1128 5359; x_wconf 85' lang='lat' dir='ltr'><strong>cipiebant.</strong></span> <span class='ocrx_word' id='word_1_1002' title='bbox 1144 5285 1174 5340; x_wconf 95' lang='lat' dir='ltr'><strong>ld</strong></span> <span class='ocrx_word' id='word_1_1003' title='bbox 1189 5282 1261 5355; x_wconf 92' lang='lat' dir='ltr'><strong>quod</strong></span> <span class='ocrx_word' id='word_1_1004' title='bbox 1276 5299 1308 5338; x_wconf 88' lang='grc' dir='ltr'><strong>ιιι</strong></span> <span class='ocrx_word' id='word_1_1005' title='bbox 1328 5284 1421 5339; x_wconf 91' lang='lat' dir='ltr'><strong>multis</strong></span> <span class='ocrx_word' id='word_1_1006' title='bbox 1433 5284 1499 5339; x_wconf 91' lang='lat' dir='ltr'><strong>locis</strong></span> <span class='ocrx_word' id='word_1_1007' title='bbox 1512 5284 1634 5339; x_wconf 87' lang='lat' dir='ltr'><strong>Cassiani</strong></span> <span class='ocrx_word' id='word_1_1008' title='bbox 1649 5295 1675 5341; x_wconf 90' lang='lat' dir='ltr'><strong>et</strong></span> <span class='ocrx_word' id='word_1_1009' title='bbox 1689 5302 1720 5341; x_wconf 84' lang='lat' dir='ltr'><strong>er</strong></span> <span class='ocrx_word' id='word_1_1010' title='bbox 1733 5288 1781 5343; x_wconf 91' lang='lat' dir='ltr'><strong>Vi·</strong></span> 
     </span>
     <span class='ocr_line' id='line_1_122' title="bbox 984 5355 1782 5424; baseline 0 -10"><span class='ocrx_word' id='word_1_1011' title='bbox 984 5361 1019 5415; x_wconf 90' lang='lat' dir='ltr'><strong>tis</strong></span> <span class='ocrx_word' id='word_1_1012' title='bbox 1037 5360 1148 5414; x_wconf 87' lang='lat' dir='ltr'><strong>Patrum</strong></span> <span class='ocrx_word' id='word_1_1013' title='bbox 1163 5356 1333 5411; x_wconf 90' lang='lat' dir='ltr'><strong>notissimum</strong></span> <span class='ocrx_word' id='word_1_1014' title='bbox 1349 5363 1400 5410; x_wconf 89' lang='lat' dir='ltr'><strong>est.</strong></span> <span class='ocrx_word' id='word_1_1015' title='bbox 1417 5355 1679 5424; x_wconf 67' lang='lat' dir='ltr'><strong>maiorsolebam,</strong></span> <span class='ocrx_word' id='word_1_1016' title='bbox 1700 5366 1727 5413; x_wconf 92' lang='lat' dir='ltr'><strong>et</strong></span> <span class='ocrx_word' id='word_1_1017' title='bbox 1741 5359 1782 5414; x_wconf 89' lang='lat' dir='ltr'><strong>ri-</strong></span> 
     </span>
     <span class='ocr_line' id='line_1_123' title="bbox 984 5427 1782 5555; baseline 0.001 -70"><span class='ocrx_word' id='word_1_1018' title='bbox 984 5439 1040 5486; x_wconf 91' lang='lat' dir='ltr'><strong>tam</strong></span> <span class='ocrx_word' id='word_1_1019' title='bbox 1061 5444 1144 5499; x_wconf 83' lang='lat' dir='ltr'><strong>agens</strong></span> <span class='ocrx_word' id='word_1_1020' title='bbox 1159 5427 1277 5483; x_wconf 80' lang='lat' dir='ltr'><strong>maxime</strong></span> <span class='ocrx_word' id='word_1_1021' title='bbox 1290 5435 1443 5491; x_wconf 87' lang='lat' dir='ltr'><strong>austeram,</strong></span> <span class='ocrx_word' id='word_1_1022' title='bbox 1462 5435 1524 5498; x_wconf 93' lang='lat' dir='ltr'><strong>post</strong></span> <span class='ocrx_word' id='word_1_1023' title='bbox 1543 5442 1629 5481; x_wconf 92' lang='lat' dir='ltr'><strong>anuos</strong></span> <span class='ocrx_word' id='word_1_1024' title='bbox 1646 5428 1782 5555; x_wconf 50' lang='lat' dir='ltr'><strong>quinqua·</strong></span> 
     </span>
     <span class='ocr_line' id='line_1_124' title="bbox 984 5498 1782 5573; baseline 0.001 -18"><span class='ocrx_word' id='word_1_1025' title='bbox 984 5500 1056 5573; x_wconf 89' lang='lat' dir='ltr'><strong>ginta</strong></span> <span class='ocrx_word' id='word_1_1026' title='bbox 1071 5502 1165 5571; x_wconf 86' lang='lat' dir='ltr'><strong>jussus</strong></span> <span class='ocrx_word' id='word_1_1027' title='bbox 1197 5499 1224 5553; x_wconf 93' lang='lat' dir='ltr'><strong>in</strong></span> <span class='ocrx_word' id='word_1_1028' title='bbox 1252 5499 1369 5570; x_wconf 89' lang='lat' dir='ltr'><strong>patriam</strong></span> <span class='ocrx_word' id='word_1_1029' title='bbox 1397 5498 1447 5563; x_wconf 91' lang='lat' dir='ltr'><strong>ire,</strong></span> <span class='ocrx_word' id='word_1_1030' title='bbox 1469 5505 1498 5551; x_wconf 90' lang='lat' dir='ltr'><strong>et</strong></span> <span class='ocrx_word' id='word_1_1031' title='bbox 1523 5498 1624 5553; x_wconf 90' lang='lat' dir='ltr'><strong>sororis</strong></span> <span class='ocrx_word' id='word_1_1032' title='bbox 1667 5500 1782 5557; x_wconf 88' lang='lat' dir='ltr'><strong>esiderio</strong></span> 
     </span>
     <span class='ocr_line' id='line_1_125' title="bbox 984 5567 1783 5641; baseline 0.001 -15"><span class='ocrx_word' id='word_1_1033' title='bbox 984 5570 1148 5637; x_wconf 86' lang='lat' dir='ltr'><strong>satisfacere,</strong></span> <span class='ocrx_word' id='word_1_1034' title='bbox 1163 5569 1221 5624; x_wconf 88' lang='lat' dir='ltr'><strong>suis</strong></span> <span class='ocrx_word' id='word_1_1035' title='bbox 1238 5568 1423 5640; x_wconf 90' lang='lat' dir='ltr'><strong>superioribus</strong></span> <span class='ocrx_word' id='word_1_1036' title='bbox 1442 5567 1650 5640; x_wconf 88' lang='lat' dir='ltr'><strong>obtemperans,</strong></span> <span class='ocrx_word' id='word_1_1037' title='bbox 1664 5587 1697 5626; x_wconf 91' lang='lat' dir='ltr'><strong>eo</strong></span> <span class='ocrx_word' id='word_1_1038' title='bbox 1716 5586 1783 5641; x_wconf 92' lang='lat' dir='ltr'><strong>pro-</strong></span> 
     </span>
     <span class='ocr_line' id='line_1_126' title="bbox 984 5639 1782 5712; baseline -0.003 -15"><span class='ocrx_word' id='word_1_1039' title='bbox 984 5642 1122 5698; x_wconf 83' lang='lat' dir='ltr'><strong>ficiscitur.</strong></span> <span class='ocrx_word' id='word_1_1040' title='bbox 1136 5645 1192 5696; x_wconf 84' lang='lat' dir='ltr'><strong>h&#39;ee</strong></span> <span class='ocrx_word' id='word_1_1041' title='bbox 1205 5651 1297 5695; x_wconf 89' lang='lat' dir='ltr'><strong>tamen</strong></span> <span class='ocrx_word' id='word_1_1042' title='bbox 1312 5640 1388 5695; x_wconf 88' lang='lat' dir='ltr'><strong>solus</strong></span> <span class='ocrx_word' id='word_1_1043' title='bbox 1409 5639 1459 5693; x_wconf 86' lang='lat' dir='ltr'><strong>iter</strong></span> <span class='ocrx_word' id='word_1_1044' title='bbox 1478 5641 1584 5712; x_wconf 87' lang='lat' dir='ltr'><strong>arripit,</strong></span> <span class='ocrx_word' id='word_1_1045' title='bbox 1599 5643 1646 5696; x_wconf 89' lang='lat' dir='ltr'><strong>sed</strong></span> <span class='ocrx_word' id='word_1_1046' title='bbox 1667 5657 1722 5696; x_wconf 92' lang='lat' dir='ltr'><strong>nno</strong></span> <span class='ocrx_word' id='word_1_1047' title='bbox 1735 5654 1782 5695; x_wconf 89' lang='lat' dir='ltr'><strong>so-</strong></span> 
     </span>
    </p>
   </div>
   <div class='ocr_carea' id='block_1_19' title="bbox 984 5710 1783 5853">
    <p class='ocr_par' dir='ltr' id='par_1_20' title="bbox 984 5710 1783 5853">
     <span class='ocr_line' id='line_1_127' title="bbox 984 5710 1783 5783; baseline -0.003 -15"><span class='ocrx_word' id='word_1_1048' title='bbox 984 5715 1026 5769; x_wconf 90' lang='lat' dir='ltr'><strong>cio</strong></span> <span class='ocrx_word' id='word_1_1049' title='bbox 1051 5721 1209 5783; x_wconf 89' lang='lat' dir='ltr'><strong>assumpto,</strong></span> <span class='ocrx_word' id='word_1_1050' title='bbox 1245 5710 1300 5767; x_wconf 94' lang='lat' dir='ltr'><strong>uod</strong></span> <span class='ocrx_word' id='word_1_1051' title='bbox 1324 5710 1465 5766; x_wconf 87' lang='lat' dir='ltr'><strong>monachis</strong></span> <span class='ocrx_word' id='word_1_1052' title='bbox 1488 5711 1710 5768; x_wconf 88' lang='lat' dir='ltr'><strong>Tabcuuensibus</strong></span> <span class='ocrx_word' id='word_1_1053' title='bbox 1732 5725 1783 5766; x_wconf 90' lang='lat' dir='ltr'><strong>seu</strong></span> 
     </span>
     <span class='ocr_line' id='line_1_128' title="bbox 987 5729 1783 5853; baseline -0.008 -12"><span class='ocrx_word' id='word_1_1054' title='bbox 987 5784 1176 5841; x_wconf 86' lang='lat' dir='ltr'><strong>Paclromianis</strong></span> <span class='ocrx_word' id='word_1_1055' title='bbox 1200 5729 1325 5840; x_wconf 48' lang='lat' dir='ltr'><strong>soffemne</strong></span> <span class='ocrx_word' id='word_1_1056' title='bbox 1347 5781 1409 5853; x_wconf 90' lang='lat' dir='ltr'><strong>fuit,</strong></span> <span class='ocrx_word' id='word_1_1057' title='bbox 1427 5791 1459 5839; x_wconf 93' lang='lat' dir='ltr'><strong>ut</strong></span> <span class='ocrx_word' id='word_1_1058' title='bbox 1485 5782 1615 5839; x_wconf 88' lang='lat' dir='ltr'><strong>nonnisi</strong></span> <span class='ocrx_word' id='word_1_1059' title='bbox 1637 5781 1694 5837; x_wconf 90' lang='lat' dir='ltr'><strong>bini</strong></span> <span class='ocrx_word' id='word_1_1060' title='bbox 1709 5779 1783 5836; x_wconf 89' lang='lat' dir='ltr'><strong>foras</strong></span> 
     </span>
    </p>
   </div>
   <div class='ocr_carea' id='block_1_20' title="bbox 0 0 1928 6150">
    <p class='ocr_par' dir='ltr' id='par_1_21' title="bbox 0 0 1928 6150">
     <span class='ocr_line' id='line_1_129' title="bbox 0 0 1928 6150; baseline 0 0"><span class='ocrx_word' id='word_1_1061' title='bbox 0 0 1928 6150; x_wconf 95' lang='lat' dir='ltr'><strong> </strong></span> 
     </span>
    </p>
   </div>
  </div>
 </body>
</html>
