3848 6158
146 214 180 267 55
822 202 962 260 rennuis
981 201 1133 260 cesetuu
1237 278 1243 286 ,
1769 214 1810 268 ss

146 335 293 394 consilium
307 333 487 407 dedignatum
506 339 580 389 recte
597 331 682 388 etiam
704 338 734 387 tu
752 329 796 385 his
822 326 947 384 eruditus
961 332 988 395 Α
1003 327 1119 401 simplici
1145 342 1273 385 sermone
1295 327 1425 386 iratribus
1451 329 1479 384 in
1505 329 1611 388 novello
1633 333 1809 389 monasterio

147 429 296 503 exemplis,
324 427 483 484 beatissime
510 430 522 458 ¹
553 441 622 499 papa
650 425 757 491 Castor,
793 437 889 478 verum
916 438 948 478 ac

146 521 311 581 rationabile
333 523 393 578 Deo
413 520 557 593 templum,
572 534 628 576 non
642 516 779 589 lapidibus
802 515 949 573 insensibi-

125 617 234 687 libus,
259 615 307 673 sed
329 622 487 673 sanctorum
509 614 632 668 virorum
651 611 880 684 congregatione,
896 626 948 669 nec

148 711 300 784 temporale
324 718 351 766 et
364 708 563 780 corruptibile,
578 705 626 762 sed
645 713 781 763 eternum
802 713 884 774 atque
907 706 949 760 in-

148 804 327 879 expugnabile
352 802 487 859 aedilicare
513 801 671 872 disponens,
692 815 756 856 rese
779 799 862 856 etiam
888 815 950 873 pre-

145 901 297 959 tiosissima
315 898 434 954 Domino
453 896 567 968 cupiens
578 911 756 964 consecrare,
776 909 833 951 non
858 895 948 951 multo

146 996 205 1052 auri
225 993 346 1061 metallo,
362 990 502 1062 argentiue
524 990 653 1057 conflata,
670 1005 732 1063 quae
750 997 812 1061 post
830 1005 876 1045 rer
896 992 948 1046 Ba·

136 1085 274 1161 'bylonius
286 1093 363 1157 capta
386 1083 601 1140 concubinarum
617 1099 729 1139 suarum
745 1098 777 1139 ac
791 1081 946 1155 principum

146 1179 257 1251 deputet
268 1177 399 1249 voluptati
413 1178 529 1246 (Daniel.
544 1192 564 1232 v
576 1180 598 1244 ),
610 1175 658 1232 sed
681 1176 825 1231 animabus
844 1176 946 1230 sanctis

146 1288 209 1346 quae
231 1272 404 1339 innocentiae,
432 1269 547 1342 justitiae
575 1278 604 1326 et
632 1270 766 1325 castitatis
789 1268 947 1339 integritate

1000 431 1048 481 tuo
1073 423 1183 496 cupiens
1207 423 1355 496 explanari.
1380 423 1430 481 Cui
1454 424 1493 481 rei
1520 434 1654 498 quantum
1679 442 1724 484 me
1744 427 1806 498 pius

1002 516 1085 574 erdor
1098 517 1223 575 desiderii
1245 518 1284 574 tui
1300 527 1429 590 provocat
1441 517 1565 586 obedire,
1580 527 1686 575 tantum
1709 520 1806 576 multi·

1003 610 1086 682 plices
1099 619 1216 666 aestuum
1242 611 1330 666 ntoies
1348 610 1487 667 volentem
1510 610 1699 682 obtemperare
1711 609 1805 667 deter-

1002 713 1075 761 rent.
1100 705 1223 761 Primum
1246 705 1373 777 quianec
1388 705 1449 762 vitto
1475 720 1544 762 meae
1569 705 1606 761 ita
1634 705 1806 777 aequiparant

1002 800 1109 868 merita,
1122 807 1153 855 ut
1165 799 1304 856 confidam
1319 816 1364 858 me
1377 816 1421 856 res
1435 809 1491 856 tam
1504 801 1613 867 arduas,
1626 808 1684 855 tam
1704 799 1807 857 obscu-

1002 909 1056 963 ras,
1071 902 1125 950 tam
1140 902 1261 962 sanctas,
1274 892 1355 966 digne
1371 909 1449 965 posse
1462 895 1553 951 animo
1569 911 1600 952 ac
1616 902 1707 951 mente
1724 910 1803 949 oom-

1001 987 1090 1061 plecti.
1113 987 1238 1045 Secundo
1253 988 1327 1060 quod
1352 991 1364 1020 ⁰
1388 1003 1418 1043 ea
1443 1003 1504 1059 quae
1529 1004 1544 1044 a
1566 988 1678 1060 pucritia
1709 997 1802 1044 nostra

1001 1081 1071 1138 inter
1088 1081 1198 1138 cosdem
1224 1081 1366 1137 constituti
1391 1090 1472 1154 atque
1487 1082 1606 1153 ipsorum
1618 1082 1718 1137 incitati
1735 1098 1804 1154 quo·

1000 1173 1108 1231 tidiunis
1132 1174 1369 1231 adhortationibus
1391 1183 1418 1231 et
1438 1175 1569 1247 exemplis
1592 1176 1632 1231 vel
1650 1191 1728 1246 agere
1748 1185 1808 1232 teu—

1000 1270 1129 1341 tevimus,
1142 1270 1183 1326 vei
1197 1270 1349 1341 didicimus,
1363 1270 1404 1327 vel
1417 1270 1476 1327 risu
1490 1270 1671 1344 percepimus,
1690 1271 1803 1326 minime

145 1365 291 1440 fulgentes,
314 1381 405 1438 regem
419 1364 560 1420 Christum
581 1363 610 1420 in
629 1363 786 1435 semetipsis
803 1361 949 1418 circumle·
998 1363 1056 1438 jam
1082 1381 1227 1437 possumus
1244 1365 1278 1422 ad
1300 1366 1436 1439 integrum
1458 1365 1585 1434 retinere,
1608 1373 1650 1421 tot
1666 1381 1808 1421 annorum

144 1469 208 1518 rant
218 1467 453 1526 commorantem,
472 1472 590 1530 egenum
605 1472 659 1526 me,
675 1456 807 1530 omnique
819 1471 851 1512 er
871 1465 947 1528 parte
1002 1456 1109 1514 circulis
1127 1458 1161 1514 nb
1181 1473 1276 1514 eorum
1290 1459 1428 1516 consortio
1443 1466 1470 1514 et
1483 1457 1634 1535 imitatione
1659 1472 1803 1514 conversa·

146 1553 363 1626 pauperrimum,
380 1550 651 1608 adcummuniouem
663 1552 732 1607 tanti
751 1549 841 1622 operis
853 1549 948 1623 digna·
1001 1550 1084 1607 tionis
1101 1551 1242 1620 abstracti;
1268 1552 1419 1625 praesertim
1439 1569 1503 1610 corn
1522 1552 1620 1609 harum
1641 1567 1735 1608 rerum
1761 1566 1808 1606 ra-

104 1682 116 1707 .
147 1645 186 1701 ris
202 1643 363 1701 adsciscere.
390 1637 403 1676 b
424 1646 455 1700 ln
469 1643 610 1716 provincia
635 1643 770 1717 siquidem
796 1650 842 1698 tua
856 1657 949 1699 coeno-
1003 1644 1042 1702 tio
1055 1660 1227 1718 nequaquem
1239 1647 1325 1718 possit
1338 1648 1424 1704 otiose
1436 1646 1613 1703 meditatione
1626 1645 1805 1715 doctrinaque

147 1735 257 1795 bionum
278 1746 403 1810 experte,
416 1737 600 1794 Orientalium
619 1737 794 1809 maximeque
807 1735 948 1808 AEgyptiu-
966 1705 990 1768 B
1006 1740 1161 1807 verborum,
1175 1742 1217 1798 vel
1232 1742 1312 1810 tradi,
1335 1741 1377 1799 vel
1393 1742 1521 1815 intelligi,
1536 1742 1577 1796 vel
1590 1740 1722 1796 memoria
1737 1755 1803 1795 con·

147 1846 210 1888 rum
229 1830 321 1887 voleus
340 1831 462 1887 instituta
482 1828 684 1896 iundari,cum
705 1830 742 1884 sis
765 1829 823 1901 ipse
842 1831 949 1887 cunctis
1001 1833 1104 1891 tineri:
1135 1843 1225 1891 totum
1251 1852 1369 1908 namque
1395 1836 1423 1892 in
1449 1835 1508 1893 sola
1529 1833 1691 1906 experientia
1718 1848 1806 1904 usquc

146 1925 295 1980 virtutibus
306 1924 475 1995 scientiaque
490 1920 643 1994 perfectus,
659 1930 686 1977 et
700 1923 833 1980 universis
844 1923 883 1979 ita
900 1938 946 1980 re·
1001 1928 1136 1985 consistit.
1151 1931 1187 1985 Et
1200 1929 1435 2001 quemadmodum
1462 1929 1535 1987 tradi
1562 1928 1613 1984 nisi
1635 1928 1669 1986 nb
1690 1935 1805 2000 experto

146 2015 233 2074 fertus
244 2016 348 2074 divitiis
357 2016 556 2088 spiritualibus,
570 2023 601 2072 ut
612 2015 808 2088 perlectionem
823 2032 947 2088 quaeren-
1000 2037 1057 2078 non
1081 2031 1197 2096 queunt,
1223 2024 1260 2081 ita
1286 2040 1337 2082 nec
1359 2024 1458 2098 percipi
1484 2022 1594 2096 quidem
1616 2022 1657 2079 vel
1676 2014 1803 2093 intelligi,

146 2111 220 2168 tibus
242 2111 308 2168 satis
331 2110 491 2183 abundeque
505 2126 561 2166 non
585 2109 669 2166 modo
691 2119 756 2166 tuus
771 2125 876 2181 sermo,
900 2112 949 2169 sed
1002 2114 1053 2172 nisi
1064 2116 1099 2172 ab
1111 2133 1144 2173 eo
1167 2116 1253 2190 quiea
1267 2119 1324 2190 pari
1339 2118 1429 2176 studio
1445 2134 1477 2174 ao
1488 2116 1588 2174 sudore
1600 2114 1804 2188 apprehendere

145 2206 230 2262 etiam
245 2206 303 2262 sola
316 2205 371 2260 vita
393 2204 513 2261 suilioiat
527 2203 561 2261 ad
583 2203 757 2276 exemplum,
780 2220 826 2260 me
840 2220 948 2278 quoque
1002 2208 1192 2280 elaboraverit,
1207 2221 1322 2283 possunt
1337 2231 1344 2266 :
1368 2227 1428 2282 quae
1445 2220 1539 2267 tamen
1555 2210 1576 2266 si
1591 2207 1736 2266 collatione
1746 2207 1807 2280 jugi

148 2299 285 2372 elinguem
305 2307 334 2355 et
352 2314 498 2372 pauperem
519 2314 645 2355 sermone
669 2306 751 2370 atque
770 2297 898 2364 scientia,
917 2306 949 2354 ut
1001 2302 1162 2373 spiritalium
1191 2304 1312 2359 virorum
1336 2302 1492 2376 frequenter
1516 2302 1636 2360 discussa
1667 2317 1724 2357 non
1745 2299 1803 2357 iue-

148 2392 250 2465 aliquid
283 2393 316 2450 ad
349 2393 548 2464 explementum
578 2392 617 2449 tui
642 2390 768 2448 desiderii
790 2391 825 2447 de
856 2390 949 2463 inopia
1001 2393 1066 2463 rint,
1080 2403 1106 2449 et
1122 2395 1221 2464 polita,
1237 2396 1290 2451 cito
1307 2410 1417 2451 rursum
1442 2397 1541 2451 mentis
1559 2395 1665 2449 incuria
1675 2393 1804 2449 dilabun-

148 2501 245 2543 sensus
259 2486 313 2543 mei
326 2484 483 2555 conseram,
506 2486 609 2558 poscis,
632 2484 810 2557 praecipisque
831 2493 862 2540 ut
873 2485 950 2540 insti·
1001 2495 1057 2542 tur.
1066 2485 1158 2543 Tertio
1172 2487 1235 2559 quia
1245 2486 1364 2558 idipsum
1376 2486 1449 2558 quod
1460 2496 1608 2558 utcumque
1622 2500 1677 2540 non
1689 2500 1737 2556 pro
1746 2499 1804 2540 me-

149 2588 207 2636 tuta
219 2581 460 2651 monasteriorum,
480 2596 541 2654 quae
555 2595 603 2652 per
617 2581 765 2652 AEgyptum
780 2595 812 2635 ao
825 2579 948 2637 Palaesti-
1001 2578 1055 2635 rito
1070 2580 1119 2649 rei,
1131 2579 1181 2636 sed
1195 2596 1244 2653 pro
1268 2581 1408 2652 praesentis
1418 2580 1548 2652 temporis
1561 2587 1633 2635 statu
1658 2593 1803 2651 possumus

148 2689 212 2732 uam
227 2674 357 2732 custodiri
381 2675 585 2747 conspeximus,
599 2675 636 2730 ita
649 2682 680 2730 ut
695 2673 731 2730 ibi
746 2672 826 2731 nobis
839 2689 853 2729 a
866 2674 951 2746 patri·
1002 2674 1149 2742 reminisci,
1169 2673 1319 2747 imperitior
1341 2687 1432 2730 sermo
1460 2688 1579 2746 congrue
1596 2688 1652 2727 non
1670 2672 1741 2726 salet
1761 2686 1809 2726 cru

148 2767 200 2825 bus
216 2768 314 2825 tradita
328 2775 414 2835 sunt,
433 2768 559 2841 quemvis
574 2767 703 2840 imperito
724 2766 844 2842 digeram
867 2766 949 2838 stylo,
1003 2765 1114 2839 plicare.
1131 2769 1194 2823 Huc
1209 2766 1326 2837 accedit,
1341 2767 1413 2839 quod
1426 2783 1508 2839 super
1522 2766 1573 2822 hac
1592 2781 1622 2823 re
1636 2765 1686 2820 riri
1701 2772 1729 2820 et
1750 2765 1803 2819 vien

148 2877 204 2918 non
217 2863 338 2935 leporem
353 2862 487 2920 sermonis
508 2862 665 2934 inquirens,
681 2861 708 2916 in
721 2877 775 2932 quo
788 2861 846 2931 ipse
857 2859 949 2931 appri-
1002 2859 1123 2928 nubiles,
1136 2868 1163 2916 et
1174 2876 1302 2918 sermone
1320 2861 1487 2934 scientiaque
1500 2860 1635 2933 praeclari,
1650 2860 1735 2916 multu
1744 2859 1807 2931 jam

149 2971 194 3013 me
214 2972 244 3012 es
268 2957 410 3025 eruditus,
434 2956 483 3013 sed
502 2964 660 3012 sauctorum
686 2953 837 3024 simplicem
864 2952 948 3009 vitam
1003 2955 1132 3027 opuscula
1144 2955 1327 3032 desudarunt,
1339 2964 1463 3014 sanctum
1482 2956 1614 3014 Basilium
1631 2964 1658 3012 et
1670 2955 1808 3027 Hierony·

699 3088 827 3144 ιιιιιιιιι
845 3089 958 3145 otzret
977 3061 1256 3147 ooiruourrruus.

184 3220 197 3250 ⁸
221 3220 306 3290 Papa,
333 3232 381 3274 seu
404 3218 502 3279 κάκκας
521 3217 617 3274 Graece
640 3232 672 3273 ex
691 3217 826 3291 primitiva
844 3219 946 3293 origine
964 3226 986 3289 C
1001 3220 1109 3278 edocuit
1120 3221 1232 3293 epistola
1244 3221 1376 3278 liminaris
1387 3219 1414 3276 in
1428 3228 1533 3277 vetusto
1548 3219 1641 3276 codice
1654 3234 1707 3274 ms.
1722 3232 1804 3289 quem

149 3304 202 3344 vox
217 3298 259 3344 est
276 3305 439 3360 puerorum,
453 3305 500 3345 scu
511 3288 655 3345 infantium
675 3289 899 3358 balbutientium,
914 3308 946 3347 ac
1001 3295 1193 3350 amonasterio
1204 3294 1361 3359 Elnonensi,
1375 3292 1431 3348 sive
1440 3291 1807 3347 hmandinoconrmodatum

149 3375 214 3416 suos
250 3369 340 3431 patres
374 3360 546 3416 balbutiendo
582 3359 803 3432 compellantinm
838 3364 948 3427 (Cutius
1002 3364 1089 3420 serius
1104 3365 1275 3435 accepimus,
1301 3365 1343 3419 bis
1366 3363 1569 3419 institutionum
1584 3362 1659 3418 libris
1677 3360 1803 3432 prefixa,

149 3431 265 3499 Rhodiq.
282 3433 329 3485 lib.
344 3446 377 3487 ιιι
399 3435 468 3488 lect.
483 3435 571 3502 orttiq.
592 3449 650 3503 cop.
673 3433 720 3504 et)
735 3451 742 3497 ;
756 3432 818 3488 hinc
830 3436 948 3496 renitere
1023 3451 1086 3490 uam
1101 3436 1148 3490 etsi
1165 3451 1298 3504 nusquam
1311 3434 1374 3488 alibi
1389 3442 1539 3504 repertam,
1558 3433 1703 3503 multisque
1723 3446 1802 3486 men·

150 3501 222 3572 apud
245 3505 396 3558 Homerum
413 3504 526 3573 (eopse.
544 3506 609 3571 vt),
624 3503 664 3558 vel
684 3504 797 3564 κακίζειν
810 3506 947 3574 (uterque.
1002 3451 1044 3561 gis
1055 3520 1087 3560 ac
1103 3503 1189 3560 lituris
1205 3505 1394 3570 obscuratam,
1410 3512 1501 3557 tamen
1516 3502 1606 3573 quoad
1620 3503 1710 3565 licuit,
1724 3501 1803 3566 abiis

71 3606 74 3611 -
151 3573 184 3628 de
198 3574 295 3629 Eccles.
315 3578 401 3641 coc),
422 3589 469 3629 sen
494 3575 640 3645 papissare,
663 3574 734 3646 apud
752 3574 894 3639 Comicus,
907 3584 949 3631 est

1003 3582 1193 3645 expurgatam,
1209 3581 1237 3629 et
1248 3588 1304 3629 suae
1319 3572 1465 3644 integritati
1481 3576 1636 3627 restitutum
1652 3572 1713 3626 huic
1727 3573 1802 3641 operi

149 3642 293 3699 infantium
308 3660 394 3711 more,
406 3644 557 3717 blandeque
567 3654 672 3717 patrem
679 3645 844 3718 compellare
860 3659 947 3715 :quo

1002 3645 1232 3717 praemittendum,
1258 3653 1287 3701 et
1308 3658 1324 3698 e
1347 3643 1466 3699 tenebris
1482 3643 1631 3698 eruendam
1650 3658 1681 3697 ac
1700 3641 1803 3713 produ·

113 3779 120 3790 ,Ἴ
135 3728 212 3790 ‘rum
228 3717 367 3786 exemplo,
383 3725 411 3771 et
424 3717 541 3788 quadam
558 3716 709 3772 imitatione
723 3714 802 3787 primi
816 3715 948 3772 Christia-
1002 3715 1117 3772 cendam
1134 3714 1262 3771 duximus
1282 3736 1289 3772 ε
1303 3714 1382 3785 cujus
1395 3709 1476 3770 t'itulo
1489 3713 1532 3769 bic
1546 3716 1643 3768 Castor
1657 3714 1801 3785 episcopus

139 3784 177 3841 mi
201 3801 252 3857 pro
275 3802 340 3842 eran
361 3786 424 3841 elica
444 3787 617 3858 simplicitate
637 3797 665 3843 et
683 3787 816 3844 modestia
842 3794 949 3858 patrem
1002 3787 1129 3857 Aptensis
1150 3787 1249 3842 diserte
1264 3787 1431 3853 nominatur,
1454 3800 1469 3839 a
1492 3784 1616 3855 quohaec
1635 3784 1748 3855 epistola
1769 3783 1804 3838 ad

149 3855 316 3929 spiritualem
343 3803 444 3914 {lando
465 3859 517 3914 isto
542 3859 672 3915 vocabulo
687 3873 785 3931 papam
809 3857 947 3929 appellare
1001 3857 1162 3914 Cassianum
1174 3858 1278 3929 ‘scripta
1296 3857 1435 3912 asseritur.
1457 3857 1505 3910 Est
1519 3870 1582 3909 sero
1595 3855 1728 3925 {Aprensis
1746 3855 1803 3925 epi-

128 3949 133 3962 ·
149 3938 299 3999 eoeperunt.
316 3929 382 3984 lude
395 3945 458 3984 vcro
473 3929 574 3985 iactum
591 3939 642 3993 est,
658 3939 687 3985 ot
699 3931 728 3984 in
743 3944 844 3984 nomen
859 3939 948 3984 trans·
1002 3942 1113 4000 scopus,
1127 3928 1153 3983 id
1172 3937 1223 3997 est,
1239 3929 1412 4002 Aptae-iuliae
1426 3926 1540 3982 civitatis
1554 3926 1581 3980 in
1597 3926 1683 3983 Gallia
1697 3925 1803 3981 Narbo·

149 3998 202 4054 iret
222 3999 368 4071 dignitatis,
394 4009 476 4072 utque
489 4001 542 4058 boc
564 4002 675 4056 nomine
689 4000 882 4072 insignirentur
897 4000 953 4056 hu··
1003 4000 1078 4056 uensi
1094 4002 1181 4067 (Plio.
1192 4002 1238 4056 lib.
1253 4015 1290 4055 ιιι
1302 4002 1403 4055 llistur.
1418 4015 1440 4052 c.
1455 4003 1584 4078 rhenus
1596 4012 1611 4051 e
1625 3996 1805 4068 suilraganeis

150 4070 302 4127 noratiures
324 4072 517 4129 tantummodo
537 4071 626 4129 clerici
643 4076 758 4140 (Boron.
776 4074 805 4126 io
822 4073 892 4126 erotis
912 4072 950 4126 od
1004 4071 1154 4143 Aquensis,
1170 4071 1225 4127 sive
1243 4069 1417 4126 'laurinensis
1435 4069 1646 4139 archiepiscopi,
1672 4075 1702 4123 ut
1718 4066 1803 4123 reiert

149 4143 326 4213 Martyrolop.
366 4149 398 4198 tu
434 4147 575 4211 iterumn),
608 4153 639 4200 ut
666 4143 770 4198 notavit
799 4141 950 4199 Waliridus
1003 4138 1811 4208 Anto-Demochares(1.ih.dcStrcm's.Misso.³0).Fuisse·

150 4211 273 4277 strabus,
298 4213 345 4268 lib.
371 4215 405 4270 de
431 4216 525 4273 Rebus
544 4214 699 4271 ljcclesiast.
723 4230 783 4286 cap.
811 4221 839 4282 7,
862 4218 949 4284 Papo,
1004 4222 1097 4270 autem
1113 4213 1187 4269 huuc
1197 4214 1339 4268 Castorem
1354 4211 1443 4265 tirum
1458 4211 1599 4265 sanctitate
1609 4210 1802 4280 conspicuum,

149 4279 950 4352 inquiens,rujosrlomptoleme'mh'sttomcuest,ctcler·icorum
1003 4292 1032 4340 et
1043 4283 1138 4351 insigni
1154 4283 1212 4341 zelo
1226 4281 1333 4353 pietatis
1349 4288 1377 4336 et
1397 4280 1532 4352 religionis
1547 4280 1708 4350 praeditum,
1723 4280 1804 4336 docet

150 4352 274 4418 congruit
291 4351 322 4403 di
340 4354 431 4406 aritoti.
449 4355 545 4407 Postea
561 4362 652 4409 tamen
669 4358 696 4409 in
719 4373 770 4410 usu
785 4357 947 4412 ecclesiasti·
1004 4363 1063 4410 tum
1081 4353 1140 4422 eius
1157 4353 1268 4424 epistola
1286 4360 1453 4423 memorata,
1468 4360 1528 4407 tum
1543 4351 1602 4409 haee
1613 4351 1733 4408 Cassiani
1746 4351 1804 4409 elc-

150 4436 183 4476 oc
212 4420 296 4489 erepit
321 4367 381 4475 ζῶε
405 4422 610 4481 ttorncuclatura
637 4424 778 4494 peculiaris
808 4440 867 4479 esse
892 4427 948 4494 epi·
1003 4422 1257 4496 gansetluculenta
1273 4422 1404 4494 praelatio.

150 4505 315 4562 scoporum,
343 4499 374 4546 ut
405 4491 486 4547 iidem
518 4506 629 4555 omnes,
664 4501 691 4547 et
728 4493 777 4547 soli
803 4509 878 4564 papae
909 4494 949 4550 di·
1038 4487 1052 4525 b
1086 4493 1227 4551 Provincia
1248 4494 1293 4549 illa
1315 4493 1417 4550 scilicet
1443 4493 1569 4565 Aptensi,
1595 4492 1630 4549 de
1649 4507 1703 4563 qua
1720 4507 1802 4563 supra

150 4570 287 4628 cereutur,
303 4570 333 4617 ut
350 4577 382 4617 ex
412 4562 530 4634 epistolis
551 4566 584 4618 D.
604 4564 747 4634 Cypriani,
772 4565 947 4635 Hieronymi,
966 4593 991 4656 D
1006 4565 1187 4624 cenobiorum
1197 4570 1314 4635 eepcrte,
1324 4566 1340 4622 i.
1353 4581 1377 4620 e.
1391 4566 1560 4621 lllonasteriis
1570 4580 1664 4621 saeua.
1677 4566 1745 4620 liam
1756 4564 1805 4630 pri-

150 4633 306 4704 Augustini,
320 4633 436 4702 Sidonii,
450 4634 619 4704 aliorumque
633 4644 673 4689 est
686 4633 869 4691 ntanilcstum.
887 4637 948 4691 Hoc
1007 4652 1083 4692 mum
1095 4637 1249 4692 roenobium
1268 4635 1325 4707 ipse
1345 4638 1441 4693 Castor
1463 4637 1606 4707 episcopus
1620 4634 1746 4691 iundasse
1761 4634 1808 4690 hic

149 4703 159 4759 i
178 4704 232 4760 itur
244 4720 324 4761 sensu
339 4706 482 4761 Cassianus
498 4704 552 4774 hie,
567 4714 593 4759 et
606 4705 631 4759 in
645 4706 727 4761 altera
741 4706 900 4777 praelatione
913 4707 947 4765 ad
1002 4707 1168 4778 perhibetur.
1181 4707 1262 4764 Unde
1272 4717 1300 4762 et
1314 4707 1452 4763 novellum
1464 4707 1660 4762 monasterium
1676 4705 1742 4760 inira
1757 4721 1814 4777 ap-¹

151 4720 315 4833 &ortationes
331 4781 458 4844 Petrum,
480 4776 551 4831 irone
571 4777 713 4832 Castorem
726 4793 822 4848 papam
845 4793 948 4833 nuncu·
1003 4778 1126 4848 pellatur.
1139 4781 1309 4848 Proeeperte
1320 4777 1802 4850 legebaturinquibusdanrerporte,

150 4856 212 4920 pat,
229 4848 351 4917 horest,
366 4857 482 4921 patrem,
500 4847 539 4903 ccl
560 4848 727 4918 episcopum,
750 4858 780 4904 ut
800 4849 948 4922 Dionysius
1000 4848 1107 4906 duabus
1118 4850 1217 4905 voculis
1234 4859 1261 4905 et
1271 4850 1345 4905 nullo
1357 4865 1448 4905 sensu.

150 4919 277 4975 Carthus.
289 4920 422 4990 esposuit.
444 4923 545 4976 Verum
559 4920 751 4991 posterioribus
764 4919 870 4977 saeculis
885 4935 949 4976 usus
1039 4922 1100 4975 οΕιι
1115 4920 1165 4976 bac
1177 4923 1321 4989 sententia,
1333 4920 1444 4992 aliisque
1459 4918 1592 4976 similibus
1604 4919 1630 4974 in
1641 4918 1804 4991 praelatione

151 4989 280 5046 Ecclesiae
302 4992 438 5058 obtinuit,
456 5000 487 5047 ut
501 5006 602 5047 nomen
616 5007 710 5064 papst,
725 4991 794 5047 sicot
805 5000 833 5047 et
847 4990 951 5063 epithe-
1003 5000 1096 5048 nostra
1109 4991 1143 5047 ad
1157 4992 1288 5047 lectorem
1302 4992 1454 5061 productis,
1471 4991 1611 5062 perspicue
1632 4989 1804 5046 ostendimus

151 5067 213 5128 ton,
223 5059 386 5127 Beatissimi,
398 5063 446 5117 soli
457 5063 586 5119 Romano
597 5063 720 5119 Pontilici
735 5063 870 5119 tribuatur
882 5065 950 5128 (Bei-
1003 5063 1165 5119 &solanum
1177 5079 1235 5119 non
1246 5063 1358 5119 demum
1368 5063 1483 5135 coepisse
1499 5062 1668 5118 monasticen
1679 5061 1803 5117 excolere

152 5131 232 5185 leem.
252 5130 298 5184 lib.
317 5145 340 5186 ιι
356 5132 389 5185 de
409 5135 485 5188 Rom.
510 5136 614 5202 Potrici.
629 5152 687 5205 cop.
703 5140 731 5190 31
743 5140 763 5199 t.
786 5135 855 5191 Cum
874 5133 949 5190 cuim
1003 5142 1050 5190 aut
1064 5133 1193 5205 profiteri,
1208 5143 1352 5207 postquam
1363 5134 1550 5208 legationepro
1562 5136 1667 5189 Joanne
1681 5133 1802 5204 Chryso·

150 5200 268 5271 episcopi
279 5201 387 5272 quidam
399 5201 563 5259 schismatici
578 5205 606 5260 in
621 5206 714 5261 odium
728 5205 847 5260 Romani
859 5205 949 5276 ponti·
1002 5212 1093 5261 stomo
1102 5204 1153 5260 sihi
1162 5204 1250 5261 delata
1265 5204 1420 5275 perfunctus
1435 5214 1513 5266 esset,
1527 5212 1558 5259 ut
1570 5204 1676 5262 videtur
1687 5203 1814 5260 sensisse

150 5270 210 5328 licis
224 5288 326 5328 nomeu
347 5288 422 5345 papae
441 5273 558 5345 superbe
579 5270 630 5330 sini
658 5284 826 5346 arrogarent,
843 5278 948 5349 Grego·
1002 5276 1136 5333 Beronius
1148 5283 1157 5343 (
1168 5280 1246 5332 Temo
1264 5277 1287 5332 V
1302 5277 1404 5332 Annol.
1420 5278 1501 5333 Anno
1524 5279 1713 5343 nominituo>
1731 5274 1805 5332 :sed

150 5342 209 5399 rius
223 5345 274 5398 Vll
286 5359 357 5399 antro
380 5349 448 5400 1077
466 5346 492 5401 in
557 5345 610 5403 odo
624 5348 750 5402 Romana
765 5345 901 5416 decrevit,
919 5354 950 5403 ut
1003 5360 1065 5404 eam
1083 5348 1118 5404 ab
1132 5348 1241 5404 ineunte
1254 5355 1336 5404 aetate
1348 5355 1377 5405 et
1390 5348 1501 5420 pueritia
1518 5348 1679 5415 excoluisse,
1693 5356 1721 5403 et
1732 5347 1805 5402 inter

186 5429 229 5486 per
247 5431 349 5472 nomen
363 5415 389 5471 in
415 5414 517 5474 urbeC
538 5417 650 5473 ristiano
670 5419 781 5473 unicum
793 5425 878 5485 esset3
899 5433 949 5474 neo
1002 5419 1152 5475 monachos
1170 5419 1325 5485 educatum,
1342 5426 1370 5474 et
1390 5419 1485 5491 primis
1498 5426 1557 5475 tum
1576 5418 1711 5492 religionis
1725 5415 1804 5473 Chri-

162 5486 246 5542 iceret
279 5486 357 5542 alicui
384 5487 454 5543 hanc
483 5488 691 5559 apellationem
718 5489 768 5544 sibi
794 5489 836 5544 vel
872 5488 948 5545 alteri
1001 5491 1106 5557 stianae,
1119 5499 1180 5546 tum
1193 5489 1351 5547 monasticae
1363 5489 1537 5548 institutionis
1551 5488 1713 5545 rudimentis
1725 5487 1803 5542 insti·

150 5556 302 5639 ascribere..
311 5559 371 5627 Qua
383 5557 417 5614 de
440 5574 469 5614 re
488 5504 548 5616 vige
573 5560 649 5631 plura
668 5559 740 5632 apud
754 5558 902 5616 Baronium
922 5568 950 5616 et
1001 5569 1094 5618 tutum
1106 5580 1113 5617 :
1127 5561 1190 5618 inde
1206 5577 1254 5634 per
1268 5562 1378 5635 AEgypti
1392 5560 1551 5618 solitudines
1564 5560 1635 5616 inter
1648 5557 1802 5639 anachore·

150 5628 228 5684 altos.
252 5631 318 5699 Qurs
332 5645 412 5700 porro
436 5629 517 5686 luerit
533 5630 583 5688 istc
609 5633 717 5696 Castor,
744 5640 772 5686 et
793 5631 871 5687 cu'us
897 5631 949 5687 loci
1003 5641 1045 5691 tas
1057 5632 1107 5691 diu
1120 5643 1267 5699 versatum,
1282 5642 1310 5689 et
1320 5649 1416 5691 eorum
1426 5632 1548 5690 doctrina
1561 5630 1698 5686 imbutum
1710 5628 1803 5695 luisse,

150 5698 302 5782 episcopus,
325 5715 392 5782 cum
408 5700 553 5758 Cassianus
570 5717 625 5759 non
645 5701 814 5773 expresserit,
825 5648 899 5758 iana
912 5701 951 5758 ia·
1004 5721 1087 5777 qnam
1112 5715 1207 5779 postca
1245 5705 1352 5778 scriptis
1383 5704 1512 5763 traditam
1535 5703 1685 5776 posteritati
1717 5711 1814 5758 trous·

151 5769 202 5828 erle
216 5779 276 5828 erat
287 5786 404 5844 assequi,
418 5780 446 5829 et
454 5781 529 5830 certo
542 5771 665 5830 delinire.
677 5776 782 5831 verum
796 5771 950 5831 intendem
1004 5775 1087 5832 misit.
