3824 6164
131 228 200 285 tttlt
670 217 811 276 totitatis
828 217 980 276 casslsltl
998 215 1245 276 castellarius.
1722 218 1790 273 liat

131 351 197 408 simi
209 348 281 406 illius
292 345 378 404 centri
393 345 495 401 lineam
511 343 618 417 jugiter
629 342 826 412 circumducat,
843 358 876 400 ec
888 358 932 400 se·
947 347 973 411 Α
986 343 1102 401 sibiliter
1126 341 1301 406 incedentes,
1324 354 1382 398 non
1404 339 1495 398 solum
1521 336 1641 412 propriis
1669 337 1789 398 residere

137 443 259 504 cundum
276 441 458 499 certissimam
476 452 605 495 normam
630 452 743 495 omnem
762 435 937 495 rotunditatis
988 435 1157 512 regionibus,
1175 434 1226 493 sed
1242 450 1294 493 ncc
1316 435 1397 508 longe
1421 432 1553 491 aviculis
1577 431 1637 489 suis
1654 432 1786 505 quosdam

131 539 302 614 parilitatem
323 543 351 592 et
368 541 517 591 structuras
537 533 648 607 colligat
668 530 852 605 disciplinam.
883 529 937 600 Qui
988 532 1303 600 recessissecernamus3
1317 545 1367 587 cur
1377 528 1407 585 id
1422 527 1497 601 quod
1510 525 1589 583 robis
1601 525 1720 583 noxium
1732 543 1790 586 non

132 647 198 688 vero
225 644 286 686 eam
305 628 408 702 absque
430 627 500 684 illius
526 626 684 684 medietatis
716 624 840 681 examine
867 639 933 681 eon·
989 633 1041 696 est,
1056 626 1135 685 nohis
1149 623 1439 699 puteturadrersumi

132 739 285 790 summare,
300 721 544 796 quamvissumma
555 721 620 778 artis
630 730 677 778 ant
691 720 789 794 ingenii
801 734 933 791 prasum-
1235 792 1238 797 Ι
1283 718 1405 775 CAPUT
1416 715 1492 772 Vlll.

89 830 97 839 ’
137 819 247 892 ptione,
268 815 424 885 tentaverit,
449 814 617 888 impossibile
639 822 681 871 est
704 821 735 870 ut
751 811 934 886 aequalitatem
1006 815 1150 884 Responsio
1161 809 1485 884 quomodoaonomaibua
1496 808 1659 863 convestiant
1674 810 1773 866 omitia

130 909 291 968 circumitus
306 909 379 967 illins
392 910 449 966 sine
458 924 552 966 errore
568 907 720 977 custodiat3
735 914 783 963 aut
800 912 934 979 quantum
1025 908 1408 979 Abrahamzlionnumquam
1416 901 1791 964 malaexbonisrebussnmi

139 1019 211 1061 serae
224 1002 401 1061 rotunditatis
414 1000 610 1076 pulchritudini
626 998 742 1058 errando
760 998 933 1067 subtraxerit,
988 1001 1115 1059 uidemus
1128 1001 1262 1074 exempla.
1284 1001 1355 1057 Nam
1377 998 1400 1056 si
1423 996 1520 1056 eadem
1545 996 1609 1068 quis
1630 1012 1712 1071 agere
1731 1015 1791 1059 non

136 1098 196 1156 solo
217 1097 401 1170 deprehendat
424 1104 552 1169 aspectu,
578 1095 630 1152 nisi
652 1095 687 1152 ad
712 1094 789 1151 illum
815 1093 934 1149 indicem
988 1097 1087 1155 eodem
1101 1096 1205 1154 attactu
1224 1103 1306 1168 atque
1325 1092 1466 1167 proposito
1487 1097 1537 1148 aut
1550 1088 1674 1149 dissimili
1691 1092 1792 1153 chaam

137 1193 260 1249 veritatis
272 1207 378 1263 semper
390 1206 542 1259 recurrens,
554 1199 637 1261 atque
649 1190 708 1262 ejus
732 1187 847 1245 arbitrio
866 1186 933 1243 inte·
989 1192 1214 1266 praesumpserit‚
1227 1191 1349 1265 prolecto
1362 1186 1457 1245 exinde
1470 1187 1604 1259 laqueum
1625 1186 1793 1261 deceptionis

139 1285 240 1342 riorem
251 1262 338 1357 operis
351 1282 392 1340 sui
405 1282 539 1339 ambitum
553 1283 775 1354 exterioremque
788 1282 934 1354 castigans,
989 1293 1016 1342 et
1032 1285 1130 1343 monis
1152 1285 1279 1354 incurrit,
1293 1281 1367 1340 unde
1387 1281 1448 1338 aliis
1466 1286 1582 1337 teternae
1600 1280 1666 1338 ritae
1685 1281 1792 1343 tmctns

138 1385 194 1435 mm
213 1378 327 1435 excelsa
337 1375 532 1450 magnitudinis
547 1376 649 1433 molem
664 1376 747 1433 unius
764 1375 858 1447 puncti
877 1375 936 1450 lega
989 1379 1152 1453 acquiritur.
1165 1377 1246 1450 Quod
1257 1377 1301 1436 ille
1314 1390 1427 1450 quoque
1442 1389 1526 1431 manu
1544 1372 1627 1432 sortis
1640 1392 1718 1449 puer,
1730 1376 1791 1435 hcl·

137 1471 291 1530 concludat.
306 1473 348 1528 lta
362 1471 444 1528 etiarn
455 1485 533 1528 mens
545 1479 639 1528 nostra
654 1470 705 1526 nisi
719 1470 806 1526 solam
820 1469 934 1526 Domini
989 1474 1152 1532 licosissimc
1175 1473 1213 1529 illi
1238 1472 1342 1545 giganti
1367 1470 1395 1527 in
1423 1467 1576 1526 certamine
1601 1478 1790 1544 comparatus,

137 1565 315 1636 charitatem,
337 1565 412 1622 velut
425 1574 550 1622 centrum
574 1564 754 1622 immobiliter
768 1563 865 1633 lixum,
886 1579 936 1637 per
992 1568 1066 1628 haud
1076 1567 1157 1628 dubie
1168 1566 1334 1640 pertulisset,
1347 1564 1370 1622 si
1382 1563 1506 1621 virilibus
1514 1566 1596 1635 [Lips.
1611 1568 1641 1620 ia
1652 1582 1741 1636 marg.
1755 1566 1791 1623 ri-

138 1660 380 1734 univcrsaoperum
388 1660 621 1733 molitionumque
630 1667 787 1717 nostrarum
795 1663 935 1716 momenta
994 1663 1087 1732 ribus]
1099 1671 1182 1735 atque
1192 1659 1348 1718 fortissimis
1360 1657 1451 1717 Saulis
1462 1658 1545 1715 armis
1553 1656 1788 1717 fuissetindutus:

136 1756 344 1828 circumagens,
372 1755 503 1829 probabili
527 1758 574 1826 (ut
598 1754 637 1811 ita
668 1753 800 1827 dixerim)
830 1755 933 1812 circino
948 1768 971 1832 Β
989 1767 1016 1816 et
1043 1758 1143 1832 quibus
1170 1764 1238 1813 retas
1257 1755 1398 1813 robustior
1428 1752 1642 1810 innumerabiles
1664 1760 1792 1812 catenas

143 1850 284 1909 charitatis
306 1852 433 1908 omnium
459 1851 655 1926 cogitationum
678 1851 721 1907 vel
744 1849 876 1923 aptaverit
893 1847 936 1906 rel
993 1853 1114 1910 hostium
1139 1849 1346 1923 prostravisset,
1368 1847 1429 1904 baec
1454 1845 1638 1904 indubitatam
1659 1847 1791 1919 primaevo

142 1945 273 2018 repulerit
297 1944 464 2018 qualitatem,
487 1960 662 2018 nequaquam
679 1952 844 2001 structuram
865 1943 939 2000 illius
992 1940 1482 2022 potueruntinterreperniciem,nisi
1491 1939 1620 2012 prudenti
1630 1939 1791 1998 discretione

140 2037 245 2094 artificii
264 2037 401 2110 spiritalis,
421 2048 435 2075 ⁸
449 2038 528 2112 cujus
549 2039 649 2095 Paulus
669 2046 711 2095 est
731 2037 895 2094 architectus
908 2038 938 2105 (l
994 2056 1115 2116 congrua
1126 2039 1319 2098 adolescentia
1333 2052 1391 2095 suae
1402 2051 1548 2094 armorum
1562 2051 1663 2109 genera
1678 2035 1791 2109 delegis-

139 2137 197 2190 σοι.
213 2139 281 2203 ιιι),
295 2134 426 2206 probabili
441 2143 501 2192 arte
520 2135 660 2204 molietur,
683 2149 734 2190 nec
758 2132 938 2206 pulchritudi-
992 2144 1044 2201 set,
1055 2143 1083 2191 et
1096 2127 1110 2167 b
1124 2133 1255 2191 adversus
1274 2131 1383 2189 bostem
1395 2130 1574 2187 teterrimum
1587 2144 1645 2187 non
1661 2129 1747 2187 lorica
1767 2136 1794 2186 ct

137 2243 202 2284 nem
216 2227 315 2285 domus
328 2227 399 2284 illius
413 2228 574 2301 possidebit,
590 2245 672 2301 quam
685 2227 783 2285 beatus
799 2227 890 2285 David
910 2226 939 2285 in
993 2228 1099 2303 clypeo,
1121 2229 1221 2301 quibus
1235 2235 1350 2284 caeteros
1365 2223 1476 2282 ridebat
1495 2225 1657 2294 instructos,
1677 2223 1725 2282 sed
1742 2224 1793 2282 illis

138 2320 220 2378 corde
232 2336 283 2377 suo
292 2321 413 2377 Domino
426 2320 537 2392 cupiens
548 2320 684 2389 exhibere,
698 2326 820 2391 bomine,
839 2322 935 2394 inquit,
993 2321 1093 2396 quibus
1106 2323 1164 2395 ipsc
1179 2319 1310 2378 dimicare
1334 2327 1452 2393 poterat,
1471 2319 1535 2376 telis
1552 2319 1650 2377 luisset
1674 2328 1793 2378 armaten

138 2415 226 2471 dileat
233 2415 352 2471 decorem
362 2416 455 2470 domus
464 2419 527 2484 tuce,
535 2419 561 2470 et
570 2413 656 2470 locum
666 2415 837 2471 Mbitaaeais
845 2416 938 2485 gloria
993 2417 1086 2488 (llteq.
1101 2419 1191 2485 xvrt).
1199 2415 1387 2488 Quamobrem
1399 2428 1560 2472 mensuram
1572 2414 1670 2471 virium
1679 2429 1793 2471 suarum

142 2513 198 2564 tare
211 2509 322 2578 (Psalm
337 2510 430 2578 xxv);
448 2506 497 2564 sed
511 2505 671 2564 indecoram
689 2507 717 2563 in
730 2506 812 2565 corde
824 2523 874 2566 suc
892 2516 937 2566 at·
994 2510 1122 2568 conuenit
1143 2524 1370 2583 unumquemque
1394 2516 1523 2566 nostrum
1546 2508 1703 2582 diligentius
1729 2515 1794 2566 ante

140 2619 192 2675 quc
208 2601 348 2676 indignam
363 2604 463 2676 Spiritu
485 2610 579 2660 sancto
603 2600 728 2672 domum,
752 2602 937 2675 continuoque
994 2619 1118 2679 pensare,
1143 2613 1225 2678 atque
1249 2603 1284 2661 ad
1303 2604 1362 2677 ejus
1383 2601 1531 2661 modulum
1564 2603 1688 2676 arripere
1714 2616 1793 2675 quam

139 2696 291 2769 lapsuram,
319 2697 505 2772 imprudenter
525 2697 647 2769 attollet,
667 2713 724 2754 non
747 2697 937 2771 glorilicandus
991 2699 1105 2757 libuerit
1116 2697 1302 2772 disciplinam3
1314 2697 1377 2771 quia
1392 2697 1516 2770 qnamms
1525 2711 1624 2753 omnes
1636 2696 1722 2753 utiles
1731 2695 1794 2763 sint

138 2789 210 2849 beati
222 2792 414 2851 cohabitatoris
432 2792 562 2865 hospitio,
575 2790 625 2850 sed
636 2793 714 2850 ruina
722 2792 936 2850 constructionis
989 2801 1084 2851 tamen
1097 2802 1167 2866 aptae
1183 2792 1287 2849 cunctis
1305 2799 1411 2849 cuncta
1431 2805 1489 2846 eme
1501 2805 1557 2845 non
1571 2795 1704 2858 possunt.
1730 2789 1796 2843 Non

136 2900 194 2942 suae
207 2886 355 2959 lugubriter
370 2887 575 2959 opprimendus.
992 2886 1067 2942 enim
1085 2885 1149 2958 qnia
1168 2883 1239 2941 bona
1253 2891 1295 2940 cst
1309 2882 1475 2954 ἀναχώρησις,
1490 2879 1628 2937 universis
1644 2895 1711 2935 mm
1725 2894 1795 2936 con-

437 2989 559 3044 CAl‘UT
578 2989 637 3042 i'll.
990 2992 1088 3051 mam
1114 2976 1336 3049 comprobamus.
1366 2979 1391 3030 A
1409 2971 1503 3031 multis
1524 2970 1602 3029 enim
1616 2985 1682 3028 non
1705 2970 1793 3029 solum

136 3082 314 3152 lntmroqatio
322 3084 695 3154 curobesseaobisparealum
705 3084 795 3138 vicina
804 3084 937 3140 habitato
991 3069 1173 3139 infructuosa,
1190 3070 1239 3128 sed
1252 3070 1334 3126 ‘iiim
1346 3068 1502 3141 Ρθῖΰῑθῑῦὓὸ
1520 3066 1648 3122 immill-
1664 3068 1721 3122 Nei
1732 3063 1795 3139 (1⁰5³

148 3156 304 3219 putaretur,
316 3170 376 3222 9¹⁴oe
386 3157 414 3208 ill
422 3158 536 3223 159th
548 3154 749 3209 emittentibus
756 3170 810 3208 'wll
818 3155 936 3211 obesset?
992 3163 1194 3220 institutionem
1214 3163 1406 3220 caenobiorum
1421 3160 1463 3217 rel
1483 3173 1580 3216 curam
1600 3157 1716 3215 fratrum
1729 3172 1795 3215 san·

172 3253 328 3311 Germanus
352 3274 360 3309 :
384 3254 454 3311 Satis
467 3255 527 3311 utili
552 3270 584 3310 ac
603 3255 755 3312 necessario
779 3257 935 3330 precipitur
990 3265 1063 3314 cmm
1078 3265 1160 3331 atque
1175 3256 1339 3315 laudabilem
1348 3250 1741 3327 meritoproiitemur,idcircc
1757 3251 1792 3309 ab

137 3346 264 3405 instituto
278 3347 329 3405 hoc
344 3363 458 3420 operum
469 3363 556 3422 genus
567 3347 642 3421 quod
655 3348 728 3405 intra
742 3349 839 3406 cellam
857 3365 933 3408 exer·
988 3351 1119 3410 universis
1136 3368 1199 3409 eam
1213 3351 1392 3423 expetendam
1403 3364 1464 3406 esse
1478 3362 1635 3405 censemus.
1652 3348 1693 3402 lta
1707 3346 1791 3402 etiam

135 3440 189 3496 ceri
205 3448 301 3512 potest.
319 3441 427 3496 Etenim
442 3456 497 3496 non
512 3441 603 3498 solum
621 3442 744 3514 exemplo
756 3442 937 3513 ¹beatitudinis
991 3445 1154 3504 xenodochii
1174 3445 1328 3502 uberrimus
1348 3443 1455 3500 fructus
1473 3450 1525 3511 est,
1548 3440 1598 3498 sed
1613 3439 1650 3497 ab
1664 3438 1791 3497 omnibus

136 3541 239 3589 vestra
253 3533 464 3605 apostolicarum
487 3534 617 3591 virtutum
640 3536 789 3593 imitatione
810 3535 935 3610 fundata,
990 3539 1081 3613 expeti
1096 3540 1155 3597 sine
1167 3537 1370 3612 patientiaenon
1381 3543 1473 3611 potest
1484 3533 1663 3592 detrimento.
1676 3531 1791 3590 Proinde

136 3625 326 3683 verumetiam
339 3625 512 3700 experientia
525 3635 627 3685 nostrae
640 3629 935 3691 testimoniiscommo·
990 3635 1113 3707 primum
1127 3633 1244 3708 regionis
1263 3641 1361 3690 restra
1380 3639 1466 3704 atque
1478 3628 1561 3703 hujus
1578 3627 1654 3683 inter
1672 3642 1703 3684 se
1726 3640 1790 3699 pen·

135 3718 206 3776 ditas
223 3718 305 3793 hujus
319 3720 358 3777 rei
374 3720 452 3778 nohis
466 3736 539 3796 saepe
554 3732 697 3795 comperta
709 3734 760 3782 est.
778 3726 831 3784 Sed
845 3743 935 3800 paren
989 3728 1075 3786 sanda
1087 3737 1153 3785 sunt
1165 3729 1300 3797 instituam
1315 3724 1415 3783 deinde
1428 3724 1497 3780 vires
1515 3721 1662 3777 hominum
1672 3720 1737 3792 jugi
1752 3718 1790 3776 rel

135 3818 195 3868 tum
222 3810 321 3869 vicinia
344 3828 426 3886 quam
447 3829 498 3872 nec
521 3830 570 3872 vos
584 3815 700 3873 nimium
715 3819 865 3890 respuistis,
887 3836 936 3878 cur
990 3822 1122 3878 virtutum
1136 3821 1179 3877 vel
1203 3820 1331 3877 vitiorum
1353 3818 1508 3877 assiduitate
1526 3813 1661 3882 collectae,
1679 3812 1791 3872 diverse

135 3914 281 3978 tantopere
301 3923 317 3962 a
340 3906 420 3962 nobis
443 3907 542 3964 debeat
561 3907 649 3976 vitari,
672 3925 728 3966 non
751 3912 818 3968 satis
840 3911 934 3970 claret.
990 3917 1107 3974 invicem
1127 3915 1206 3973 lance
1228 3913 1406 3973 trutinandae.
1428 3910 1499 3970 Fieri
1524 3908 1627 3966 etenim
1648 3914 1744 3981 potest
1761 3915 1789 3965 ot

135 4001 205 4058 Cum
220 4001 292 4058 enim
313 4016 361 4058 ros
376 4001 495 4058 inomni
511 4001 686 4074 perfectionis
699 4005 741 4060 ria
765 4006 934 4079 irreprehen-
989 4008 1063 4082 quod
1083 4010 1194 4067 alterius
1208 4009 1294 4083 gentis
1312 4007 1417 4066 bomini
1430 4005 1550 4064 arduum
1564 4010 1648 4076 atque
1666 4002 1788 4076 impomi-

682 4133 808 4190 aarum
829 4135 943 4192 GAZAEl
961 4134 1242 4194 couutlirsltltls.

135 4235 203 4302 fuit.
216 4237 250 4291 D.
264 4235 448 4309 Hieronymus
455 4235 482 4292 in
492 4235 570 4307 epist.
584 4235 618 4292 ad
626 4238 726 4311 Ephes.
736 4239 781 4295 lib.
791 4256 834 4296 ιιι
848 4244 930 4300 Num·
982 4247 1102 4316 primam
1117 4248 1252 4317 aspirant,
1266 4246 1313 4316 sic,
1326 4244 1417 4314 bapsis
1430 4242 1466 4297 ab
1480 4240 1578 4303 ἅπτειν,
1593 4239 1623 4294 ῑᾶ
1637 4242 1714 4307 0⁸22ss
1727 4241 1787 4292 Μ·

136 4307 329 4375 quidcoelorum
335 4309 454 4371 circulos,
467 4308 816 4381 quospltilosophisphmras
826 4317 930 4378 cocant,
985 4317 1079 4384 gendo,
1092 4317 1165 4387 quod
1178 4331 1209 4371 ea
1217 4331 1293 4387 pars,
1313 4330 1373 4370 mem
1392 4318 1453 4370 rota
1474 4312 1605 4377 velemur,
1618 4314 1719 4364 unam
1729 4323 1788 4363 eos·

136 4379 270 4431 transieras
283 4382 364 4448 atque
375 4379 563 4434 transcendens
572 4384 684 4436 stetitia
697 4399 800 4439 summo
812 4385 870 4440 coeli
880 4387 933 4453 tor-
987 4390 1084 4458 tiaqat.
1097 4390 1152 4443 Hoc
1167 4390 1249 4443 etiam
1261 4388 1368 4443 nomiae
1383 4385 1558 4455 siqaiticotttr
1573 4382 1684 4449 {mii
1695 4393 1785 4433 m·

136 4449 204 4510 alce,
221 4450 359 4531 atuiipso
375 4450 540 4515 verbosior,
559 4467 575 4506 a
596 4452 674 4508 side?
694 4455 834 4526 Significat
852 4459 933 4512 ettam
988 4461 1061 4523 tora,
1081 4465 1106 4515 ct
1120 4459 1265 4529 aliqttaudo
1286 4461 1391 4528 integra
1404 4457 1512 4523 lomie.
1533 4455 1605 4509 Hinc
1625 4449 1787 4506 waimara

138 4518 307 4582 testudinem,
323 4523 373 4574 aut
385 4523 556 4576 cameramia
583 4525 738 4594 mnisphemi
749 4529 867 4594 sormam
877 4544 933 4583 eou-
988 4533 1140 4601 scriptores,
1156 4545 1294 4601 quamaos
1312 4530 1481 4584 ecclesiarum
1500 4525 1642 4580 tribunam
1654 4536 1784 4589 sommas,

136 4594 278 4645 structam.
300 4592 440 4647 llesicltius
462 4608 578 4663 rumque
601 4600 626 4648 et
649 4596 747 4651 suidas
773 4595 859 4668 ἀψῖδας
882 4613 936 4655 esse
992 4603 1129 4674 hapsidem
1142 4607 1244 4656 uocant.
1259 4598 1479 4671 ltaO'nupbrius.

137 4663 248 4733 καμάρας
262 4663 383 4719 traduat.
394 4664 504 4720 Plinius
515 4679 567 4736 pro
579 4666 754 4737 planetarum
762 4669 873 4726 orbitus
884 4657 978 4727 ali-1)
1028 4673 1204 4730 'Secundum
1225 4676 1344 4743 qratiam
1367 4673 1425 4737 Dei,
1440 4684 1503 4741 quoe
1523 4668 1592 4724 dota
1607 4670 1646 4721 est
1658 4663 1734 4725 mihi,
1756 4664 1787 4717 ttt

140 4737 243 4805 quoties
256 4739 370 4806 usurpat
384 4736 432 4790 lit.
454 4752 488 4792 ιι.
508 4739 590 4793 Porro
603 4740 643 4793 ila
661 4739 806 4797 Cassianus
820 4742 866 4798 ltoc
885 4744 937 4799 loco
991 4744 1476 4815 scptansarctitecmsfundammtum
1483 4733 1785 4822 pesasaltlpostolus.

137 4806 238 4862 absidis
249 4823 379 4863 cameram
396 4807 480 4873 demit,
496 4808 610 4864 atalibi
623 4809 692 4882 (lib.
707 4827 727 4867 v
740 4815 805 4869 last.
822 4829 880 4886 cap.
891 4818 937 4878 tl,
992 4815 1060 4872 Vide
1072 4817 1099 4872 S.
1116 4815 1252 4872 Thomam
1265 4817 1295 4870 in
1307 4816 1521 4870 Commentario.

137 4879 265 4958 attollat.
283 4884 311 4932 at
339 4895 398 4960 cap,
415 4879 461 4951 29)
485 4883 628 4937 stationem
646 4881 761 4953 jejuraii,
779 4900 838 4940 eum
855 4889 939 4942 statio
1027 4888 1040 4922 a
1055 4888 1144 4944 Verba
1160 4887 1283 4942 historiae
1292 4900 1379 4941 sarrae
1393 4884 1419 4953 ll
1430 4886 1497 4956 lleq.
1510 4882 1593 4946 xvxi)
1606 4872 1787 4934 tlndssl'isffll

138 4947 208 5000 mam
220 4951 256 5003 sit
269 4951 496 5019 quodrquaium,
510 4956 542 5007 ut
553 4952 626 5008 obsis
637 4958 662 5008 ct
673 4971 789 5010 camera.
802 4958 871 5012 ilaec
883 4956 940 5012 Cie-
992 4959 1248 5015 mtetdoesttmmcts
1258 4959 1352 5021 sumet
1360 4953 1705 5026 imposuitqaleamoemm
1713 4958 1786 5016 ΜΨ

136 5018 239 5074 conius.
258 5019 379 5101 isidorus
392 5021 514 5101 absidam
529 5030 609 5078 vocat
623 5026 730 5095 (Etpm.
756 5027 803 5081 lib.
820 5042 861 5083 xv
876 5043 934 5100 cap.
990 5037 1071 5100 captat
1083 5032 1149 5101 ejus
1160 5031 1364 5086 ctoosticiteum
1377 5028 1471 5081 lorica.
1482 5026 1627 5081 Accirrctras
1635 5014 1787 5090 apellat&

136 5089 166 5160 8)
185 5109 193 5145 :
207 5091 322 5159 Absida,
336 5099 432 5163 inquit,
449 5092 540 5149 Graeco
553 5108 680 5160 samone,
693 5100 789 5153 Latiae
802 5101 936 5170 trireme-
992 5102 1083 5170 qladic
1098 5103 1154 5172 qaas
1167 5105 1351 5172 supervestcm
1362 5114 1450 5163 mam,
1463 5099 1545 5167 caepit
1554 5099 1657 5150 tertiare
1666 5093 1788 5145 m'omta·

135 5166 209 5218 latur
224 5163 325 5229 lucida,
349 5178 377 5218 eo
398 5164 470 5235 quod
484 5166 584 5221 lamiae
600 5173 766 5241 occeptoper
785 5184 878 5224 arcum
891 5187 936 5227 re·
992 5177 1129 5243 tuspossei
1140 5173 1268 5236 incedere,
1284 5186 1338 5226 roca
1348 5172 1418 5226 euim
1434 5168 1553 5224 babebat
1563 5160 1784 5222 cosuetudinem

134 5235 282 5304 splendeat.
298 5234 350 5291 Sed
364 5240 455 5291 ulrum
469 5237 593 5293 absidam
606 5255 642 5293 aa
656 5240 777 5296 absidem
793 5240 936 5298 dicereda-
990 5246 1118 5314 llr'acilquc
1136 5245 1224 5300 Datid
1238 5244 1276 5299 ad
1295 5243 1384 5301 Saul:
1403 5243 1463 5297 Nou
1482 5252 1592 5311 possum
1604 5236 1644 5290 sic
1659 5232 1784 5298 baedae,

137 5305 254 5370 beamus,
266 5307 313 5362 boc
327 5308 404 5362 verbi
414 5324 496 5376 petrus
509 5309 662 5379 ambiguum
672 5312 784 5381 quidam
798 5312 935 5370 decimam
989 5319 1053 5385 quia
1065 5331 1118 5370 uma
1128 5332 1205 5371 uatem
1214 5315 1305 5373 babeo.
1319 5316 1355 5369 at
1365 5314 1490 5383 depaseit
1502 5327 1545 5374 ea,
1557 5315 1583 5366 et
1593 5307 1660 5362 tulii
1668 5305 1786 5360 camma

136 5380 302 5434 existimant.
313 5379 937 5452 Caeliusllhodig.lib.xxv111:1ldsidasiiroeci
988 5401 1076 5450 mam,
1098 5403 1176 5457 quern
1186 5403 1290 5458 semper
1311 5384 1476 5440 habebatis
1493 5381 1634 5446 mambres,
1648 5385 1703 5433 etc.
1730 5376 1787 5458 llos

135 5447 932 5525 dicuat,quoslatiniarcussuma'qiimparctoribussolitos.
988 5458 1125 5530 exemplo,
1152 5457 1264 5530 aliisque
1288 5455 1441 5513 rationibus
1472 5462 1501 5510 et
1533 5444 1787 5528 comparationibus

135 5515 932 5596 Sedlelpoutiumforniceseodcmceasmturaomiac.Onu·
987 5529 1176 5600 pulcherrimis
1188 5527 1325 5585 doeetbic
1346 5530 1450 5583 humor
1469 5540 1530 5581 non
1551 5522 1650 5580 omnia
1663 5517 1787 5577 omnihus

135 5583 932 5667 plrrrusldrrtiq.lect.cop.10)ininterpretationevorum
987 5601 1148 5668 convenire,
1173 5609 1200 5656 et
1220 5598 1365 5668 unicuique
1386 5596 1544 5653 metiendas
1565 5609 1633 5650 suas
1652 5591 1743 5657 sires,
1755 5600 1787 5643 nc

135 5658 232 5744 eccles.
248 5662 355 5725 :Adsis
368 5665 528 5737 inquitates
537 5668 808 5736 apsisestcumatura
818 5670 933 5734 rotoe,id
987 5671 1052 5742 quid
1068 5682 1172 5729 temere
1184 5667 1564 5742 etinconsultoaggredlatur
1573 5663 1653 5738 quod
1662 5667 1788 5736 praeslttt

128 5734 177 5795 act,
189 5732 296 5804 lignum
308 5746 341 5789 su
360 5750 389 5791 er
399 5740 473 5793 roias
483 5742 573 5794 tenens
585 5738 680 5807 scalas,
691 5741 732 5794 ecl
743 5743 772 5795 ia
782 5757 833 5811 quo
842 5744 931 5809 iqua·
984 5757 1042 5800 non
1054 5744 1151 5801 ualeat.

119 5807 265 5880 tarracia,
277 5807 321 5866 cel
326 5748 435 5882 (spartam
446 5815 514 5870 rotoe
525 5811 718 5884 circulumque
729 5813 879 5885 siquiqtcutu
886 5812 937 5869 ulii
