3848 6158
176 252 228 306 519
714 230 856 288 toenitis
873 227 1025 284 ChSSthl
1043 223 1286 282 COLLATIONES.
1312 306 1316 311 .
1775 241 1830 296 520

177 374 279 432 tatione
295 377 343 429 ant
363 368 451 441 aliqua
475 363 601 423 novitatis
622 355 832 434 presumptione
851 353 887 411 sit
901 353 975 423 leve;
988 356 1014 419 Α
1029 353 1057 408 in
1070 367 1117 409 eos
1136 350 1246 424 vestigia
1269 349 1442 423 indagatione
1454 353 1625 425 sagacissima
1641 359 1830 430 retractanda,

177 472 200 526 si
219 468 310 526 meriti
331 464 390 539 eJus
408 447 516 536 pondus
531 457 617 516 inanis
631 450 790 512 cenodoxiae
809 464 866 506 non
885 448 975 504 immi·
1029 460 1063 503 ne
1077 462 1128 518 qua
1143 444 1217 503 forte
1229 444 1418 504 intellectualis
1439 445 1541 504 ibidem
1558 449 1656 518 bestia,
1676 453 1717 510 rel
1731 453 1774 512 leo
1789 456 1831 515 ret

176 566 279 632 nuerit,
292 562 334 619 vel
348 558 477 618 arroserit
490 553 584 633 gloria.
600 555 634 608 Et
647 550 729 607 sicea
743 545 868 620 protinus
878 544 914 602 ad
931 560 976 617 pu·
1031 539 1115 596 draco
1129 539 1328 612 pertransiens,
1344 541 1495 612 peruiciosa
1514 544 1627 617 vestigia
1641 545 1761 605 latenter
1772 548 1833 605 im-

179 663 278 719 micum
289 656 473 732 appendentes
488 663 612 718 examen,
626 647 655 705 id
669 651 720 715 est,
734 643 770 700 ad
781 640 975 715 prophetarum
1030 635 1175 707 presserit,
1194 635 1294 708 quibus
1316 649 1441 693 accessus
1464 636 1547 694 eham
1566 639 1671 696 caeteris
1695 641 1725 698 in
1738 637 1834 701 abdita

178 766 205 813 et
220 753 405 827 apostolorum
419 756 511 816 aetus,
524 739 724 804 actestimonia
740 736 923 804 conterentes,
936 732 977 789 vel
1032 729 1151 801 pectoris
1171 730 1257 785 nostri
1276 745 1325 802 per
1342 730 1539 805 cogitationum
1554 732 1745 808 negligentiam
1762 751 1835 810 prae·

178 860 318 922 ,amquam
329 846 434 917 integra
448 850 531 914 atqup
540 837 670 913 pertenta,
686 835 790 907 illisque
803 843 977 903 compensan-
1031 821 1136 881 beatur.
1163 824 1197 879 Ει
1219 825 1255 879 ιιι
1276 825 1460 898 persingulas
1480 825 1565 885 horas
1580 834 1664 901 atque
1687 839 1834 890 momenta

177 944 215 1000 tia
233 939 432 1013 suscipiamus,
452 935 645 1007 reltamquam
659 927 817 1003 imperfecta
838 923 977 998 atqueda·
1032 923 1130 974 tetram
1155 916 1245 974 cordis
1271 918 1360 974 nostri
1380 920 1541 993 Evangelico
1564 932 1668 993 aratro,
1690 924 1747 983 hoc
1773 933 1834 998 est,

177 1020 978 1106 mnosa‚necillorumpouderic⁰m011³ssfi³r⁰ffl1¹i⁰³¹¹·
1029 1009 1084 1084 jugi
1111 1010 1267 1069 Dominiote
1289 1011 1378 1068 crucis
1401 1012 1591 1072 recordatione
1612 1017 1761 1089 sulcantes,
1789 1018 1835 1077 rel

118 1154 121 1161 ,
176 1130 419 1190 tionemsutemus·
1031 1105 1177 1162 noxiarum
1190 1119 1225 1163 ex
1242 1106 1323 1164 nobis
1344 1105 1465 1166 terarum
1487 1109 1600 1181 cubilia,
1624 1112 1665 1170 rol
1687 1113 1838 1173 siruletuo

462 1219 583 1277 CAPUT
598 1216 692 1272 xxii.
1032 1212 1094 1255 rum
1108 1198 1276 1272 serpentium
1296 1201 1478 1260 exterminare
1493 1202 1620 1276 latibula,
1642 1214 1724 1282 atque
1738 1215 1837 1268 extru-

291 1322 329 1375 ιιι
342 1315 544 1387 quadripartite
558 1309 730 1366 discretionis
744 1306 862 1362 ratiorm.
1033 1292 1097 1350 dere
1108 1296 1270 1367 poterimus·

213 1412 275 1469 Erit
285 1416 298 1444 ⁸
308 1426 373 1483 ergo
389 1408 444 1466 hoc
456 1403 664 1480 quadripartito,
677 1415 732 1474 quo
750 1399 881 1465 diximus,
896 1392 980 1452 modo
1307 1391 1429 1449 CAPUT
1447 1395 1556 1451 XXlll.
1651 1405 1657 1414 ’

178 1505 329 1564 neccssaria
340 1502 420 1559 nobis
442 1503 494 1559 ista
519 1496 662 1564 discretio,
683 1493 711 1554 id
729 1500 780 1560 est,
795 1491 935 1564 primum,
950 1494 981 1543 ut
1034 1486 1199 1539 Desermone
1212 1483 1327 1542 doctoris
1346 1489 1492 1544 secondum
1508 1489 1679 1547 audentium
1695 1486 1835 1551 meia'tum.

178 1600 363 1656 materiarios
384 1595 443 1651 auri
466 1593 522 1650 reri
546 1606 595 1648 seu
618 1588 702 1646 fucati
726 1584 900 1656 fallentisque
920 1597 978 1640 non
1066 1577 1110 1634 xd
1125 1578 1184 1634 haee
1204 1577 1407 1652 obstupefactos
1433 1597 1484 1639 nos
1504 1581 1616 1641 intuens
1636 1599 1731 1658 senex,
1752 1595 1782 1644 et
1801 1587 1838 1646 ad

181 1694 275 1760 lateat;
300 1687 430 1754 secundo,
455 1694 485 1744 ιιι
512 1684 561 1740 has
587 1681 698 1740 easdem
718 1678 895 1752 cogitationes
918 1691 979 1751 quae
1031 1673 1111 1729 rerba
1139 1673 1301 1732 narrationis
1330 1690 1387 1733 ιιι
1409 1676 1563 1749 inexplebili
1594 1677 1690 1737 ardore
1718 1694 1838 1738 succen-

180 1783 348 1840 mentiuntur
363 1794 444 1852 opera
463 1776 584 1851 pietatis,
605 1783 748 1847 umquam
761 1769 913 1828 adulterina
929 1785 980 1826 nu·
994 1794 1019 1858 B
1033 1781 1090 1839 sos,
1114 1781 1163 1840 pro
1186 1766 1367 1825 admiratione
1378 1767 1504 1828 desiderii
1517 1770 1605 1828 ιοιιιί
1625 1773 1760 1847 psubsper
1777 1790 1839 1832 ger.

180 1875 306 1932 mismata
316 1881 344 1930 et
355 1870 594 1945 paracharagmata
604 1867 797 1941 reprobemus,
809 1872 905 1938 utpote
918 1877 980 1935 quae
1034 1875 1118 1917 moue
1130 1877 1272 1935 suspenso,
1289 1879 1383 1921 rursus
1390 1864 1495 1922 addidit
1510 1883 1517 1919 a
1532 1867 1665 1938 Quoniam
1675 1883 1736 1938 uos,
1746 1868 1835 1937 olilii,

182 1964 277 2020 iulsam
292 1961 439 2035 imaginem
461 1959 534 2034 regis
548 1973 604 2017 nou
626 1956 745 2031 legitime
767 1955 873 2028 signata
888 1952 979 2011 conti-
1033 1953 1068 2012 ad
1085 1954 1297 2027 disputationem
1320 1964 1378 2013 tam
1393 1957 1503 2031 longam
1517 1967 1606 2016 vestra
1625 1958 1752 2018 sednbtas
1765 1975 1839 2033 pro-

180 2067 278 2129 neant3
293 2058 334 2115 vel
346 2057 390 2113 illa
411 2071 472 2130 quae
486 2055 515 2111 in
527 2070 595 2112 auro
614 2051 817 2130 pretiosissimo·
828 2049 980 2122 scriptura-
1034 2047 1150 2115 vocavit,
1166 2055 1194 2105 et
1208 2048 1276 2121 iguis
1289 2048 1401 2121 quidam
1418 2050 1555 2109 collationi
1575 2061 1677 2110 nostrae
1689 2051 1841 2112 ferventio-

179 2170 259 2217 rum.
274 2152 373 2211 vitioso
387 2160 415 2208 et
426 2150 558 2209 baeretico
576 2163 672 2218 sensu,
685 2163 742 2205 non
753 2145 810 2202 veri
832 2145 921 2218 regis,
932 2142 981 2202 sed
1034 2155 1078 2200 res
1090 2155 1184 2199 sensus
1197 2157 1247 2215 pro
1266 2151 1368 2208 restro,
1380 2142 1514 2204 desiderio
1537 2145 1739 2213 subministrat,
1752 2155 1787 2205 ut
1805 2161 1840 2204 ex

180 2250 287 2324 tyranni
298 2246 450 2321 praeferunt
460 2248 583 2312 vultum,
597 2242 724 2301 similiter
739 2241 924 2301 discernentes
936 2253 979 2297 re-
1034 2234 1088 2292 hoc
1106 2235 1256 2307 etiamipso
1271 2235 1411 2296 manifeste
1434 2240 1604 2313 contempler
1620 2240 1777 2299 inveritate
1789 2255 1841 2300 ros

183 2343 270 2401 lutare
290 2341 441 2416 possimus,
462 2339 518 2398 sire
536 2339 583 2396 illa
605 2351 723 2411 qnomm
744 2334 851 2408 pondus
868 2350 900 2391 ac
918 2348 980 2405 pre·
1035 2329 1210 2403 perfectionis
1240 2331 1316 2389 sitire
1342 2331 1499 2391 doctrinam
1522 2353 1529 2390 :
1557 2336 1619 2392 solo
1644 2334 1722 2394 robis
1749 2334 1841 2394 adhue

181 2437 251 2492 tium
277 2449 372 2508 aerugo
401 2432 526 2492 sanitatis
560 2430 691 2489 arrodens
714 2429 810 2502 exagio
841 2426 982 2485 seniorum
1036 2440 1118 2497 super
1130 2424 1298 2482 discretionis
1311 2426 1466 2486 eximietate
1483 2429 1524 2485 rel
1545 2428 1751 2502 gratia,⁰quae
1765 2428 1841 2487 inter

183 2528 344 2602 ¹’adaequari
358 2525 504 2597 nonsinit,
519 2532 549 2582 ut
569 2523 738 2582 numismata
756 2520 820 2577 leria
842 2517 983 2591 atqueda·
1036 2527 1147 2577 cunctam
1157 2518 1278 2590 immutes
1305 2536 1397 2577 arcem
1414 2537 1446 2578 ac
1471 2523 1619 2594 primatum
1636 2529 1727 2594 tenet,
1752 2532 1842 2596 panca

183 2637 292 2694 mnosa,
305 2620 452 2694 minusque
462 2618 604 2693 pensantia
622 2631 780 2676 recusemus
796 2635 803 2671 :
821 2612 897 2670 nein
916 2609 983 2669 illud
1036 2611 1185 2683 disserere,
1208 2611 1445 2686 excellentiamque
1478 2614 1536 2687 ejus
1563 2624 1590 2673 et
1611 2615 1754 2673 utilitatem
1784 2628 1844 2674 nott

184 2717 332 2775 incidentes
356 2713 431 2789 quod
455 2713 604 2771 observare
631 2719 691 2769 tota
721 2710 821 2767 rimute
847 2713 983 2780 praeopto
1036 2705 1127 2764 solum
1152 2704 1317 2780 quotidianis
1337 2706 1485 2781 exemplis,
1519 2707 1571 2766 sed
1603 2709 1687 2766 etiam
1717 2709 1843 2783 antiquie

184 2811 297 2869 Domini
309 2823 531 2876 commonemur,
555 2805 658 2864 eunetis
679 2802 805 2861 laborum
824 2808 984 2858 nostrorum
1038 2802 1151 2857 Patrum
1170 2799 1360 2858 collationibus
1381 2817 1413 2859 ac
1428 2801 1568 2860 sententiis
1589 2802 1750 2876 approhare.
1778 2805 1843 2862 Fre

185 2906 326 2979 stipendiis
338 2905 498 2976 meritisque
509 2901 677 2959 fraudemur,
692 2900 797 2961 Nolite,
812 2895 910 2967 inquit,
925 2894 985 2948 the·
1038 2900 1154 2964 quenter
1172 2907 1290 2965 namque
1313 2894 1427 2952 memini
1447 2895 1586 2952 nonnullis
1605 2894 1765 2969 hujusmodi
1787 2909 1843 2954 ser

186 3001 327 3056 suurizore
337 3000 412 3054 uobis
424 2999 564 3053 thesauros
577 2997 607 3049 in
617 2999 702 3055 terra,
717 2991 766 3046 ubi
775 2992 903 3058 oemqoet
914 2989 987 3044 ticon
1037 3002 1150 3045 monem
1165 3002 1237 3058 ,cum
1253 2988 1355 3061 gemitu
1374 2988 1557 3062 lacrymisque
1572 2989 1773 3062 poscentibus,
1794 3003 1843 3047 me

186 3094 341 3156 demolitur,
356 3097 382 3147 et
395 3092 442 3146 uhi
454 3093 530 3158 (ures
544 3086 675 3157 effodiunt
691 3090 716 3140 et
727 3086 863 3153 furantur
876 3083 984 3149 (Mettis.
1037 3094 1147 3154 quoque
1171 3080 1273 3156 aliquid
1300 3081 1340 3139 eis
1371 3079 1502 3140 doetrinte
1528 3081 1654 3139 conterre
1677 3081 1843 3154 cupientem

186 3201 216 3242 vr
226 3190 245 3253 ).
259 3183 399 3257 Quidquid
416 3182 490 3238 enim
504 3178 732 3252 contemplatione
750 3177 878 3235 humanae
890 3175 984 3248 gloriae
1001 3199 1024 3265 c
1039 3176 1194 3235 nullatenus
1207 3175 1340 3249 potuisse,
1353 3177 1431 3234 etita
1445 3175 1473 3233 in
1492 3191 1537 3234 me
1553 3191 1611 3234 non
1628 3176 1719 3234 solum
1732 3189 1842 3246 smus,

185 3277 343 3344 fecerimus,
366 3277 394 3332 in
410 3283 481 3332 terra
500 3289 552 3330 nos
564 3269 747 3329 thesaurizare
764 3269 917 3328 seeundum
931 3272 987 3325 Do
1040 3285 1137 3329 rerum
1153 3270 1236 3328 etiam
1254 3271 1344 3343 ipsum
1359 3271 1499 3344 eloquium
1516 3269 1660 3340 deiecisse,
1674 3278 1777 3328 utnon
1799 3269 1843 3328 in·

186 3373 252 3430 mini
277 3373 441 3431 sententiam
464 3369 635 3437 noverimus,
660 3375 688 3423 et
700 3373 900 3438 consequenter
920 3361 988 3420 illud
1040 3363 1164 3422 venirem
1182 3363 1416 3438 quemadmodum
1440 3379 1500 3435 eos,
1514 3364 1556 3422 rel
1569 3379 1634 3422 cum
1652 3363 1705 3423 lesi
1717 3365 1844 3422 consola·

187 3469 261 3524 velut
284 3467 361 3524 humi
376 3464 547 3523 reconditum
568 3471 702 3535 terraeque
722 3458 878 3528 delossum,
890 3458 932 3514 rel
946 3456 988 3514 di·
1040 3455 1115 3514 tione
1129 3457 1308 3517 dimitterem.
1334 3457 1441 3527 Quibus
1463 3457 1569 3517 iudiciis
1587 3458 1726 3516 evidenter
1755 3473 1846 3532 agno·

187 3560 270 3618 versis
281 3559 425 3618 daemoniis
434 3555 666 3629 depopulandum,
686 3553 728 3610 vel
742 3552 816 3610 edaci
832 3551 989 3609 cenodoxia
1041 3550 1136 3621 scitur,
1151 3552 1265 3609 Domini
1278 3553 1392 3626 gratiam
1413 3568 1463 3626 pro
1481 3553 1580 3612 merito
1593 3568 1626 3611 ac
1637 3552 1771 3612 desiderio
1790 3569 1846 3613 au·

186 3648 305 3727 aerughe
330 3651 564 3719 consumendum,
587 3665 636 3706 seu
667 3646 802 3721 superbiae
828 3644 909 3703 tineis
941 3645 990 3703 de-
1041 3642 1173 3701 dientium
1197 3644 1398 3718 disputantibus
1419 3646 1537 3721 aspirare
1561 3662 1726 3706 sermonem.
1750 3648 1845 3719 Quem

187 3749 349 3815 vorandum,
364 3755 395 3803 ut
407 3744 442 3803 ad
451 3745 556 3802 nullam
565 3742 737 3801 recondentis
748 3740 894 3798 utilitatem
907 3754 987 3797 emo·
1039 3738 1104 3813 quia
1115 3738 1306 3797 brevissimum
1318 3740 1407 3810 istud,
1433 3742 1507 3816 quod
1527 3749 1657 3816 superest,
1677 3740 1768 3800 noctb
1782 3759 1846 3815 spa·

187 3842 394 3914 iumentumque
415 3838 547 3913 proficiat.
567 3840 672 3909 Omnes
690 3835 772 3909 igitur
794 3835 886 3892 cordis
900 3833 986 3891 nostri
1038 3831 1108 3889 ιίιιιιι
1127 3848 1184 3891 non
1202 3834 1321 3892 occurrit
1341 3835 1460 3908 explere,
1478 3835 1644 3910 indulgentes
1663 3833 1732 3892 illud
1746 3835 1848 3907 potius

187 3952 310 3995 recessus
319 3935 421 4009 jup'ter
437 3931 625 4008 persemtandi
638 3933 717 4002 sunt,
733 3937 761 3987 et
781 3927 984 3987 ascendentium
1039 3928 1122 4002 quieti
1141 3944 1292 4003 corporeae,
1307 3930 1351 3987 oui
1370 3945 1480 3988 necesse
1493 3939 1536 3988 est
1557 3937 1646 3990 totum
1669 3928 1809 4003 persolvi,
1821 3929 1846 3988 si

736 4103 862 4159 xhibui
881 4100 992 4158 GAZAEl
1011 4099 1289 4159 COMMENTARlUS.

222 4261 235 4288 ⁸
250 4250 488 4321 anacephalaeosis
502 4247 723 4323 precedentium.
1041 4253 1129 4311 vocat,
1153 4243 1224 4299 inter
1239 4243 1362 4314 virtmes,
1387 4260 1487 4318 nempe
1511 4244 1672 4314 cardinales,
1695 4245 1847 4318 primatum

223 4324 236 4356 ¹³
252 4322 329 4376 Alias
342 4336 504 4387 conqruore:
519 4322 565 4376 ubi
577 4319 714 4392 cuycbius
729 4335 736 4371 ι
752 4319 809 4373 Era
830 4317 866 4380 'o,
886 4315 986 4388 inquit,
1040 4322 1144 4384 teneat,
1165 4313 1318 4371 declaratur
1330 4316 1422 4372 collat.
1444 4317 1566 4389 sequenti
1580 4317 1662 4388 (Gap.
1685 4320 1720 4385 ι)
1730 4331 1764 4374 ex
1781 4331 1846 4373 sen·

187 4391 327 4447 seniorum
344 4396 500 4459 congruunt
511 4404 552 4456 ea,
565 4405 626 4460 quae
646 4389 756 4443 illorum
766 4388 797 4468 ju
818 4386 869 4443 reio
883 4385 987 4443 exami-
1042 4387 1126 4442 tentia
1140 4385 1234 4467 magni
1257 4387 1379 4455 Antonii,
1413 4388 1440 4444 ui
1464 4387 1641 4460 prudentiam
1652 4386 1746 4444 docuit
1756 4388 1848 4444 omni-
1911 4416 1917 4425 ·

188 4469 252 4515 nata
275 4456 574 4530 probantum-videtur
593 4457 668 4514 enim
684 4458 772 4528 exagir
794 4456 987 4513 vocabuluma
1041 4454 1092 4512 hus
1103 4455 1162 4512 aliis
1174 4456 1320 4513 virtuibus
1335 4403 1542 4531 praepereudam,
1556 4467 1698 4532 tamquam
1719 4456 1764 4514 dir
1825 4458 1848 4499 '-

188 4531 287 4587 Graeco
300 4526 432 4598 tisptopet
449 4526 596 4584 deductum
615 4540 685 4594 esse,
709 4525 793 4598 quod,
812 4535 910 4598 praeter
924 4527 984 4593 alia,
1040 4541 1100 4583 cem
1111 4534 1283 4598 ceterarum,
1302 4544 1365 4602 quae
1385 4545 1440 4586 non
1461 4530 1534 4586 sinat
1548 4545 1595 4587 eas
1610 4546 1625 4586 a
1640 4538 1717 4587 recto
1733 4537 1819 4586 tramt

188 4602 270 4657 etiam
294 4597 431 4669 significat
452 4614 582 4668 narrare,
603 4610 753 4668 exponere,
781 4597 937 4653 examinare
960 4605 988 4654 et
1040 4598 1076 4655 ad
1096 4598 1232 4669 dextram,
1259 4600 1301 4656 vel
1325 4601 1359 4656 ad
1379 4601 1519 4658 sinistram
1541 4600 1686 4658 deflectere
1712 4600 1847 4680 (vdes.

187 4669 378 4729 commentari.
399 4670 442 4727 Ab
454 4669 506 4726 hnc
526 4668 659 4727 sententia
673 4683 728 4725 non
743 4668 823 4741 longe
837 4667 937 4725 recedit
949 4671 984 4724 D.
1000 4652 1026 4716 D
1043 4669 1137 4725 thom.
1160 4675 1212 4739 tn,
1227 4688 1254 4741 q.
1276 4676 1324 4738 66,
1338 4688 1365 4726 α.
1392 4678 1433 4740 ι).
1449 4674 1569 4730 caeteras
1590 4673 1663 4728 enim
1682 4671 1846 4738 virtutemne

187 4743 314 4818 Dionysii
329 4741 513 4815 paraphrasis,
537 4757 599 4815 quae
613 4739 694 4796 habet
708 4758 714 4796 :
727 4740 861 4796 rotimum
884 4742 988 4797 cetibus
1042 4739 1169 4798 discretio
1183 4743 1263 4811 absit,
1287 4741 1439 4799 necessario
1457 4743 1616 4817 impingere,
1633 4743 1674 4800 rel
1689 4741 1776 4798 nimio
1788 4739 1845 4799 ter·

188 4817 341 4887 adaquari.
361 4817 402 4871 lta
421 4813 568 4888 cuychius.
590 4817 628 4869 Αι
645 4811 722 4869 aliter
741 4811 893 4869 ciaconius.
916 4815 989 4868 Exa·
1042 4827 1118 4881 rore,
1141 4810 1182 4868 rcl
1196 4820 1225 4870 ιο
1260 4827 1326 4882 ore,
1339 4820 1368 4869 et
1387 4813 1548 4872 remissione
1570 4832 1576 4870 :
1595 4814 1667 4871 hane
1680 4812 1771 4870 solam
1786 4810 1848 4869 eid·

188 4889 274 4960 glum,
289 4888 337 4954 ait,
353 4885 420 4958 quid
434 4895 516 4956 esset,
530 4885 708 4951 nesciremus,
723 4881 775 4939 uisi
788 4897 839 4939 nos
850 4882 990 4940 docuisset
1043 4897 1115 4952 cere,
1135 4892 1166 4941 ιιι
1186 4899 1216 4940 m
1251 4884 1308 4940 ium
1326 4891 1461 4956 teneatur,
1478 4893 1506 4942 et
1530 4885 1602 4960 rep'a
1623 4885 1668 4941 ria
1689 4882 1845 4942 incedatur.

187 4972 342 5014 marmorea
361 4957 465 5026 tabula,
480 4973 542 5030 quae
560 4964 602 5014 est
620 4959 719 5013 Itomae
734 4954 762 5010 iu
783 4954 883 5026 palatio
906 4955 989 5014 Colu-
1042 4955 1166 5027 Denique
1180 4954 1251 5012 hanc
1266 4970 1335 5025 esse,
1349 4970 1411 5028 quae
1429 4956 1615 5030 inEraugelio
1630 4955 1848 5013 vocaturoeutus

122 5065 126 5074 ·
188 5029 354 5095 mnensium,
377 5027 471 5099 inqua
489 5030 583 5085 sicest
604 5027 736 5099 scriptum
752 5028 991 5083 :mendositate
1044 5030 1070 5080 et
1093 5027 1200 5082 lucerne
1215 5031 1331 5098 corporis
1349 5030 1437 5083 nostra¹
1452 5047 1458 5082 :
1476 5043 1492 5083 ι
1509 5042 1563 5102 qua
1578 5034 1669 5084 totum
1680 5027 1769 5084 veluti
1788 5040 1850 5083 eor·

36 5159 40 5167 ,
113 5166 119 5177 ρ
190 5104 271 5156 Terei
283 5102 308 5156 Α
329 5100 438 5155 romoni
451 5100 484 5155 V.
508 5100 536 5155 G.
548 5101 672 5169 praefecti
689 5100 778 5162 Urbis,
802 5102 875 5154 ratio
888 5100 988 5160 deusd,
1043 5111 1095 5168 pus
1109 5098 1240 5155 ιιιιιιιιιιιι
1262 5098 1298 5154 sit
1316 5097 1517 5157 illustrandum.
1532 5102 1568 5155 D.
1588 5098 1752 5157 Ambrosius
1772 5097 1849 5154 lib.x

21 5116 445 5257 thutessuodmte
457 5171 643 5224 cousuetudine
653 5171 773 5225 minandi
785 5175 927 5234 summota,
939 5171 989 5226 sud
1044 5166 1170 5225 deoflic.
1187 5185 1246 5242 cap.
1264 5169 1375 5226 sedicit
1408 5169 1563 5227 rudentium
1576 5184 1636 5228 esse
1648 5170 1770 5244 primum
1786 5166 1852 5225 old-

27 5238 32 5247 ’
106 5248 109 5254 ’
187 5241 988 5382 ittitt‘btttthttattht‘tiittttti:
1042 5239 1183 5368 sitim
1199 5241 1588 5370 ''setthoitas-lit
1606 5241 1850 5368 tettalias

189 5387 289 5447 ctuueo,
304 5386 330 5436 et
351 5382 525 5451 subjuquturi
537 5384 609 5437 ioum
622 5384 790 5450 cedentibus,
805 5381 910 5450 reisque
925 5397 988 5437 curo
1041 5381 1204 5439 Benedictus
1216 5382 1408 5440 discretionem
1422 5392 1539 5441 matrem
1557 5384 1690 5441 virtutum
1702 5379 1767 5438 dicit
1782 5396 1850 5455 cap.

189 5453 988 5525 mmpeliectinteraraeisproficictcardiaci,subooospectu
1041 5457 1076 5507 bl
1102 5453 1224 5524 Regulos.
1249 5458 1285 5510 D.
1310 5456 1467 5513 Demardus
1492 5471 1575 5512 serm.
1601 5451 1848 5512 scismatica:

186 5525 359 5596 publs'cojide
370 5525 497 5596 ponderis
520 5526 706 5596 comprobatus
729 5528 761 5578 ut
774 5527 908 5593 quantum
927 5539 987 5579 coro
1040 5524 1181 5592 Dmcretio,
1196 5525 1243 5594 ait,
1256 5529 1330 5582 omni
1345 5529 1445 5582 uirtuti
1456 5527 1577 5583 ordinem
1595 5529 1695 5599 portin
1714 5524 1781 5581 mdo
1795 5540 1851 5582 mo

189 5600 268 5652 occisi
278 5599 380 5667 pecoris
393 5597 539 5666 appendat,
553 5601 578 5651 et
598 5600 700 5666 ereptor
719 5596 800 5658 nori,
814 5599 839 5649 et
852 5594 984 5660 corditer,
1040 5594 1105 5650 dum
1120 5596 1229 5664 tribuit,
1250 5603 1275 5653 et
1298 5599 1415 5654 decorem
1436 5603 1462 5654 et
1480 5602 1702 5670 perpetuitatem,
1720 5604 1776 5654 etc.
1800 5599 1851 5655 set

189 5675 241 5725 etc.
265 5669 338 5742 Ergo
360 5669 453 5750 exagio
469 5666 571 5738 aliquid
590 5667 760 5739 adaquatur,
780 5680 843 5721 cum
856 5665 890 5722 ad
903 5665 986 5723 tidem
1040 5681 1103 5737 erqo
1117 5668 1241 5723 discretio
1252 5685 1306 5724 oon
1318 5674 1375 5725 tam
1386 5672 1475 5726 virtus
1489 5686 1572 5741 quam
1584 5668 1710 5740 quodum
1723 5668 1850 5726 modero-

189 5737 317 5813 ponderis
328 5738 426 5810 publici
436 5737 550 5811 exigitur
564 5745 592 5794 et
604 5737 786 5794 examinatur.
815 5807 821 5818 ¹
1039 5741 1135 5795 tricet
1148 5742 1246 5810 euripo
1259 5744 1400 5804 uirtutum,
1416 5741 1624 5813 prouocatique
1642 5743 1811 5810 affectuum,
1822 5742 1851 5796 et

224 5812 307 5882 ‘Qua
325 5811 429 5887 ratione
445 5808 604 5883 prudentia,
624 5823 707 5881 quam
731 5807 776 5866 hio
794 5807 985 5865 discretionem
1038 5824 1142 5868 morum
1156 5814 1283 5881 ductria;
1299 5813 1361 5870 totle
1372 5814 1452 5878 hono,
1465 5817 1491 5868 et
1502 5815 1591 5869 uirtus
1601 5814 1700 5870 uitium
1709 5815 1771 5869 erit.
