3848 6158
130 191 184 248 ³77
450 188 493 242 DE
512 185 751 243 COENOBIORUM
769 186 892 243 tussit.
912 187 977 244 tta.
998 190 1030 245 it.
1051 192 1150 246 —DE
1169 189 1304 248 salmati
1325 190 1471 247 suabila.
1737 195 1790 252 att

129 315 259 391 corporis
273 313 378 372 ridetur
397 312 546 383 indultum,
569 313 704 386 hocopus
725 328 858 370 manuum
882 330 933 387 pro
947 317 974 381 Α
988 331 1071 388 quam
1086 315 1202 388 exempli
1222 314 1308 388 gratia
1326 313 1450 371 laborem
1470 313 1542 371 hunc
1564 323 1592 370 et
1603 314 1791 388 fatigationem

128 407 585 470 escaesollicitudiueiudesiueutcr
595 407 735 482 urgebam.
986 407 1030 465 die
1043 418 1180 483 nemoque
1197 409 1320 482 corporis
1333 409 1471 482 exegisse,
1487 416 1514 465 et
1542 424 1589 466 eos
1610 410 1790 471 nihilominus

437 500 558 557 CAPUT
578 503 629 558 tx.
988 503 1089 560 erudiri
1105 504 1195 572 nolle,
1208 512 1321 575 propter
1341 518 1413 576 quos
1436 504 1495 577 ipsc
1517 504 1709 560 necessitatem
1733 522 1790 562 non

130 597 208 669 Quod
218 613 272 654 noo
282 597 370 653 solum
381 597 536 679 Apostolus,
551 596 598 679 scd
613 598 695 679 etium
715 595 746 649 ln·
756 598 806 665 qni
816 611 878 651 cum
886 596 934 651 illo
988 597 1110 667 habeus,
1129 604 1238 654 tautum
1258 597 1312 655 sibi
1327 596 1495 671 tangartonh
1515 597 1649 655 indixerit.
1669 600 1705 654 Et
1728 589 1791 670 q'ui-

293 671 374 723 nant
387 667 771 738 mambmmwpefflnwm·
988 692 1069 763 dom,
1083 694 1192 766 iuquit,
1209 709 1274 750 cum
1293 693 1460 751 haberemus
1479 702 1657 766 potestatem,
1673 702 1699 752 et
1713 703 1791 768 pate-

164 765 223 821 Νθθ
235 771 330 819 tamen
342 776 371 818 ⁸⁰
384 760 474 818 ³⁰¹¹¹¹¹¹
488 759 611 817 imum
625 759 697 816 ⁵¹¹²st
720 775 767 816 ⁸⁰⁸
786 774 934 816 mmm·
987 794 1051 843 rent
1062 785 1142 843 uobis
1165 784 1306 844 facultates
1330 788 1456 845 omnium
1477 796 1599 845 vestmm
1624 797 1705 862 atque
1722 789 1791 845 sub-

129 855 424 924 tumiuissetestatur,
439 852 625 911 nefortenou
639 869 799 925 magnance
817 869 933 926 genera.-
986 880 1104 948 mutim,
1125 888 1153 937 eg
1174 881 1270 939 „pendi
1297 881 1335 939 ei,
1361 883 1475 939 Domini
1496 882 1584 939 nomi
1609 897 1719 939 nomem
1745 898 1791 939 m,

130 948 314 1008 {invideretur
331 947 390 1004 haec
404 946 505 1010 torma,
522 947 546 1003 si
561 947 646 1018 ipsius
666 946 856 1003 tantummodo
875 954 933 1003 tra·
986 973 1087 1032 habere
1101 973 1282 1048 promissum,
1300 990 1354 1031 110„
1370 991 1433 1032 sum
1454 985 1546 1034 tamen
1560 976 1611 1032 hoo
1626 992 1691 1033 usus
1712 983 1791 1048 pote-

67 1103 72 1112 ·
132 1040 402 1113 d⁸oem¹⁰¹em⁹¹⁰3
417 1039 465 1097 ⁸⁰d
484 1040 568 1096 etiam
580 1055 676 1096 ⁰¹¹¹¹¹⁰⁸
688 1041 735 1113 ‘¹¹¹¹
748 1048 826 1096 “⁰¹¹⁸
838 1055 932 1096 ⁸⁹⁰¹¹¹¹¹
985 1076 1065 1136 state,
1079 1085 1114 1125 ne
1126 1068 1201 1142 quod
1221 1084 1236 1124 a
1256 1083 1301 1124 me
1316 1069 1385 1125 benc
1399 1072 1437 1126 'ac
1457 1070 1531 1126 licito
1552 1070 1641 1138 lieret,
1660 1069 1721 1125 aliis
1741 1070 1790 1126 otii

133 1136 168 1194 ”d
189 1136 377 1193 minssmium
392 1133 533 1207 Evangelii
547 1133 680 1206 d‘l’umit
698 1134 727 1190 id
747 1141 797 1202 ⁰⁵²*
816 1145 829 1169 ⁸
845 1134 932 1190 snm·
985 1163 1061 1219 noxii
1084 1163 1219 1234 praeberet
1239 1135 1408 1235 exemplum..
1433 1165 1467 1219 Et
1487 1163 1589 1219 idcirco
1610 1164 1790 1235 Evangelium

131 1244 201 1287 uum
214 1227 436 1295 etTimotheum,
447 1227 496 1299 qui
508 1225 567 1283 haec
576 1225 670 1284 eadem
683 1241 784 1284 cumeo
796 1226 931 1297 scribunt,
986 1255 1147 1329 praedifflns,
1171 1257 1242 1314 meis
1261 1258 1389 1314 manibus
1412 1265 1494 1328 atque
1510 1271 1591 1328 opere
1616 1255 1700 1311 ΜΝ,
1727 1271 1791 1313 sus·

130 1323 229 1430 ⁸f⁸f¹i⁸
250 1321 333 1379 dmm
354 1335 436 1394 (ΨΜ
463 1318 610 1379 'amasse'
641 1323 674 1377 1¹¹
696 1337 729 1379 ‘⁰
754 1322 838 1378 “iam
859 1321 933 1427 qf¹⁰d
985 1352 1095 1419 tentati,
1125 1360 1156 1407 ut
1181 1351 1260 1409 uobis
1281 1366 1390 1423 quoque
1411 1350 1563 1407 volentibus
1587 1349 1660 1404 iuter
1682 1349 1791 1405 virtutis

130 1415 218 1477 ‘¹¹⁰³‘
235 1417 277 1473 Ne
292 1431 375 1489 quem
392 1422 513 1471 mmm
534 1430 724 1487 gravaremm’
740 1416 933 1473 verecundum
987 1445 1123 1513 incedere,
1145 1446 1218 1502 viam
1237 1444 1411 1518 perfectiouis
1430 1444 1575 1516 aperirem,
1600 1449 1628 1498 et
1642 1457 1790 1499 couversa-

131 1508 172 1567 eis
192 1510 292 1566 incutit
312 1524 449 1582 maguam.
472 1509 500 1565 Si
522 1509 597 1565 enim
618 1508 663 1566 ille
687 1509 732 1582 qni
753 1511 932 1584 Evangelium
986 1536 1197 1595 gongfofmam
1207 1538 1547 1611 meopabofepraeperem,

131 1602 312 1679 predicabat,
325 1603 410 1676 siguis
423 1602 489 1659 illud
501 1602 700 1677 virtutibusque
715 1604 931 1674 commendans,
1290 1660 1411 1716 CAPUT
1430 1661 1484 1714 X]

130 1711 165 1754 uc
184 1704 311 1771 manaret
334 1695 506 1769 quempiam,
534 1696 617 1770 gratis
640 1712 738 1768 paoem
767 1696 973 1770 manducarass

129 1806 185 1847 uon
198 1788 289 1856 audet,
303 1788 444 1862 quomodo
463 1788 573 1846 illinon
593 1789 732 1846 aestimant
749 1805 779 1846 se
804 1806 931 1865 gravare,
988 1775 1065 1844 01²0d
1071 1791 1124 1832 '¹⁰²2
1138 1777 1224 1833 wilm
1236 1773 1788 1861 elimi‘102‚⁸0d⁰²i⁴17²31'll'b²'⁸Pioedl'ffl’lb

130 1883 176 1957 qui
190 1882 384 1956 quotidieeum
393 1882 477 1939 otiosi
491 1890 672 1954 vacantesque
685 1888 878 1955 praesumunt?
1257 1853 1393 1903 mmmm
1402 1864 1517 1918 ‘'mr“

441 1977 560 2034 CAPUT
584 1980 624 2033 x,
1021 1961 1076 2019 Sed
1089 1977 1124 2018 ne
1136 1960 1208 2018 lcrtc
1220 1963 1317 2019 tacitus
1330 1979 1455 2036 operans,
1470 1973 1497 2019 et
1509 1963 1617 2019 erudire
1629 1978 1677 2019 eos
1694 1961 1788 2018 rolens

131 2074 210 2144 Quod
223 2076 256 2131 og
271 2075 450 2130 poemanfgu,
467 2077 525 2130 ,mg
541 2076 685 2144 Apoepopu,
698 2079 825 2144 operm,
840 2080 886 2142 sp,
901 2082 933 2133 ,p
985 2054 1127 2127 exemplis,
1143 2054 1256 2110 minime
1273 2054 1334 2110 illos
1352 2057 1436 2111 etiam
1462 2064 1661 2127 praeceptorum
1676 2055 1786 2111 monitis

267 2147 343 2201 nobes
354 2147 625 2217 operandiproebcrci
636 2148 798 2216 eacmptnm.
986 2147 1147 2205 instruxisse
1155 2147 1301 2214 rideretur,
1324 2147 1407 2203 iniert
1429 2169 1435 2202 :
1456 2150 1528 2206 Nom
1545 2153 1570 2204 et
1586 2164 1646 2202 cum
1662 2163 1787 2212 essemus,

169 2237 229 2295 Non
241 2231 763 2308 quusireorthoduan'mnspotestatem,b
776 2239 823 2294 sed
837 2243 868 2295 nt
876 2254 933 2296 nos·
986 2241 1082 2313 inquit,
1098 2243 1173 2312 opud
1183 2256 1238 2310 cos,
1264 2242 1310 2296 boe
1323 2242 1549 2296 denuntiabamus
1557 2241 1640 2303 trebes,
1659 2243 1788 2309 qnoniam
1854 2265 1858 2273 -

133 2331 259 2400 metipsos
275 2330 392 2397 formam
409 2331 534 2388 daremus
553 2333 626 2387 eroon
641 2331 680 2386 nd
701 2332 863 2387 imitandum
884 2348 932 2389 nos
984 2338 1010 2390 si
1017 2339 1078 2405 an's
1089 2352 1142 2390 non
1153 2336 1212 2390 cnlt
1223 2337 1340 2406 operari,
1353 2351 1400 2389 nee
1409 2334 1555 2388 mnrtducet
1570 2333 1604 2404 (ll
1622 2333 1711 2388 Thess.
1727 2337 1785 2399 ιιι).

131 2424 170 2489 (ll
189 2423 346 2495 ibcss.1ul.
363 2422 932 2485 Panditcausamcurtantumlaborissibi
986 2427 1085 2486 Adhuc
1097 2428 1208 2485 illorum
1228 2427 1365 2484 desidiam
1377 2427 1423 2500 qui
1447 2429 1563 2483 scientes
1583 2441 1646 2481 eum
1658 2423 1789 2496 utmagi-

130 2515 260 2573 iudixerit
277 2537 284 2574 t
306 2521 350 2582 ut,
364 2518 466 2591 inquit,
480 2521 599 2588 tonnam
613 2520 737 2575 daremus
746 2521 933 2576 mbtsadimi·
985 2532 1073 2581 strum
1087 2525 1193 2581 bonum
1204 2523 1336 2580 doctrinm
1356 2523 1442 2597 gratia
1454 2531 1482 2579 et
1496 2522 1676 2579 iustitutionis
1688 2520 1788 2577 obten-

132 2610 245 2666 tondnm
253 2626 313 2680 nos,
328 2619 360 2668 ut
369 2611 393 2668 si
410 2611 480 2670 iorte
494 2612 647 2669 doctrinam
661 2615 806 2671 verborum
821 2614 934 2673 auribus
987 2624 1018 2674 tu
1032 2617 1088 2674 suis
1101 2618 1231 2674 manibus
1249 2625 1414 2690 operatum,
1428 2616 1527 2672 imitari
1544 2608 1742 2682 contemnunt,
1760 2621 1788 2669 et

132 2705 228 2763 vestris
263 2703 423 2779 frequenter
450 2706 584 2779 ingestam
613 2707 743 2764 oblivioni
773 2706 930 2778 traderetis,
986 2707 1153 2780 diligentiam
1176 2709 1386 2778 cautionemque
1400 2722 1490 2778 ,suam
1509 2713 1667 2778 exaggerat,
1693 2704 1786 2759 dicens

131 2797 230 2855 saltem
249 2799 465 2856 conversationis
488 2801 611 2872 exempla
634 2799 686 2858 sub
711 2801 853 2858 oculorum
879 2800 933 2859 lide
985 2817 1042 2859 nou
1056 2811 1164 2858 tantum
1178 2817 1207 2858 se
1221 2801 1338 2859 hocillis
1352 2801 1477 2873 exemplo
1497 2800 1645 2856 tradidisse
1667 2813 1788 2870 praeseu-

131 2892 210 2949 vobis
223 2894 324 2950 tradita
343 2894 505 2952 memoriter
524 2896 686 2953 retineretis.
706 2895 788 2954 Haud
802 2896 866 2953 levis
882 2912 932 2953 eo·
985 2903 1053 2964 tem,
1076 2895 1123 2952 sed
1143 2897 1228 2952 etiam
1251 2896 1341 2952 verbis
1358 2895 1460 2967 jugiter
1478 2893 1651 2966 praedicasse,
1679 2900 1711 2948 ut
1733 2894 1745 2924 ⁰
1764 2891 1787 2946 si

132 3001 194 3043 rum
209 2996 237 3044 et
253 2986 281 3044 in
303 2987 357 3044 hoc
370 2986 559 3061 reprehensio,
574 3006 639 3047 cum
652 2988 716 3047 dicit
738 3005 767 3046 sa
784 2988 859 3046 nulla
879 2991 932 3048 alia
985 2990 1047 3063 quis
1061 2990 1163 3046 scilieet
1177 3006 1232 3046 non
1243 2990 1299 3047 vult
1309 2989 1427 3062 operari,
1438 3005 1488 3045 nec
1504 2987 1660 3044 manducet.

677 3133 806 3191 assant
825 3136 937 3191 GhZAEl
956 3133 1235 3191 COMMENTARIUS.

173 3267 187 3297 ⁸
202 3262 271 3321 Cum
285 3264 362 3348 enim
373 3264 523 3347 Apostplus
544 3265 588 3322 hic
602 3273 735 3348 perpetuo
757 3266 885 3348 lequatur
905 3269 933 3324 ia
949 3273 971 3337 c
990 3284 1022 3326 eo
1035 3269 1110 3341 quod
1123 3268 1271 3341 Apostolus
1284 3266 1349 3324 dicit
1366 3282 1395 3324 se
1409 3281 1465 3323 nou
1478 3280 1560 3348 usum
1577 3279 1637 3320 esse
1653 3269 1788 3335 potestate

137 3349 255 3392 numero
264 3334 374 3418 plurari,
390 3336 536 3392 verisimile
548 3344 589 3420 est
603 3352 693 3408 ipsum
708 3344 937 3423 contumeliae-0
991 3356 1075 3412 quam
1090 3339 1207 3421 hahebat
1219 3339 1326 3395 vivendi
1339 3354 1371 3394 ex
1388 3336 1543 3463 Evanzeho.
1558 3336 1618 3417 blac
1633 3342 1724 3390 autem
1738 3349 1788 3415 su-

136 3414 199 3464 tum
212 3406 284 3478 loqur
296 3422 424 3478 persona,
440 3417 629 3464 verumetiam
642 3407 819 3480 collegamm,
837 3408 938 3466 brivam
1010 3419 1197 3483 ererogatrone
1220 3408 1345 3466 utebatur
1367 3412 1471 3481 aposto
1482 3423 1514 3463 us
1533 3406 1619 3462 tribus
1637 3420 1668 3460 ex
1686 3420 1785 3460 causis.

135 3485 164 3535 et
175 3476 324 3540 Timothei.
339 3478 384 3549 qui
397 3477 569 3552 coadjutores
584 3478 642 3550 ejus
657 3486 735 3536 erant
749 3478 775 3534 iu
788 3481 937 3552 Evangelio
1036 3497 1084 3538 mo
1096 3479 1208 3553 quidem
1219 3489 1249 3537 ut
1261 3480 1417 3536 occasiones
1430 3477 1564 3604 floriandi
1582 3475 1700 3559 auferret
1711 3490 1789 3602 Hecu-

155 3564 256 3606 uenam
278 3550 361 3605 etiam
391 3548 549 3606 nominibus
572 3550 715 3623 utriusque
741 3550 873 3624 Epistulae
902 3550 938 3609 ad
991 3551 1168 3626 dcapostolis,
1192 3551 1237 3624 qui
1260 3559 1371 3624 propter
1398 3566 1454 3606 soa
1472 3548 1632 3620 temporalia
1653 3562 1709 3618 prae
1731 3562 1787 3602 tea·

178 3620 388 3677 essaloniceuses
405 3620 500 3677 titulus
519 3621 689 3679 inscribitur.
711 3622 764 3679 Sed
779 3629 806 3676 et
821 3629 938 3681 eaeteros
991 3623 1066 3680 baut.
1077 3623 1159 3682 Unde
1173 3621 1239 3679 dicit
1256 3625 1281 3679 ll
1301 3622 1336 3679 ad
1356 3620 1511 3678 Corinthios
1526 3635 1560 3676 xx
1577 3640 1583 3675 ;
1600 3620 1676 3688 Qetod
1696 3623 1788 3673 iontem

134 3691 274 3764 apostolos
294 3690 408 3749 subinde
420 3707 490 3765 opus
505 3708 638 3750 manuum
663 3693 815 3749 exercuisse
830 3694 938 3751 creden·
990 3698 1071 3764 sono,
1088 3700 1113 3751 et
1124 3696 1237 3763 stanam,
1252 3698 1283 3749 nt
1296 3698 1434 3764 amputem
1446 3708 1538 3748 eorum
1552 3693 1724 3752 occasionem,
1739 3691 1789 3760 qni

133 3760 265 3830 domest,
281 3778 344 3818 cum
362 3764 437 3820 locus
454 3770 481 3820 ct
495 3773 604 3836 tempus
619 3763 648 3820 id
661 3764 848 3821 concessisset.
864 3767 937 3822 Nam
990 3769 1082 3822 crotone
1093 3767 1263 3829 occasionem,
1280 3770 1310 3820 ot
1320 3768 1350 3819 in
1364 3781 1417 3834 qao
1432 3765 1595 3833 qlcrinntnr,
1609 3765 1679 3815 sient
1690 3767 1715 3816 et
1727 3776 1785 3828 reos,

135 3835 404 3907 praeterquamquod
421 3838 455 3890 B.
477 3838 578 3893 Petrus
588 3835 722 3959 (princeps
747 3836 937 3906 apostolorum
1009 3838 1055 3893 uia
1074 3836 1096 3894 si
1122 3837 1159 3893 ob
1176 3836 1353 3907 Evangelium
1371 3842 1496 3905 sumptus
1518 3832 1652 3914 acciperet
1670 3831 1784 3912 hanins,

134 3918 199 3960 cum
213 3904 317 3961 eaeteris
331 3906 463 3976 apostolis
477 3905 587 3963 rediita
620 3905 795 3973 piscationem
810 3915 872 3987 post
889 3923 936 3964 re·
990 3852 1029 3964 iio
1048 3924 1077 3964 se
1095 3907 1199 3964 similes
1210 3907 1295 3963 Paulo
1308 3905 1500 3979 gloriarentur,
1519 3918 1566 3974 qux
1589 3917 1644 3957 non
1661 3909 1784 3971 pietatis,

135 3975 332 4031 surrectionem
352 3976 486 4044 Domini,
507 3973 553 4028 ubi
570 3974 606 4026 D.
627 3973 776 4043 Gregorius
798 3981 933 4041 artfflom.
989 3978 1038 4036 sed
1064 3987 1186 4050 quaestus
1211 3993 1292 4033 causa
1311 3975 1503 4049 predicabant.
1534 3970 1658 4030 Secundo
1676 3970 1709 4027 ad
1727 3971 1786 4027 evi-

136 4050 170 4100 ta
184 4044 514 4116 inda-anplzll'eqotinm
528 4042 670 4113 medonte
679 4047 871 4100 conversionem
881 4051 937 4104 sine
989 4048 1104 4107 laudum
1119 4064 1268 4122 gravamen
1280 4063 1376 4103 corum
1391 4046 1488 4118 quibus
1499 4041 1787 4115 praedicabaut.Unde
1838 4108 1845 4117 ¹

132 4121 241 4187 peceato
256 4117 374 4181 eastitit,
389 4120 451 4184 pist
460 4116 650 4170 convertebam
659 4116 777 4185 repetere
790 4116 833 4169 cni
883 4134 937 4173 non
989 4118 1054 4175 dicit
1069 4122 1093 4173 ll
1109 4120 1143 4174 ad
1157 4118 1316 4174 Corinthios
1327 4133 1373 4173 ιιι
1389 4119 1478 4184 :Quid
1487 4118 1576 4170 minans
1587 4114 1717 4168 habuistis
1727 4129 1786 4183 proe

134 4189 212 4256 roim
232 4189 273 4241 De
287 4187 316 4240 S.
333 4183 458 4240 Bamaba
479 4192 594 4242 testatur
612 4182 709 4240 itidem
728 4188 833 4257 aposto
845 4201 877 4242 us
900 4194 909 4257 (
924 4190 936 4245 1
990 4191 1092 4244 coeteris
1103 4188 1236 4255 Ecclesiis,
1248 4191 1303 4242 nisi
1320 4187 1446 4257 qnodeqo
1460 4189 1516 4256 ipse
1527 4200 1579 4239 non
1594 4185 1787 4253 proveniens?
1814 4224 1816 4228 .

135 4260 199 4317 Gor.
216 4272 249 4310 av
265 4259 289 4308 et
303 4259 346 4321 tx)
366 4270 545 4312 communem
567 4255 621 4312 sibi
636 4271 700 4312 cum
713 4255 760 4312 illo
775 4255 859 4312 iuisse
876 4273 934 4314 ma·
989 4259 1082 4316 Tertio
1099 4267 1131 4315 ut
1146 4257 1240 4314 otiosis
1263 4266 1290 4313 et
1308 4258 1343 4314 de
1370 4256 1457 4312 alieno
1473 4257 1561 4313 rivere
1574 4255 1697 4319 assuetis,
1716 4270 1785 4326 qua·

132 4342 226 4385 nuum
238 4325 367 4390 laborem,
381 4324 417 4382 ob
431 4326 558 4384 eumdem
570 4328 651 4385 etiam
668 4326 750 4383 finem
760 4334 786 4384 et
796 4343 912 4401 scopum
928 4346 936 4386 τ
990 4329 1029 4386 les
1043 4330 1122 4386 multi
1131 4326 1443 4401 apud'l'hessalonieam,
1459 4328 1614 4398 exemplum
1626 4325 1704 4383 daret
1718 4343 1785 4398 ope-

135 4402 175 4458 Ne
187 4398 261 4469 prend
280 4397 468 4466 offendiculum
482 4400 580 4455 dorent
599 4400 747 4469 Ecanpelio
766 4401 875 4456 Christ—i.
900 4402 938 4458 Et
988 4399 1068 4458 randi
1081 4400 1230 4473 etproprio
1244 4400 1335 4456 labore
1355 4399 1457 4456 victum
1470 4398 1609 4472 quaerendi
1629 4418 1635 4454 :
1658 4399 1730 4526 guod
1744 4399 1784 4454 si-

135 4470 209 4540 apud
236 4468 402 4525 Clementem
431 4470 502 4526 inter
533 4469 705 4542 apostolicas
730 4470 936 4530 constitutiones
988 4472 1097 4546 gnificat
1114 4471 1165 4529 illis
1179 4471 1287 4529 verbis:
1304 4474 1519 4544 Utnosmetipsos
1532 4474 1649 4540 immam
1677 4485 1785 4526 oremus

136 4542 207 4610 (Lib.
219 4555 253 4603 u,
272 4556 294 4594 e.
309 4544 354 4607 67)
366 4540 483 4612 legitur:
501 4543 554 4610 Qui
565 4544 595 4596 in
605 4542 724 4596 Ecclesia
731 4543 844 4612 juvenes
858 4546 934 4609 estis,
988 4544 1112 4616 tobisjod
1124 4544 1355 4614 imitondnmsnos,
1371 4542 1424 4600 hoc
1435 4553 1486 4616 cst,
1501 4550 1532 4600 ut
1552 4552 1648 4599 nostro
1660 4543 1784 4614 exemplo

135 4616 229 4667 comte
240 4614 269 4665 in
282 4613 403 4666 omnibns
413 4614 492 4668 rebus
501 4614 658 4667 necessariis
670 4613 761 4668 scdulo
770 4617 934 4681 ministrare,
991 4631 1040 4672 vos
1059 4614 1277 4688 adoperandum
1293 4623 1321 4672 et
1337 4613 1517 4673 laborandum
1535 4613 1659 4670 similiter
1684 4628 1784 4683 provo-

136 4698 196 4738 cum
206 4685 278 4737 omni
286 4685 430 4737 sanctinis
442 4686 518 4754 operi
528 4687 727 4746 cestroeoeote,
740 4688 772 4738 nt
785 4688 858 4740 omni
870 4691 936 4741 tem·
952 4656 978 4719 D
992 4702 1129 4744 caremus.
1147 4689 1284 4744 Caeterum
1307 4694 1400 4742 censet
1416 4688 1452 4740 D.
1472 4673 1648 4757 hogustiuus
1664 4685 1734 4751 (Lib.
1752 4684 1785 4738 de

132 4769 200 4824 pore
210 4758 235 4808 et
246 4754 320 4808 cobis
330 4758 356 4808 et
370 4755 507 4823 egentibus
523 4753 698 4824 suppeditare
708 4755 828 4825 poenites
843 4772 877 4811 ae
890 4759 939 4813 Ec·
992 4759 1076 4831 Opere
1089 4774 1158 4814 mon.
1181 4774 1203 4813 c.
1218 4757 1272 4826 28)
1284 4757 1439 4880 apostolum
1455 4772 1511 4812 uon
1524 4769 1631 4825 semper
1643 4760 1670 4805 et
1684 4752 1785 4833 tabique

136 4826 244 4880 alesiam
266 4826 315 4879 Dei
334 4828 455 4880 meretis.
482 4827 588 4881 Etenim
612 4838 658 4879 nos
683 4840 787 4895 quoque
812 4833 937 4884 cocantes
991 4836 1134 4900 operatum
1149 4843 1208 4884 esse
1221 4827 1435 4892 manitussuis,
1450 4825 1497 4880 sed
1510 4838 1573 4878 cum
1586 4839 1600 4877 a
1613 4819 1786 4892 praedrcauo-

136 4896 215 4950 nerim
223 4896 367 4964 Eoonqeiii
373 4896 520 4951 subrisione
530 4909 625 4966 operes
638 4910 691 4949 non
699 4896 874 4965 neqla‘qimns3
888 4899 940 4955 olii
991 4914 1026 4956 ne
1038 4897 1112 4953 uerbi
1131 4897 1245 4952 daretur
1258 4897 1365 4963 otium3
1381 4895 1439 4950 aliis
1452 4909 1517 4948 vero
1530 4891 1707 4964 temporibus,
1728 4907 1786 4948 nou

135 4969 206 5022 mim
217 4982 250 5020 en
261 4967 337 5021 nobis
347 4968 495 5037 piscatores
508 4971 582 5035 sunt,
596 4966 648 5021 olii
655 4980 792 5021 seniorum
801 4970 935 5039 artifices,
991 4975 1099 5024 tantum
1112 4965 1147 5023 ab
1161 4965 1338 5023 ollerentibus
1357 4964 1503 5036 accepisse,
1516 4961 1543 5020 id
1557 4971 1719 5036 exposcente
1738 4979 1786 5020 ne·

134 5039 187 5092 olii
212 5039 352 5107 apricam
375 5053 420 5093 nec
437 5053 568 5108 umquam
587 5039 666 5092 otiosi
682 5052 785 5093 sumas.
805 5039 872 5096 iiaec
886 5039 933 5096 ibi.
989 5038 1125 5103 cessitate,
1142 5037 1190 5094 sed
1212 5036 1298 5095 etiam
1313 5035 1411 5092 litteris
1427 5035 1456 5092 id
1473 5037 1633 5109 praecepisse
1656 5051 1705 5108 pro
1723 5035 1785 5093 aliis

136 5110 222 5165 Porro
237 5108 271 5164 de
281 5108 336 5164 Sila
351 5119 379 5164 et
392 5107 501 5165 Silvano
517 5107 578 5164 ride
591 5107 763 5165 notationem
775 5109 886 5165 baronii
901 5109 935 5168 ad
990 5109 1160 5177 iaciendum,
1177 5116 1280 5165 utcum
1295 5107 1329 5165 ad
1345 5107 1560 5177 Galatasjseribit
1577 5129 1584 5162 ε
1607 5110 1786 5166 Commonicct

133 5178 279 5251 Martyrol.
287 5181 371 5234 Rom.
389 5184 420 5235 13
433 5178 506 5235 Julii.
989 5184 1013 5238 is
1026 5181 1075 5252 qni
1084 5181 1265 5236 catechizatur
1274 5181 1360 5244 ambo,
1373 5183 1398 5236 ei
1405 5183 1489 5251 quise
1500 5180 1657 5248 catechizet,
1665 5182 1694 5234 in
1705 5183 1785 5235 omni
1886 5186 1890 5193 '

170 5242 185 5282 i
200 5249 280 5322 Quod
294 5249 418 5323 Apostoli
427 5248 554 5306 manibus
562 5247 722 5318 laborarint,
731 5256 762 5306 ut
771 5249 936 5311 victumsibi
992 5254 1040 5309 bns
1056 5253 1314 5320 bonistdolnt.v1).
1329 5252 1378 5309 Vel
1393 5267 1456 5308 cum
1467 5252 1608 5308 collectam
1619 5250 1717 5308 indixit
1729 5253 1785 5307 Ec-

134 5329 273 5403 pararent,
299 5319 436 5377 interdum
455 5319 623 5377 necessitatis
643 5318 692 5377 iuit
711 5328 737 5377 et
755 5320 934 5395 indigentia:
990 5323 1079 5382 etesiis
1099 5322 1267 5380 Macedoniae
1284 5331 1311 5379 et
1334 5322 1393 5380 aliis
1415 5337 1465 5396 pro
1484 5321 1615 5381 iratribus
1637 5323 1665 5379 in
1687 5323 1785 5381 tudae

134 5391 274 5448 interdum
296 5399 388 5448 autem
402 5391 660 5465 supererogationis,
674 5390 727 5448 hoc
744 5399 802 5463 est,
826 5401 937 5463 sponta-
989 5393 1140 5470 agentibus,
1154 5411 1254 5468 magna
1268 5394 1359 5477 inopia
1373 5394 1480 5466 pressis.

134 5477 195 5521 nete
209 5463 367 5532 voluntatis,
378 5470 409 5519 ut
422 5463 503 5520 docet
518 5465 556 5518 D.
568 5461 689 5520 nomas
702 5463 775 5536 (2-2,
791 5481 819 5536 q.
833 5471 895 5534 187,
908 5481 934 5522 a.
1026 5470 1038 5501 ⁰
1056 5469 1120 5527 lion
1129 5476 1171 5524 est
1188 5465 1242 5524 mei
1256 5465 1372 5522 instituti
1386 5464 1507 5538 singulas
1524 5482 1645 5540 quasque
1659 5466 1788 5538 Scriptu-

139 5537 168 5601 a,
188 5535 224 5590 ud
238 5538 278 5605 5).
302 5533 487 5601 Necessitatis,
510 5534 615 5606 iuquit,
636 5535 746 5606 quaudo
766 5536 800 5592 ab
814 5537 874 5593 aliis
893 5536 934 5593 ri·
989 5553 1029 5611 rar
1051 5539 1199 5597 sententias
1212 5555 1228 5595 a
1242 5538 1371 5595 Cassiano
1396 5536 1490 5594 citatas
1500 5552 1646 5611 exponere,
1660 5537 1713 5593 uisi
1723 5551 1785 5609 qua·

138 5610 212 5660 ctum
226 5605 344 5662 invenire
364 5620 420 5661 nou
434 5612 578 5678 poteraut,
600 5607 754 5678 prasertim
769 5607 848 5665 initio
860 5622 935 5681 prae·
989 5618 1072 5667 tenus
1083 5611 1142 5683 eius
1161 5608 1306 5667 elucidatio
1325 5606 1354 5665 id
1367 5608 1480 5666 omniuo
1499 5624 1645 5682 exposcere
1661 5607 1783 5678 videtur,

137 5672 297 5758 dicationis,
321 5692 386 5733 cum
411 5675 483 5750 apud
502 5675 625 5734 infideles
644 5676 769 5735 nondum
789 5694 935 5739 couversos
989 5688 1037 5738 aut
1055 5681 1155 5754 aliquid
1167 5683 1310 5738 continent
1326 5680 1474 5754 singulare,
1488 5679 1562 5805 Qud
1574 5679 1608 5736 ad
1621 5693 1672 5735 nos
1690 5687 1717 5734 et
1731 5694 1784 5734 no-

136 5745 329 5820 praedxcareut;
351 5747 598 5823 supererogationis
622 5755 726 5821 autem,
751 5757 782 5808 ut
805 5758 879 5825 patet
901 5766 934 5809 ex
989 5751 1496 5826 struminstitutumpertineat.a1qui
1522 5764 1577 5806 anc
1590 5750 1787 5821 spostottsen·
