3848 6158
93 1333 97 1342 ’
172 1310 295 1369 millibus
309 1310 403 1376 disat,
417 1305 515 1364 mundi
531 1304 654 1378 hujusac
666 1312 814 1378 parentum
830 1305 978 1365 affcctione
1032 1322 1120 1366 scens.

176 250 228 304 259
849 245 989 304 thNNlS
1007 247 1159 306 cassum
1778 258 1837 317 200

422 370 544 428 CAPUT
561 370 726 428 xxxviii.
991 372 1124 445 Aoperis
1150 387 1268 447 pensam
1289 373 1402 432 abimet
1425 373 1557 448 triplicari
1580 378 1718 450 poposcit.
1744 379 1782 435 Et
1795 379 1834 437 ibi

176 473 250 530 idem
276 474 438 538 archeitus,
465 487 596 527 mennam
620 486 734 526 emerere
756 471 860 536 labore,
881 473 979 528 mahir
1032 479 1081 538 per
1091 472 1182 522 totum
1196 465 1261 521 anni
1278 466 1399 538 spatium
1422 465 1519 525 diebus
1535 468 1636 542 pariter
1650 468 1836 544 noctibusque

439 544 557 599 aeonum
578 543 715 597 dssSOlvl'fr
1032 556 1185 628 desudans,
1205 557 1291 615 debiti
1304 558 1418 616 modum
1441 561 1531 633 operis
1543 562 1643 619 sudore
1654 564 1754 636 partim
1769 567 1838 637 [pa-

212 647 436 732 operaepretium
448 649 515 706 mihi
525 647 633 705 videtur
645 646 720 705 aliud
733 663 843 722 quoque
854 648 978 723 eiusdem
1031 653 1133 719 ratum]
1149 647 1332 709 creditoribus
1349 652 1475 725 solvens,
1493 663 1612 712 matrem
1628 658 1703 714 omni
1725 657 1840 731 iuquie-

177 755 228 812 viri
249 749 391 809 charitatis
406 759 476 819 opus
496 742 640 801 memoria
655 742 780 811 tradere,
795 759 850 817 quo
869 753 980 804 nostra·
1032 740 1138 800 tudinis
1154 743 1252 815 injuria
1274 744 1413 814 libcrarit;
1430 746 1467 803 ita
1486 762 1585 805 cruens
1598 763 1661 807 cam
1671 749 1755 807 debiti
1770 766 1836 808 sar-

176 861 241 904 rum
254 843 374 917 partium
389 836 517 896 monachi
532 851 589 893 non
602 835 693 894 solum
707 836 890 895 continentiae
902 839 979 912 rigo-
1032 837 1105 908 cina,
1124 847 1155 895 ut
1176 838 1247 895 nihil
1269 839 1304 896 de
1325 841 1457 914 propositi
1480 843 1571 916 rigore
1594 843 1647 916 piac
1668 845 1840 905 necessitatis

175 955 247 1007 rem,
259 952 355 994 verum
368 937 450 993 etiam
466 932 684 991 sincerissimum
696 932 814 989 reunerc
824 932 979 992 dilectionis
1032 931 1146 989 obtentu
1158 941 1298 1006 pateretur
1309 933 1448 993 imminui.
1462 938 1503 993 lta
1514 936 1715 996 districtionem
1724 941 1835 999 solitam

175 1030 317 1098 affectum,
337 1028 419 1085 unius
432 1024 609 1099 ejusdemque
623 1025 675 1081 riri
691 1024 871 1082 instituantur
887 1040 978 1082 exem·
1031 1027 1189 1099 custodivit,
1217 1036 1248 1084 ut
1275 1044 1448 1102 nequaquam
1474 1030 1582 1104 pietatis
1610 1046 1679 1104 opus
1703 1033 1838 1093 maternis

174 1125 231 1197 plo.
245 1124 298 1180 ilic
314 1136 434 1194 namquo
453 1134 509 1176 non
523 1116 638 1190 ignobili
650 1116 786 1175 oriundus
809 1115 930 1188 familia,
942 1117 978 1175 ad
1031 1120 1182 1179 viscoribus
1206 1122 1365 1197 denegaret,
1388 1139 1472 1198 quam
1500 1140 1551 1198 pro
1576 1124 1678 1183 Christi
1699 1126 1835 1187 charitato

173 1219 374 1276 monasterium
383 1211 634 1288 quodapraedioto
647 1210 749 1285 oppido
762 1210 849 1268 ferme
859 1220 979 1284 quatuor
1031 1214 1107 1287 prius
1132 1215 1303 1289 despexerat,
1326 1233 1377 1290 pro
1405 1217 1463 1289 ejus
1487 1232 1585 1277 rums
1604 1218 1706 1292 pietate
1729 1236 1835 1296 cogno·

1743 1354 1746 1359 -
1778 1328 1853 1379 erc·

171 1413 375 1479 contempta,a
391 1400 541 1476 puerilibus
558 1400 637 1456 annis
655 1398 773 1474 aufugit.
795 1401 851 1459 Ubi
865 1401 903 1458 ita
914 1400 978 1458 vitae
1297 1423 1418 1482 CAPUT
1434 1354 1574 1507 χῶ

169 1515 230 1575 ¹suae
249 1513 363 1556 omnem
380 1495 471 1569 exegit
495 1501 624 1562 aetatem,
643 1502 675 1551 ut
696 1510 850 1568 numquam
865 1510 979 1569 prorsus
1534 1492 1564 1519 '·'·

172 1610 221 1667 per
234 1600 309 1649 totos
327 1590 524 1664 quinquaginta
541 1603 629 1645 annos
641 1603 698 1644 non
711 1589 803 1645 solum
822 1589 929 1658 vicum,
944 1603 978 1644 ex

171 1704 227 1761 quo
241 1701 367 1762 egressus
380 1691 440 1753 est,
453 1699 504 1740 neo
523 1681 608 1739 luerit
623 1683 780 1756 ingressus,
794 1697 845 1739 nec
864 1682 977 1754 viderit,

171 1780 220 1837 sed
233 1795 286 1835 nec
296 1778 460 1850 cuiusquam
472 1775 587 1848 quidem
598 1774 721 1842 feminae,
735 1775 778 1831 vel
790 1774 980 1844 ipsiusmatris
993 1793 1018 1856 B
1067 1769 1140 1826 Cum
1156 1767 1240 1826 frater
1253 1769 1334 1827 nobis
1353 1771 1457 1844 optime
1469 1771 1571 1830 charus
1583 1774 1696 1832 nomine
1711 1775 1835 1852 Simeon,

171 1888 229 1930 suae
248 1870 423 1942 conspexerit
438 1869 555 1926 vultum.
571 1870 678 1924 interea
698 1875 776 1940 pater
794 1876 886 1927 morte
905 1885 978 1943 prce·
1032 1864 1141 1935 penitus
1158 1864 1248 1940 liraeci
1268 1866 1407 1923 sermonis
1423 1865 1553 1940 ignarus,
1571 1883 1586 1924 c
1603 1867 1729 1942 partibus
1746 1864 1836 1929 ltaliae

172 1975 278 2034 ventus,
294 1969 306 1998 ⁸
321 1972 433 2020 centum
447 1960 600 2019 solidorum
616 1960 741 2018 debitum
756 1961 873 2036 reliquit.
889 1964 978 2021 cum·
1030 1967 1229 2029 commeasset,
1257 1959 1371 2031 quidem
1394 1960 1537 2018 seniorum
1557 1975 1623 2034 erga
1646 1977 1722 2031 eum,
1738 1970 1834 2036 utpote

171 2077 224 2135 que
236 2060 282 2117 hic
295 2065 368 2115 esset
379 2056 455 2113 omni
470 2053 659 2127 inquietudine
670 2055 780 2128 penitus
798 2055 920 2127 alicnus,
935 2065 978 2114 ut·
1031 2052 1222 2125 peregrinum,
1237 2051 1378 2128 charitatis
1399 2067 1469 2126 opus
1483 2063 1494 2091 ⁶
1506 2054 1628 2127 quodam
1642 2055 1835 2115 redhibitionis

171 2163 235 2229 pote
249 2154 296 2226 qui
316 2151 450 2208 universis
469 2150 590 2223 paternis
602 2149 782 2207 facultatibus
796 2159 870 2208 esset
885 2159 977 2208 extor·
1030 2144 1123 2203 colore
1140 2146 1253 2220 cupiens
1275 2146 1414 2216 exhibere,
1432 2146 1544 2220 inquirit
1557 2148 1594 2206 ab
1616 2163 1650 2205 oo
1661 2164 1711 2206 cur
1726 2150 1833 2208 otiosus

170 2249 226 2317 ris,
252 2244 475 2304 acreditoribus
500 2252 593 2300 tamen
620 2243 769 2314 inquietari
800 2243 976 2302 vehementer
1029 2237 1137 2295 sederet
1157 2238 1185 2294 in
1203 2238 1284 2304 cella,
1302 2256 1352 2315 per
1375 2240 1428 2297 boc
1443 2240 1594 2314 conjiciens
1617 2257 1682 2299 eum
1701 2251 1761 2300 tam
1783 2242 1834 2300 otii

170 2342 307 2415 comperit
317 2347 447 2396 matrem.
460 2339 538 2395 Tunc
549 2336 808 2409 hicabevangelico
822 2337 870 2394 illo
884 2338 975 2411 rigore
1029 2331 1235 2406 pervagatione,
1261 2349 1345 2405 quem
1364 2334 1477 2406 penuda
1499 2335 1716 2394 necessariarum
1738 2350 1835 2393 rerum

170 2451 225 2509 quo
245 2433 359 2491 antehac
373 2433 404 2488 in
419 2439 493 2512 statu
514 2445 647 2504 prospero
666 2431 824 2503 parentibus
842 2430 977 2488 constitu-
1028 2424 1131 2483 diutius
1151 2426 1178 2482 in
1202 2441 1233 2482 ea
1257 2427 1357 2483 durare
1382 2442 1445 2483 non
1463 2441 1553 2499 posse,
1574 2436 1666 2485 certus
1689 2430 1836 2487 nerninem

170 2531 223 2599 tis,
236 2544 289 2585 nec
302 2536 409 2600 patrem
423 2526 451 2582 in
466 2532 542 2581 terra
555 2539 585 2582 se
602 2531 681 2581 notat
694 2523 840 2594 habuisse,
853 2540 904 2582 nec
918 2541 976 2582 ma·
1029 2533 1109 2592 posse
1122 2519 1346 2592 impugnationes
1365 2519 1523 2578 solitudinis
1541 2522 1670 2590 tolerare,
1693 2524 1747 2581 nisi
1767 2539 1837 2581 eum

170 2631 260 2692 uem,
284 2620 394 2694 pietatis
416 2613 633 2676 consideratione
656 2618 794 2689 mollitus,
818 2620 856 2676 ita
874 2634 904 2676 se
927 2618 976 2677 ha-
1029 2611 1075 2684 qui
1091 2612 1208 2685 propriis
1228 2610 1359 2668 manibus
1375 2611 1480 2669 victum
1500 2612 1614 2670 sibimet
1634 2612 1716 2670 luerit
1737 2630 1855 2686 parare·

170 2713 236 2770 bere
249 2703 367 2768 credidit
387 2718 520 2780 matrem,
540 2700 646 2781 ¹’eique
666 2707 811 2767 subvenire
837 2706 976 2766 festinarit
1028 2712 1181 2762 contentus.
1195 2705 1258 2777 Quo
1273 2705 1465 2778 respondente,
1477 2705 1547 2785 nihil
1561 2722 1590 2764 se
1603 2723 1655 2764 nec
1672 2722 1764 2779 posse,
1779 2724 1832 2768 nec

171 2818 324 2878 oppresse,
340 2810 371 2859 ut
391 2801 457 2858 nihil
476 2817 492 2858 a
507 2801 648 2875 proposita
669 2799 844 2858 districtione
861 2800 972 2859 laxaret.
1029 2800 1177 2872 praevalere
1194 2815 1227 2857 ex
1251 2799 1293 2856 his
1306 2815 1369 2874 quae
1385 2798 1441 2857 illic
1454 2800 1653 2858 exercebantur
1672 2800 1833 2860 alratribus

171 2904 247 2959 lutra
269 2899 429 2957 monasterii
446 2912 568 2969 namque
589 2896 707 2953 claustra
721 2894 888 2968 perdurans,
901 2895 974 2952 soliti
1030 2892 1148 2966 operari,
1163 2880 1178 2924 ‘¹
1193 2901 1293 2966 praeter
1314 2892 1454 2950 librariam
1467 2908 1593 2963 manum,
1612 2895 1637 2950 si
1656 2902 1749 2951 mmen
1762 2894 1834 2955 ullus

724 3004 852 3059 autaut
871 3005 982 3060 GhZAEl
1003 3001 1282 3062 consultatus.

171 3109 285 3162 tamar
301 3107 340 3160 Ex
355 3103 503 3171 Cassiarm,
520 3103 566 3174 qui
588 3117 645 3160 non
659 3101 750 3159 solum
774 3102 804 3159 in
824 3101 876 3160 hoe
888 3101 1012 3176 capitec
1048 3120 1082 3160 ua
1103 3102 1137 3160 de
1156 3117 1187 3159 re
1209 3099 1342 3160 ridendus
1370 3105 1407 3158 D.
1429 3101 1561 3171 Thomas,
1579 3110 1607 3160 et
1628 3105 1764 3162 Navarrus
1784 3106 1828 3177 (S.

169 3175 306 3250 significat
323 3172 463 3230 archebio
479 3173 621 3246 propriam
639 3171 722 3231 luisse
737 3174 874 3244 cellulam,
888 3190 972 3248 quern
1114 3179 1192 3243 ,t-t,
1208 3191 1238 3244 q.
1259 3179 1321 3249 tot,
1336 3190 1364 3229 o.
1377 3181 1410 3243 43
1424 3176 1526 3231 Novar.
1542 3181 1681 3232 comment.
1701 3175 1764 3233 tde
1774 3179 1831 3236 lte·

168 3257 262 3304 tamen
274 3244 394 3302 externis
411 3243 620 3302 advenientibus
639 3240 759 3302 libenter
778 3245 905 3316 cedebat,
924 3244 973 3305 sed
1027 3245 1140 3318 palor).
1156 3248 1190 3302 et
1204 3242 1318 3316 quidem
1332 3243 1359 3300 in
1375 3242 1430 3301 boc
1445 3247 1572 3318 exemplo
1591 3247 1646 3303 duo
1658 3254 1724 3304 sunt
1736 3246 1832 3306 obser·

170 3326 198 3376 et
208 3314 376 3390 superiusde
389 3313 487 3372 abbate
498 3315 645 3391 Theodoro
657 3316 773 3388 loquens
787 3337 793 3374 :
808 3318 873 3376 Cum
886 3314 972 3389 inopi·
1027 3316 1114 3375 sanda
1136 3323 1163 3372 et
1183 3315 1337 3372 imitanda:
1361 3315 1489 3388 primum,
1508 3315 1583 3389 quod
1611 3317 1763 3375 monachus
1780 3318 1827 3377 ille

168 3387 971 3461 ecstasinquit,odmcomcellalomoera'sseticop.85),etc.
1026 3403 1075 3445 seu
1102 3387 1198 3455 abbas,
1222 3395 1253 3443 ut
1269 3387 1349 3443 matri
1376 3386 1488 3444 afflictae
1509 3397 1691 3458 succurreret,
1710 3388 1829 3463 propriis

168 3463 206 3517 Et
229 3460 291 3516 aliis
304 3457 427 3530 pluribus
448 3457 516 3515 locis
535 3457 609 3516 idem
633 3458 778 3532 significat.
797 3464 828 3517 5⁰
851 3463 890 3516 Ex
907 3458 972 3516 diso
1026 3458 1154 3515 manibus
1168 3456 1196 3512 in
1212 3457 1380 3514 monasterio
1394 3458 1431 3514 ita
1445 3458 1574 3529 perenni
1589 3459 1828 3530 spatiumlabora-

168 3530 326 3594 Beuedicto,
343 3529 409 3585 durn
424 3537 496 3586 vetat
509 3542 543 3585 ne
554 3528 645 3599 noim
659 3530 697 3586 od
707 3531 825 3598 fratrem
834 3531 973 3602 J'unqctur
1026 3530 1073 3594 vit,
1082 3537 1113 3584 ut
1123 3534 1214 3584 toturn
1226 3526 1293 3584 illud
1304 3527 1427 3584 debitum
1440 3528 1604 3597 exsolueret,
1617 3531 1734 3588 altenrm
1753 3531 1828 3604 quod

169 3604 243 3659 toris
261 3600 494 3670 incompetentibus
509 3603 590 3673 (cop.¹
600 3605 636 3656 ts
651 3600 779 3670 nequire).
795 3604 826 3656 6⁰
841 3602 878 3656 Ex
892 3600 973 3656 lusti·
1027 3598 1055 3656 id
1068 3598 1163 3655 fecerit
1181 3597 1284 3670 absque
1298 3598 1441 3671 dispendio
1456 3614 1513 3657 suae
1535 3599 1720 3673 professionis,
1737 3611 1766 3659 et
1779 3602 1829 3661 de·

168 3673 243 3730 niani
267 3669 371 3726 novella
388 3670 480 3741 quinta
504 3670 538 3725 de
558 3670 717 3737 monachis,
732 3685 794 3742 quae
805 3670 846 3727 sic
866 3670 970 3727 habet:
1026 3669 1157 3726 trimento
1177 3669 1264 3725 solitae
1276 3669 1450 3734 austeritatis,
1467 3670 1520 3739 vel,
1543 3679 1574 3727 nt
1589 3673 1710 3744 loquitur
1722 3674 1829 3733 Cassh·

168 3747 205 3802 Et
217 3742 353 3799 maechis
364 3741 463 3797 scilicet
472 3757 528 3796 aaa
539 3741 648 3812 quidem
659 3744 695 3798 ait
705 3742 808 3807 domus,
819 3759 876 3797 uno
888 3758 971 3798 ceno·
1025 3740 1212 3807 casafortini
1226 3741 1259 3796 de
1270 3743 1403 3811 propositi
1415 3743 1504 3810 raqore
1516 3745 1571 3813 pice
1581 3747 1747 3802 emendatis
1756 3761 1830 3828 prrs-

169 3819 226 3882 tio,
248 3816 354 3870 diense
369 3817 456 3869 tamen
469 3813 592 3868 cahonis
606 3812 717 3884 (cuique
729 3812 856 3869 videlicet
869 3813 969 3885 strum)
989 3877 995 3888 ,
1026 3816 1103 3868 mata
1124 3816 1267 3883 pateretur
1286 3814 1423 3867 imminui.
1443 3813 1579 3871 Caeterum
1598 3813 1641 3871 hic
1661 3815 1723 3872 vide
1736 3816 1832 3875 drsum

168 3893 194 3944 et
217 3903 268 3943 sun
284 3887 377 3956 caque
392 3884 502 3940 caedra.
527 3887 558 3938 7ο
579 3886 617 3940 Ex
633 3883 750 3940 concilio
763 3883 917 3940 Turonensi
930 3899 972 3940 se·
1024 3883 1155 3940 Basilium
1179 3882 1205 3938 in
1231 3883 1378 3940 Constitut.
1402 3884 1550 3940 monastic.
1582 3887 1671 3959 capite
1697 3886 1831 3960 vigesimo

168 3957 278 4024 cundo,
294 3956 368 4030 quod
393 3955 466 4012 idem
484 3955 604 4012 decrerit
620 3954 662 4012 his
680 3953 768 4011 verbis
790 3972 797 4010 ε
817 3958 870 4013 lico
891 3956 971 4013 cellos
1026 3955 1125 4026 primo,
1147 3954 1193 4011 ubi
1212 3953 1293 4011 docet
1306 3952 1445 4026 quomodo
1466 3969 1496 4011 se
1516 3971 1611 4028 gerere
1628 3957 1726 4014 debeat
1738 3973 1831 4017 mona·

167 4033 205 4088 eis
221 4027 381 4100 (monacbis)
403 4028 482 4084 liceat
497 4027 595 4084 habere
617 4027 828 4092 commercandi
840 4027 898 4084 birri
910 4043 971 4082 mc-
1025 4024 1097 4083 chus
1123 4041 1187 4110 erga
1212 4035 1338 4099 parentes
1365 4041 1397 4083 ao
1422 4026 1591 4098 propinquos
1617 4029 1776 4097 seculares,
1799 4038 1829 4089 et

168 4105 261 4166 necat,
276 4101 323 4157 sed
334 4101 483 4171 sinqnlorcs
492 4099 612 4170 jaceant.
1025 4112 1123 4155 eorum
1140 4097 1257 4154 numiam
1270 4096 1494 4166 familiaritatem,
1512 4113 1609 4154 curam
1624 4109 1651 4156 et
1665 4099 1831 4159 sollicitudi-

204 4177 215 4206 ⁸
231 4172 348 4236 Solidus,
362 4173 410 4245 qui
425 4179 453 4228 et
464 4178 558 4236 stater,
570 4169 642 4244 apud
653 4179 758 4228 veteres
772 4178 833 4228 tum
848 4170 959 4228 Graecos
1025 4184 1089 4226 nem
1101 4170 1248 4241 deponere.

168 4251 230 4299 tum
247 4244 373 4310 Latinos,
386 4258 520 4300 nummus
535 4243 770 4313 erataureus3ita
783 4211 972 4314 dictusquod
1061 4239 1123 4320 ⁰ld·
1143 4248 1184 4294 est
1204 4245 1310 4294 mutuae
1331 4238 1564 4321 compensationis
1583 4250 1611 4297 et
1628 4242 1828 4313 retributionis,
1889 4242 1896 4254 “

165 4313 242 4386 justo
262 4311 383 4380 pondere
405 4323 464 4368 erat
482 4328 640 4384 percussus,
660 4331 717 4370 non
738 4314 900 4383 dimidiato,
925 4321 973 4370 aut
1025 4310 1091 4391 dum
1108 4308 1160 4390 ¹xllc
1181 4323 1292 4390 operam
1313 4309 1457 4392 scnbeudp
1470 4320 1631 4437 ¹praestaret,
1653 4321 1683 4371 ct
1700 4313 1830 4373 alimenta

167 4380 304 4445 trientali,
336 4380 571 4451 quemadmodum
603 4383 748 4449 sensisses,
781 4394 808 4439 et
832 4384 972 4440 tremisses
1025 4381 1145 4436 vicissim
1161 4386 1319 4451 percuperet.
1337 4378 1419 4463 Quod
1440 4397 1468 4436 rn
1483 4398 1555 4440 crtus
1570 4383 1661 4440 dicit:
1686 4386 1765 4441 Velut
1782 4385 1830 4442 de·

168 4452 279 4524 (celius
293 4450 409 4518 Rhodie.
424 4451 442 4504 l.
460 4463 482 4504 x
492 4451 588 4518 Αηέιὶχ.
606 4452 665 4504 loct.
679 4465 740 4520 cop.
757 4457 791 4518 ²3
807 4454 924 4508 Budoeas
939 4455 972 4508 de
1028 4452 1079 4506 biti
1089 4449 1173 4504 colore
1185 4452 1310 4506 macari
1322 4451 1472 4524 Dionysius
1487 4452 1579 4523 habet,
1598 4456 1770 4513 redditiones.
1786 4458 1831 4515 De

166 4525 235 4581 Asse
247 4520 293 4574 lib.
312 4533 343 4600 ry
357 4524 382 4572 et
392 4534 427 4601 vj
444 4519 490 4573 lib.
503 4532 557 4573 xvr
569 4520 605 4600 Et
654 4535 697 4600 ,ᾳ
714 4525 763 4600 2⁴3
776 4521 806 4575 ia
817 4535 840 4574 c.
851 4537 888 4576 111
902 4527 972 4579 Eze—
988 4494 1218 4577 Dreohibitionis
1235 4522 1370 4579 uocabulo
1386 4522 1448 4580 vide
1468 4525 1545 4597 plura
1560 4526 1607 4583 lib.
1627 4542 1666 4597 rs,
1681 4544 1744 4601 cap.
1757 4533 1785 4598 t,
1799 4535 1826 4585 et

167 4591 280 4660 abietis).
296 4591 369 4644 Hunc
385 4588 585 4646 lsrdorus:Sel
616 4591 972 4660 us,1nqurt,apudLota'-
1026 4590 1124 4649 Collat.
1145 4596 1176 4646 tr
1192 4598 1275 4649 cdd.

166 4680 224 4729 nos,
244 4661 298 4717 olio
316 4660 423 4716 nominc
435 4658 543 4717 sertula
558 4657 663 4722 diuus,
684 4674 713 4714 eo
727 4661 800 4730 qued
816 4664 972 4720 sessolicio
1061 4648 1076 4692 ‘¹
1095 4661 1218 4719 Libraria
1237 4679 1336 4722 manus
1355 4673 1397 4722 est
1415 4682 1514 4724 mauors
1530 4667 1679 4726 scribendis
1696 4668 1773 4726 libris
1784 4682 1829 4727 ts·

166 4732 520 4803 cenomanensium
534 4732 623 4809 aulen
635 4731 732 4801 uulqm
743 4732 860 4787 solidum
871 4738 965 4799 uocat,
1020 4741 1109 4802 sueta,
1125 4743 1174 4792 aut
1194 4736 1329 4793 scribendi
1344 4737 1440 4809 perita,
1458 4739 1503 4795 vel
1521 4740 1579 4813 ipsa
1594 4739 1734 4797 scribendi
1751 4738 1824 4814 peri·

166 4807 226 4864 ideo
237 4807 302 4877 quio
312 4804 384 4858 nihil
394 4804 439 4860 illi
448 4803 537 4860 deesse
549 4801 686 4858 vedeatur.
704 4803 827 4861 Selicium
841 4806 967 4862 naiman
1019 4807 1065 4863 tia.
1080 4805 1197 4863 Librarii
1207 4808 1344 4864 Romanis
1356 4806 1526 4880 dicebantur,
1556 4811 1583 4868 ui
1598 4810 1683 4868 libros
1698 4811 1828 4869 inlucem

167 4880 191 4935 t‘
209 4880 239 4933 oi
256 4880 392 4947 inieqram
409 4875 543 4953 dicebant.
566 4874 633 4930 Haec
652 4871 705 4930 ille.
721 4876 807 4932 Porro
825 4874 858 4932 de
874 4876 967 4934 valore
1019 4876 1140 4935 medos
1151 4878 1278 4935 mercede
1290 4880 1347 4935 sive
1360 4880 1448 4950 pretio
1459 4878 1549 4938 descri
1568 4882 1651 4940 ebant
1664 4902 1670 4938 :
1685 4882 1711 4939 hi
1727 4885 1827 4941 Rome

166 4895 247 5005 ahirot
261 4949 365 5005 variant
379 4960 514 5005 auctores.
529 4943 648 5016 Quidam
663 4944 782 5004 solidum
797 4955 825 5004 et
838 4956 967 5006 staterem
1021 4948 1049 5005 in
1072 4949 1206 5022 Argilleto
1224 4965 1286 5006 suas
1305 4949 1431 5007 tabernas
1453 4951 1598 5020 habebant,
1614 4968 1675 5026 quae
1694 4963 1721 5011 ct
1741 4953 1827 5012 libra-

166 5020 232 5077 siclo
249 5019 387 5075 Hebraico
400 5026 552 5090 exaequant,
566 5017 613 5090 qui
628 5026 746 5090 quatuor
762 5019 889 5104 dragsuas
903 5036 968 5093 pen·
1020 5021 1069 5078 riae
1083 5020 1253 5077 dicebantur.
1264 5020 1347 5079 Unde
1360 5022 1494 5078 Martialis
1507 5024 1541 5081 ad
1553 5025 1656 5082 librum
1666 5041 1747 5083 suum
1763 5043 1771 5080 :

166 5090 260 5157 debat,
273 5096 343 5146 teste
362 5090 394 5144 D.
414 5091 599 5161 hieronymo,
619 5103 688 5160 quas
710 5090 822 5216 llispanr
846 5092 966 5166 regales,

166 5162 226 5218 itali
238 5161 338 5229 Julios,
356 5160 408 5215 hoo
422 5167 476 5226 est,
490 5160 611 5231 quinque
622 5174 696 5216 asses
710 5160 760 5218 Gal
773 5162 840 5230 icos,
855 5172 965 5221 vocant.

166 5233 218 5288 Alii
232 5248 295 5288 vero
310 5230 429 5289 solidum
442 5230 531 5303 quinis
546 5230 667 5295 florenis,
682 5245 731 5288 seu
743 5232 862 5290 Caroleis
876 5235 964 5291 Fran·

165 5301 204 5359 cis
218 5305 306 5360 valere
317 5310 447 5360 censent:
464 5317 517 5374 qua
529 5299 731 5363 existimatione
750 5312 861 5360 centurn
881 5305 962 5362 solidi
1018 5309 1053 5362 D.
1065 5307 1249 5379 Hieronymus
1260 5305 1288 5362 in
1300 5304 1413 5377 epistola
1423 5306 1456 5365 ad
1463 5308 1644 5368 Heliodorum
1658 5312 1762 5384 (Epist.
1776 5314 1825 5380 42,

165 5379 219 5430 500
233 5373 352 5430 florenos
365 5373 511 5430 efficerent.
528 5375 575 5429 Est
588 5381 681 5430 autem
694 5383 722 5431 et
736 5383 883 5448 argenteus
896 5375 963 5431 soli·
1017 5379 1065 5433 abi
1076 5378 1138 5433 uide
1148 5378 1251 5433 scholia
1264 5380 1397 5446 limmat)
1410 5395 1475 5436 suos
1486 5379 1613 5439 librarios
1628 5391 1718 5451 vocat,
1735 5380 1781 5455 qui
1797 5390 1827 5441 et

164 5444 216 5503 dus
229 5445 385 5502 recentioris
398 5452 529 5526 monetae,
542 5445 589 5515 qui
602 5453 685 5513 etas,
700 5446 740 5503 vel
754 5445 837 5516 assis,
850 5444 960 5518 dicitur,
1016 5463 1198 5505 amanuenses
1219 5457 1266 5504 aut
1284 5449 1414 5506 tabularii
1437 5451 1573 5510 dicuntur.
1603 5455 1638 5510 Et
1657 5453 1692 5510 ad
1708 5452 1826 5511 illesam

164 5516 311 5575 Germanis
332 5514 452 5572 stuferus
469 5523 535 5571 satus
548 5525 640 5572 notus.
1017 5519 1217 5577 subdiaconum
1238 5519 1274 5575 ita
1289 5520 1386 5577 scribit
1403 5540 1410 5577 ε
1430 5524 1501 5581 Nom
1514 5525 1594 5580 mdes
1608 5525 1652 5580 illi
1667 5524 1754 5581 ltalia
1772 5523 1825 5580 ho-

200 5583 289 5645 blloe
309 5588 432 5657 exemplo
446 5586 578 5643 docemur
597 5586 739 5659 religiosos
758 5601 837 5659 posse
858 5603 890 5644 ac
911 5588 962 5646 de·
1016 5593 1111 5655 mines,
1127 5607 1193 5662 quos
1209 5592 1301 5649 cascos
1315 5596 1420 5650 Ennius
1441 5595 1579 5666 appellat,
1600 5598 1649 5667 qui
1666 5597 1729 5660 sihi,
1746 5600 1777 5651 ut
1792 5597 1824 5652 in

164 5657 229 5716 bere
253 5660 309 5715 suis
331 5657 499 5730 parentibus,
517 5657 568 5739 hoc
594 5666 650 5724 est,
677 5656 745 5739 patri
763 5666 791 5740 et
810 5660 907 5727 matri,
934 5662 963 5717 in
1017 5663 1166 5721 Rhetoricis
1185 5664 1274 5722 Cicero
1294 5666 1349 5729 ait,
1364 5668 1422 5720 ritu
1434 5667 1632 5733 fenerantem
1652 5667 1822 5738 querebant,

163 5739 285 5788 extrema
300 5739 347 5787 aut
360 5730 433 5803 gravi
452 5738 610 5785 necessitate
629 5737 783 5786 constitutis
801 5729 962 5800 subuenire,
1018 5739 1081 5790 onte
1090 5736 1191 5791 chorte
1203 5737 1482 5793 natmembroaorum
1491 5754 1578 5803 usum,
1589 5741 1673 5794 cutia
1686 5738 1824 5795 dedeima

162 5802 238 5860 salsa
259 5811 354 5860 nmen
370 5801 412 5859 sui
436 5808 524 5859 status
546 5810 573 5857 et
586 5799 763 5873 professionis
780 5801 933 5859 substantia
955 5818 961 5854 :
1017 5808 1115 5877 clano
1132 5808 1278 5872 codicillis,
1303 5812 1353 5865 cort
1373 5810 1402 5864 s'a
1422 5810 1561 5866 corticibus
1578 5811 1708 5867 orborum
1727 5814 1824 5866 mesco

1033 1557 1282 1625 nocimentum
1302 1564 1372 1617 sese
1394 1552 1552 1633 ejusce,
1574 1564 1670 1622 auae
1697 1568 1836 1633 srmone,
1891 1555 1893 1559 ’

1067 1645 1128 1685 cum
1143 1632 1243 1687 otiosus
1262 1636 1344 1701 esset,
1361 1647 1427 1704 opus
1449 1650 1581 1691 moneam
1598 1638 1635 1692 sit
1648 1641 1797 1707 moenum.

1089 5135 1252 5198 Argilletanas
1265 5135 1345 5186 mavis
1359 5136 1469 5189 habitare
1480 5140 1613 5200 tabernas;

1117 5201 1179 5251 (ium
1195 5199 1250 5260 tibl,
1264 5211 1339 5263 parre
1350 5199 1421 5259 liber,
1435 5202 1526 5252 scrinis
1539 5206 1626 5254 nostra
1641 5205 1742 5254 vacent.

1787 1368 1841 1415 .a·⁴
1884 1386 1890 1395 .
