3848 6158
129 215 164 268 ω
627 208 671 262 DE
689 205 930 269 cOEltotttouttlt
949 209 1139 269 txsrtTt'tls
1158 212 1258 270 LIBER
1277 215 1297 270 l.
1757 223 1793 278 62

129 342 170 391 tet
189 331 417 401 incederernuoe
429 334 501 400 ιιι).
518 330 661 388 Hocenim
675 329 860 388 habituetiam
872 331 933 390 illos
947 340 974 403 Α
991 339 1055 407 llcq.
1072 341 1104 405 ι).
1118 339 1253 395 Reversus
1267 339 1340 395 enim
1360 339 1396 396 ad
1408 354 1438 397 sc
1457 340 1577 408 nuutios,
1592 357 1625 399 ac
1643 342 1792 403 referentes

130 427 298 494 ambulasse,
320 426 367 498 qui
385 427 413 482 in
440 425 522 482 veteri
543 408 737 483 Testamento¹
761 424 937 498 professionis
990 429 1040 485 sibi
1056 431 1194 502 prophetae
1208 433 1382 502 sententiam,
1400 433 1554 491 sciscitatus
1572 444 1614 491 est
1628 437 1706 509 cujus
1719 448 1791 497 esset

128 521 214 594 hujus
222 519 371 577 fundavere
382 519 540 595 primordia,
552 518 639 576 Etiam
648 518 750 574 scilicet
760 527 787 575 et
797 518 935 588 Elisaeum,

990 521 1084 594 ligurae
1101 532 1128 581 et
1149 525 1258 608 habitus
1273 526 1323 596 vir,
1341 527 1387 600 qui
1400 528 1562 585 occurrisset
1572 530 1623 600 cis,
1640 539 1668 588 et
1685 531 1790 589 locutus

128 612 287 671 divinarum
300 614 504 687 scripturarum
522 611 686 669 auctoritate
701 621 870 670 monstratur
884 632 892 671 ι
905 628 937 671 ac
990 612 1087 672 fuisset
1101 615 1290 688 hujuscemodi
1302 619 1382 675 verba
1397 640 1403 677 :
1422 623 1482 688 Vir,
1498 619 1636 695 inquiunt,
1648 625 1751 694 pilosus
1764 630 1790 681 et

128 706 260 778 deinceps
288 707 424 780 principes
453 714 635 778 auctoresque
658 706 829 763 Testamenti
854 707 934 779 novi,

37 869 43 877 ⁷
129 802 268 856 Ioannem
283 798 422 866 videlicet,
438 799 552 854 Petrum
567 807 594 855 et
613 797 747 866 Paulum,
767 806 935 871 caurusque

128 891 254 964 ejusdem
268 891 372 947 ordinis
387 890 469 961 viros,
479 890 569 947 taliter
581 890 719 946 incessisse
735 892 934 964 cognocmus.

128 986 258 1056 Quomm
274 985 357 1058 prior,
374 986 420 1058 qui
439 985 468 1042 in
485 985 567 1042 veteri
582 986 757 1040 Testameuto
775 986 933 1057 virginitatis

123 1080 185 1150 jnm
199 1079 281 1134 liores
298 1088 326 1134 et
339 1078 510 1135 castimoniae
527 1076 757 1150 continentiaque
771 1078 933 1152 praetigura-

990 725 1057 764 :oua
1070 712 1182 781 pellicea
1194 716 1327 769 accirectus
1349 715 1473 783 rntibm3
1487 730 1518 771 ex
1534 731 1590 787 quo
1610 714 1705 772 habitu
1719 732 1787 773 con-

990 801 1080 860 festim
1101 820 1147 861 rer
1167 807 1370 878 contemplatus
1384 807 1525 864 hominem
1544 809 1604 877 Dei,
1624 809 1662 865 ait
1684 830 1691 866 :
1711 813 1786 868 Elias

991 898 1124 953 Tlresbites
1136 904 1175 953 est
1190 918 1198 953 :
1212 915 1291 956 zoarae
1311 900 1435 958 videlicet
1448 901 1560 972 indicio,
1581 913 1609 959 et
1624 902 1686 959 hirti
1701 904 1788 963 incul-

986 988 1063 1060 tique
1077 991 1200 1061 corporis
1217 989 1306 1062 specie
1326 991 1414 1047 virum
1433 993 1482 1050 Dei
1503 993 1686 1053 indubitanter
1704 1012 1788 1070 agno·

987 1097 1065 1139 scens
1081 1101 1088 1137 ε
1105 1099 1138 1140 co
1157 1083 1231 1156 quod
1245 1085 1316 1143 istud
1336 1086 1359 1141 ei
1380 1088 1451 1143 inter
1471 1096 1513 1144 tot
1535 1091 1675 1147 israelitici
1696 1092 1788 1165 populi

129 1172 178 1229 bat
191 1172 324 1246 exempla,
338 1189 402 1229 cum
414 1171 537 1229 suisseta
555 1169 673 1227 Domino
689 1171 788 1228 missus
803 1171 837 1230 ad
850 1171 935 1230 incre·

128 1266 238 1339 pandos
257 1266 366 1323 annuos
386 1264 516 1323 Ochoziae
535 1264 660 1338 sacrilegi
681 1265 753 1338 regis
774 1267 877 1336 lsrael,
900 1283 933 1324 eo

127 1359 207 1431 quod
219 1360 377 1434 egritudine
394 1359 560 1434 prepeditus
575 1368 744 1432 supersum
758 1361 855 1418 salutis
875 1377 933 1419 suae

130 1454 285 1510 Beelzebtm
300 1457 393 1511 Deum
406 1457 532 1510 Accaron
550 1454 693 1510 consulere
711 1454 892 1524 destinasset,
906 1465 933 1513 et
987 1457 1098 1530 quidam
1121 1459 1319 1516 sacratissimus
1342 1461 1437 1529 limes,
1459 1461 1520 1529 linis
1545 1462 1706 1535 initiumque
1725 1479 1788 1536 pro·

126 1543 229 1602 idcirco
243 1547 281 1603 eis
298 1563 445 1604 occurrens
461 1547 536 1604 idem
559 1546 690 1619 propbeta
705 1547 868 1605 descensum
897 1549 933 1607 de
986 1553 1078 1620 cessit,
1097 1553 1133 1610 ita
1149 1555 1318 1625 Evangelista
1332 1565 1459 1612 narrante
1483 1558 1596 1622 (blattis.
1611 1563 1663 1623 ru)
1683 1572 1789 1629 cogno·

127 1638 200 1696 lecto
214 1640 273 1714 ejus
286 1641 381 1714 inquo
396 1641 563 1711 conciderat,
576 1641 744 1714 denegasset,
757 1641 931 1700 decumbenti
984 1645 1086 1703 scimus
1106 1665 1114 1703 :
1135 1651 1193 1718 lpse
1214 1654 1305 1703 autern
1330 1652 1446 1704 Joarenes
1465 1650 1581 1705 hadabert
1602 1653 1788 1706 vestimentum

128 1733 191 1806 regi
211 1734 332 1806 exposita
358 1735 470 1793 vestitus
490 1735 620 1808 qualitate
642 1744 800 1809 compertus
819 1745 861 1793 est
881 1726 972 1805 (th
991 1739 1102 1809 depiles
1117 1743 1289 1806 cerceiorum,
1304 1736 1353 1798 etb
1367 1745 1701 1814 zormmpelliceamcivcu
1720 1746 1790 1800 lum·

684 1881 812 1938 attunt
829 1882 942 1939 GthEl
960 1883 1241 1942 COMMENTARIUS.

989 1175 1073 1232 millia
1096 1179 1295 1246 commoranti,
1318 1178 1408 1235 cultus
1429 1180 1529 1253 proprii
1554 1182 1627 1238 velut
1649 1184 1788 1255 quoddam

986 1270 1152 1342 impressum
1168 1269 1283 1344 speciale
1297 1273 1404 1344 signum
1419 1282 1549 1346 perpetuo
1564 1275 1724 1333 cohaereret.
1746 1281 1789 1336 De

987 1365 1092 1421 Joanne
1105 1380 1224 1438 quoque,
1238 1366 1284 1438 qui
1299 1369 1396 1424 veteris
1409 1367 1525 1440 novique
1536 1369 1702 1425 Testamenti
1715 1370 1790 1427 velut

128 2002 277 2060 senteutiae
301 2002 457 2059 delumbis
480 2003 694 2078 accingendiset
716 2005 926 2078 praecingendis,

129 2069 272 2130 Lucae'xrr
286 2077 364 2132 :Sint
375 2077 550 2130 lumbiuestri
554 2078 696 2147 precincti
700 2097 708 2144 3
719 2076 755 2133 ad
766 2077 865 2148 Ephes.
878 2093 926 2134 vr:

127 2146 208 2201 State
218 2148 558 2203 succimtilumboscestms
568 2149 597 2202 in
606 2149 733 2214 ueritum
744 2157 771 2203 et
780 2151 791 2202 l
801 2149 859 2203 Pet.
866 2163 926 2221 cap.

132 2229 144 2270 1
161 2218 295 2285 :Propter
306 2218 389 2286 quod,
404 2219 529 2273 succincti
539 2218 640 2273 lumbos
653 2221 749 2273 mentis
759 2224 854 2274 cestra
871 2234 929 2290 spc-

133 2290 197 2340 rate
210 2288 313 2350 iescam,
324 2303 384 2357 qua
394 2290 466 2344 cobis
476 2289 603 2356 offertur,
611 2292 743 2359 qratiam.
756 2289 930 2346 Porroaecin

129 2363 206 2423 etos,
225 2372 272 2411 seu
285 2359 445 2428 praecinctos
455 2358 555 2416 babere
565 2360 685 2426 lumbos,
698 2359 848 2416 secundum
860 2360 929 2417 litte·

128 2425 368 2495 ralcmscnsum,
394 2428 463 2485 nihil·
482 2429 557 2487 aliud
582 2439 624 2487 est
640 2447 722 2503 quom
749 2440 873 2502 paratum
901 2441 930 2489 ct

125 2496 287 2569 expeditum
314 2514 387 2566 esse,
408 2506 439 2555 ut
458 2500 592 2572 colligitur
609 2517 642 2556 ex
666 2501 717 2558 illis
740 2501 827 2558 verbis
846 2503 930 2559 Lucae

128 2582 176 2624 ιιιι
191 2586 198 2622 :
210 2570 296 2624 Amen
307 2570 366 2625 duo
376 2572 459 2636 cobis,
471 2572 545 2643 quod
552 2575 699 2642 proenrvqct
710 2588 747 2635 se,
759 2577 785 2629 et
797 2576 931 2629 transeas

128 2640 299 2695 ministrabit
317 2642 381 2696 illis.
402 2642 531 2700 Solebaut
544 2645 617 2698 enim
635 2644 786 2700 orientales
807 2644 932 2716 oblongis

132 2711 173 2764 uti
188 2709 320 2778 vestibus,
333 2712 449 2784 ideoque
462 2713 509 2785 qui
524 2713 702 2770 ministraturi
712 2722 800 2780 erant,
817 2724 866 2771 aut
879 2715 931 2770 iter

127 2780 228 2850 acturi,
240 2782 382 2839 collectam
395 2792 498 2840 vestem
514 2785 622 2856 cingulo
636 2783 806 2857 stringebant
816 2785 930 2843 adlam-

129 2849 193 2919 bos,
205 2867 240 2907 ne
254 2853 449 2924 impedimento
462 2863 543 2912 esset.
557 2860 595 2911 At
608 2858 644 2912 D.
656 2856 805 2928 Gregorius
822 2855 857 2912 ad
872 2872 931 2913 mo·

130 2937 176 2978 res
196 2931 321 2995 spectans
340 2925 492 2996 praecinctis
507 2927 606 2983 lumbis
623 2928 776 2983 castitatem
795 2926 930 2999 designari

129 2992 332 3066 interpretatur.
343 2997 457 3053 bumbos
467 3001 547 3062 enim,
561 2997 931 3069 inquit,pvaecinqimus,ounv

128 3068 367 3122 eamntuaeuraum
374 3084 423 3138 par
432 3071 622 3124 continentium
627 3073 802 3125 coarctamus.
816 3071 929 3134 (Hamil.

133 3140 167 3191 tt
179 3138 208 3192 in
224 3139 338 3210 Ecunqi
352 3140 509 3212 Utrumque
523 3155 587 3196 vero
601 3156 712 3197 seusam
724 3141 853 3211 spectavit
864 3142 930 3196 Cos·

128 3206 233 3272 siauus,
253 3217 284 3264 ut
302 3225 336 3264 ev
363 3211 591 3282 consequentibus
612 3209 698 3284 magis
722 3211 826 3292 patebit
852 3212 928 3293 (Cap.

132 3279 187 3330 ult.
203 3278 283 3347 hujus
297 3281 342 3337 lib.
357 3282 480 3337 selibra
496 3297 519 3336 c.
535 3286 572 3347 l).
587 3284 674 3337 Docet
685 3297 760 3335 enim
772 3289 891 3337 veterem
901 3283 932 3337 rl·

133 3348 193 3403 lum
209 3364 313 3405 morem
331 3350 453 3425 gestandi
471 3350 569 3423 cinguli
583 3366 633 3407 scu
652 3351 750 3420 baltei,
770 3359 817 3407 aut
836 3368 931 3422 zorrae,

131 3420 279 3476 monachis
293 3420 345 3477 illis
357 3422 489 3495 AEgyptiis
506 3422 660 3480 solemnem
679 3437 711 3478 ac
733 3422 790 3488 lege
806 3423 930 3495 praescri-

130 3497 211 3560 ptum
222 3491 304 3548 luisse
315 3493 414 3565 duplici
432 3509 462 3549 er
477 3509 572 3561 causa;
584 3509 734 3565 corumque
744 3494 868 3565 exemplo
880 3510 933 3552 eae·

130 3562 198 3618 teris
222 3563 365 3620 monachis
380 3565 575 3622 commendare
597 3564 690 3621 studet
707 3583 713 3619 :
731 3580 828 3637 nempe
842 3574 873 3621 ut
890 3581 933 3623 vc·

133 3647 180 3689 ros
203 3633 304 3702 Christi
331 3635 431 3691 milites
455 3637 539 3693 armis
561 3635 619 3691 istis
641 3634 824 3707 spiritualibus
850 3652 932 3707 supra

127 3705 366 3773 commemoratis,
377 3723 409 3762 ac
421 3706 592 3778 potissimum
604 3706 735 3763 castitatis
745 3707 863 3779 cingulo,
881 3708 932 3764 vel·

128 3781 162 3831 ut
182 3774 272 3833 balteo
289 3776 418 3846 militari,
434 3777 571 3834 accinctos
588 3787 615 3833 et
629 3777 775 3834 instructos
792 3794 821 3834 sc
839 3786 931 3835 osten·

128 3844 238 3915 dorent,
259 3856 287 3904 et
309 3855 340 3904 ut
360 3847 395 3904 ad
416 3863 497 3906 omne
517 3864 585 3922 opus
602 3848 754 3921 injunctum
769 3858 815 3905 aut
838 3848 932 3921 injun-

129 3917 251 3987 gendum
270 3917 357 3990 parati
373 3928 401 3976 ct
418 3919 536 3991 expediti
557 3936 665 3993 semper
684 3929 785 3976 essent.
808 3920 878 3975 Hinc
897 3923 932 3975 D.

130 3989 249 4045 Basilius
269 4005 348 4048 zouac
368 4005 449 4046 usum
470 3990 611 4047 monacbis
627 3991 776 4046 universim
795 4007 936 4048 commcn-

132 4057 182 4115 dat
194 4062 260 4128 (Ubi
268 4064 374 4132 supra).
388 4063 421 4115 D.
434 4061 618 4134 Hieronymus
633 4060 774 4117 monachis
787 4061 870 4116 etiam
882 4063 935 4117 Ta·

135 4129 320 4188 bunnensibus
343 4132 491 4188 balteolum
511 4133 612 4189 lineum
631 4131 727 4188 tribuit
742 4135 787 4200 (lu
799 4133 887 4202 pins.
904 4135 933 4187 in

137 4203 269 4270 Regulam
280 4205 308 4262 S.
324 4205 490 4270 Pachumii).
507 4202 642 4261 Palladius
656 4218 739 4258 zonas
758 4210 836 4258 vocat
850 4204 933 4269 (Pul-

135 4272 194 4328 lad.
219 4276 246 4329 in
266 4277 406 4331 latuiucis
420 4291 479 4346 cap.
492 4281 532 4342 ll,
550 4274 679 4346 additque
693 4274 744 4330 illis
758 4289 773 4329 a
789 4272 933 4330 Pachomio

134 4345 325 4417 praescriptum
343 4346 434 4417 (quod
446 4347 582 4417 singulare
599 4354 626 4401 et
639 4345 778 4401 notatione
790 4344 932 4417 dignum),

133 4423 166 4470 ut
186 4416 221 4474 ad
239 4432 345 4473 sacram
360 4418 483 4490 synaxim
498 4416 617 4474 Sabbato
631 4425 659 4472 et
673 4415 815 4473 Dominiea
829 4415 889 4483 die,
903 4423 934 4473 ut

132 4487 220 4544 moris
238 4497 310 4555 erat,
325 4488 500 4557 accedentes,
521 4503 605 4544 zonas
618 4487 770 4555 solverent,
787 4495 815 4543 et
834 4487 933 4561 pellem

132 4556 262 4626 ovillam,
282 4575 333 4616 seu
348 4558 478 4616 melotem
490 4559 674 4631 deponerent,
690 4566 718 4613 et
731 4574 794 4614 cum
809 4559 867 4615 sola
883 4574 932 4615 cu-

982 2023 1078 2064 mnem
1100 2009 1281 2066 benedictinis
1296 2007 1377 2066 luisse
1394 2025 1474 2066 usum
1492 2007 1590 2076 baltei,
1611 2009 1667 2066 sive
1686 2010 1786 2085 cinguli

983 2085 1085 2152 (quem
1099 2089 1127 2134 ct
1140 2079 1220 2137 hodie
1234 2080 1343 2152 plurimi
1359 2080 1533 2150 antiquarum
1549 2080 1728 2137 traditionum
1744 2091 1786 2138 te·

982 2166 1063 2206 naces
1075 2149 1217 2216 retinent),
1229 2159 1257 2206 ct
1271 2166 1303 2206 ex
1315 2151 1399 2221 ipsius
1410 2151 1528 2206 exilitate
1540 2158 1567 2206 et
1580 2166 1718 2221 mensura,
1731 2153 1787 2208 vel·

982 2230 1014 2276 ut
1025 2228 1100 2276 certo
1115 2221 1215 2277 indicio
1228 2223 1257 2277 S.
1275 2221 1439 2293 Gregorium
1451 2220 1499 2277 diu
1506 2230 1573 2346 yost
1587 2221 1706 2291 obitum,
1723 2238 1787 2279 cum

982 2291 1041 2361 eius
1056 2307 1157 2363 corpus
1176 2292 1203 2347 in
1222 2292 1305 2347 alium
1320 2292 1412 2348 locum
1429 2301 1504 2348 trans
1517 2298 1634 2359 erretur,
1648 2308 1698 2374 pro
1720 2308 1787 2364 pro·

983 2363 1087 2419 fessorc
1099 2378 1148 2418 seu
1163 2363 1298 2419 monacho
1313 2363 1491 2419 institutionis
1506 2365 1539 2418 D.
1555 2363 1693 2419 Benedicti
1707 2365 1786 2436 agni·

983 2441 1043 2489 tum
1057 2434 1242 2497 ctssostcnsum
1260 2432 1342 2490 fuisse
1358 2453 1363 2487 :
1377 2437 1540 2505 prasertim,
1555 2433 1645 2505 inquit
1658 2434 1712 2499 ille,
1727 2451 1787 2490 eum

984 2505 1054 2560 ι’ἀεηι
1068 2506 1228 2560 caenobitis
1241 2505 1332 2560 doctor·
1346 2507 1490 2574 Gveqovius
1499 2507 1544 2560 sui
1557 2507 1716 2560 monosterii
1727 2521 1785 2561 mo·

985 2576 1081 2631 veraedos
1095 2576 1232 2632 Berrcdicti
1243 2578 1337 2645 utiquc
1350 2577 1458 2645 chnlis
1472 2578 1638 2646 murreipatos
1655 2579 1684 2630 in
1696 2577 1785 2632 Suco·

985 2648 1060 2770 rifan
1074 2647 1220 2701 destinant
1235 2650 1327 2713 (lutra.
1344 2648 1418 2703 Dirc.
1436 2647 1483 2702 lib.
1497 2661 1541 2716 lv,
1561 2663 1620 2718 cap.
1636 2653 1671 2702 80
1682 2651 1702 2714 ).
1719 2647 1787 2703 Haec

984 2732 992 2770 ι
1014 2730 1038 2771 e.

1020 2788 1033 2818 ⁸
1055 2783 1235 2841 Professionis
1253 2786 1355 2842 scilicet
1372 2787 1539 2844 monastiea.
1554 2790 1613 2859 Qua
1628 2787 1733 2843 ratione
1747 2791 1772 2844 D

985 2857 1171 2928 Hieronymus
1182 2857 1280 2926 passim
1292 2856 1403 2912 eosdem
1413 2858 1508 2914 veteris
1516 2858 1682 2913 Testamenti
1693 2873 1787 2913 nroua·

985 2928 1053 2984 chos
1061 2935 1150 2982 vocat.
1164 2928 1246 2997 Epist
1262 2935 1278 2983 t
1292 2945 1299 2980 ε
1311 2930 1383 2991 Filii,
1397 2926 1494 3000 inquit,
1505 2929 1710 2999 prophetarum,
1721 2943 1787 2996 quos

985 2999 1125 3054 monachos
1138 3000 1167 3053 in
1179 3001 1263 3054 oeten¹
1278 3003 1444 3054 Testamenta
1458 3000 1570 3068 legimus
1582 2999 1633 3066 (lv
1647 3001 1712 3067 llcq.
1728 3001 1788 3065 vr),

984 3071 1156 3140 <edificabant
1166 3070 1220 3124 sibi
1235 3071 1341 3125 casulas
1358 3074 1470 3141 propter
1482 3073 1584 3138 ducatu
1601 3069 1737 3131 iordanes,
1762 3075 1788 3124 et

985 3142 1072 3195 turbis
1087 3141 1195 3195 urbium
1209 3141 1356 3205 derelictis,
1369 3141 1479 3212 polenta
1493 3145 1519 3196 et
1533 3140 1622 3195 herbas
1634 3139 1786 3209 aqrcstibus

984 3213 1153 3267 victitabant.
1165 3211 1232 3266 Etin
1241 3211 1394 3282 epistolaad
1406 3211 1547 3268 Paulinum
1561 3213 1679 3272 :Nosten
1688 3210 1787 3281 inquit,

985 3286 1110 3352 pnuceps
1123 3284 1209 3345 Elius,
1229 3288 1319 3339 riostcr
1332 3284 1459 3345 Elizoeus,
1470 3284 1558 3337 nostri
1568 3283 1646 3337 duces
1659 3284 1712 3350 filii
1718 3282 1788 3351 pvo-'

985 3354 1140 3423 picturum.
1156 3353 1232 3408 ldem
1247 3354 1328 3409 docet
1344 3353 1463 3408 lsidurus
1477 3354 1524 3409 lib.
1541 3367 1564 3409 ιι
1577 3353 1611 3409 de
1623 3353 1727 3407 Eccles.
1738 3351 1788 3409 Ol·

986 3423 1032 3479 lic.
1046 3438 1105 3495 cap.
1125 3429 1170 3490 15,
1186 3422 1232 3478 ubi
1245 3425 1350 3492 Ellam,
1364 3424 1511 3490 Elizaeum,
1530 3423 1650 3550 aliosque
1667 3423 1785 3494 prophe·

986 3503 1026 3550 tas
1043 3494 1241 3550 monachorum
1262 3495 1396 3566 principes
1417 3495 1543 3566 appellat.
1567 3495 1600 3550 Se
1637 3501 1664 3548 et
1679 3493 1785 3550 Cassia·

986 3581 1037 3622 uus
1048 3563 1118 3621 inira
1131 3567 1241 3638 (Callet.
1258 3572 1300 3633 18,
1314 3583 1374 3638 cop.
1389 3570 1424 3631 6)
1442 3566 1494 3621 alia
1508 3565 1652 3622 locutionis
1664 3563 1785 3621 formula

985 3637 1050 3692 dicit
1063 3637 1174 3693 cosdem
1191 3640 1283 3694 Patres
1301 3647 1329 3693 et
1341 3636 1490 3709 propbetas
1505 3637 1665 3693 monasticae
1682 3635 1785 3708 profes·

985 3708 1069 3763 sionis
1082 3708 1156 3780 praefi
1178 3724 1270 3765 urasse
1292 3709 1386 3775 lineas,
1402 3706 1482 3765 ducta
1497 3723 1512 3763 a
1530 3707 1678 3780 pictoribus
1698 3715 1782 3762 meta·

986 3779 1081 3850 phora,
1101 3779 1146 3851 qui
1159 3725 1281 3836 daturam
1295 3779 1441 3852 inraginem
1458 3779 1547 3835 ductis
1567 3779 1686 3850 primum
1702 3778 1785 3833 linea·

989 3849 1088 3905 meotis
1104 3850 1276 3923 praefigurare
1290 3866 1323 3907 ac
1337 3851 1478 3923 designare
1500 3851 1605 3916 solent,
1621 3846 1718 3905 deinde
1736 3863 1784 3904 co·

988 3921 1059 3978 loros
1071 3930 1099 3977 ct
1117 3931 1230 3977 ornatus
1249 3922 1396 3978 inducere:
1420 3937 1474 3993 quo
1489 3921 1572 3976 modo
1588 3919 1626 3975 illi
1644 3919 1786 3990 prophetae

988 4001 1015 4048 et
1029 3991 1200 4049 anachoretae
1211 3996 1240 4047 in
1252 3994 1443 4048 solitudinibus
1456 3997 1591 4054 cavantes,
1604 3995 1721 4060 equitas,
1735 4005 1785 4069 αις

989 4066 1119 4131 qustinti,
1136 4072 1203 4129 etc,
1217 4063 1420 4119 monachorum
1441 4070 1467 4116 et
1482 4062 1708 4117 anachoretarum
1723 4074 1786 4113 novt

987 4134 1151 4189 Testamenti
1172 4134 1255 4189 vitam
1277 4132 1528 4205 professionemque
1546 4129 1746 4186 aduml-rarunt
1758 4137 1786 4184 ct

988 4203 1243 4342 Ρξῆὸιιιξιᾟιῗῗιῐιιι
1266 4269 1407 4328 Palaestina
1433 4268 1521 4327 Judaei
1542 4269 1619 4326 zonis
1646 4277 1786 4329 uterentur

989 4342 1072 4401 laneis
1086 4345 1204 4411 (Auctor
1214 4359 1287 4414 oper.
1299 4343 1412 4413 impert.
1428 4345 1458 4396 in
1469 4342 1567 4398 lllattlt.
1577 4358 1599 4397 c.
1615 4345 1666 4402 ιιι)
1682 4345 1785 4399 :loan-

988 4431 1037 4472 nes
1050 4424 1142 4471 tamen
1163 4430 1232 4469 zona
1252 4413 1376 4495 pellicea,
1393 4414 1447 4469 hoc
1466 4419 1523 4482 est,
1545 4430 1577 4467 ex
1590 4412 1676 4468 crudo
1694 4413 1785 4482 corio,

987 4501 1035 4544 seu
1043 4486 1135 4542 villosa
1148 4485 1215 4557 pelle
1226 4493 1263 4539 utr
1276 4484 1390 4552 maluit,
1401 4494 1462 4541 tum
1474 4482 1509 4540 ad
1520 4483 1700 4539 imitationem
1707 4484 1785 4553 Elim,

988 4565 1047 4613 tum
1079 4558 1114 4614 ad
1142 4557 1265 4628 corporis
1299 4555 1477 4613 al'llietionem
1503 4563 1531 4612 et
1572 4555 1785 4611 macerationem

132 4627 207 4685 culla
224 4629 385 4687 accederent
397 4635 467 4703 (quo
478 4631 625 4702 nrajorem,
639 4638 668 4687 ut
685 4628 794 4700 opinor,
808 4644 840 4684 ac
852 4644 931 4700 pecu·
987 4628 1115 4685 etiamen
1134 4643 1204 4684 zona
1223 4627 1433 4700 procurandam.
1450 4625 1529 4684 Unde
1550 4627 1585 4682 D.
1603 4627 1788 4699 Hieronymus

132 4697 231 4756 liarem
245 4701 423 4758 reverentiam
441 4702 678 4772 honestioremque
693 4700 816 4756 habitum
832 4714 889 4772 pvae
902 4678 969 4757 seD
988 4700 1016 4755 in
1037 4701 1118 4770 epist.
1137 4698 1171 4754 ad
1190 4697 1393 4780 Demetriadem
1409 4698 1541 4770 virginem
1559 4699 1630 4779 inter
1643 4696 1708 4778 alias
1730 4698 1786 4751 lau·

133 4767 265 4833 ferrent).
278 4771 359 4844 Quod
370 4783 397 4829 et
410 4775 581 4830 Sozomeuus
601 4780 628 4829 et
641 4771 811 4844 Nicephorus
830 4770 932 4827 ooullr·
986 4770 1034 4827 des
1048 4770 1161 4827 senioris
1175 4769 1360 4825 Demetriadis
1378 4771 1434 4825 loca
1447 4776 1542 4825 sancta
1555 4775 1684 4822 visitantis
1698 4785 1704 4818 ε
1719 4769 1786 4823 Stu-

132 4843 288 4900 mant.Sed
302 4852 330 4899 et
341 4846 376 4899 D.
391 4846 420 4900 l).
439 4847 471 4901 N.
487 4843 644 4900 Benedictus
655 4843 776 4915 priorum
787 4841 932 4898 monacho·
983 4844 1076 4913 petat,
1091 4840 1476 4914 iuquit,udconvevsutiouem
1488 4841 1555 4895 Elia
1569 4839 1717 4892 ctJounm's
1733 4840 1783 4892 Bu·
1857 4859 1860 4863 ¹

132 4928 199 4969 mm
217 4914 334 4985 vestigiis
348 4915 447 4986 ubique
468 4915 610 4983 insistens,
626 4913 698 4970 banc
711 4913 811 4986 cinguli
835 4928 932 4970 mona·
984 4916 1086 4982 plistu,
1096 4909 1666 4983 quorumuterquc:ceropelliceaastvinnit
1680 4923 1787 4962 aemor-

132 4983 195 5040 stici
214 4985 443 5057 prescriptionem
457 4987 491 5044 ab
507 4987 559 5042 illis
577 4994 714 5056 acceptam
730 4983 802 5041 haud
822 4991 934 5054 praeter·
987 4987 1100 5052 tificacit
1114 4984 1216 5037 lumbos
1233 4997 1304 5036 suos.
1319 4983 1353 5036 Et
1363 4995 1444 5051 super
1459 4975 1620 5060 hlatthaeum
1633 4977 1667 5033 de
1681 4979 1787 5035 Joanne

132 5054 219 5111 misit.
232 5058 302 5113 Cum
315 5057 387 5114 enim
402 5061 497 5114 statuit
516 5073 577 5128 cap.
597 5061 630 5111 ιι
646 5055 776 5127 Regula),
797 5057 933 5110 utcestiti
987 5053 1082 5109 itidem
1103 5054 1182 5119 Bapt.
1203 5051 1323 5106 scribens
1347 5069 1353 5104 :
1379 5054 1460 5113 Zoara,
1476 5058 1572 5119 rnqurt,
1589 5050 1785 5121 pelliceoque

129 5125 410 5191 dermurntmonuobi,
419 5133 444 5185 et
454 5131 535 5185 cincti
540 5129 653 5198 cietqulis
660 5133 709 5182 aut
718 5127 841 5195 (mribus,
851 5125 931 5198 idque
983 5127 1084 5180 metatus
1100 5126 1156 5192 fuit
1174 5127 1199 5178 ct
1219 5124 1304 5185 Elius,
1325 5123 1537 5192 mortificationis
1557 5123 1706 5191 symbolum
1726 5126 1777 5178 cst.

128 5212 162 5253 ea
175 5213 257 5254 causa
269 5214 353 5271 quam
361 5199 454 5256 subdit
466 5219 472 5254 ι
484 5204 515 5255 ut
524 5201 621 5270 parati
632 5202 847 5268 sintscmpce,.et
856 5199 930 5265 facto
986 5197 1048 5252 Hoc
1066 5194 1191 5266 exemplo
1211 5192 1304 5249 scribit
1323 5195 1350 5250 S.
1378 5192 1537 5267 Fulgentius
1561 5192 1709 5276 lluspensis
1729 5191 1786 5274 ⁰1¹5?

127 5270 931 5353 siqnoabsquemomsueqcntcstestincutseintdcemproecu·
986 5282 1086 5339 scopus
1108 5268 1280 5322 consuevisse
1296 5264 1447 5320 monachos
1467 5266 1496 5320 iu
1513 5264 1606 5324 Africa
1620 5266 1730 5336 pelliceo
1748 5272 1787 5320 utr

128 5356 192 5395 nere
203 5341 241 5396 ud
254 5357 319 5412 opus
334 5345 384 5398 Dei
395 5361 404 5399 r
417 5342 482 5399 satis
496 5341 598 5398 indicat
611 5339 725 5397 interdiu
737 5346 765 5395 ct
774 5338 871 5411 potiori
887 5354 932 5394 ra·
986 5338 1094 5408 cingulo
1106 5342 1221 5404 (Diaron.
1233 5342 1294 5392 tom
1309 5338 1350 5392 lX
1361 5338 1465 5400 Aranni.
1481 5351 1552 5391 orario
1563 5340 1645 5401 ‘uisu
1657 5335 1786 5417 idemque

128 5409 207 5469 tione
224 5412 326 5469 debere
340 5428 399 5469 esse
415 5413 580 5470 succinctos.
601 5411 682 5469 Unde
696 5414 817 5467 Joannes
837 5410 932 5465 Diaco·
985 5409 1130 5466 coufirmat
1145 5412 1176 5464 B.
1196 5407 1352 5464 Dorotheus
1365 5406 1531 5464 anachoreta
1550 5407 1575 5462 in
1593 5406 1716 5462 doctriua
1736 5421 1787 5462 sua

128 5497 196 5551 nm,
211 5481 241 5539 in
255 5482 316 5540 Vita
330 5487 362 5540 B.
379 5485 434 5543 Gre
454 5484 502 5541 orii
514 5482 608 5541 scribit
623 5498 686 5539 eum
700 5482 727 5537 in
742 5481 860 5538 exilitate
872 5480 930 5538 bal·
986 5481 1084 5552 prima,
1097 5495 1159 5554 quae
1179 5489 1222 5536 est
1240 5478 1273 5560 de
1294 5478 1517 5544 Renuntiatione,
1540 5477 1584 5533 ubi
1598 5478 1632 5535 de
1646 5492 1675 5558 se
1691 5476 1786 5558 suique
1845 5511 1847 5515 -

130 5554 184 5620 tei,
206 5569 270 5627 quac
292 5555 374 5612 unius
394 5500 497 5627 pothcis
516 5565 672 5611 mensuram
695 5567 750 5609 non
770 5552 928 5621 excederet,
986 5553 1117 5624 temporis
1139 5549 1280 5607 monachis
1307 5551 1421 5622 loquens
1445 5568 1452 5605 ε
1476 5551 1622 5613 Habemus,
1645 5556 1744 5619 mqurt,
1760 5552 1787 5603 et

131 5625 246 5695 speciem
263 5625 395 5699 propositi
414 5626 545 5700 regularis
562 5624 628 5681 olim
639 5641 655 5680 a
668 5626 696 5681 S.
713 5623 858 5681 benedicto
874 5631 929 5680 sta·
984 5640 1081 5680 sonum
1090 5625 1230 5694 pelliceum
1239 5624 1308 5677 circa
1321 5638 1395 5677 rencs
1405 5627 1517 5678 nostros.
1531 5621 1563 5676 ld
1572 5623 1680 5689 siguum
1690 5624 1737 5681 cst,
1749 5617 1787 5673 ad

984 5711 1049 5767 optas
1062 5695 1186 5765 quodque
1201 5696 1322 5757 cccr'ncti,
1338 5698 1368 5748 ut
1383 5696 1587 5763 quamprimum
1598 5694 1682 5746 simus
1695 5694 1720 5743 ct
1732 5703 1784 5758 pu·

984 5769 1059 5823 ruti:
1073 5767 1247 5823 laboraturus
1254 5767 1323 5822 cuim
1332 5767 1392 5837 quis
1398 5768 1488 5836 primo
1496 5764 1654 5834 accinctius,
1663 5767 1689 5817 ct
1697 5762 1734 5816 sic
1741 5757 1786 5813 de·

131 5694 191 5762 tuti,
208 5698 287 5770 cujus
308 5697 365 5770 ipsc
384 5697 467 5755 vitam
481 5696 647 5779 describens,
668 5696 805 5779 {tegulam
818 5710 929 5822 quoque

128 5763 296 5835 laudaverat,
319 5784 450 5828 smvasse.
476 5768 583 5842 Quibus
607 5767 697 5828 verbis
717 5773 836 5826 insinuat
856 5782 928 5825 soe·
