3848 6158
141 227 197 285 stc
479 228 523 285 ot:
542 228 781 289 COENOBIORUM
798 233 921 292 lNSTlT.
942 235 1006 292 tto.
1027 236 1097 293 Vlll.
1120 267 1153 278 -
1172 238 1217 294 DE
1235 236 1369 297 SPlRlTU
1391 241 1471 300 lRAE.
1750 251 1804 309 bib

136 350 295 426 querimur,
302 359 445 424 tamquam
454 352 646 424 ibi,nullisnos
653 357 946 430 concitantibus,illico
960 364 988 427 Α
1001 361 1087 418 sortia
1103 361 1157 421 :ad
1169 371 1295 421 naturam
1308 365 1454 437 pristinam
1472 381 1539 423 mor
1553 382 1726 442 reversurus,
1738 389 1804 431 cum

136 448 274 504 vntutem
296 445 433 520 patientia
446 449 579 521 reperturi
600 467 607 506 ε
629 459 788 509 excusantes
803 451 942 526 ueqliqen-
998 457 1212 530 interpellaserit
1246 459 1391 533 cujuslibet
1421 462 1620 521 commotionis
1653 466 1760 524 occasio
1794 489 1801 525 ι

134 541 206 599 tiam
224 549 364 612 nostram,
384 557 535 614 causasque
557 543 751 603 commotionis
772 562 829 602 non
851 556 944 604 nostra
997 561 1142 626 emergunt
1163 553 1264 626 quippe
1278 569 1313 610 ex
1330 569 1364 612 eo
1378 555 1523 614 confestim
1545 558 1630 629 vitia,
1650 576 1714 633 quar
1731 560 1802 620 late·

135 635 259 694 dicentes
283 635 470 709 imponentia,
501 635 550 694 sed
571 636 689 695 fratrum
717 638 782 696 vitio
806 641 941 714 generari.
996 644 1074 717 bant,
1088 655 1117 702 et
1131 647 1203 705 velut
1218 647 1280 721 equi
1295 646 1416 706 mirenes
1428 652 1555 708 certatim
1578 655 1670 711 esuis
1685 669 1802 730 repagu-

134 731 269 804 Dumque
291 729 320 786 in
340 729 409 788 alios
434 730 536 788 errans
560 731 645 789 nostri
673 735 804 792 emimus
827 751 941 804 causas,
995 737 1030 797 lis
1044 739 1099 797 otio
1115 738 1239 814 longiore
1256 740 1353 799 nutriti
1373 743 1463 801 acrius
1475 744 1510 802 ad
1530 745 1682 817 perniciem
1697 749 1802 823 aurigas

133 838 292 896 numquam
311 823 346 880 ad
361 823 497 897 patienda
514 839 547 882 ac
560 823 736 898 perfectionis
750 829 854 886 calcem
865 829 942 887 eale·
993 833 1109 906 proprii,
1121 833 1292 907 senemque
1306 846 1499 911 prorumpunt.
1516 839 1605 913 bingis
1618 840 1704 907 enirn,
1723 857 1801 901 exer·

134 917 229 976 bimus
244 916 394 992 pervenire.
995 925 1062 985 citio
1080 944 1185 1001 usuque
1202 928 1323 987 hnmano
1343 940 1481 1002 cessante,
1497 930 1648 990 atterantur
1668 933 1699 990 in
1718 935 1801 994 nobis

431 1022 555 1080 CAPUT
573 1023 650 1079 XVI.
996 1021 1071 1092 vitia,
1085 1023 1138 1080 nisi
1158 1023 1343 1081 tuerint'ante
1363 1034 1487 1097 purgata.
1503 1028 1650 1101 lpsamque
1670 1029 1799 1088 umbram

136 1118 216 1187 Quod
222 1116 502 1187 namuelitasoordis
509 1119 595 1199 nostri
601 1117 803 1200 noninalterieu
812 1119 940 1183 arbirio,
994 1118 1144 1190 patientiae,
1171 1133 1254 1190 quarn
1267 1118 1408 1192 possidere
1422 1120 1583 1192 imaginarie
1604 1122 1729 1195 permixti
1745 1123 1800 1181 lra-

243 1188 290 1244 ³21¹
301 1191 331 1244 ²⁵²¹
343 1193 437 1245 'mimi
450 1187 546 1242 dibeat
560 1187 661 1243 dim
672 1193 824 1244 mitifi-
994 1208 1083 1267 tribus
1096 1209 1193 1267 saltem
1213 1227 1264 1283 pro
1285 1226 1383 1268 eorum
1398 1214 1550 1269 reverentia
1564 1221 1591 1270 et
1610 1222 1676 1272 nota
1691 1216 1799 1289 publica

172 1298 286 1355 Summa
306 1295 387 1368 igitur
403 1293 607 1352 emendationis
626 1311 659 1352 ac
671 1295 874 1367 tranquillitatis
887 1311 939 1354 no·
994 1302 1164 1374 videbamur,
1179 1303 1280 1362 desidia
1290 1303 1443 1363 securitatis
1454 1305 1620 1362 amittimus.

134 1398 211 1460 suar,
225 1406 282 1447 non
301 1399 342 1447 est
364 1390 391 1446 in
412 1389 524 1447 alterim
538 1388 650 1446 arbitrio
671 1389 846 1459 collocanda,
866 1389 940 1464 quod
1239 1432 1249 1445 ..
1262 1421 1382 1477 CAPUT
1402 1421 1510 1476 xpm·

131 1492 420 1588 ”quiquamffm
433 1483 572 1590 ⁸¹¹PJ⁸³⁰⁰⁸⁸
585 1484 712 1556 mm
723 1504 729 1540 ²
741 1483 790 1591 ἀξ
804 1484 832 1541 ῙΠ
843 1493 940 1543 ⁰⁰³²OE
998 1515 1170 1586 impatientes
1193 1519 1274 1584 atque
1301 1514 1444 1569 iracundos
1468 1529 1523 1569 esse
1541 1515 1697 1584 freqrrenter·
1717 1517 1798 1571 ctiam

133 1585 225 1651 ponus
234 1576 391 1636 condrtrone
401 1584 541 1635 consistat.
554 1581 650 1650 ltaque
667 1586 765 1636 utnon
775 1594 939 1659 irascamur,
1102 1586 1163 1641 illos
1174 1588 1224 1656 qui
1233 1586 1268 1640 ab
1282 1586 1433 1641 bominibus
1446 1601 1498 1640 non
1508 1590 1697 1657 provocantur.

133 1685 192 1727 ⁰⁰¹¹
215 1668 296 1727 debet
317 1686 350 1727 0³
376 1670 490 1727 altanus
510 1669 690 1743 l>0¹s⁶⁰¹i⁰⁰⁰r
706 1671 763 1766 ΔΜ
786 1688 819 1731 ⁰¹
840 1682 936 1732 ΗΘΜ
1026 1685 1040 1726 ¹³
1061 1692 1145 1765 Quasi
1166 1706 1230 1749 rero
1249 1692 1376 1748 universa
1396 1691 1530 1748 virulenta
1555 1692 1725 1764 serpentium
1747 1710 1797 1766 ge>

135 1765 233 1821 *Ῑῐῐῦῑθ
253 1763 434 1835 diffidet&
450 1780 513 1838 quae
533 1768 590 1822 ¹¹⁶⁰
608 1765 696 1824 aliem
716 1767 863 1840 Ρθῑῑθῦῑῑᾶ,
887 1769 975 1840 ΜΒ
992 1801 1068 1856 nera,
1083 1785 1125 1843 vel
1146 1783 1282 1854 terarum,
1297 1800 1362 1842 cum
1383 1786 1411 1841 in
1429 1785 1577 1843 solitudine
1591 1788 1703 1859 suisque
1722 1788 1798 1846 cubi·

133 1858 242 1932 imbrii
257 1858 658 1932 ¹⁰⁰8³⁰5ffl512100011l¹15ffi¹11·
990 1879 1064 1936 libus
1088 1878 1282 1947 immorantur,
1311 1895 1369 1935 non
1393 1877 1501 1936 innoxia
1528 1889 1716 1952 perseverent,
1746 1898 1798 1939 nec

420 1967 541 2023 CAPUT
557 1967 651 2022 XVll.
990 1980 1084 2030 tamen
1098 1987 1131 2030 er
1144 1987 1177 2029 eo
1192 1972 1362 2046 pronuntiari
1377 1972 1483 2044 possint
1502 1974 1630 2043 innoxia,
1649 1975 1794 2048 quianulli

243 2064 297 2130 Quo
311 2063 401 2118 sardio
413 2079 530 2118 mentum
544 2062 687 2118 debeamus
699 2068 831 2136 repetere.
988 2075 1113 2125 noceant.
1133 2069 1195 2124 lloc
1215 2067 1289 2123 enirn
1308 2065 1346 2122 eis
1358 2066 1421 2137 jnon
1441 2066 1556 2124 allectus
1573 2068 1718 2138 bonitatis,
1745 2069 1796 2127 sed

169 2156 278 2211 Porro·
293 2171 416 2213 eremum
434 2154 584 2228 periectos,
607 2158 736 2232 omnique
750 2159 813 2216 ritio
833 2175 936 2234 purga·
989 2159 1135 2219 necessitas
1159 2158 1312 2219 solitudinis
1336 2157 1445 2216 confert
1471 2178 1479 2214 ε
1501 2162 1570 2232 Quae
1594 2176 1657 2216 cum
1679 2160 1794 2218 laeiendi

135 2257 303 2321 tosoportet
323 2259 462 2323 expetere,
476 2261 504 2309 et
522 2255 641 2310 excoctis
655 2254 690 2311 ad
712 2271 811 2328 purum
826 2256 855 2313 in
873 2255 939 2315 eolr-
990 2264 1071 2312 nacta
1095 2252 1199 2311 tuerint
1227 2251 1350 2325 copiam,
1377 2253 1407 2308 in
1434 2253 1588 2324 semetipsis
1620 2253 1793 2311 reconditum

134 2343 296 2416 mationa
310 2342 426 2401 fratrom
439 2345 524 2415 vitiis,
539 2362 595 2403 non
619 2348 848 2420 pusillanimitatis
871 2366 937 2423 pro-
990 2347 1065 2404 virus
1090 2355 1118 2405 et
1140 2347 1241 2403 animm
1266 2345 1404 2403 feritatem
1428 2347 1553 2418 protinus
1576 2355 1690 2420 egerunt
1712 2355 1794 2420 atque

133 2435 222 2510 fugio,
238 2436 284 2494 sed
298 2436 396 2496 divinae
413 2440 651 2514 contemplationis
665 2442 797 2511 obtentu,
819 2451 849 2500 et
861 2443 935 2502 desi·
989 2440 1194 2500 demonstrant.
1203 2440 1322 2514 ldcoque
1329 2441 1528 2514 perlectionem
1542 2442 1729 2514 quarentibus
1737 2457 1793 2499 non

133 2530 209 2590 derio
229 2532 342 2591 intuitus
357 2531 526 2592 sublimioris
547 2535 666 2607 intrare,
688 2537 734 2609 qui
754 2538 880 2596 nonnisi
905 2540 934 2597 in
988 2534 1192 2594 suffidtcontra
1201 2535 1344 2592 bominem
1359 2551 1416 2593 non
1426 2535 1513 2592 irasci.
1525 2536 1704 2594 Meminimus
1716 2538 1792 2594 enim

133 2626 281 2684 solitudine
304 2643 320 2684 a
348 2628 478 2701 perlectis
503 2630 679 2687 solummodo
705 2632 808 2704 poterit
834 2649 935 2705 appre-
990 2627 1062 2702 (crde
1077 2632 1170 2689 collat.
1188 2635 1232 2698 te,
1250 2646 1273 2685 c.
1287 2636 1317 2698 s,
1335 2635 1368 2684 ιο
1381 2633 1406 2684 et
1423 2634 1490 2701 seq.)
1512 2629 1541 2684 in
1559 2629 1708 2687 solitudine
1719 2644 1795 2688 com·

131 2719 221 2778 bendi.
242 2722 429 2795 Quaecumque
446 2723 521 2781 enim
537 2724 601 2781 vitia
622 2724 747 2782 incurata
763 2725 792 2781 in
810 2741 936 2784 eremum
990 2722 1163 2779 morantibus
1176 2721 1267 2792 nobis,
1282 2729 1378 2779 contra
1394 2723 1544 2791 calamum,
1559 2738 1623 2779 cum
1636 2731 1684 2781 aut
1696 2725 1793 2796 grossi·

132 2813 327 2886 detulerimus,
348 2826 442 2891 operta
461 2819 491 2876 in
512 2819 602 2890 nobis,
626 2837 681 2877 non
694 2820 796 2878 abolita
812 2822 936 2880 sentien-
989 2815 1057 2873 ¹⁰⁶0
1085 2816 1162 2889 01⁰⁸,
1186 2824 1236 2874 ³¹¹2
1254 2816 1361 2873 illiniti
1386 2816 1557 2888 displiceret,
1573 2825 1699 2874 mimi
1719 2817 1793 2873 ⁸⁰³¹·

131 2918 186 2968 tur.
200 2910 325 2969 solitudo
341 2927 476 2985 namque,
491 2914 562 2971 sicut
576 2913 662 2983 norit,
677 2914 831 2972 emendatis
847 2917 935 2974 mori·
990 2909 1109 2982 lituum,
1123 2924 1187 2965 cum
1208 2908 1349 2967 incidendi
1368 2909 1459 2967 hebeti
1476 2911 1533 2966 ³⁰5⁰
1547 2909 1666 2983 ⁸08⁰in
1680 2924 1793 2968 effla·

131 3002 200 3074 bns,
221 3005 480 3078 contemplationem
496 3008 670 3080 purissimam
685 3024 820 3080 reserare,
840 3018 868 3066 et
891 3009 935 3066 in·
989 3013 1048 3074 ret,
1063 3011 1214 3077 contraque
1231 3003 1349 3073 silicem,
1370 3004 1392 3061 si
1407 3004 1478 3062 torte
1498 3006 1531 3062 ex'
1549 3020 1581 3062 ea
1602 3002 1793 3061 festinantibus
1858 3050 1866 3061 .

103 3088 106 3095 ’
131 3097 204 3156 tuitu
218 3098 402 3157 ancerissimo
419 3100 585 3172 spiritalium
596 3111 832 3160 sacramentorum
849 3087 937 3160 scien·
989 3099 1071 3157 nobis
1088 3098 1282 3156 adlectionem
1305 3097 1409 3155 tardius
1422 3097 1537 3155 scintilla
1550 3097 1619 3170 ignis
1636 3098 1791 3167 emicuerit,

130 3191 200 3248 fiam
208 3193 328 3250 revelare
343 3215 350 3251 :
364 3195 402 3251 ita
413 3210 521 3264 eorum,
533 3197 581 3268 qui
597 3196 689 3253 minus
705 3195 844 3252 emendati
856 3204 931 3266 sunt,
949 3182 972 3247 C
988 3193 1024 3250 ita
1039 3192 1235 3266 indignationis
1253 3191 1393 3265 irrepsisse
1407 3200 1526 3260 motum,
1540 3200 1639 3248 utnon
1653 3192 1793 3264 aliasper·

128 3280 209 3353 vitia,
224 3297 279 3339 non
298 3284 387 3341 solum
402 3300 521 3350 serrare,
543 3300 641 3342 rerum
664 3285 749 3342 etiam
771 3299 936 3359 exaggerare
988 3287 1173 3345 turbationem
1199 3287 1317 3356 mentis,
1342 3303 1426 3360 quam
1447 3287 1488 3344 rel
1506 3295 1600 3345 contra
1624 3285 1793 3344 insensibiles

129 3375 282 3432 consuevit.
303 3376 475 3451 Tamdiuquc
496 3376 549 3436 sibi
568 3377 675 3451 patiens
699 3378 762 3451 quis
776 3377 884 3436 ridetur
908 3387 936 3437 et
989 3379 1131 3451 materias,
1151 3380 1191 3439 rel
1214 3388 1288 3437 certe
1302 3378 1430 3437 adversus
1443 3379 1586 3437 diabolum
1601 3379 1790 3438 maledictione

129 3467 253 3539 humilis,
271 3469 360 3529 donec
380 3472 482 3529 nullius
493 3471 623 3546 {bominis
642 3472 857 3531 commisceatur
872 3489 938 3531 con·
991 3473 1111 3546 prolata,
1129 3471 1251 3547 digerere
1265 3479 1347 3546 etque
1360 3488 1507 3546 evaporare
1521 3489 1673 3547 possemus.
1688 3476 1792 3544 Quom-

683 3581 811 3646 nLaRot
830 3583 942 3640 GAZAEl
961 3580 1244 3640 COMMENTARIUS.

131 3663 259 3723 monis
271 3667 393 3733 intentio,
406 3669 489 3741 idque
498 3686 662 3744 summopere
675 3673 800 3743 inquirit,
811 3674 843 3727 ut
851 3672 936 3727 ueluti
987 3671 1293 3735 diuturnodidiceruat,
1305 3675 1399 3726 contra
1408 3671 1554 3734 diabolum,
1562 3670 1791 3726 multorumsola-

128 3738 375 3808 perrationabilem
386 3744 545 3799 occasionem
552 3745 727 3814 penitentie,
741 3748 767 3798 et
781 3744 877 3808 lucbts,
888 3759 933 3800 eas
987 3745 1025 3799 tio
1034 3743 1097 3813 jam
1110 3743 1182 3798 docti
1189 3757 1323 3812 peperere,
1338 3745 1364 3797 et
1376 3743 1438 3797 bene
1448 3744 1591 3806 instructi,
1611 3744 1738 3810 fraterna
1755 3758 1790 3797 ec

132 3811 271 3873 amarias,
284 3827 344 3880 qua
355 3812 447 3867 morbo
455 3814 518 3868 nuic
528 3817 691 3869 incrementa
701 3814 767 3869 darre
773 3816 889 3886 possint,
897 3830 933 3870 se·
987 3816 1043 3870 acie
1051 3814 1089 3870 ad
1097 3814 1262 3882 stapularcm
1270 3829 1394 3883 puqnam
1406 3819 1495 3876 erant,
1505 3814 1656 3883 semrijarn
1664 3816 1722 3867 sine
1730 3827 1791 3866 con·

133 3880 254 3950 quendas
269 3882 322 3936 illis·
331 3884 507 3953 persuadeat.
523 3883 567 3938 Sic
581 3885 626 3940 ille
650 3884 745 3941 Gradu
759 3886 796 3954 8).
985 3886 1114 3941 solatione
1123 3886 1233 3941 alterius
1244 3889 1338 3939 corrtra
1347 3886 1417 3938 uitia
1429 3882 1528 3946 colesea
1538 3884 1580 3937 oei
1588 3885 1788 3951 capitationem,

169 3950 347 4008 'Confirmat
361 3952 431 4008 banc
445 3953 610 4008 sententiam
660 3954 708 4006 bas
724 3954 843 4009 loannes
860 3952 933 4025 apud
986 3956 1488 4026 Deoauailiapte,pupnaresuttteiurrt
1499 3951 1791 4020 (cneocaesaream

133 4020 293 4078 &asianum
307 4024 414 4089 (Callai.
432 4028 477 4084 itt,
497 4037 557 4092 cap.
578 4027 638 4088 to);
656 4020 702 4076 cui
720 4021 803 4077 etalii
819 4023 868 4078 SS.
884 4025 934 4079 Pa·
986 4040 1066 4081 serm.
1080 4033 1096 4082 3
1109 4026 1142 4080 de
1156 4027 1378 4091 circumcisam).

134 4099 190 4149 tres
209 4092 401 4165 astipulantur,
423 4091 578 4163 docentque
597 4091 631 4149 ad
654 4090 739 4147 ritem
762 4091 934 4150 eremiticam
1023 4087 1037 4127 'l
1057 4096 1150 4167 stylus
1162 4094 1286 4167 Dionysii
1302 4104 1330 4149 et
1348 4093 1454 4165 planior
1465 4102 1494 4150 et
1508 4092 1611 4164 plenior
1634 4114 1640 4150 :
1659 4096 1791 4149 ltrrioersa

132 4177 190 4220 non
204 4164 483 4235 deberequemquam
501 4162 626 4230 naurire,
641 4161 694 4219 nisi
707 4178 737 4220 se
750 4162 827 4235 prius
837 4163 866 4219 in
880 4178 935 4221 cm·
987 4169 1119 4221 catenata
1136 4167 1314 4235 serpentium,
1330 4167 1485 4232 ferarumve
1503 4180 1614 4234 ponera,
1637 4165 1746 4234 quando
1760 4166 1791 4219 in

131 4233 220 4291 nobie
237 4234 379 4304 diligenter
391 4232 554 4302 exercuerim
569 4243 711 4307 propterea
725 4232 800 4307 quod
814 4249 936 4302 eremus,
988 4238 1046 4291 sues
1053 4236 1175 4290 latibulis
1183 4240 1208 4290 et
1217 4235 1361 4290 solitudine
1366 4237 1536 4305 perraanmt,
1543 4239 1650 4290 exstant
1661 4236 1789 4302 innuerim

132 4318 190 4362 tre
210 4298 340 4371 solitudo,
353 4304 463 4361 comsit
482 4304 588 4362 culmen
603 4305 703 4363 ettasti
722 4305 781 4362 ium
796 4304 859 4362 vita
873 4305 936 4363 reli·
988 4306 1459 4375 arctamencbbocsimpliciterdici
1501 4308 1711 4370 muntinnocia,
1741 4308 1790 4362 uio

132 4376 231 4504 gosan,
254 4374 451 4447 perlectionem
465 4392 523 4434 non
545 4375 654 4445 alterat,
675 4322 882 4451 seffeupponat.
899 4380 933 4432 D.
987 4378 1059 4433 nulii
1071 4382 1135 4433 tanc
1150 4380 1252 4432 nocent.
1268 4376 1312 4433 Sic
1325 4375 1392 4502 ipse.
1404 4376 1450 4432 Un
1471 4323 1788 4451 emtttgtturtegenium

161 4448 240 4504 ieron
261 4462 322 4502 mus
338 4455 480 4520 postquem
500 4448 665 4518 solitudinis,
684 4457 712 4505 et
724 4448 852 4506 solitaria
871 4449 935 4506 ritae
987 4448 1032 4505 hic
1044 4451 1168 4516 intracia,
1183 4448 1307 4530 quamvis
1323 4447 1383 4515 aii,
1402 4455 1430 4503 et
1446 4446 1560 4505 sonasse
1582 4448 1678 4505 melius
1696 4449 1789 4521 legant

134 4462 277 4575 nonnulis.
288 4517 462 4576 incommoda
482 4528 509 4576 et
527 4520 647 4592 pericula
665 4521 702 4576 ita
717 4520 854 4577 recensuit
873 4538 879 4576 :
901 4524 934 4579 tn
987 4523 1082 4585 nenia,
1096 4519 1337 4577 utBasrleensiset
1349 4534 1417 4575 mss.
1428 4519 1571 4576 nonnulli:
1592 4520 1645 4576 boc
1657 4519 1789 4577 nimirum

135 4590 281 4649 solitudine
290 4592 341 4644 cito
351 4591 673 4662 obrepitsuperbio;etsi
679 4591 936 4663 parumperjep'una·
989 4600 1117 4649 contextu
1134 4611 1140 4647 :
1158 4592 1243 4661 Quasi
1259 4607 1312 4647 nen
1328 4594 1413 4646 aonio
1429 4596 1611 4662 perseverent,
1633 4607 1680 4647 nec
1702 4608 1737 4648 ea
1760 4607 1789 4647 eo

135 4663 213 4725 uait,
229 4662 478 4732 bomirrcmqucaoa
492 4663 603 4726 uiderit,
612 4667 697 4733 putat
710 4678 737 4718 se
750 4663 866 4734 alicujus
881 4678 935 4721 esse
985 4665 1163 4736 pronuntiari
1179 4665 1284 4735 possint
1305 4665 1407 4725 nocio,
1425 4665 1491 4733 presa
1511 4664 1581 4718 nulii
1605 4667 1724 4717 noceant.
1753 4663 1790 4717 Et

135 4735 271 4793 maesti.
283 4734 431 4804 oblitusque
452 4734 507 4797 sui,
523 4733 604 4802 unde,
623 4739 648 4788 et
666 4749 717 4803 quo
735 4735 851 4802 aenaim
862 4736 935 4790 intus
991 4743 1139 4808 utrumque
1161 4734 1272 4807 quidem
1293 4749 1388 4790 rerum
1402 4742 1453 4789 est.
1470 4738 1540 4789 Actu
1555 4733 1655 4801 quippe
1678 4730 1788 4784 innoxia

136 4803 225 4865 corde,
239 4804 331 4872 linqua
343 4807 412 4872 soris
424 4808 551 4874 uaqatue,
567 4813 632 4873 etc,
645 4819 708 4860 mor
731 4804 822 4861 subdit
845 4821 851 4856 ε
867 4805 939 4873 Quid
991 4815 1057 4863 sunt
1068 4805 1224 4862 bu'usmodi
1238 4802 1377 4870 animalia,
1389 4802 1524 4875 quamdiu
1536 4803 1564 4857 in
1575 4798 1730 4865 solitudine,
1743 4808 1791 4855 aut

136 4875 243 4944 irritor?
270 4877 427 4931 Solitariam
450 4879 536 4930 eitam
552 4876 791 4947 reprebendimus?
811 4877 936 4941 minime,
990 4876 1021 4933 in
1036 4876 1092 4932 suis
1116 4875 1228 4931 atibulis
1241 4882 1405 4929 remanent:
1428 4870 1657 4951 naturaliptamen
1671 4882 1789 4940 propen-

136 4944 1791 5089 titttittttblltttmtmtttlwtr1³tiletitltlittttibet*intraberitis

137 5087 209 5142 duro
225 5089 379 5144 rudimento
392 5106 446 5145 non
460 5094 597 5156 terreant,-
612 5061 797 5161 quispecirnen
804 5105 939 5146 aeneasa-
991 5087 1031 5145 ait
1044 5086 1203 5160 Dionysius,
1224 5085 1334 5143 innoxia
1352 5084 1523 5158 pronuntiari
1536 5094 1656 5155 possunt.
1681 5087 1717 5141 At
1730 5054 1791 5144 ’boe

136 5160 285 5215 meissen
293 5163 375 5216 multo
388 5160 941 5232 ternporedederint3quiomniumtuerint
1044 5159 1129 5215 terius
1160 5155 1374 5231 praecedentibos
1401 5155 1489 5230 magis
1511 5155 1644 5229 quadrare
1670 5156 1787 5215 ridetur.

135 5232 256 5299 minimi,
267 5237 297 5287 ut
307 5235 394 5303 primi
405 5234 522 5289 omnium
536 5234 643 5303 perenn
654 5233 881 5303 quornecesuries
891 5233 939 5286 oti
991 5174 1103 5302 &aar
1113 5229 1188 5288 enim
1205 5229 1287 5297 illud,
1309 5228 1383 5301 quod
1395 5229 1519 5301 superius
1536 5227 1603 5284 dixit
1621 5246 1626 5282 :
1643 5233 1790 5299 Emequnt

137 5303 258 5372 mando,
269 5319 314 5359 erec
324 5307 455 5360 saturitas
466 5306 675 5374 superaoit3qui
678 5307 841 5375 paupertate
848 5304 939 5359 laton·
991 5305 1091 5375 quippe
1101 5318 1136 5359 ea
1147 5318 1175 5359 eo
1186 5303 1265 5365 sitia
1280 5317 1341 5373 qua
1355 5302 1484 5365 latebant,
1501 5304 1526 5355 et
1538 5302 1611 5356 velut
1621 5305 1685 5373 equi
1697 5305 1790 5370 intre-

136 5377 322 5444 cumanorum
334 5376 452 5440 babitus,
463 5376 667 5440 samareites,
678 5378 806 5440 incessus,
814 5375 938 5431 doctrina
990 5390 1051 5440 nes,
1073 5382 1125 5431 etc.
1148 5373 1193 5432 Sic
1214 5372 1301 5430 abbas
1323 5374 1443 5429 ioannes
1465 5372 1562 5429 collat.
1582 5379 1615 5428 19
1634 5390 1694 5445 cap.
1722 5378 1755 5430 12
1780 5391 1786 5427 ε

136 5445 272 5501 uirtutum
293 5453 342 5503 est.
369 5449 436 5504 lime
459 5449 495 5504 D.
514 5449 701 5519 Hieronymus
722 5449 823 5518 (Epist.
846 5452 874 5512 4,
900 5446 938 5503 ad
989 5447 1088 5513 Nosse,
1103 5444 1203 5517 inquit,
1217 5445 1352 5509 debemus,
1367 5445 1479 5516 quodsi
1501 5443 1539 5499 ari
1552 5446 1736 5509 solitudinem,
1748 5443 1790 5499 uel

136 5515 239 5573 Rustic.
254 5521 397 5587 monacis).
414 5517 543 5576 Similiter
554 5519 587 5574 o.
603 5516 777 5586 Benedictus,
788 5516 867 5574 initio
879 5532 937 5575 sore
990 5518 1028 5572 ad
1039 5518 1135 5573 abdita
1147 5519 1204 5574 ioca
1215 5517 1332 5572 mndum
1349 5517 1451 5572 curatis
1464 5517 1539 5571 uitiis
1557 5517 1724 5577 secedamus,
1740 5515 1789 5581 at-

136 5585 251 5667 llequlae
268 5590 350 5646 vitam
369 5590 605 5659 anachoreticam,
617 5595 644 5646 et
657 5588 756 5663 quibus
773 5589 818 5646 illa
837 5604 936 5646 conre-
988 5589 1076 5657 tectus
1085 5604 1177 5645 eorum
1188 5588 1372 5646 tantummodo
1383 5589 1559 5659 reprimatur,
1571 5602 1624 5642 non
1635 5588 1789 5667 exstinque-

135 5664 200 5712 nrat
217 5658 369 5719 describens
385 5683 392 5719 :
408 5663 570 5726 Secundum,
583 5660 681 5734 inquit,
701 5676 785 5732 pentes
804 5665 843 5717 cst
865 5677 937 5716 ana-
989 5663 1044 5716 tur.
1056 5662 1161 5718 tama
1173 5661 1245 5716 enim
1257 5660 1333 5713 intro
1346 5674 1403 5724 nos,
1416 5661 1495 5714 immo
1508 5661 1591 5713 etiam
1606 5660 1690 5728 serpit
1704 5656 1789 5711 radia
1859 5697 1872 5720 χ

135 5729 316 5803 ctioretamrn,
331 5735 362 5790 id
375 5739 423 5799 est,
439 5735 621 5798 eremitarum,
634 5733 741 5797 borum,
752 5734 803 5818 qui
811 5748 865 5788 aon
876 5747 936 5788 cea·
988 5733 1118 5802 omnium,
1130 5747 1191 5804 qua
1202 5730 1355 5802 eastirpato
1364 5746 1417 5787 non
1426 5731 1532 5798 fumat,
1541 5733 1720 5801 peccatorum,
1734 5732 1787 5782 etc.

132 5805 266 5862 uersiems
284 5808 388 5875 temore
407 5805 585 5872 coritiana
602 5805 761 5863 monasteris
777 5804 936 5877 promiscae
