3848 6158
103 230 170 286 laub
421 223 589 281 colustra
608 224 700 279 XXlll.
719 253 756 265 -
774 225 819 280 lili
837 224 948 281 VELLE
965 223 1085 280 BONUM
1104 226 1147 281 nt
1168 226 1283 282 AGERE
1301 226 1432 283 nabun.
1689 228 1759 285 tato

101 369 197 424 mam,
224 351 356 424 serpentis
377 350 550 421 persuasione
571 350 714 417 seductus,
735 351 821 407 illiciti
847 350 901 407 cibi
913 355 941 418 Α
954 354 1020 408 ros?
1046 351 1118 422 Quid
1136 358 1220 424 ergo?
1234 352 1373 425 Numquid
1394 359 1502 424 emptor
1524 352 1574 409 iste
1594 361 1718 411 versutus
1732 364 1761 413 et

102 446 275 520 perceptione
295 444 470 512 distractam,
503 444 571 517 jugo
600 454 737 517 perpetum
765 445 902 502 servitutis
954 444 1065 502 callidus
1093 448 1214 503 Domino
1237 455 1398 519 seruatque
1419 447 1544 519 legitimo
1561 447 1609 519 Jus
1631 446 1759 507 domina·

101 540 212 598 addixit.
237 539 289 596 Hic
311 554 430 610 namque
456 553 517 595 mos
540 539 612 594 solet
642 538 713 595 inter
740 538 903 595 vendentem
955 538 1038 594 tionis
1047 538 1168 610 eripuit?
1181 540 1245 594 Nou
1268 538 1314 595 ita.
1337 540 1433 610 Neque
1456 538 1530 593 enim
1552 540 1592 595 sic
1613 539 1656 596 ille
1676 520 1759 600 omne

102 642 296 705 ementemque
315 633 427 701 servari,
451 641 482 687 ut
500 633 524 689 is
545 631 592 705 qni
614 646 643 688 se
657 633 747 689 alieno
763 633 838 704 cupit
850 631 904 690 do·
954 642 967 668 ⁸
983 632 1119 704 peculium
1132 633 1184 689 nei
1202 631 1283 690 unius
1301 631 1405 689 trandis
1416 632 1562 689 dolositate
1585 636 1711 704 pervasit,
1727 644 1759 693 nt

102 728 186 785 minio
197 726 364 799 mancipare,
385 725 485 798 aliquid
503 725 582 798 pretii
603 741 654 797 pro
664 726 772 799 jactura
787 725 905 798 propriae
956 727 1109 798 potentiam
1130 725 1245 783 dominii
1266 726 1309 783 sui
1325 741 1405 784 verus
1419 725 1576 783 dominator
1601 718 1757 800 amitteret,

103 821 234 878 libertatis
257 829 284 878 et
312 819 463 877 addictione
493 828 632 893 perpetum
653 821 791 878 servitutis
815 836 830 876 a
852 835 904 877 sno
957 820 1003 891 qui
1021 820 1110 893 ipsum
1135 837 1245 894 quoque
1266 829 1420 893 emptorem
1437 821 1463 886 l,
1486 820 1612 891 quamvis
1632 819 1760 894 refugam

103 922 285 986 consequatur
296 922 428 986 emptore.
444 912 523 984 Quod
537 913 621 970 etianr
635 913 706 971 inter
718 914 806 971 Adam
822 922 905 986 atque
957 921 1041 986 atque
1057 915 1195 983 rebellem,
1209 923 1305 972 nmen
1317 913 1383 987 jugo
1397 913 1521 988 reprimit
1542 914 1694 983 servit.utis;
1709 913 1759 971 sed

103 1015 258 1078 serpentem
282 1006 503 1064 manifestissime
525 1007 649 1064 ridemus
677 1007 830 1080 impletum.
857 1006 905 1063 llle
958 1007 1022 1078 quia
1047 1009 1093 1081 qui
1112 1009 1243 1066 omnibns
1268 1007 1473 1065 rationabilibus
1500 1008 1634 1065 creaturis
1653 1007 1760 1064 arbitrii

103 1102 177 1158 enim
199 1107 351 1174 aserpente
369 1102 488 1173 pretium
506 1101 636 1157 libertatis
650 1115 707 1157 suae
719 1116 767 1158 esu
787 1098 905 1157 interdi-
958 1099 1111 1157 libertatem
1126 1102 1239 1157 Creator
1260 1101 1421 1170 indulserat,
1441 1101 1544 1172 eosqui
1558 1116 1587 1156 se
1605 1110 1699 1157 eontra
1719 1098 1760 1158 tar

104 1204 157 1252 ctae
178 1194 284 1252 arboris
306 1195 415 1268 capiens
427 1211 465 1264 ,a
484 1195 600 1252 naturali
626 1195 753 1251 libertate
769 1193 903 1259 discessit,
958 1192 1049 1250 edacis
1078 1194 1303 1265 concupiscentiae
1324 1194 1539 1264 transgressione
1564 1193 1755 1264 vendiderant,

106 1289 198 1361 illique
210 1291 306 1346 maluit
319 1290 495 1364 semetipsum
507 1299 636 1363 perpetua
650 1288 748 1346 dedere
762 1287 901 1357 servitute,
957 1289 1058 1346 invitos
1072 1289 1106 1346 ad
1132 1288 1280 1360 ingenitam
1296 1288 1451 1343 libertatem
1474 1302 1601 1343 revocare
1625 1304 1680 1343 non
1705 1288 1755 1344 de-

54 1414 60 1423 ,
104 1398 180 1454 aquo
189 1384 263 1440 retiti
272 1386 345 1457 pomi
355 1385 453 1441 lethale
463 1385 580 1458 pretium
591 1383 678 1441 iuerat
687 1391 905 1451 assecutuszqua
957 1381 1025 1437 buit.
1052 1379 1191 1436 Abhorret
1212 1380 1347 1452 siqnidem
1369 1378 1405 1434 ab
1422 1378 1469 1433 iilo
1481 1378 1594 1450 justitiae
1609 1386 1636 1434 et
1653 1378 1759 1451 pietatis

103 1473 230 1547 deinceps
239 1478 573 1545 conditIoneconstrietus,
583 1476 784 1534 nonimmcrito
792 1488 905 1531 omnem
958 1482 1070 1530 anctore
1096 1472 1227 1547 quidquid
1251 1471 1365 1528 bonitati
1392 1471 1569 1543 aequitatique
1588 1473 1759 1529 contrarium

107 1571 273 1640 posteritatis
292 1587 350 1629 snm
370 1573 527 1645 progeniem
556 1578 686 1644 perpetuo
701 1570 808 1636 eidem,
827 1567 906 1640 cujus
957 1576 1009 1624 est.
1023 1566 1128 1623 Malum
1142 1568 1216 1623 enim
1230 1565 1319 1623 iuerat
1337 1564 1360 1621 si
1377 1579 1515 1621 concessae
1529 1564 1660 1620 libertatis
1676 1566 1759 1622 bene·

104 1658 216 1717 allectus
230 1673 271 1718 est
292 1679 400 1735 servus,
428 1665 548 1720 subdidit
567 1662 711 1720 famulatu.
736 1662 809 1733 Quid
832 1661 905 1717 enim
958 1660 1051 1716 licium
1071 1669 1237 1729 revocassem
1261 1660 1394 1732 inJustum
1423 1658 1446 1714 si
1479 1658 1595 1714 libemm
1618 1658 1759 1716 hominem

103 1753 178 1809 aliud
207 1755 302 1811 servile
315 1757 473 1828 coniugium
488 1764 576 1828 potest
590 1771 734 1828 procreare
749 1771 833 1826 qnam
852 1769 906 1812 ser·
921 1741 945 1803 Β
961 1754 1080 1826 potentia
1093 1769 1141 1811 sna
1155 1754 1314 1827 opprimens
1328 1761 1410 1825 atque
1424 1751 1579 1825 captivans,
1593 1761 1604 1787 ι
1625 1751 1759 1810 libertatis

651 1904 779 1960 annunt
798 1904 910 1960 GhZAEl
930 1905 1209 1962 contestantes.

141 2046 154 2071 ²
169 2035 308 2091 Peculium
328 2036 380 2091 Dei
393 2034 460 2091 dicit
481 2035 621 2091 hominem
638 2035 671 2092 ad
690 2036 839 2108 imaginem
851 2036 904 2091 Dei
956 2052 1032 2106 opere
1041 2029 1652 2105 metalliiumetutlumdemirantur.Reiugum
1664 2039 1758 2086 tamen

104 2106 261 2175 conditum,
288 2114 315 2162 et
331 2106 403 2163 velut
422 2107 552 2179 peculiari
569 2108 628 2179 ejus
641 2107 709 2164 sorti
726 2116 755 2162 et
776 2106 903 2163 tiresanro
957 2107 1040 2163 habet
1060 2122 1150 2163 sermo
1169 2106 1212 2162 ille
1228 2110 1262 2161 D.
1279 2103 1478 2177 Augustini‚de
1494 2119 1548 2175 qno
1562 2118 1655 2174 supra.
1672 2106 1757 2159 Porro

106 2176 274 2233 destinatum
298 2193 330 2234 ac
354 2187 530 2235 reservatum.
556 2180 640 2233 Porro
667 2177 809 2234 illustrabit
831 2176 904 2233 hune
957 2187 1112 2250 emptorem
1123 2176 1239 2248 figurate
1249 2176 1321 2233 dixit
1330 2171 1565 2245 diabolum,quod
1575 2173 1597 2228 is
1607 2172 1761 2255 relnticon3

107 2248 199 2305 locum
215 2249 243 2304 S.
255 2249 375 2306 Thomas
391 2249 435 2321 (ur
447 2255 522 2321 part.
539 2267 567 2320 q.
581 2254 615 2305 48
630 2254 684 2304 art.
700 2254 727 2314 4)
741 2256 903 2320 argumento
958 2256 1077 2305 tractum
1102 2248 1250 2320 quemdam
1275 2247 1424 2318 emptionis
1442 2260 1508 2301 cunr
1533 2244 1645 2299 homine
1658 2242 1757 2311 inierit,

106 2334 166 2375 ase
189 2320 343 2391 proposito,
367 2321 480 2393 ejusque
503 2320 654 2387 solutione,
683 2329 715 2375 ut
739 2319 905 2391 intelligatur
956 2319 1034 2386 dnm,
1050 2319 1145 2375 oblato
1158 2318 1220 2374 cibo
1236 2318 1334 2383 vetito,
1350 2316 1427 2388 quasi
1442 2317 1541 2387 pretio,
1557 2315 1675 2372 salutem
1698 2314 1759 2396 eJus

105 2398 239 2460 qnatenus
253 2392 338 2448 homo
358 2407 406 2463 per
421 2401 560 2463 peccatum
574 2391 685 2448 diabolo
699 2391 736 2447 sit
748 2388 863 2446 nuditus
877 2398 905 2446 et
957 2399 1093 2447 mercatus
1107 2399 1159 2457 est,
1170 2404 1287 2459 eumque
1306 2389 1334 2443 in
1346 2403 1424 2443 suam
1441 2395 1602 2458 potestatem
1618 2401 1650 2466 ae
1665 2385 1758 2442 domr-

106 2461 312 2532 quodammodo
328 2463 521 2531 venumdatus,
534 2472 561 2519 ιι
591 2479 620 2519 ιι
634 2461 731 2519 Christi
748 2461 903 2533 passionem
956 2461 1033 2516 nium
1055 2460 1119 2516 rede
1139 2461 1173 2528 it;
1188 2457 1260 2514 unde
1281 2458 1462 2513 venumdatus
1478 2458 1562 2511 homo
1576 2456 1684 2521 dieitur,
1703 2471 1759 2511 non

106 2531 237 2589 adiaboli
259 2535 321 2605 Jure
346 2541 374 2590 ct
396 2534 519 2590 dominio
542 2551 571 2590 r.
592 2543 699 2606 emptus
718 2547 750 2589 ac
764 2532 901 2588 liberatus.
957 2532 992 2586 ab
1006 2531 1068 2596 alio,
1085 2477 1138 2585 sed
1152 2545 1168 2585 a
1185 2529 1292 2599 seipso;
1314 2534 1342 2583 et
1353 2542 1407 2582 non
1422 2525 1466 2581 alii
1483 2541 1564 2597 quam
1577 2525 1695 2595 diabolo,
1709 2540 1758 2582 ve-

106 2603 215 2666 Nultas,
236 2605 335 2677 inquit,
349 2610 414 2662 emit
427 2607 469 2661 eei
479 2607 589 2660 redimit
600 2606 673 2675 quod
685 2620 763 2659 suram
776 2619 830 2658 esse
849 2618 904 2658 non
958 2602 997 2658 lut
1006 2600 1124 2670 emptori
1134 2640 1142 2668 ,
1154 2598 1202 2656 sed
1216 2598 1301 2656 intido
1312 2605 1340 2655 et
1351 2595 1535 2654 fraudulento.

106 2674 203 2741 desiit3
217 2677 263 2731 sed
276 2678 395 2733 homines
408 2694 556 2748 numquam
569 2677 704 2731 desienant
717 2691 773 2731 esse
787 2676 846 2737 Dei,
860 2688 904 2729 se·
993 2681 1004 2707 ⁰
1019 2674 1060 2728 lta
1073 2671 1208 2744 Cuychins
1222 2686 1252 2726 ιι
1267 2686 1332 2726 mss.
1346 2670 1447 2741 quibus
1461 2666 1613 2725 admodum
1628 2666 1694 2723 lisus
1704 2675 1756 2725 est.

106 2747 223 2801 cundum
235 2749 305 2802 illud
315 2752 359 2804 Pr.
377 2750 719 2813 xxrrrzttominiestterrm
729 2750 754 2801 et
762 2744 904 2816 plenitudo
956 2742 1127 2814 Augustinus
1143 2743 1168 2796 in
1181 2757 1308 2797 sermone
1321 2741 1366 2796 illo
1382 2740 1420 2796 ita
1430 2739 1513 2795 habet
1528 2759 1534 2792 ι
1551 2740 1701 2795 Libertatis
1712 2755 1759 2794 ae-

106 2816 174 2884 eias,
189 2819 260 2874 orbis
278 2822 422 2881 terrarum,
438 2823 463 2873 et
484 2821 604 2872 antaemi
634 2820 665 2871 ui
679 2818 804 2871 habitant
821 2818 850 2869 in
863 2829 901 2870 eo.
957 2818 1038 2883 cepta
1050 2815 1221 2884 priuilegium
1230 2814 1340 2882 casequi
1346 2813 1517 2866 reconsieissct.
1527 2809 1756 2866 Ciaconiusvero:

107 2886 379 2956 Erpootdetarquod
391 2834 839 2945 ctnstmaonrcdemeraaassaa
864 2899 904 2939 ae
956 2886 1102 2941 Libertatis
1122 2891 1235 2955 aceqrtoe
1254 2886 1421 2955 pontificium
1444 2884 1554 2952 ensequi
1573 2896 1628 2936 non
1642 2883 1756 2937 sinisset.

107 2956 190 3008 stoan.
207 2956 387 3024 Respondet:
404 2958 450 3010 Ad
462 2959 509 3010 hoo
520 2958 825 3024 dicandumquodbomo
855 2958 902 3010 ici·
957 2956 1017 3025 Qua
1031 2956 1173 3011 occasione
1189 2956 1248 3011 haee
1262 2955 1295 3010 de
1309 2954 1449 3025 pontificio
1467 2952 1628 3009 annotarit:
1647 2954 1759 3021 Pontid-

107 3028 215 3080 iurasse
227 3027 275 3080 liei
288 3026 449 3095 dupliciter:
462 3027 602 3080 anamodo
614 3029 783 3094 inquaratum
794 3026 904 3095 subjici·
957 3028 1028 3080 cium
1050 3042 1101 3097 pro
1111 3030 1243 3097 potestate
1260 3028 1387 3095 [aequeris
1407 3030 1446 3080 est
1466 3028 1496 3080 in
1518 3023 1758 3080 constitutionibus

108 3100 153 3150 tur
162 3098 290 3165 potestati
300 3096 372 3166 eiam
385 3100 411 3150 et
422 3098 469 3151 boc
481 3096 557 3150 rrrodo
569 3112 717 3166 numquam
733 3096 814 3150 desiit
828 3097 904 3151 homo
956 3099 1120 3165 principum,
1137 3100 1179 3152 uti
1193 3113 1216 3152 c.
1233 3097 1411 3152 Theodosiana
1429 3096 1447 3150 l.
1460 3110 1512 3162 xv,
1525 3097 1569 3150 tit.
1587 3094 1620 3149 de
1633 3095 1695 3150 Fide
1709 3095 1759 3151 Ca·

107 3168 225 3233 Deiesse,
236 3166 381 3221 scoriadam
390 3167 461 3221 illaad
469 3171 538 3223 Dan.
552 3169 766 3223 innominatus
777 3167 903 3221 Encelsns
959 3167 1124 3223 titalianus.
1140 3170 1230 3238 Neque
1253 3169 1294 3223 lais
1304 3171 1412 3238 penitus
1428 3167 1537 3237 postlata
1551 3166 1760 3221 obtinendarum

104 3239 133 3291 ia
147 3253 229 3307 repno
243 3240 421 3301 hominnmet
430 3242 584 3307 manumque
594 3240 719 3307 intuerit,
734 3237 811 3292 dabit
823 3237 900 3292 illaad.
955 3240 1136 3294 Baetasiorum
1150 3240 1319 3308 pontificiam
1327 3240 1535 3308 facultatemque
1547 3239 1679 3307 permitti,
1694 3243 1758 3305 ete,

105 3308 169 3364 Alio
179 3310 257 3364 modo
268 3326 318 3379 per
329 3312 454 3365 unionem
465 3312 607 3365 charitatis
620 3310 657 3365 ad
670 3324 744 3374 eum,
759 3309 904 3363 secundum
919 3340 942 3403 C
958 3309 1080 3362 eteoclem
1092 3309 1139 3362 tib.
1152 3310 1761 3375 titdettareticiscap.13:0mnesipiturqni

105 3380 179 3448 quod
187 3381 290 3435 dicitur
303 3385 380 3438 Rom.
391 3396 448 3439 ιιιι
464 3399 471 3436 :
485 3382 589 3451 Siquis
602 3383 730 3451 spiritum
742 3380 904 3436 christinon
958 3379 1056 3432 latram
1072 3380 1268 3448 professionum
1282 3378 1323 3430 uel
1334 3378 1502 3446 perstittcium
1520 3376 1561 3430 nel
1580 3378 1758 3433 assiriistuium

106 3450 194 3517 babet,
209 3453 320 3507 hicnon
334 3452 453 3522 estejus.
474 3455 563 3508 Princo
582 3468 643 3522 ergo
656 3452 733 3506 modo
756 3466 906 3520 numquam
958 3449 1139 3505 uindicarant.
1164 3446 1433 3516 Gettiatslib.1cap.
1458 3451 1488 3501 13
1504 3465 1510 3501 :
1527 3447 1596 3503 Sunt
1614 3448 1685 3501 enim
1706 3462 1759 3503 non

107 3523 182 3577 bomo
197 3523 335 3580 desiitesse
344 3526 403 3581 Dei.
414 3524 533 3580 Senindo
547 3538 608 3578 uero
618 3524 694 3578 niodo
705 3523 786 3577 desiit
797 3523 908 3577 cssetlei
956 3522 1101 3589 plauciqai
1114 3535 1173 3575 eum
1193 3520 1438 3575 sententiamsuam
1458 3533 1515 3572 una
1530 3519 1559 3571 in
1571 3517 1760 3588 partedettae·

103 3596 441 3664 paracoemumenum
453 3600 584 3665 quantum
596 3596 652 3662 (ait
662 3596 793 3664 apeceuto
806 3593 904 3647 tibera—
960 3594 1026 3653 rint,
1041 3595 1066 3645 et
1080 3606 1109 3646 re
1120 3592 1199 3646 semel
1211 3594 1313 3645 statuta
1325 3590 1527 3659 deliberatoque
1537 3589 1571 3643 ab
1585 3603 1613 3643 eo
1629 3588 1705 3659 cujus
1718 3605 1760 3646 ne·

107 3668 160 3727 tus,
176 3665 281 3722 Christo
292 3682 374 3737 passo
384 3669 575 3735 sainsacieate,
586 3667 689 3722 dicitur
698 3666 905 3746 perpessionem
959 3664 1061 3728 qotium
1075 3662 1106 3716 id
1121 3664 1343 3732 pontificiumque
1361 3663 1437 3723 esset,
1464 3676 1634 3731 nequaquam
1654 3666 1760 3729 praetene-

108 3734 210 3790 Cbristi
222 3752 276 3817 esse
287 3738 447 3819 redemptus.
461 3736 542 3806 Quod
554 3737 576 3792 si
588 3737 702 3817 ulterius
710 3735 823 3816 objicias
831 3732 905 3790 nulia
958 3735 1013 3816 rint
1024 3739 1117 3817 eontra
1130 3734 1232 3817 dietum
1249 3733 1307 3802 ejus
1320 3747 1373 3787 esse
1387 3733 1553 3815 faciendam.
1565 3731 1654 3813 1Αριιιι
1667 3732 1760 3788 Aruo-

106 3804 905 3955 llltltttatt‘tatttta‚lltltultultili?
959 3803 1759 3945 litttiabit-tildttttltt.t·tilithi-tad}

106 3943 164 4026 bat,
177 3959 256 4026 aquo
261 3945 384 4071 froinde
396 3944 480 4000 homo
494 3959 549 3999 non
560 3954 647 4025 preuo
659 3893 846 4012 redimendus,
858 3945 906 4001 sed
955 3952 1109 4016 potestates,
1123 3965 1207 4017 neque
1216 3962 1306 4004 eorum
1315 3945 1448 4015 oblatique
1460 3945 1490 4000 id
1504 3944 1576 4015 qaod
1591 3945 1648 4014 eiras
1662 3959 1713 3998 non
1722 3945 1759 3999 sit

106 4030 131 4069 u
155 4030 193 4070 ιιι
215 4031 259 4070 ren

108 4032 270 4157 patrocinari
280 4086 386 4151 debeat,
399 4085 577 4157 respondetS.
596 4085 718 4142 Thomas
728 4084 803 4156 qnod
814 4100 906 4154 quam·
960 4086 1179 4141 Christiestdarc
1191 4087 1419 4148 animissalutem,
1429 4087 1758 4155 etsptritumperpetnita·

107 4159 147 4212 uis
158 4157 292 4221 diabolus,
314 4162 445 4228 qnantum
457 4159 487 4211 in
499 4160 557 4228 ipso
572 4161 639 4220 mot,
655 4157 756 4227 initiate
771 4156 905 4211 bominum
959 4158 993 4211 tis
1005 4172 1146 4226 apponere.
1161 4159 1195 4211 nt
1208 4157 1429 4221 atre-,maeonis
1443 4158 1472 4210 in
1482 4157 1645 4225 repositione
1657 4157 1756 4212 Parim.

106 4242 158 4283 seia
171 4229 272 4296 {raude
281 4230 417 4299 deceptum
428 4230 478 4283 sab
492 4230 619 4284 seruitute
628 4233 738 4295 terreret,
747 4227 903 4296 justuanta-
960 4242 1069 4293 ιιιιιιιι,
1079 4228 1116 4282 ad
1131 4228 1189 4282 illos
1204 4229 1253 4298 qui
1265 4226 1392 4282 sedebam
1407 4229 1437 4281 in
1445 4230 1526 4297 porta
1536 4229 1581 4282 :ln
1589 4228 1675 4295 portr's
1685 4242 1756 4295 erpo,

106 4305 230 4354 manerat
241 4301 427 4356 boebominem
438 4302 509 4371 pati,
525 4304 577 4356 lieo
588 4303 761 4371 permittente
771 4304 904 4367 quaestum
958 4300 1061 4368 inquit,
1083 4300 1113 4353 bi
1126 4301 1262 4368 accipiunt
1284 4300 1453 4368 pontificium
1466 4296 1615 4367 judicandi
1633 4301 1659 4352 et
1678 4299 1759 4352 corri-

105 4369 143 4424 ad
157 4372 271 4440 culpam,
290 4376 315 4426 et
326 4372 472 4427 ordinante
485 4376 616 4441 quamam
630 4371 668 4426 ad
679 4374 835 4441 pmmm3ct
846 4369 904 4424 ideo
956 4370 1061 4439 pauendi.
1081 4371 1126 4426 Sic
1146 4372 1228 4425 etiam
1245 4370 1317 4426 aes.
1332 4373 1411 4426 Petro
1434 4371 1506 4424 curiit
1522 4369 1664 4425 Ecclesia:
1688 4373 1758 4425 Deus

105 4446 231 4511 emperie
241 4445 291 4498 liei
302 4443 415 4512 jaestitio
434 4445 561 4512 erigebat
577 4448 609 4498 ut
625 4443 702 4497 barm
718 4441 902 4509 redimeretur,
957 4443 1006 4510 qui
1024 4441 1098 4498 beato
1116 4444 1194 4497 Petro
1213 4441 1331 4512 apostolo
1355 4445 1400 4496 tao
1418 4442 1523 4497 collatis
1540 4440 1659 4496 clastibus
1682 4442 1760 4510 requi

106 4517 257 4567 scortantem
271 4529 305 4569 ca
314 4519 394 4584 parte
409 4514 520 4569 diaboti.
540 4515 572 4569 lu
590 4513 715 4570 eamdem
741 4510 902 4568 sententiam
957 4513 1067 4567 caleatis
1089 4515 1193 4568 ammas
1214 4513 1322 4583 laenas·
1343 4518 1425 4582 atque
1449 4512 1568 4567 solueruti
1587 4514 1758 4635 pontificium

108 4584 144 4637 D.
156 4583 310 4640 Beruardns
328 4584 457 4640 adversus
478 4587 589 4641 Petrum
610 4582 787 4640 abailardum
810 4581 903 4654 dispu·
958 4584 1113 4647 tradidisti,
1127 4593 1179 4639 etc.
1195 4583 1247 4639 llis
1262 4583 1461 4640 Ciaconiinotis
1473 4583 1572 4638 addere
1596 4581 1651 4637 abet
1661 4589 1688 4635 et
1696 4596 1758 4652 quae

107 4660 167 4708 tans
186 4654 283 4725 (Epist.
299 4656 360 4726 teo)
377 4658 516 4718 :Discunt
532 4655 776 4726 inquinamentum
792 4670 845 4709 uon
858 4668 903 4709 so-
957 4663 1147 4724 sequunturex
1159 4653 1276 4710 Baronio
1286 4656 1475 4723 (indtartprol.
1489 4654 1754 4723 tlapril.)escerpta:

107 4722 336 4794 lampatestatem,
351 4727 398 4782 sed
408 4732 433 4782 et
440 4728 544 4796 justam
554 4727 714 4782 babuisseia
725 4728 845 4781 homitias
855 4745 863 4792 ς
873 4702 941 4781 utD
957 4728 1128 4794 Pontificium
1146 4727 1249 4781 dictum
1262 4728 1310 4795 est,¹
1319 4726 1362 4792 ius
1383 4742 1414 4780 ac
1430 4724 1546 4792 promtus
1560 4723 1686 4804 quaedam
1707 4723 1759 4777 uli·

106 4802 294 4864 consequenter
316 4803 342 4854 et
356 4800 402 4853 boe
419 4798 539 4863 adeant,
554 4800 657 4853 ιιιιιιιι
675 4799 767 4866 utique
787 4799 815 4851 in
826 4812 905 4851 carate
959 4797 1027 4866 quid
1036 4797 1144 4864 apessdi.
1157 4799 1229 4852 dasne
1243 4799 1338 4851 etenim
1351 4797 1492 4866 propriam
1503 4809 1557 4848 esse
1570 4809 1627 4865 epus
1638 4796 1707 4848 uocis
1720 4794 1758 4847 si·

108 4867 158 4922 Dei
167 4867 276 4930 Filium,
285 4873 397 4938 propter
410 4870 563 4925 liberandos
579 4870 706 4923 homines.
719 4870 906 4924 Caeterumetsi
960 4870 1166 4937 edificationem,
1186 4868 1365 4937 compluribus
1385 4868 1562 4935 antiquaram
1581 4866 1636 4921 scri
1656 4867 1758 4925 tranum

103 4936 208 5007 tristam
222 4937 335 4992 dicimus
346 4939 449 4994 diaboli
458 4946 627 5010 potestatem,
648 4955 701 4994 raon
713 4944 802 4994 tamen
819 4943 845 4992 et
858 4954 902 4993 uo·
959 4941 1133 4993 monumentis
1152 4938 1232 5004 [urile
1258 4938 1472 5003 deracionatum
1488 4942 1518 4991 ut
1528 4937 1575 4991 lib.
1596 4951 1608 4992 ι
1646 4953 1660 4991 e
1677 4938 1757 4993 Βιιιιι

107 5009 249 5063 tiridatem.
266 5010 341 5065 Unde
352 5025 405 5064 non
415 5011 549 5075 diabolus,
564 5015 612 5082 qni
625 5013 739 5073 inuasit:
753 5026 806 5065 non
818 5010 903 5072 ιιοιιο,
960 5011 1088 5065 maternis
1111 5010 1174 5066 ded.
1198 5009 1335 5077 Theodos,
1357 5011 1406 5064 ubi
1430 5009 1555 5076 lequuntur·
1570 5008 1625 5063 haec
1651 5008 1756 5062 uerba:

106 5081 905 5153 quimeruiusedjustusttominus,quiemsosuit.Norsenim
958 5082 1020 5138 Sint
1036 5083 1065 5135 ιἰι
1083 5085 1226 5151 parentum
1246 5084 1377 5150 potestate
1394 5096 1425 5135 ae
1449 5080 1578 5143 demissio,
1602 5084 1632 5134 ut
1646 5077 1759 5146 fritersdi

107 5166 126 5204 u
138 5157 279 5221 potestate,
292 5154 339 5208 sed
349 5170 366 5206 a
376 5153 760 5224 uoluntatejnstusinjustusve
773 5154 832 5222 quis
841 5154 905 5207 dici·
957 5154 1125 5221 pontificium
1134 5153 1260 5216 habeant,
1275 5152 1418 5207 attenuate
1430 5154 1467 5207 eis
1481 5153 1588 5205 licentia
1602 5150 1755 5217 denegetur.

108 5224 161 5276 tur.
185 5225 238 5277 Hoc
252 5240 312 5294 erqo
328 5224 432 5279 diaboli
445 5225 581 5293 quoddam
598 5227 626 5279 in
640 5225 770 5278 hommem
782 5224 841 5294 jus,
857 5225 907 5279 etsi
959 5225 1002 5280 Sic
1014 5229 1040 5278 et
1055 5226 1083 5278 in
1092 5222 1139 5278 lib.
1152 5238 1174 5290 r,
1185 5240 1205 5277 e.
1219 5224 1283 5290 One
1297 5239 1338 5279 res
1349 5226 1453 5293 eaport.
1467 5238 1519 5277 ιιοιι
1531 5221 1603 5281 deb,
1613 5220 1759 5275 sanandum

107 5292 228 5361 aonjrne
237 5298 409 5364 acquisitam,
422 5295 773 5366 sedneqnitertnarpatum,
782 5295 856 5364 juste
865 5298 906 5349 tn·
959 5298 1101 5365 arrianam
1111 5296 1247 5350 lectionem
1267 5295 1330 5363 lepit
1343 5295 1439 5350 cattus
1451 5292 1562 5361 abortu.
1578 5292 1626 5346 lib.
1646 5306 1679 5347 vr
1692 5310 1697 5345 :
1712 5290 1759 5347 Ad

108 5378 168 5417 men
177 5366 345 5432 permissum.
359 5369 404 5424 Sic
416 5371 509 5437 itaque
527 5368 602 5422 bomo
612 5367 686 5438 juste
702 5368 823 5437 caminus
833 5371 905 5421 teue-
960 5367 1128 5421 hortatricem
1142 5366 1323 5435 trutisscrendi
1330 5366 1479 5433 uirsi,oleiet
1491 5364 1647 5433 liquaminis
1655 5364 1759 5417 nullum

110 5435 197 5498 batrtr,
209 5438 335 5492 attamen
344 5442 431 5494 necta
443 5440 605 5494 bominencc
619 5439 767 5493 indiabolo
779 5436 828 5492 illa
840 5440 906 5492 esset
959 5440 1103 5508 quisquam
1123 5438 1219 5493 babeat
1231 5439 1408 5508 pontificium.
1424 5436 1545 5494 delusisse
1560 5449 1635 5504 papa
1648 5433 1685 5488 ad
1699 5435 1759 5505 epi·

103 5506 225 5574 justitia,
238 5507 320 5561 sedin
330 5510 396 5563 Deo.
414 5510 481 5567 llaec
493 5509 655 5566 Bernardus.
959 5524 1048 5578 scopos
1061 5510 1227 5564 Dardania:
1239 5511 1321 5571 Satis,
1333 5510 1433 5578 inquit,
1449 5511 1553 5562 eorutat
1564 5507 1689 5562 Acatium
1699 5506 1760 5561 aal-

143 5578 156 5611 s
171 5575 280 5632 Scilicet
290 5575 442 5634 diabolum.
461 5581 597 5654 Reiugam
611 5578 681 5636 dirit
698 5595 748 5650 pro
763 5577 904 5651 transfuga
960 5581 1016 5635 lam
1027 5580 1151 5636 habeatne
1160 5582 1337 5651 pontificium,
1348 5580 1507 5634 sententiam
1518 5578 1587 5633 sedis
1598 5578 1757 5647 apiostolicoe,

107 5659 155 5702 seu
168 5656 301 5716 apostata,
314 5656 343 5704 nt
356 5656 385 5705 et
396 5650 657 5725 Tertullianussaepe
668 5652 784 5724 (Tertal.
794 5652 812 5705 t.
823 5668 833 5706 ι
846 5657 870 5706 et
885 5666 910 5711 ιι
963 5654 1020 5706 sine
1032 5653 1092 5721 ejas
1105 5654 1220 5714 notione,
1232 5651 1357 5707 soluendi.
1371 5651 1514 5720 Complura
1528 5650 1584 5703 alia
1596 5649 1650 5703 loca
1659 5654 1713 5702 tum
1726 5662 1760 5702 ea

109 5720 138 5771 in
153 5719 281 5773 Marmora.
297 5720 334 5774 ad
352 5736 375 5775 c.
395 5720 484 5803 10),et
500 5725 659 5780 Prudentius
673 5723 728 5793 aspi
748 5723 865 5792 Erepto,
878 5733 911 5782 ut
964 5722 1083 5794 epistolis
1094 5722 1258 5793 Symmachi,
1271 5724 1415 5777 tumetium
1425 5721 1652 5776 caaliisdioersis
1672 5720 1760 5773 aeim-

280 4032 312 4071 us
335 4022 406 4082 erat,
434 4031 497 4070 cum
518 4015 619 4070 nemini
635 4030 684 4070 sua
703 4013 779 4069 trans
793 4013 906 4070 dolusve
957 4020 1098 4084 potestatis
1112 4034 1144 4070 ac
1156 4020 1269 4071 licentia
1280 4018 1433 4085 postulatis,
1447 4019 1488 4071 itu
1500 4018 1580 4069 uarius
1592 4017 1759 4085 pontificium

108 5787 546 5861 UlpianusL.AutDomtnum,de
552 5795 870 5867 PoeuiszQuiquercfuqu
876 5810 911 5855 ιι
961 5798 1116 5865 paratorum
1130 5796 1266 5865 rescriptis
1278 5794 1380 5865 callipit
1389 5796 1495 5851 turcius
1509 5795 1540 5849 in
1554 5794 1610 5848 not.
1626 5806 1643 5844 a
1681 5789 1761 5859 epist.
