3824 6164
135 253 198 307 tdtt
676 243 816 299 loannis
834 242 986 299 CdSSlle
1006 243 1250 303 cottatton'as.
1300 308 1310 324 ἱ
1724 248 1794 304 tort

132 373 196 431 deat
208 374 237 428 in
249 371 382 429 membris
393 370 449 427 tuis
459 367 612 426 carnalium
626 375 755 424 motuum
769 367 886 424 necdum
899 367 932 424 ad
947 372 973 435 Α
987 368 1040 426 dus
1052 370 1222 428 castimoniae
1241 386 1298 429 suae
1312 371 1392 445 hujus
1403 372 1574 445 probationis
1588 371 1702 445 ponderi
1714 387 1794 428 com·

133 481 232 538 purum
253 473 364 521 excocta
384 462 554 521 commotio?
568 460 653 534 Cujus
672 460 777 517 radices
798 460 886 523 donec
906 460 935 516 in
980 476 1101 540 pensare
1122 465 1279 537 conjectans
1298 482 1305 520 ε
1323 467 1385 521 lton
1403 465 1503 521 mimnr
1516 472 1566 535 est,
1588 465 1637 529 ait,
1653 464 1677 520 si
1696 463 1795 520 ceden-

131 559 186 614 tuis
200 556 447 624 vivuntmedullis,
461 556 552 628 ignem
564 554 648 610 istum
658 552 829 610 materialem
838 568 936 625 nequa·
978 541 1065 611 vtibus
1081 556 1149 612 mibi
1162 556 1371 615 immundorum
1386 558 1530 630 spirituum
1541 558 1658 630 praeliis,
1672 556 1795 614 adustio·

131 672 214 727 quam
231 655 281 710 tibi
306 653 447 726 pacificum
467 667 526 708 esse
549 651 718 723 permittent,
741 664 823 723 quem
841 649 936 721 utiquc
989 663 1038 705 nes
1062 649 1131 723 ignis
1152 665 1220 723 quas
1243 651 1390 709 dirissimis
1414 651 1604 724 congressibus
1631 649 1792 707 damonum

132 749 273 805 innoxium
287 748 355 803 alias
367 745 468 803 sentire
479 760 536 801 non
548 745 660 816 poteris,
674 743 728 800 nisi
743 759 839 800 omnes
851 742 934 799 inter·
990 741 1133 800 inferiores
1150 760 1211 801 csse
1225 745 1381 815 credebam,
1399 745 1488 802 adbuc
1506 744 1654 802 adversum
1667 760 1714 801 me
1727 761 1792 801 sen-

134 856 185 897 nos
206 850 299 898 motus
317 840 360 898 his
379 839 485 896 indiciis
506 838 533 894 in
551 836 696 909 temetipso
717 836 866 908 experiaris
887 850 936 892 ex·
989 837 1073 892 serim
1095 839 1246 895 sevientes.
1263 839 1350 913 blajor
1370 839 1470 911 quippe
1490 847 1532 894 est
1549 837 1637 895 virtus
1656 854 1691 894 ac
1708 838 1791 894 subli-

134 934 257 991 stinctos.
278 933 354 991 Vade
375 941 403 990 et
420 930 594 1004 apprehende
614 928 719 986 nudam
738 937 767 985 et
785 926 934 1000 pulcherri·
990 930 1063 986 mior
1077 931 1174 1003 gratia
1188 932 1326 989 internam
1344 932 1484 989 libidinem
1504 932 1590 988 carnis
1604 933 1790 1004 exstinguere,

133 1045 211 1086 mam
226 1030 375 1103 virginem3
399 1035 427 1082 et
445 1027 468 1082 si
489 1026 565 1082 illam
584 1033 689 1088 tenens,
709 1022 935 1096 tranquillitatem
991 1039 1073 1096 quam
1100 1025 1233 1098 nequitias
1264 1025 1422 1084 daemonum
1446 1026 1610 1082 extrinsecus
1634 1027 1790 1095 irruentes,

131 1124 170 1179 tui
185 1123 275 1180 cordis
289 1120 461 1178 immobilem
474 1128 611 1191 aestusque
625 1116 748 1174 carnales
762 1117 891 1190 paciboos
906 1117 936 1173 in
989 1124 1002 1151 ⁸
1015 1116 1093 1190 signo
1108 1117 1220 1174 Domini
1235 1133 1267 1176 ac
1286 1117 1390 1174 sinatis
1405 1117 1539 1174 altissimi
1559 1118 1681 1190 potentia
1694 1119 1794 1192 subju-

131 1225 157 1271 te
177 1217 295 1272 senseris
309 1214 482 1286 perdurasse,
498 1211 581 1284 buius
595 1227 703 1283 quoque
723 1209 841 1267 risibilis
856 1210 937 1266 llam·
990 1225 1064 1283 gare,
1085 1210 1126 1267 rel
1144 1209 1179 1269 de
1192 1211 1311 1268 obsessis
1329 1212 1489 1284 corporibus
1506 1211 1630 1268 nominis
1651 1211 1740 1269 divini
1754 1213 1790 1270 in-

130 1325 184 1366 mas
195 1308 268 1364 mitis
282 1316 363 1379 atquc
374 1306 502 1363 innoxius
515 1306 543 1362 in
556 1304 671 1362 modum
684 1304 793 1361 illorum
808 1305 895 1361 trium
908 1305 937 1361 in
990 1302 1134 1361 vocatione
1145 1305 1304 1378 propellere.
1318 1306 1380 1361 Huc
1394 1320 1480 1377 usqne
1489 1304 1576 1361 abbas
1590 1307 1724 1363 Nesteros
1738 1323 1792 1364 ora

130 1402 279 1475 Babylonia
301 1416 450 1473 puerorum
472 1407 500 1456 te
525 1399 654 1455 allambet
675 1407 792 1454 attactus
818 1399 935 1467 (Daniel.
990 1396 1095 1452 tionem
1117 1396 1151 1454 de
1171 1413 1234 1454 vcra
1256 1397 1451 1455 charismatum
1475 1399 1639 1471 operatione
1661 1414 1790 1458 consum·

129 1497 188 1568 ιιι).
201 1498 389 1567 itaquesencx
402 1509 435 1550 ex
447 1491 607 1566 hujusmodi
620 1492 783 1549 revelatione
795 1491 936 1564 perculsus
989 1504 1079 1558 mans,
1099 1505 1152 1547 nos
1169 1489 1204 1547 ad
1218 1489 1315 1548 oollam
1334 1492 1408 1548 senis
1425 1491 1539 1564 Josepb,
1560 1507 1622 1566 quac
1639 1508 1686 1550 ser
1705 1493 1789 1553 terme

130 1605 188 1646 non
202 1588 314 1660 quidem
332 1585 509 1661 experimenti
529 1584 658 1643 divinitus
670 1584 848 1642 demonstrati
862 1585 935 1658 peri-
989 1582 1111 1640 millibus
1130 1583 1164 1641 ab
1184 1585 1244 1656 ipso
1265 1592 1338 1654 erat,
1361 1595 1556 1658 properantes,
1578 1587 1713 1645 doctrinae
1734 1604 1787 1648 sua

129 1679 189 1738 cula
211 1679 356 1749 consuluit,
374 1679 422 1736 sed
441 1680 612 1751 interrogans
630 1676 825 1735 conscientiam
842 1694 933 1745 suam,
989 1675 1155 1733 institutione
1168 1685 1329 1749 prosecutus
1343 1686 1396 1736 est.

128 1783 156 1831 ot
177 1775 324 1846 puritatem
338 1774 381 1830 sui
397 1772 487 1830 cordis
504 1773 674 1839 examinans,
691 1787 741 1828 nec
758 1771 846 1829 adbuc
865 1787 933 1844 pon·
948 1758 972 1820 Β

685 1880 812 1935 delilll
831 1880 943 1936 GdZAEl
961 1878 1242 1936 COMMENTARIUS.

133 1992 279 2058 reputare?
301 1992 337 2045 m
352 1989 489 2058 respondit
504 2008 512 2042 r
527 1990 596 2049 Non,
611 1987 658 2043 sed
674 1990 766 2042 resisto
778 1989 937 2057 copitutioni
988 1986 1035 2042 sed
1053 1990 1158 2041 tontum
1176 2003 1194 2042 a
1209 1990 1307 2043 sumtis
1327 1991 1392 2044 oirr‘s
1412 1989 1609 2060 quodammodo
1629 1991 1784 2061 reliquatio.

133 2075 208 2121 mean,
228 2075 261 2114 nc
277 2061 401 2128 colliqom
417 2061 475 2114 illo.
497 2062 533 2115 Et
549 2060 604 2112 diri
621 2060 646 2112 ei
662 2058 744 2111 abbas
762 2058 905 2114 Abrabam
924 2077 933 2113 a
989 2058 1056 2113 Haeo
1075 2056 1113 2112 ibi
1128 2073 1161 2112 cx
1175 2058 1273 2115 Graeco
1287 2068 1399 2115 auctore
1413 2059 1572 2116 rudinscule
1586 2061 1681 2116 relata.

132 2133 197 2186 Ecce
206 2146 269 2199 erpo
279 2133 347 2185 uiuit
354 2133 456 2201 passio,
467 2130 515 2185 sed
524 2131 639 2197 olliqoto
648 2133 696 2183 est.
707 2131 743 2184 Et
752 2128 827 2183 dicit
836 2131 934 2184 iterum
1023 2136 1036 2163 ⁸
1048 2128 1169 2183 Pessime
1180 2128 1207 2183 in
1222 2129 1341 2185 editione
1355 2130 1531 2203 Lugdunensi
1545 2132 1667 2200 positum
1681 2140 1720 2188 est
1731 2136 1786 2189 siue

133 2202 216 2256 abbas
227 2203 367 2257 Abraham
377 2221 386 2257 ε
397 2203 428 2258 Si
437 2201 559 2255 audiens
569 2200 603 2254 de
612 2199 714 2254 duodus
723 2200 859 2267 frutribus
869 2202 935 2269 quia
988 2200 1106 2262 Domini,
1123 2213 1173 2270 pro
1187 2202 1261 2268 siquo
1275 2203 1393 2264 Domim,
1416 2209 1446 2257 ut
1460 2200 1564 2258 habent
1578 2203 1670 2259 caeteri
1683 2203 1785 2260 codices

133 2287 202 2327 unus
212 2273 305 2341 dilipit
315 2277 376 2328 teet
386 2273 456 2327 bono
468 2272 502 2327 de
514 2276 539 2326 te
551 2271 678 2396 tossuitur,
690 2270 763 2324 otius
773 2274 863 2325 autem
874 2270 933 2325 odit
988 2276 1016 2324 et
1037 2269 1188 2340 Dionysius
1207 2270 1410 2353 parapbrastes,
1430 2280 1459 2328 et
1471 2274 1572 2330 veritas
1589 2276 1717 2346 exposcit.
1740 2278 1785 2333 Fst

134 2347 159 2398 et
175 2345 294 2399 detrabit
306 2344 367 2406 tibi,
381 2348 407 2398 et
418 2343 569 2397 cenerinto
601 2345 636 2404 te,
650 2345 777 2410 utrosque
790 2341 933 2409 equaliter
985 2338 1060 2394 enim
1069 2339 1182 2422 pignum
1195 2343 1308 2397 Domina
1324 2342 1434 2416 signum
1447 2351 1553 2401 sanctas
1567 2346 1664 2412 crucis,
1674 2345 1746 2416 quod
1757 2344 1784 2402 in

132 2417 265 2485 euripis?
275 2418 311 2471 st
321 2416 396 2470 dabit
408 2432 416 2469 ε
426 2416 494 2496 Non.
505 2413 552 2468 sed
562 2416 703 2496 extorqueo
714 2413 804 2495 quinio
812 2416 844 2494 ut
853 2413 932 2495 simt-
985 2423 1154 2492 enumeremus¹
1164 2417 1192 2493 et
1206 2410 1368 2495 daemonum
1387 2413 1611 2485 adjurationibus
1623 2416 1785 2473 invocatione

133 2483 932 2624 ttaattatatatttatttttttittttata}
985 2478 1066 2536 ‘¹¹⁹'OE
1080 2496 1200 2539 ”⁰¹¹¹'¹¹¹⁸
1215 2481 1338 2540 ³⁶¹¹¹¹³⁰¹¹
1352 2484 1431 2542 ⁵⁰¹⁰*

424 2814 816 2917 COLLATIO
852 2813 1168 2915 DECIMA
1203 2815 1493 2938 SEXTA,

665 3001 744 3072 Quae
762 2999 813 3061 est
828 2996 942 3085 prima
961 2997 1095 3065 abbatis
1113 3001 1250 3090 loseph.

851 3149 892 3200 bn
910 3149 1062 3237 abactam.

380 3360 499 3416 CAPUT
521 3360 683 3417 PRIMUM.
947 3367 1073 3431 celatus
1086 3365 1206 3437 primum
1223 3374 1384 3424 utrumnam
1397 3383 1523 3426 essemus
1540 3369 1661 3443 germani
1680 3367 1772 3434 tratres

166 3458 266 3510 Beatus
283 3453 395 3525 Joseph,
415 3453 492 3527 cujus
510 3469 582 3510 nuno
600 3454 722 3512 instituta
746 3469 778 3511 ac
797 3463 931 3527 praeoepta
984 3458 1150 3533 audiensque
1170 3460 1281 3518 anobis
1301 3461 1374 3534 quod
1390 3478 1446 3519 non
1460 3465 1576 3532 carnali,
1593 3464 1642 3523 scd
1655 3458 1772 3536 spirituali

132 3544 272 3616 pandenda
287 3554 361 3612 sunt,
384 3561 454 3601 unus
473 3562 505 3600 ex
526 3546 613 3603 tribus
632 3563 752 3618 quorum
769 3557 782 3584 ⁸
797 3548 825 3603 in
843 3547 929 3620 prima
984 3567 1106 3610 essemus
1132 3553 1300 3612 fraternitate
1323 3555 1455 3625 devincti,
1481 3572 1587 3628 uosque
1613 3557 1650 3614 ab
1673 3554 1771 3613 exordio

132 3635 276 3692 collatione
297 3635 413 3692 lecimus
430 3639 609 3705 mentionem,
624 3639 704 3695 claras
722 3640 873 3697 admodum
893 3639 932 3698 la·
984 3647 1194 3705 renuntiationis
1213 3656 1327 3717 nostrae,
1348 3658 1406 3706 tam
1428 3650 1456 3706 in
1475 3650 1698 3723 peregrinatione,
1722 3660 1773 3720 qua

134 3729 215 3787 miliae
228 3746 259 3787 ac
276 3730 420 3803 primarius
431 3729 547 3786 civitatis
558 3747 615 3788 suae
629 3731 698 3788 intra
712 3735 857 3806 AEgyptum
868 3734 930 3804 luit,
985 3738 1020 3794 ab
1035 3746 1151 3812 utroque
1162 3749 1289 3798 nostrum
1308 3741 1399 3799 tuerat
1411 3742 1520 3800 obtentu
1536 3740 1640 3798 militiae
1650 3739 1774 3812 spiritalis

132 3822 220 3901 lquaa
232 3827 385 3900 appellatur
395 3827 520 3895 Thmuis,
535 3837 561 3885 et
573 3829 610 3884 ita
621 3845 677 3885 non
690 3830 782 3886 solum
795 3833 936 3905 AEgyptia,
984 3840 1103 3904 arrepta,
1119 3849 1201 3906 quam
1221 3833 1249 3890 in
1270 3836 1390 3893 coenobii
1412 3833 1498 3894 studio
1516 3832 1653 3890 individua
1673 3846 1775 3904 semper
1817 3870 1819 3875 -

134 3920 182 3977 sed
198 3922 280 3978 etiam
295 3922 391 3978 Graeca
405 3920 531 3977 facundia
548 3921 690 3995 diligenter
705 3921 829 3991 edoctus,
845 3932 875 3980 nt
889 3923 929 3980 vel
984 3926 1177 4000 conjunctione
1194 3928 1323 4000 sociatos,
1344 3929 1391 3986 tali
1412 3943 1477 3987 usus
1496 3936 1537 3986 cst
1555 3926 1693 3985 sermonis
1706 3939 1772 3983 eror-
1817 3992 1819 3999 Α

133 4015 214 4072 nobis
239 4016 278 4072 vel
302 4015 345 4071 bis
366 4015 412 4088 qui
437 4015 621 4087 eloquentiam
646 4017 799 4090 AEgyptiam
824 4019 932 4090 penitus
983 4019 1040 4077 dio.
1088 4064 1089 4068 ,

133 4108 302 4181 ignorabant,
321 4123 379 4164 non
398 4117 430 4164 nt
451 4109 541 4166 caeteri
558 4124 605 4180 per
618 4109 804 4181 interpretem,
823 4109 871 4167 sed
885 4126 933 4183 per
1294 4094 1417 4155 CAPUT
1436 4098 1475 4152 ¹¹·

90 4265 92 4269 ¹
133 4203 310 4274 semetipsum
330 4203 531 4276 elegantissime
553 4201 713 4274 disputaret.
734 4203 786 4273 Qui
807 4219 871 4260 cum
893 4204 933 4260 in·
985 4195 1766 4269 militiamejusdemtfflt'sdtt'dfidimmt'tt'tt'ssfflmdfflm·
1806 4240 1813 4253 ·

131 4293 303 4348 stitutionem
324 4309 403 4348 snam
418 4310 469 4350 nos
489 4293 641 4351 desiderare
655 4295 800 4364 sensisset,
817 4311 932 4368 percun-
1019 4301 1032 4331 ⁰
1050 4299 1242 4356 amicitiarum
1260 4316 1292 4358 ac
1312 4301 1464 4359 sodalitatis
1486 4305 1574 4361 multa
1591 4311 1656 4360 sunt
1673 4313 1766 4376 genera,

679 4402 805 4458 aLnttttt
825 4403 937 4459 GAZAEl
957 4403 1235 4463 adunassemus.
1347 4459 1351 4465 .

169 4507 181 4536 l
194 4506 233 4558 Er
245 4511 303 4560 toto
315 4503 425 4575 quidem
437 4521 552 4560 numero
566 4506 726 4575 undecima;
740 4509 829 4579 prima
841 4518 934 4567 autem
989 4514 1055 4582 qaam
1068 4515 1147 4568 maloe
1158 4520 1232 4579 sunt,
1244 4522 1270 4573 et
1283 4518 1362 4573 bonos
1377 4521 1484 4573 tontrtm
1497 4522 1528 4574 in
1540 4520 1656 4575 medium
1668 4516 1767 4572 adduct·

134 4575 252 4632 edecem
262 4575 452 4631 collationibus
463 4575 542 4648 hujus
552 4577 677 4634 secundae
687 4578 789 4646 classis,
799 4595 860 4650 qnae
869 4596 933 4637 cum
988 4599 1056 4647 mats,
1073 4585 1134 4639 aliua
1154 4592 1217 4642 sunt
1236 4592 1363 4644 amicitia
1377 4590 1546 4660 tenporales,
1565 4592 1625 4646 alia
1637 4585 1767 4643 natumles.

132 4647 220 4703 tribus
245 4647 425 4714 anachoretis,
450 4647 509 4703 scil.
532 4647 720 4718 Cbaeremone,
743 4652 886 4707 Nesterote
907 4660 934 4709 et
988 4656 1049 4708 alica
1061 4657 1230 4726 spirituales.
1247 4661 1413 4732 Temporales
1424 4663 1552 4717 oriunbn
1564 4679 1596 4718 ur
1609 4660 1730 4728 desem,
1741 4668 1767 4710 ὅ

134 4719 186 4776 boc
196 4718 317 4791 losepho
336 4718 436 4775 ibidem
450 4717 597 4775 nominatis
609 4718 711 4776 habitae
723 4727 797 4777 sunt.
988 4729 1166 4783 communione
1177 4745 1282 4794 mauu,
1301 4737 1350 4788 aut
1357 4735 1598 4803 pereprinatr'onis,
1613 4735 1657 4786 aut
1670 4724 1768 4795 artificii

168 4784 181 4822 l
198 4795 238 4846 De
253 4792 303 4847 hac
317 4791 423 4848 civitate
437 4790 497 4847 vide
509 4806 589 4863 snpra
604 4792 695 4847 collat.
711 4797 744 4847 tt
758 4808 817 4864 cap.
832 4797 858 4848 t.
988 4798 1116 4867 mandem,
1126 4803 1493 4868 ontesnicinrbeodern,uut
1503 4821 1539 4860 ear
1548 4798 1766 4875 tujusnodiretu

169 4871 180 4895 ⁸
203 4865 305 4917 Praeter
325 4864 517 4931 Aristotelem,
541 4862 586 4936 qni
609 4870 664 4919 tres
684 4864 809 4921 amicitiae
829 4864 933 4937 species
985 4870 1058 4924 aliis.
1071 4872 1214 4928 Naturales
1228 4877 1300 4936 sunt,
1312 4876 1401 4944 patris
1413 4878 1589 4944 erpafilium,
1600 4876 1651 4946 tilii
1663 4882 1767 4941 erpopu

134 4932 269 4985 recensuit
281 4935 351 4996 (Lib.
365 4949 422 4989 vrri
435 4936 521 4989 Ettric.
536 4951 558 4989 o.
575 4934 611 5006 a),
626 4933 823 5002 delectabilem,
838 4936 932 4992 utilem
945 4925 971 4988 D
987 4943 1064 5002 trem,
1079 4943 1176 5007 fratris
1188 4958 1254 5013 erpo
1265 4945 1389 5011 fratrem,
1398 4948 1503 5016 nepotis
1515 4964 1583 5016 erpa
1592 4962 1680 5007 ouum,
1688 4940 1767 4996 mitti

133 5008 161 5056 et
183 4999 341 5083 honestam,
360 5005 464 5074 antiqui
492 5007 584 5061 Patres
606 5006 689 5062 etiam
709 5006 781 5062 varia
804 5007 930 5064 amicitiae
983 5026 1047 5080 erpa
1061 5012 1166 5075 liberos,
1179 5017 1271 5070 morus
1282 5030 1345 5084 erpo
1357 5019 1456 5071 uirum.
1469 5021 1505 5073 nt
1518 5021 1580 5073 istoe
1593 5019 1692 5088 quidem
1701 5013 1768 5067 ΝΜ·

132 5087 231 5202 genera
248 5072 458 5145 descripserunt.
473 5076 601 5131 Clemens
617 5077 816 5135 Alexandrinus
835 5077 882 5134 lib.
905 5093 930 5134 ιι
983 5085 1123 5138 mentiores
1143 5084 1197 5140 illis
1211 5101 1265 5141 esse
1280 5087 1418 5154 ardentum
1433 5089 1572 5153 uidentur,
1588 5093 1700 5159 inquam,
1715 5083 1770 5153 φᾶ·

153 5154 235 5201 trom.
254 5161 313 5217 cap.
333 5150 350 5200 9
371 5149 531 5213 εὓοιειιηιν,
550 5147 714 5217 inquinasse
729 5151 829 5219 triplos
847 5164 929 5217 penus
982 5168 1163 5222 sepenumero
1174 5156 1462 5224 illisinferioressunt.
1476 5162 1548 5215 Nam
1562 5152 1770 5216 otnubtrasisnt

132 5220 259 5272 amicitiae
274 5236 282 5271 :
297 5221 323 5272 et
336 5233 427 5271 eorum
436 5220 557 5287 primum
570 5221 678 5288 quidem
693 5236 775 5288 penus
787 5224 834 5282 est,
849 5221 930 5290 idque
984 5226 1066 5278 amici
1078 5228 1231 5293 permenius
1245 5229 1343 5295 eflecti
1352 5245 1434 5298 quum
1445 5233 1559 5299 fratres.
1574 5230 1709 5303 Spiritrdis
1722 5236 1770 5280 tert

132 5292 264 5359 optimum
276 5304 307 5343 oo
316 5292 582 5360 praestantissimum,
596 5291 626 5344 id
639 5291 712 5360 quod
726 5295 764 5345 est
775 5305 809 5344 en
819 5293 928 5355 uirtute,
984 5295 1091 5349 ditectio
1104 5311 1192 5353 omnes
1201 5299 1317 5368 reliquos
1333 5301 1446 5364 secedit,
1460 5306 1602 5374 tamquam
1612 5304 1701 5372 reputo
1712 5309 1772 5369 qut·

132 5362 223 5415 solutu
236 5363 305 5416 enim
316 5365 355 5415 est
368 5376 428 5432 qaoe
439 5366 478 5416 est
490 5363 639 5415 erratione
651 5361 765 5415 dilectio.
780 5362 930 5417 &cundum
984 5365 1047 5419 dam
1061 5379 1170 5422 suonam
1189 5369 1336 5425 dominium
1351 5371 1466 5435 dodau,
1482 5378 1510 5428 et
1530 5374 1672 5445 splendido
1690 5370 1773 5425 adiu

132 5436 231 5495 autem,
244 5448 275 5487 nc
289 5434 416 5496 medium,
430 5449 464 5488 ea
478 5433 713 5488 remuneratione:
727 5436 766 5487 est
778 5437 868 5488 autern
882 5436 930 5489 troo
983 5438 1134 5506 comptam.
1149 5439 1226 5495 Nidit
1237 5442 1308 5495 enim
1321 5445 1457 5498 terrenum
1470 5443 1515 5499 dic
1528 5449 1578 5508 est,
1591 5443 1661 5498 uude
1673 5445 1727 5497 ista
1736 5452 1775 5494 rto·

130 5515 212 5566 penus
222 5509 316 5572 aptum
326 5506 363 5560 od
370 5507 520 5561 societatem
530 5507 555 5559 et
565 5506 838 5565 communicationem,
847 5506 929 5560 liben-
982 5512 1083 5572 suatur,
1097 5511 1320 5578 quemadmodum
1333 5514 1361 5567 in
1370 5513 1449 5581 oliis;
1463 5530 1517 5570 nou
1528 5518 1601 5570 enin
1610 5530 1643 5570 es
1652 5515 1775 5569 omen

132 5574 171 5622 ter
184 5574 347 5640 inpertiam
360 5581 385 5631 et
396 5579 459 5632 oitoe
468 5576 641 5631 conducibile.
658 5578 776 5632 Tertium
786 5581 877 5631 autem
889 5576 930 5629 di·
983 5579 1047 5633 dine
1059 5582 1190 5644 natatur,
1200 5598 1253 5637 non
1262 5599 1296 5637 es
1309 5584 1490 5653 berrefioentim
1503 5603 1556 5642 non
1567 5603 1602 5642 er
1612 5590 1723 5650 notura,
1734 5594 1776 5636 nott

131 5641 225 5702 mmm,
240 5645 312 5721 qaod
327 5652 366 5700 est
383 5662 418 5701 ec
431 5647 628 5702 consuetudine.
649 5648 752 5703 Clarius
767 5648 794 5701 S.
809 5647 930 5714 Chryso·
983 5664 1017 5704 er
1039 5655 1163 5722 tempore,
1183 5654 1230 5708 scd
1248 5669 1262 5709 e
1280 5657 1401 5725 mpnnts
1419 5655 1569 5721 descmsdit,
1589 5674 1623 5715 aa
1636 5659 1697 5730 ipso
1713 5653 1776 5712 colt-

129 5717 237 5767 stomns
247 5727 273 5764 nr
283 5712 434 5781 Epistolam
442 5718 476 5772 ad
485 5716 674 5772 colossenses:
687 5718 790 5777 Multa,
801 5715 850 5780 ait,
866 5721 931 5772 sunt
983 5721 1052 5776 Haec
1076 5722 1298 5795 chrysostomus.
1327 5726 1497 5799 Augustinus
1522 5745 1589 5785 uero
1615 5728 1726 5786 homilia
1748 5727 1778 5779 tt
1817 5786 1819 5793 ,

120 5783 357 5858 camoeeaqur'du's
364 5786 622 5849 odoramentum
629 5790 755 5856 uiturpes
762 5787 927 5853 omittamus,
982 5789 1053 5847 inter
1067 5796 1103 5849 50
1119 5813 1125 5851 :
1138 5797 1177 5852 De
1188 5797 1311 5854 amicitia
1323 5796 1409 5854 uidete
1423 5799 1493 5870 quid
1508 5799 1611 5857 dmum
1625 5802 1697 5858 Sunt
1707 5794 1780 5855 uriel
