3848 6158
129 239 183 294 393
454 242 499 297 DE
517 243 752 301 OOENOBlOlthl
771 247 892 304 lh'STlT.
913 250 975 306 titt.
996 253 1028 309 Χ.
1048 281 1084 294 -
1102 255 1147 309 DE
1165 255 1299 312 SPlRlTU
1319 256 1465 313 ACEDlAE.
1729 262 1781 317 tut

124 358 251 432 iuvenes,
267 360 371 431 sinunt,
383 365 498 421 'aetum
513 366 601 424 cordis
614 383 646 424 ac
657 369 811 440 proiectum
823 374 928 444 patien·
943 379 971 443 Α
985 379 1150 437 monasteris
1176 388 1251 437 tanta
1268 379 1382 438 fratrum
1402 380 1558 439 celebritate
1580 379 1693 439 lundata
1717 386 1781 456 quia

129 453 180 510 tiae
190 462 219 511 et
232 452 392 512 humilitatis
405 458 549 516 sedulitate
563 462 652 533 operis
664 464 824 522 metientes:
837 475 865 523 et
877 483 932 525 non
984 487 1035 529 nec
1048 487 1162 546 operum
1177 491 1289 533 snorum
1305 475 1480 534 facultatibus
1497 473 1660 544 fulciuntur,
1672 485 1783 548 utpos-

129 547 222 605 solum
233 563 251 604 a
262 548 337 606 nullo
350 550 503 624 quidquam
514 554 549 610 ad
563 556 740 615 usumvietus
754 559 795 616 sui
809 561 933 633 accipere
986 566 1042 624 sint
1054 567 1083 624 in
1094 569 1134 626 eis
1157 570 1258 644 Jugiter
1282 571 1438 644 perdurare,
1452 578 1480 627 et
1501 571 1524 626 si
1550 571 1588 628 eis
1611 568 1782 643 suppeditare

130 642 273 715 patiuntur
286 643 335 701 sed
349 645 434 701 etiam
454 646 488 703 de
509 646 649 706 laboribus
668 652 725 708 suis
743 670 803 713 non
824 664 933 713 tentum
986 663 1194 736 quoquomodo
1208 664 1467 723 valeatsulticientia
1480 665 1689 723 vietusalterius
1704 665 1785 739 largi·

129 737 355 810 supervenientes
367 755 400 797 ae
415 742 571 813 peregrinos
584 744 712 802 reficiunt
721 746 830 817 iratres,
839 765 934 808 verum
986 764 1051 828 tate,
1064 758 1190 831 voluptas
1202 767 1296 816 tamur
1315 760 1362 817 otii
1375 767 1401 816 et
1413 759 1570 832 pervagatio
1582 758 1673 816 cordis
1683 758 1785 816 diutius

129 830 215 889 etiam
227 847 276 904 per
288 824 303 863 b
313 832 374 890 loca
386 833 493 907 Libyae,
504 852 566 909 quac
580 840 723 898 sterilitate
737 858 769 898 ae
778 842 849 914 lame
859 844 933 902 laba·
986 866 1035 910 eos
1052 854 1082 909 in
1095 853 1157 911 loeo
1180 870 1350 927 perseverare
1363 873 1421 913 non
1443 857 1551 929 patitur.
1568 855 1650 914 Unde
1672 855 1731 912 haec
1744 864 1785 912 est

131 935 216 993 rant.
234 941 286 983 ¹10⁰
302 943 360 984 non
372 928 455 986 etiam
468 945 517 1002 per
534 932 655 991 civitates
678 934 721 992 bis
739 937 785 1008 qoi
809 937 934 1010 squalore
987 946 1058 1020 apud
1073 951 1221 1022 AEgyptum
1237 948 1273 1004 ab
1287 949 1405 1021 antiquis
1421 950 1545 1006 Patribus
1560 949 1661 1006 sancita
1674 958 1787 1005 senten-

122 1035 275 1089 ffloefflm
290 1021 503 1092 ⁰0¹¹l³b080111¹lr
519 1025 666 1083 immanem
681 1028 851 1087 emittentes
863 1030 934 1087 diri·
988 1040 1024 1097 tia
1039 1061 1046 1097 :
1062 1044 1074 1074 ⁶
1095 1051 1255 1113 operantem
1268 1041 1435 1098 monachum
1458 1042 1584 1099 dmmone
1598 1058 1653 1099 uno
1667 1042 1784 1114 pulsari3

132 1123 203 1188 sunt
227 1115 364 1174 alimfflliae
391 1114 535 1191 victusque
560 1120 754 1193 substantiam,
780 1124 815 1180 (10
842 1123 935 1183 fructu
987 1121 1211 1193 dotiosumvero
1226 1135 1377 1193 innumeris
1390 1136 1528 1208 spiritibus
1547 1135 1691 1193 devastari.

134 1224 268 1268 manuum
285 1226 399 1269 suarum
420 1214 581 1271 rationabile
603 1231 635 1271 ac
655 1231 750 1274 verum
769 1217 935 1277 samilleium

134 1304 257 1362 Domino
267 1305 315 1362 tali
327 1305 466 1362 oblatione
483 1321 513 1363 se
526 1305 628 1365 offerre
639 1308 791 1368 credentes.
1251 1296 1373 1354 CAPUT
1405 1295 1514 1352 XXIV·

404 1413 526 1470 CAPUT
557 1414 667 1471 ΧΧῙῙῙ·
988 1412 1025 1502 ne
1037 1442 1131 1503 abbate
1142 1442 1225 1497 Paulo
1238 1483 1245 1503 ,
1266 1443 1316 1512 qui
1336 1442 1451 1510 sinqulis
1466 1441 1545 1495 urrais
1559 1454 1635 1493 omae
1652 1453 1718 1509 epus
1730 1454 1788 1494 mu-

136 1499 212 1569 Quod
222 1500 273 1555 otii
284 1516 366 1558 eausa
380 1502 466 1569 [amat
477 1503 644 1572 inpartibus
659 1504 806 1561 Occidentis
820 1520 871 1561 aaa
883 1520 937 1562 esse
1067 1529 1153 1568 rreum
1167 1529 1277 1567 suarum
1289 1516 1352 1582 ipae
1365 1513 1501 1582 supposito
1521 1512 1715 1567 concremabat.

362 1575 479 1628 cenobia
500 1575 695 1630 moaachoucm.

171 1664 298 1725 llineest
318 1664 395 1740 quod
414 1666 443 1723 in
468 1666 511 1724 bis
535 1667 693 1741 regionibus
718 1670 794 1727 nulla
812 1670 937 1729 videmus
1025 1671 1175 1745 Denique‘
1200 1671 1285 1728 abbas
1306 1670 1408 1728 Paulus
1430 1669 1641 1743 probatissimus
1660 1673 1788 1739 Petrum,

687 1833 813 1890 thllDl
832 1835 944 1891 GAZAEI
962 1834 1240 1892 COMMENTARIUS.

138 1981 244 2052 tiplieia
262 1995 343 2051 opera
363 1983 481 2052 operari,
496 1996 542 2036 uec
561 1983 627 2052 ipsas
644 1985 758 2039 mortuis
778 1985 836 2056 ejus
849 1989 937 2057 preci·
952 1998 976 2061 Β
989 1987 1127 2043 recumbas
1140 2002 1194 2041 esse
1206 1987 1232 2041 si
1246 1987 1473 2057 laberemaauura
1484 1992 1709 2051 suarumaiaaut,
1719 1990 1790 2044 sicut

140 2053 188 2108 bus
201 2054 286 2106 citam
301 2052 410 2109 reddas
427 2054 594 2122 digereretur.
609 2054 748 2112 Hactenus
769 2058 937 2116 PetrusClu·
989 2062 1082 2116 Patres
1095 2060 1274 2128 uostrilcap.
1290 2062 1325 2111 ⁴0
1340 2061 1435 2126 hap),
1452 2066 1503 2113 etc.

138 2122 276 2203 nicaensis
301 2143 308 2179 :
334 2123 432 2196 quibus
458 2124 526 2179 nihil
559 2124 684 2194 elarius,
712 2135 740 2182 et
765 2127 879 2184 solidius
901 2128 936 2184 ad
1026 2123 1134 2202 bLibya
1148 2130 1279 2187 Mareotis
1294 2129 1408 2201 AEgypto
1420 2129 1598 2184 contermina.
1613 2131 1653 2183 De
1662 2143 1715 2201 qua
1725 2127 1790 2183 alias

140 2199 289 2266 propositae
323 2194 471 2266 questionis
504 2196 713 2253 elucidationem
753 2196 847 2255 alierri
890 2215 937 2270 po·
991 2198 1095 2256 dietum
1110 2210 1159 2256 est.

141 2265 206 2321 tuit.
216 2263 322 2334 Quibus
332 2264 413 2321 etiam
428 2268 651 2323 Turrecrematus
664 2283 746 2324 suum
755 2269 867 2326 'addens
880 2271 939 2326 eal·
1026 2271 1382 2339 ⁰1dest,a1taemoneuno
1397 2272 1505 2337 tentari,
1528 2278 1559 2325 ut
1577 2268 1725 2340 Dionysius
1739 2283 1788 2322 cx-

143 2333 305 2402 culum,ubi
319 2351 411 2407 supra,
422 2337 550 2394 admonet
565 2338 631 2395 illud
642 2338 716 2409 quod
731 2339 795 2394 dicit
806 2343 834 2397 S.
847 2342 938 2411 Pater,
993 2341 1095 2414 posuit,
1111 2356 1210 2413 nempe
1227 2357 1242 2397 a
1263 2341 1357 2413 spiritu
1384 2341 1484 2399 acediae
1502 2340 1633 2412 (sumitur
1654 2339 1726 2395 enim
1747 2336 1791 2394 hie

141 2405 218 2481 quod
232 2410 294 2462 tuuc
310 2423 372 2462 acre
384 2410 504 2464 umamhi
513 2415 586 2473 surrt,
601 2413 627 2464 si
641 2411 867 2466 laboremoauum
879 2428 940 2467 sua·
991 2412 1100 2469 daemon
1114 2421 1142 2471 et
1153 2412 1267 2484 spiritus
1290 2413 1471 2484 metonymice
1485 2428 1536 2485 pro
1552 2412 1618 2484 ipsis
1636 2411 1705 2466 vitiis
1719 2424 1789 2482 quo·

140 2494 202 2534 rum
216 2479 319 2542 turmot,
333 2494 389 2535 non
404 2495 462 2535 esse
473 2480 514 2536 sie
524 2480 710 2552 accipiendum
724 2482 798 2554 quad
815 2498 871 2538 non
883 2483 940 2540 siut
991 2498 1054 2541 rum
1065 2493 1108 2545 est
1126 2493 1224 2541 auctor
1236 2492 1263 2540 et
1273 2499 1369 2541 suasor
1379 2489 1399 2552 i,
1415 2484 1462 2557 qui
1476 2492 1635 2555 operantem
1650 2498 1666 2559 a
1684 2496 1735 2538 sua
1749 2480 1792 2536 la-

139 2564 201 2606 vare
215 2549 345 2605 monachi
361 2550 477 2619 dicendi,
496 2552 543 2623 qui
558 2568 611 2607 non
627 2553 718 2608 labore
731 2568 864 2610 manuum
876 2569 938 2621 sua·
991 2553 1058 2611 bore
1072 2565 1099 2611 et
1121 2571 1202 2627 opere
1216 2563 1331 2611 meatur
1353 2564 1484 2622 avertere,
1500 2555 1552 2610 nisi
1570 2554 1675 2610 lortlter
1689 2552 1712 2608 ei
1730 2552 1792 2608 resi·

141 2635 213 2686 rum,
232 2622 281 2677 sed
294 2620 329 2677 de
346 2619 436 2689 bonis,
450 2630 499 2677 aut
515 2622 823 2681 debeneliciisaliorum
834 2625 938 2690 vivant,
992 2633 1088 2682 statur.
1109 2626 1191 2682 Unde
1204 2629 1241 2681 D.
1256 2626 1439 2698 Hieronymus
1459 2626 1604 2681 Rusticum
1623 2622 1790 2678 monachum

142 2690 251 2750 lectioni
268 2699 296 2747 et
312 2692 536 2765 contemplationi
551 2704 676 2751 vacantes
693 2714 699 2750 :
717 2695 939 2768 quandoquidem
992 2696 1088 2753 sedulo
1101 2695 1248 2752 admonet:
1265 2699 1355 2752 Facito
1375 2697 1484 2766 aliquid
1498 2699 1596 2767 operis,
1611 2699 1642 2748 ut
1653 2699 1678 2748 te
1688 2709 1792 2764 semper

141 2763 198 2836 ipse
210 2763 399 2819 sanctissimus
411 2773 487 2836 pater
497 2766 671 2831 Benedictus,
685 2774 714 2822 ut
728 2766 812 2822 refert
822 2771 855 2823 Β.
870 2768 938 2824 Grc·
992 2767 1115 2822 diabolum
1128 2769 1517 2839 iaceaiotoaeuputumfflpist.
1532 2767 1576 2838 4).
1586 2769 1790 2822 hureasenten·

141 2833 233 2908 gorius
247 2832 407 2891 insecundo
426 2835 620 2908 Dialogarum,
633 2837 809 2893 tribusannis
818 2837 844 2892 ln
856 2854 939 2910 specu
991 2837 1040 2894 tia.
1059 2854 1210 2910 numquam
1222 2838 1348 2894 oblivioni
1364 2838 1504 2894 tradenda.

142 2919 316 2978 permanens,
339 2905 373 2961 de
388 2904 429 2961 bis
444 2921 506 2979 quae
519 2923 534 2963 a
548 2909 674 2963 Romano
694 2909 830 2965 monacho
854 2910 939 2966 miui·
1027 2898 1043 2942 ‘¹
1062 2910 1092 2966 ld
1104 2918 1156 2980 est,
1165 2909 1316 2965 innumeris
1325 2909 1633 2971 vitiisesseobnorium,
1640 2904 1791 2978 juxtaillud

142 2977 307 3046 urebantur,
326 2974 443 3033 relectus
461 2986 519 3046 est;
535 2987 562 3035 et
582 2987 675 3034 tamen
696 2980 801 3037 validus
825 2995 940 3052 corpore
992 2980 1174 3036 Ecclesiastici
1190 2982 1325 3036 :Multam
1338 2981 1475 3035 malitiam
1489 2981 1580 3034 docuit
1592 2979 1713 3032 otiositas
1729 2976 1793 3045 (Ec-

143 3064 198 3105 nan
217 3046 318 3122 legitur
331 3047 365 3104 de
383 3047 477 3105 labore
493 3065 625 3106 mannum
637 3051 739 3107 victum
761 3052 938 3124 quaesivisse:
995 3051 1054 3107 eles.
1069 3053 1337 3119 sustitutionem,
1351 3050 1442 3115 idest,
1458 3064 1581 3115 omnem,
1591 3049 1646 3104 sive
1658 3046 1793 3103 omnimo·

143 3119 190 3177 sed
204 3117 329 3179 viventes
353 3119 388 3176 de
408 3119 499 3176 labore
523 3136 654 3177 manuum
675 3130 787 3178 suartrm
813 3123 941 3179 dicuntur
995 3121 1069 3178 dam.
1086 3125 1187 3185 Otium,
1200 3124 1238 3178 ait
1250 3121 1376 3188 Basilius,
1390 3123 1475 3177 omnis
1487 3121 1613 3189 maleficii
1630 3120 1792 3189 essepriacl·

144 3206 207 3248 veae
221 3191 361 3251 monachi,
377 3190 437 3260 quie
453 3192 480 3246 in
494 3191 545 3247 boc
559 3193 702 3247 imitantur
716 3201 818 3248 veteres
830 3197 939 3260 Patres,
991 3196 1079 3264 pium,
1094 3210 1168 3248 acmo
1185 3195 1283 3263 estqui
1293 3195 1395 3261 iquorel
1418 3193 1517 3259 (Baeti.
1542 3194 1571 3245 iu
1591 3188 1737 3256 Hatram).
1760 3190 1795 3243 Et
1824 3215 1827 3220 ·

144 3261 278 3334 aquibus
298 3262 443 3319 monastici
460 3262 561 3318 ordinis
577 3262 719 3334 disciplina
736 3264 842 3320 videtur
869 3280 942 3320 ema·
995 3266 1207 3336 chrysostomus
1218 3264 1246 3317 in
1256 3262 1417 3319 hiartharum
1426 3263 1548 3318 scribens
1563 3281 1570 3315 :
1587 3261 1681 3322 Valde,
1697 3259 1793 3329 inquit,

145 3347 238 3403 nasse,
257 3333 327 3407 apud
347 3349 417 3406 quos
431 3333 507 3404 quasi
521 3333 651 3405 regularis
664 3349 724 3390 mos
739 3332 788 3390 luit
801 3334 835 3390 de
850 3334 942 3391 labare
960 3370 982 3434 C
995 3336 1174 3391 desiderares
1189 3336 1264 3389 bortis
1286 3334 1408 3404 operibus
1422 3348 1476 3388 esse
1497 3337 1655 3403 occupatam
1674 3333 1794 3385 omnium

145 3420 283 3463 manuum
294 3405 389 3460 vivere.
404 3406 444 3459 lta
463 3404 515 3461 ille.
533 3406 669 3460 Caeterum
688 3406 844 3461 meminerit
859 3407 943 3462 lector
998 3409 1068 3462 enim
1080 3407 1291 3474 uitiorumquasi
1300 3407 1431 3473 amqistro
1441 3405 1565 3474 quiedam
1576 3408 1658 3472 atque
1668 3404 1743 3471 oripo
1757 3406 1796 3455 est

146 3475 248 3535 dixisse
268 3492 313 3532 me
325 3491 417 3558 supra,
441 3478 496 3530 aiei
516 3492 534 3530 a
556 3478 681 3546 praelatis
694 3478 768 3547 juste
779 3480 941 3548 importatur.
998 3480 1120 3544 otiositas
1131 3480 1226 3544 (Hom.
1243 3481 1302 3542 86).
1320 3479 1355 3531 D.
1374 3476 1552 3547 augustinus,
1568 3489 1616 3529 seu
1628 3473 1690 3542 quis
1701 3480 1796 3528 auctor

147 3548 216 3604 Cum
229 3548 305 3604 enim
318 3547 457 3619 relegiosus
469 3554 593 3603 teneatur
606 3547 717 3604 obedire
726 3549 755 3604 in
765 3548 797 3604 iis
808 3564 868 3618 quae
880 3559 945 3606 sunt
998 3564 1160 3605 sermonum
1186 3548 1220 3604 ad
1245 3547 1345 3603 tratres
1365 3546 1392 3601 in
1414 3561 1506 3601 eremo
1520 3566 1526 3600 τ
1539 3549 1590 3602 Par
1604 3544 1681 3607 hauc,
1693 3543 1794 3615 inquit,

148 3619 298 3676 meandum
312 3617 456 3689 Regulam,
467 3627 498 3673 ut
507 3620 632 3674 omnium
646 3618 700 3676 lert
710 3621 842 3676 sententia
858 3639 864 3675 :
877 3636 945 3692 opus
998 3622 1155 3691 srequatter
1167 3620 1337 3673 accendimur
1348 3618 1384 3671 cal
1397 3619 1600 3687 lemurumque·
1614 3619 1682 3672 lrarre
1695 3618 1797 3669 arriraa-

150 3705 212 3745 rero
228 3705 360 3746 masuam
375 3706 429 3743 oon
444 3689 527 3745 modo
542 3690 672 3747 indirecta
685 3701 733 3747 aut
744 3691 900 3761 reductive,
914 3699 945 3748 ut
998 3706 1061 3746 mur
1072 3692 1110 3746 ad
1124 3707 1157 3747 su
1176 3692 1293 3757 abiam,
1306 3705 1356 3760 per
1369 3691 1437 3743 letrae
1446 3691 1569 3743 ducimur
1579 3689 1616 3742 vrci
1628 3688 1725 3740 meandi
1737 3688 1795 3755 qlo-

151 3761 308 3832 loquuntur,
324 3760 356 3815 ad
374 3760 506 3832 Regulam
518 3764 551 3816 D.
575 3761 715 3818 Benedicti
729 3762 880 3833 pertineatr
897 3778 943 3818 ve·
998 3765 1078 3825 mam,
1092 3777 1142 3832 per
1190 3778 1222 3816 rec
1236 3759 1724 3828 tcatamrtrdelicutepasei.perleuare
1737 3759 1794 3822 suf·

149 3846 210 3887 rum
226 3833 309 3888 etiam
324 3846 451 3912 expresse
462 3840 490 3886 et
501 3831 637 3888 luculente
649 3832 678 3887 in
688 3832 793 3904 Regula
805 3835 947 3890 continca-
998 3834 1417 3903 foeamurpretiascuestiti,perr
1431 3831 1721 3898 luriacodsupcrstuam
1734 3827 1796 3906 rher-
1892 3834 1904 3845 ·

149 3909 194 3958 tur
207 3911 237 3959 et
257 3904 465 3974 praescribatur3
479 3902 594 3957 dublum
611 3917 671 3956 esse
694 3917 749 3957 non
776 3911 865 3972 potest
879 3906 946 3974 quin
999 3907 1166 3960 mitatabrrem
1188 3904 1340 3967 trahimur,
1357 3918 1406 3971 per
1420 3902 1489 3955 harre
1508 3901 1545 3954 ad
1562 3899 1642 3952 amba
1657 3897 1796 3951 sauclatur

151 3975 278 4044 praelatus
293 3975 365 4045 justa
377 3988 414 4027 ex
437 3987 517 4026 eausa
533 3980 580 4025 aut
596 3971 757 4026 necessitate
770 3983 944 4043 occurrente,
1000 3975 1135 4029 deerimur.
1159 3978 1312 4044 Nummum
1326 3976 1385 4042 quis
1405 3975 1470 4026 ciris
1484 3974 1606 4025 salomem
1626 3970 1687 4033 crit,
1707 3969 1797 4020 otiosi·

151 4045 309 4114 possitsuos
328 4042 521 4100 Benedictinos
534 4040 685 4096 coenobitas
696 4041 838 4109 ,maxime
852 4041 945 4123 junio·
1001 4049 1084 4099 tutem
1095 4049 1226 4099 ornarent
1241 4047 1343 4110 (Serra.
1366 4048 1423 4106 tu).
1449 4048 1554 4097 ltursus
1572 4040 1672 4094 ibidem
1692 4056 1698 4090 :
1716 4038 1798 4104 Quem

151 4129 195 4171 res
224 4124 251 4172 et
269 4115 394 4178 validos,
423 4111 544 4167 honestis
569 4110 733 4182 quibusdam
763 4110 877 4182 opillcivs
899 4129 948 4170 seu
1001 4115 1229 4175 taedetorore,ccl
1239 4114 1365 4184 psallere,
1386 4112 1508 4166 laborare
1523 4108 1799 4176 murribruuoadiylle-

150 4187 277 4257 operibus
301 4182 475 4240 manualibus
497 4197 642 4253 occupare,
660 4183 809 4252 prasertim
830 4198 864 4238 ne
891 4185 947 4242 otio
1001 4187 1191 4252 rut‚coqr'taas
1202 4185 1274 4252 quod
1283 4182 1416 4252 quamdiu
1430 4182 1518 4237 boaria
1526 4181 1646 4234 acuarit
1656 4194 1684 4234 se
1695 4180 1723 4233 ire
1732 4178 1800 4232 mili·

151 4263 290 4329 torpeant,
304 4262 351 4309 aut
365 4262 507 4325 vagentur,
529 4253 595 4310 dum
609 4255 643 4309 ab
654 4253 747 4310 allicio
758 4253 852 4310 divino
870 4255 946 4311 aliis-
1002 4259 1052 4318 tia,
1066 4270 1119 4308 aaa
1130 4256 1271 4308 insecltaait
1287 4256 1311 4308 ei
1324 4254 1436 4307 luarcria
1447 4270 1455 4318 ;
1467 4253 1514 4307 sed
1520 4257 1664 4322 postquam
1680 4252 1709 4304 ia
1723 4250 1800 4305 dorne

150 4342 202 4401 qne
220 4324 408 4396 spiritualibus
428 4332 454 4380 et
467 4323 645 4381 sanctioribus
658 4325 813 4381 actionibus
829 4335 925 4381 vacant
942 4347 949 4385 :
1004 4328 1103 4381 adamis
1114 4328 1252 4388 remansit,
1274 4324 1408 4379 laborauit
1418 4324 1568 4387 adulterio,
1585 4328 1611 4377 et
1624 4321 1800 4377 harrimdium

150 4409 196 4455 eut
211 4398 298 4453 etiam
309 4396 337 4451 in
360 4410 468 4467 poenam
482 4404 509 4452 et
521 4396 689 4468 punitionem
702 4397 844 4468 culparum
864 4398 952 4469 (Vide
1004 4399 1135 4452 commisit
1148 4397 1185 4462 (ll
1202 4399 1265 4465 itaq.
1283 4411 1317 4452 xt
1327 4399 1347 4462 ).
1363 4397 1475 4452 Samson
1486 4396 1552 4450 dum
1575 4410 1635 4449 cum
1656 4394 1801 4453 Philistoeis

150 4470 178 4526 S.
192 4472 321 4526 l'laomam
330 4483 418 4537 aprrsc.
429 4473 457 4534 9,
466 4485 486 4525 e.
500 4473 532 4533 53
544 4473 570 4523 et
581 4472 635 4532 2-2,
646 4484 674 4537 q.
689 4473 750 4536 187,
765 4485 792 4523 a.
808 4475 833 4525 ³.
846 4472 948 4528 Naear.
1000 4471 1147 4540 prrqrromt,
1162 4484 1214 4523 reare
1223 4470 1311 4538 potuit
1328 4469 1390 4538 capi
1401 4468 1435 4522 ab
1449 4468 1567 4522 hostibus
1579 4484 1587 4536 ;
1601 4466 1647 4521 sed
1655 4470 1800 4536 postquam

152 4546 290 4595 somareut.
303 4546 318 4594 2
333 4541 365 4593 dc
378 4541 469 4607 Requi.
484 4555 558 4593 uum.
576 4546 609 4594 27
620 4543 641 4607 ).
651 4539 799 4607 Quomodo
812 4540 878 4596 olim
892 4557 950 4599 mo·
987 4541 1130 4596 simmitrii
1144 4541 1173 4594 ia
1195 4542 1255 4595 siau
1266 4541 1393 4607 feminae,
1409 4542 1435 4593 et
1445 4541 1526 4594 otiose
1537 4555 1595 4593 curu
1617 4554 1648 4592 ea
1660 4538 1800 4596 remansit,

137 4612 235 4667 'naelu
255 4611 325 4667 deliu
346 4618 441 4665 uentos
459 4610 537 4665 libris
559 4618 585 4664 at
605 4609 745 4665 codicibus
781 4624 883 4683 magno
908 4615 950 4669 la·
1003 4628 1067 4667 moa
1078 4609 1740 4682 capitumetoccaturabhostibus(.luclic.xv1).
1754 4607 1800 4660 So-

152 4679 220 4737 bore
237 4690 263 4736 et
277 4627 392 4736 artizcio
410 4679 594 4735 describendis
607 4679 719 4750 aliisque
732 4678 876 4737 laboriosis
890 4699 950 4755 ope
1004 4684 1103 4751 lmaoa,
1112 4683 1177 4737 dum
1190 4687 1333 4753 ocurpatus
1342 4682 1444 4735 assatio
1453 4678 1736 4750 aedificatioactcmpli,
1748 4689 1801 4754 nou

152 4750 231 4809 ribus
249 4753 364 4807 exerceri
378 4766 409 4805 ae
423 4751 512 4821 puniri
525 4751 632 4816 solent,
648 4759 680 4807 ut
692 4749 757 4807 alibi
770 4759 811 4806 est
824 4759 949 4812 notatum
964 4747 990 4810 D
1004 4757 1088 4810 sensit
1100 4755 1256 4818 lusoriam
1280 4752 1336 4814 sed,
1348 4767 1412 4806 mose
1431 4751 1553 4829 recederes
1567 4747 1603 4827 ab
1615 4761 1707 4826 opere,
1720 4747 1802 4796 suisti

153 4824 233 4889 (tit.
248 4838 278 4879 v.
293 4840 316 4878 c.
330 4826 391 4888 38).
403 4820 456 4877 Sed
467 4820 501 4877 de
514 4821 559 4877 his
573 4822 649 4877 satis.
664 4821 733 4878 Vide
747 4821 831 4878 etiam
845 4838 907 4895 quae
917 4828 952 4884 ad
1006 4826 1137 4880 insultum
1151 4825 1268 4877 lacerae
1288 4826 1313 4876 et
1325 4822 1457 4889 deficr'srts,
1473 4821 1575 4885 femena
1591 4817 1750 4883 castigante,
1765 4813 1802 4866 uri

153 4909 216 4966 wi).
233 4894 307 4949 blib·
324 4893 529 4950 ltnolavimue·
762 4936 764 4940 »
1006 4896 1091 4962 idola,
1109 4892 1401 4947 adorauitiathalama
1412 4890 1527 4942 ndrrlum
1543 4886 1720 4956 aurerrmllll
1735 4887 1800 4953 licq.

189 4968 202 4998 ¹
219 4965 366 5037 Dionysius
383 4979 433 5019 seu
459 4962 579 5037 quisquis
589 4962 780 5034 paraphrastes
790 4965 953 5022 sententiam
1007 4969 1060 5027 vv).
1076 4964 1192 5031 l'iqilate
1211 4977 1281 5030 erqo,
1293 4963 1395 5029 fratres
1409 4958 1595 5026 vesterariae
1605 4957 1724 5028 delicere,
1736 4960 1802 5028 quia

155 5037 275 5102 invertit,
289 5036 311 5091 si
334 5052 389 5092 non
408 5035 513 5102 evertit,
534 5033 601 5090 dum
615 5034 655 5090 sic
673 5033 713 5090 eit
735 5055 742 5090 :
766 5037 904 5092 Metiemss
929 5042 955 5092 et
1007 5035 1206 5090 accsortetiores
1221 5032 1333 5094 Doride,
1352 5046 1399 5085 aec
1409 5031 1680 5099 [ortiorasSomsoae,
1697 5046 1743 5086 uae
1757 5044 1803 5083 sa-

155 5108 323 5164 iuteudeates
336 5110 365 5161 ia
380 5107 426 5161 hoe
440 5108 597 5161 ammutium
609 5106 711 5169 emeth,
722 5109 915 5176 etpatieatice,
929 5113 956 5163 et
1005 5107 1149 5178 pierttiores
1163 5105 1302 5160 Salomone
1315 5117 1359 5157 uos
1373 5117 1428 5157 csse
1441 5104 1604 5172 eoqaoscitis.
1620 5103 1686 5156 Haee
1702 5101 1748 5155 ibi.

156 5180 321 5235 humilitatis
335 5181 484 5248 muscetum
493 5178 954 5247 maqieqrvomoperisseduiitctem.
1044 5181 1056 5209 ⁶
1076 5175 1192 5232 Paulum
1209 5174 1337 5230 abbatem
1352 5188 1415 5229 cum
1435 5172 1528 5230 itidem
1547 5173 1670 5229 nominet
1681 5170 1803 5244 sequenti

156 5247 204 5311 Sic
222 5251 289 5335 ipsa.
304 5252 407 5304 Verum
422 5250 524 5321 absque
539 5248 592 5302 ulla
611 5248 826 5319 comparatione,
850 5249 891 5304 vel
905 5264 956 5321 op·
1008 5249 1110 5320 eapite,
1126 5247 1228 5319 absque
1243 5245 1400 5301 discrimine
1435 5259 1552 5318 eumque
1573 5243 1678 5299 abbatis
1701 5246 1750 5300 lllo
1768 5243 1804 5298 sis

156 5324 293 5398 matrone
306 5321 359 5376 hac
371 5328 481 5376 tantum
495 5319 582 5386 innuit
590 5322 704 5387 Auctor,
717 5326 821 5375 veteres
830 5320 892 5376 illos
902 5323 957 5376 Pa·
1009 5319 1140 5388 aequalem
1158 5326 1185 5374 et
1207 5316 1393 5391 synchronum
1407 5287 1490 5373 inisse
1504 5314 1645 5384 signilleet,
1659 5313 1693 5371 de
1708 5259 1804 5371 cadim

155 5404 214 5455 mas
227 5393 371 5466 AEgyptios
388 5392 416 5447 in
428 5391 486 5447 suis
499 5390 644 5447 monacbis
656 5398 683 5447 et
697 5391 834 5447 tironibus
846 5406 957 5465 magno·
1010 5391 1154 5464 utrobique
1166 5389 1239 5462 loqui
1260 5387 1372 5444 omnino
1386 5387 1498 5443 videtur
1509 5391 1518 5455 (
1529 5388 1599 5444 l'ida
1611 5386 1659 5441 cai.
1680 5394 1695 5441 7
1709 5403 1731 5442 a.
1744 5390 1802 5455 tu).

193 5481 224 5523 re
237 5473 373 5537 spectasse
386 5477 455 5518 num
473 5461 546 5535 operi
567 5462 688 5518 manuali
702 5463 754 5517 srbr
775 5471 897 5535 rnyuneto
911 5479 956 5519 se·
1010 5464 1111 5519 Verum
1129 5476 1194 5518 cum
1226 5463 1296 5516 lares
1311 5458 1392 5531 hujus
1410 5459 1722 5521 nominisanachoretae,
1736 5459 1806 5538 iique

157 5484 227 5596 gillo
239 5534 436 5593 incumberent.
449 5541 475 5590 et
485 5550 516 5589 ex
528 5549 559 5589 ea
575 5532 793 5605 promptitudine
808 5550 840 5590 ac
853 5534 957 5593 seduli·
1010 5534 1153 5591 sanctitate
1177 5478 1297 5589 celebres
1315 5531 1487 5598 exstiterint,
1503 5528 1612 5586 difficile
1626 5536 1669 5584 est
1688 5543 1805 5598 assequi,

159 5619 219 5668 tate
232 5606 367 5677 operisde
382 5605 513 5676 cujusque
531 5618 594 5659 vera
616 5604 708 5661 cordis
730 5605 908 5663 conversione
931 5615 959 5662 et
1010 5612 1059 5661 aut
1070 5603 1194 5670 delinire,
1202 5619 1282 5676 quem
1292 5602 1403 5658 illorum
1412 5601 1529 5658 volucrit
1538 5604 1643 5656 Auctor
1653 5598 1806 5680 designare.

158 5676 286 5756 proiectu
301 5678 448 5742 virtmnm,
462 5675 614 5748 praesertim
635 5674 796 5733 humilitatis
808 5684 836 5733 et
851 5677 957 5748 patien·
1011 5678 1112 5733 Parum
1125 5683 1228 5733 attente
1240 5682 1267 5730 et
1278 5674 1446 5731 considerate
1459 5674 1652 5743 interpretatur
1665 5670 1813 5746 Ciaconrus

158 5754 219 5820 tire,
239 5764 368 5822 magnum
388 5755 580 5819 argumentum
602 5754 630 5803 et
644 5746 778 5819 judicium
791 5748 957 5820 sumpsisse:
1011 5746 1045 5805 de
1057 5747 1142 5803 Paulo
1156 5746 1201 5802 illo
1216 5746 1304 5830 primo
1316 5747 1455 5817 eremita,
1469 5740 1708 5824 cuusvitamu.
1718 5739 1831 5788 taraxa-

157 5819 396 5901 qucmadmodum
409 5825 436 5875 ct
452 5821 488 5875 1).
503 5817 669 5877 Benedictus
682 5826 792 5890 monet,
807 5822 880 5876 Tuae
897 5834 958 5877 aare
1011 5834 1115 5898 nymns
1126 5819 1355 5896 consmrpsrtllu
1365 5817 1503 5882 tlottsnd
1536 5812 1689 5871 osseo-ta
1702 5804 1858 5865 mm&

262 5910 395 5967 Parnon.
414 5907 521 5967 xntx,
1274 5956 1283 5969 .
1683 5891 1728 5942 ⁸⁸
