3848 6158
76 220 144 275 llii'l
536 217 709 275 COlelTIO
729 220 785 275 llll.
804 246 842 262 -
859 220 905 279 bs
923 220 1158 279 POENITENTIAE
1178 220 1266 279 sins.
1662 230 1730 285 llis

74 347 127 399 tem
138 358 226 399 neeam
240 358 286 413 eqo
300 356 425 413 aquaem,
440 348 467 399 et
478 349 617 415 peccatum
628 362 716 401 merim
727 351 819 403 cadro
835 362 877 404 me
889 352 917 414 Α
932 348 967 403 rit
987 348 1138 421 consopita,
1150 356 1178 404 et
1197 348 1371 406 conscientia
1383 348 1461 421 spina
1482 348 1517 407 de
1530 348 1659 408 medullis
1671 352 1733 408 ani—

74 446 115 495 cst
134 454 238 509 semper
252 438 422 509 (Psaim.n);
441 438 507 496 illud
518 438 618 509 etiam,
635 444 671 497 Et
690 442 811 511 ooqitabo
825 456 879 513 pro
932 456 988 499 mai
1009 440 1095 515 gratia
1114 440 1165 497 Dei
1183 440 1336 498 miserentis
1349 441 1450 508 evulsa,
1462 450 1476 477 ⁸
1494 450 1601 499 eertum
1613 452 1655 500 est
1668 460 1733 501 eum

72 538 179 603 peccota
192 549 249 588 meo
259 534 374 599 (Psafm.
387 532 534 605 xxxviii).
547 536 623 591 Dum
632 549 697 607 ergo
711 535 880 609 aginmspoc·
931 534 968 592 ad
980 533 1171 593 satisfactionis
1185 534 1270 592 linem
1283 544 1365 608 atque
1378 534 1554 609 indulgentiae
1562 536 1660 593 merita
1672 554 1733 611 per·

75 626 230 695 nitentium,
244 633 273 683 et
285 626 375 684 adhuc
390 626 552 683 vitiosorum
565 636 678 685 actuum
692 629 879 686 recordatione
932 628 1047 699 ienbse,
1067 637 1096 685 et
1116 629 1150 685 ab
1166 629 1354 687 universorum
1382 630 1530 687 criminum
1555 631 1615 687 labe
1632 648 1733 705 purga-

75 718 244 789 mordemur,
269 720 453 777 necessarium
480 728 523 777 est
546 730 577 777 ut
598 722 689 795 ignem
706 721 878 779 conscientie
931 732 1002 780 tuni.
1018 722 1062 779 itd
1080 739 1165 797 quam
1191 733 1282 781 tamen
1301 722 1471 781 oblivionem
1485 740 1542 781 nou
1556 725 1621 781 elias
1635 741 1733 797 perve-

74 823 178 871 nostrai
198 815 313 872 obortus
332 831 365 871 ex
388 814 560 873 confessione
585 816 672 889 culpae
695 817 878 890 lacrymamm
931 816 1016 883 nitur,
1036 816 1090 872 nisi
1112 832 1161 890 per
1174 816 1404 873 oblitterationem
1427 815 1556 873 vitiorum
1569 824 1651 889 atque
1663 815 1731 873 affe·

75 906 164 965 imber
176 909 351 983 exstinguat;
367 926 431 967 cuin
444 925 509 968 voro
521 910 648 983 cuiquam
664 910 694 966 iu
707 911 758 968 bac
770 911 878 968 humili·
931 918 1026 966 ctuum
1049 910 1229 982 pristinorum
1247 918 1275 966 et
1296 909 1445 982 perfectam
1460 909 1554 967 cordis
1565 920 1647 983 atque
1661 911 1732 968 inte-

76 1010 132 1057 tate
144 1000 235 1057 cordis
256 1009 283 1057 et
300 1002 415 1075 spiritus
436 1002 602 1059 contritione
621 1001 724 1071 defixo,
751 1011 833 1075 atquo
848 1002 877 1058 in
929 1018 1009 1075 mam
1024 1003 1353 1075 puritatem3quamsino
1373 1003 1562 1060 dubiouullus
1574 1003 1732 1077 eorumqni

75 1095 168 1153 labore
179 1105 208 1153 et
217 1097 323 1170 gemitu
340 1097 508 1171 perduranti,
524 1098 626 1155 luorum
647 1097 798 1155 recordatio
815 1095 877 1153 fue·
929 1112 977 1169 per
999 1095 1135 1168 ignaviam
1153 1096 1211 1152 sive
1236 1104 1425 1168 contemptum
1456 1097 1520 1153 vitia
1538 1112 1587 1153 sua
1617 1112 1733 1169 purgare

623 1258 751 1314 Almltbl
772 1257 885 1313 GllZAEl
904 1255 1184 1312 COMMENTARIUS.

112 1414 125 1439 ⁸
135 1403 213 1459 ldem
226 1403 288 1460 aliis
301 1402 389 1460 verbis
399 1417 459 1474 cap.
474 1402 571 1474 quinto
589 1405 754 1457 :Toncseis
768 1404 817 1472 qui
825 1417 877 1472 pro
931 1407 958 1457 et
978 1408 1068 1457 tamen
1082 1398 1171 1455 addico
1195 1400 1337 1469 trepidans
1354 1398 1461 1455 dicebat
1483 1418 1492 1455 .·
1517 1402 1625 1471 Gostiqo
1637 1418 1734 1474 corpus

76 1477 263 1541 satisfactione
280 1475 439 1545 pervigilat,
455 1474 641 1528 acriminibiis
662 1475 826 1536 absolutum,
846 1489 879 1529 oc
930 1489 1035 1539 meum,
1047 1470 1341 1540 etseroitutisndjicio,
1355 1486 1389 1525 nc
1408 1472 1481 1538 {orte
1498 1472 1732 1542 odisproedimns,

77 1547 258 1616 depretiritis
271 1546 510 1601 adinissisocniain
513 1547 659 1615 percepisse
666 1550 813 1615 coenarent,
823 1552 876 1600 etc.
932 1546 988 1615 ipse
1001 1544 1130 1615 reprobus
1143 1544 1243 1611 erimar
1251 1542 1514 1615 (lGor.·1x).Adduc
1524 1545 1610 1607 timet,
1622 1548 1733 1671 guijam

77 1618 144 1687 Quae
158 1615 267 1686 quidem
282 1616 397 1671 assertio
418 1617 505 1686 prima
525 1613 616 1671 fronte
629 1615 713 1671 videri
735 1624 826 1687 posset
838 1615 879 1671 in·
931 1615 968 1670 ad
977 1616 1072 1669 culum
1079 1616 1198 1677 dantur,
1205 1613 1300 1682 etjam
1307 1615 1463 1668 tintereiton
1475 1615 1534 1668 enit
1543 1618 1621 1683 quio
1642 1618 1693 1671 bric
1704 1620 1735 1672 in

76 1695 118 1743 ter
141 1702 249 1743 errores
262 1687 394 1751 Cassiani,
418 1686 473 1741 sive
485 1686 664 1753 Cunctorum,
677 1690 775 1742 merito
788 1701 878 1742 ennu—
932 1690 1006 1741 terra
1023 1690 1200 1741 mnoersobm.
1213 1684 1360 1756 Perpende,
1374 1685 1441 1754 illic,
1462 1687 1529 1755 quic
1541 1690 1628 1741 nister
1648 1690 1734 1757 neqli·

78 1758 222 1825 meranda;
245 1774 310 1814 cuni
327 1765 433 1813 constet
449 1756 589 1814 nemiuem
604 1758 634 1814 in
656 1758 708 1813 lrao
729 1757 783 1813 vita
806 1758 875 1814 citra
930 1761 1027 1826 partic
1046 1759 1111 1813 solet
1131 1772 1184 1813 esse
1196 1759 1334 1811 secantes.
1353 1756 1457 1813 Habere
1478 1772 1542 1826 ergo
1564 1760 1594 1812 in
1613 1759 1664 1812 liae
1677 1761 1736 1815 vita

77 1826 269 1893 revelationem
286 1828 405 1884 divinam
424 1827 458 1883 de
483 1836 557 1884 statu
580 1828 679 1885 euiniie
697 1844 755 1886 suae
772 1837 801 1885 et
813 1843 873 1901 per·
892 1815 916 1877 Β
930 1845 983 1883 non
996 1830 1074 1885 dobes
1088 1831 1271 1891 securitatem,
1283 1844 1335 1898 per
1348 1843 1430 1898 quom
1444 1829 1581 1897 neptiqens
1598 1829 1733 1887 reddaris.

78 1906 155 1972 cepta
181 1898 259 1954 venia
287 1907 461 1970 pcccatorum
488 1906 595 1955 certum
615 1914 648 1954 ac
669 1914 796 1956 securum
820 1914 878 1956 esse
932 1900 1069 1969 Scriptum
1082 1906 1123 1956 est
1136 1902 1334 1956 enimrliootus
1347 1901 1553 1969 uirqnisemper
1567 1902 1735 1970 estpairidus

79 1985 158 2041 posse
183 1968 319 2041 (Tridont.
332 1986 402 2025 coiic.
417 1985 453 2024 ss.
466 1975 484 2023 6
496 1984 519 2023 c.
541 1974 559 2025 9
581 1974 607 2025 et
631 1971 686 2040 16),
700 1979 733 2026 ut
753 1985 785 2026 ex
798 1971 877 2027 tertia
932 1971 1189 2041 (Proo.iiiiviii);et
1199 1972 1436 2041 misererer-aptum
1450 1975 1490 2025 est
1500 1973 1735 2029 :Seruitebomino

77 2040 276 2113 notaeJ'usdem
300 2057 360 2113 cap.
382 2048 467 2112 patet,
489 2040 543 2095 nisi
564 2039 680 2112 benigna
699 2042 878 2112 explicatione
930 2044 961 2097 in
985 2044 1090 2109 timore,
1112 2047 1138 2096 et
1153 2044 1320 2097 eesuitoteci
1340 2058 1400 2097 com
1417 2046 1529 2096 tremore
1550 2043 1684 2113 (Pactu).
1700 2046 1733 2099 ln

78 2116 172 2183 (quani
184 2120 290 2180 auctor,
302 2112 364 2167 licet
375 2112 562 2179 subobscure,
575 2111 711 2194 suggerit)
723 2121 815 2184 posset
829 2128 877 2168 ei·
928 2129 1015 2183 ριιιιιο
1029 2130 1092 2183 erqo
1102 2112 1183 2182 liujus
1192 2116 1256 2167 oitoe
1270 2118 1737 2183 temporemeiitemoestrcmneoessc

78 2184 176 2238 cusani.
204 2182 285 2255 Quod
317 2191 344 2239 et
367 2181 518 2254 cuycbium
546 2190 573 2238 et
597 2183 756 2239 ciaconium
783 2182 879 2240 itidem
931 2190 971 2239 est
981 2190 1012 2239 ut
1024 2189 1122 2239 damnor
1132 2188 1230 2251 teneat,
1241 2188 1430 2253 quatenusper
1439 2186 1590 2239 recantatis
1604 2187 1735 2253 qoudium

78 2254 300 2309 animadvertisse
312 2254 461 2318 existimo,
480 2268 545 2309 oum
560 2254 659 2309 insuia
682 2254 878 2311 observationi·
931 2258 989 2310 sine
1003 2259 1055 2326 fiae
1074 2256 1245 2326 postmodnm
1262 2256 1387 2310 exsudet.
1401 2256 1470 2309 llaec
1486 2254 1642 2325 Gregorius.
1667 2260 1735 2324 Qua

77 2323 130 2380 bus
142 2341 175 2380 ac
189 2324 312 2381 censuris
328 2324 398 2381 hanc
412 2325 573 2381 sententiam
589 2324 703 2381 minime
716 2325 878 2397 attigerint,
932 2328 1056 2397 quamvis
1073 2329 1110 2383 ita
1123 2341 1153 2383 se
1169 2327 1301 2393 habeant,
1320 2326 1409 2381 solent
1421 2334 1517 2381 tamen
1530 2328 1624 2383 Patres
1636 2331 1731 2395 inan.

97 2395 124 2450 ui
138 2396 205 2450 alias
219 2395 375 2469 hujusmodi
390 2404 448 2451 tam
472 2396 614 2468 diligenter
635 2404 821 2453 escussemnt.
845 2399 878 2453 lii
931 2398 1081 2467 Rossiqnel.
1098 2398 1132 2453 de
1150 2396 1303 2468 (templium
1319 2398 1419 2454 cti-ist.
1438 2399 1735 2472 cerritanensi)

77 2409 129 2521 gae
139 2481 223 2538 porro
239 2466 418 2539 explicatione
427 2466 480 2524 tria
493 2467 694 2524 notandasunt.
707 2468 878 2593 f⁰l.oquitur
930 2468 965 2523 ad
991 2468 1207 2525 consolationem
1229 2467 1436 2538 poenitcntium,
1456 2482 1526 2523 verae
1551 2471 1737 2528 conversionis

77 2540 184 2592 Auctor
201 2553 258 2592 non
278 2537 313 2594 de
341 2539 504 2595 certitudine
527 2539 651 2595 absoluta
674 2549 703 2594 et
727 2537 792 2593 infal
805 2538 877 2607 ibili,
932 2549 960 2594 et
972 2539 1142 2595 remissionis
1164 2546 1339 2609 peccatorum
1360 2538 1437 2611 signa
1453 2536 1579 2609 quoidam
1599 2539 1734 2609 indicare,

77 2608 165 2679 qualis
178 2608 250 2679 apud
261 2608 436 2682 philosophos
459 2609 592 2667 certitudo
616 2609 876 2678 demonstrationis,
932 2617 963 2666 ut
976 2625 1008 2665 ex
1023 2610 1055 2665 iis
1080 2608 1195 2680 quisquc
1217 2608 1346 2679 conjiciat
1362 2608 1392 2663 in
1405 2624 1460 2735 2⁰⁰
1476 2616 1548 2665 statu
1562 2610 1607 2678 sit,
1627 2621 1655 2668 ct
1666 2628 1735 2684 qua·

77 2694 139 2806 pqr.
153 2680 445 2806 dllilfflllmii‘
459 2680 878 2808 *ittdliiitttdiil
931 2679 1735 2811 listiiirsdlrlttilr‘tidimittitis

77 2766 397 2902 deessessinfaififf’nssoriit
409 2768 439 2877 οῗ
449 2767 657 2903 [ὣυιίιιίῗυᾳιιω
671 2837 702 2903 eii
711 2792 878 2948 quibusdam
931 2823 1081 2878 accendant
1101 2820 1135 2877 ad
1155 2821 1181 2877 id
1198 2820 1350 2947 ostendum
1364 2792 1391 2877 et
1405 2767 1642 2894 consequendfiffn,
1659 2825 1735 2896 quod

78 2892 164 2961 signis
176 2901 204 2946 et
216 2892 322 2947 indiciis
344 2908 415 2947 verae
432 2893 629 2959 conversionis,
643 2901 709 2948 satis

79 2961 249 3016 remissionis
272 2971 445 3032 peccatorum
460 2961 596 3033 colligitur
611 2963 655 3031 (de
674 2963 774 3033 quibus
786 2962 876 3029 infru)
930 2962 1076 3019 ciliationo.
1094 2964 1163 3019 llaec
1182 2972 1275 3019 autem
1294 2963 1402 3035 signaa
1426 2964 1472 3019 SS.
1500 2964 1599 3019 Basilio
1622 2973 1649 3021 et
1669 2968 1735 3023 Ber·

78 3039 131 3087 eta
148 3034 207 3087 Deo
221 3031 375 3102 inspiratur.
400 3030 537 3098 Secundo,
561 3033 670 3088 oumab
693 3033 793 3089 horum
815 3049 878 3089 rere
930 3034 1017 3090 nardo
1031 3033 1135 3090 discere
1156 3048 1314 3105 possumus.
1334 3035 1362 3090 S.
1382 3034 1498 3090 Basilius
1515 3034 1558 3091 sic
1583 3035 1666 3092 babet
1688 3040 1735 3105 (ln

80 3103 226 3174 poenitente
246 3111 274 3157 et
283 3100 431 3173 J'ustilicato
452 3110 576 3158 removet
587 3118 699 3158 omnem
713 3103 879 3160 recordatio·
931 3107 994 3174 fleg.
1007 3108 1084 3161 Brea.
1099 3107 1180 3160 inter.
1198 3108 1263 3173 269)
1279 3121 1286 3159 :
1301 3108 1357 3161 flac
1370 3107 1641 3176 radmnpersuodori
1647 3113 1735 3178 polest

79 3188 144 3229 nem
166 3173 364 3245 praeteritorum
374 3172 537 3239 criminum,
549 3188 606 3229 uon
624 3173 748 3246 intelligit
760 3172 795 3230 de
808 3174 877 3231 sim·
893 3195 917 3260 ρ
931 3179 1030 3230 anima
1040 3178 1159 3247 cuipiam
1167 3177 1239 3245 quod
1251 3193 1269 3231 a
1275 3179 1391 3247 peccatis
1402 3178 1488 3232 libero
1497 3180 1563 3233 sitct
1571 3184 1733 3250 superacta,

98 3244 141 3300 lici
152 3260 199 3300 seu
217 3244 288 3301 nuda
303 3244 507 3312 recordatione,
528 3245 770 3312 rememoratione,
782 3260 881 3317 appre·
932 3249 959 3301 si
968 3250 1068 3316 quisita
1080 3248 1337 3317 seipaoorfeotionem
1344 3250 1421 3303 dlom
1431 3250 1547 3304 similem
1556 3252 1645 3305 Daiid
1651 3254 1736 3309 inesse

77 3260 210 3371 Kenaione
224 3315 400 3373 eorumdem:
419 3314 482 3386 qnia
491 3323 581 3387 potest
594 3316 681 3387 quisa
694 3316 810 3388 promtis
819 3331 878 3373 esse
933 3319 1168 3387 animaduerterit,
1174 3318 1249 3386 apud
1258 3334 1336 3387 quem
1345 3321 1576 3387 estrlni'quitctem
1583 3321 1644 3375 odio
1650 3323 1737 3377 liobni

79 3386 235 3455 absolutus,
257 3394 284 3441 et
301 3386 425 3442 infestari
447 3385 626 3442 nibilominus
648 3402 664 3442 a
691 3386 881 3444 recordatione
933 3389 1139 3443 etabomiriotus
1149 3389 1300 3453 sumil‘soi.
1313 3389 1431 3455 cxviii).
1444 3390 1735 3447 &acimaetensem

78 3458 296 3541 praeteritorum
308 3457 356 3514 sed
371 3457 406 3514 de
419 3456 608 3514 recordatione
621 3473 670 3515 seu
684 3457 880 3531 imaginatione
933 3463 992 3514 tvm
1007 3473 1034 3514 sc
1044 3462 1209 3529 metopium
1221 3459 1291 3513 iliad
1304 3460 1437 3529 Apostoli,
1450 3461 1499 3529 qui
1513 3460 1587 3515 dicit
1601 3479 1610 3514 .·
1625 3464 1733 3534 Mortifi-

78 3529 249 3597 illrcebrosa,
276 3538 303 3585 et
323 3544 388 3585 cum
413 3529 503 3600 aliquo
531 3528 631 3585 aflectu
650 3538 678 3585 et
697 3530 880 3588 oblectatione
933 3536 990 3585 crite
1003 3531 1121 3585 menbra
1138 3534 1238 3597 uestro,
1251 3546 1312 3599 quie
1323 3535 1477 3601 suntsnpcr
1493 3536 1604 3599 terram,
1615 3534 1734 3599 fornico-

78 3600 236 3670 oonjuncta,
260 3616 322 3672 quae
343 3600 503 3671 inpeccatis
523 3600 614 3656 carnis
632 3600 768 3673 praecipuo
784 3602 877 3658 locum
933 3604 1041 3669 tionem,
1052 3602 1263 3669 immunditiam,
1274 3603 1668 3673 libidinemconciipiscentium
1680 3622 1734 3662 mo·

79 3670 171 3735 babet,
181 3671 332 3743 diciturque
356 3670 567 3727 communitera
585 3670 719 3744 theologis
732 3670 877 3729 delectatio
932 3672 988 3727 lom
1004 3679 1031 3729 et
1041 3676 1188 3729 coaritiam
1202 3673 1309 3744 (dolose.
1331 3674 1391 3745 111);
1407 3678 1439 3728 nt
1451 3689 1512 3729 ecre
1524 3674 1613 3729 dicere
1623 3680 1711 3746 possit
1723 3697 1733 3733 r

78 3757 188 3799 morosa
202 3758 280 3825 :quae
289 3742 421 3815 quamdiu
430 3743 459 3797 in
473 3742 565 3799 animo
575 3741 689 3809 residet,
700 3750 727 3798 et
742 3744 876 3799 rationem
931 3745 1114 3801 Nonadlioesit
1123 3745 1193 3798 midi
1205 3760 1383 3815 cormacum,
1397 3744 1574 3800 declinandam
1587 3762 1605 3799 c
1616 3763 1657 3802 me
1669 3764 1732 3803 ma-

78 3813 112 3870 ad
125 3829 155 3869 se
168 3813 261 3879 traliit,
269 3823 376 3869 certum
389 3821 495 3869 estnon
514 3829 574 3870 esic
586 3813 735 3870 innomine
748 3823 777 3870 et
794 3813 877 3887 perfe
931 3816 1035 3885 liquam
1047 3832 1099 3871 non
1107 3817 1290 3887 cognoscebam
1300 3816 1384 3888 (Paul.
1396 3818 1455 3886 cxl.
1469 3818 1567 3879 Tertio,
1579 3832 1659 3886 porro
1670 3826 1733 3888 quis

77 3894 150 3940 ctam
165 3885 369 3954 poenitentiam,
384 3891 412 3937 et
424 3883 612 3939 omnimodam
625 3885 797 3940 conscientiae
807 3887 878 3964 puri·
931 3889 1062 3957 inteliiqit
1072 3904 1100 3943 sc
1108 3890 1137 3943 in
1144 3887 1299 3957 hujusmodi
1312 3889 1456 3956 affectione
1466 3889 1594 3958 positum,
1610 3890 1732 3947 sietiam

77 3963 249 4025 litemque
272 3962 314 4008 est
336 3952 596 4023 llnispoenitentiee,
619 3953 652 4009 de
676 3969 731 4024 quo
753 3953 877 4011 instituta
931 3958 1060 4013 adversim
1076 3964 1226 4029 peccatores
1247 3959 1438 4014 admirabilem
1451 3963 1477 4013 et
1499 3958 1610 4014 horrore
1624 3961 1732 4031 pteram

77 4025 136 4082 limo
160 4023 271 4080 collatio
287 4032 316 4079 et
328 4022 485 4093 disputatio.
507 4022 611 4088 Tertio,
627 4024 748 4095 loquitur
769 4023 815 4079 liic
826 4026 878 4081 ab·
930 4034 1083 4082 sanctornm
1102 4032 1223 4083 sirone-m
1236 4030 1668 4088 misericordiamiilnmimitotas
1684 4036 1731 4100 sit,

78 4096 192 4153 beenon
212 4095 247 4150 dc
260 4094 317 4165 ipsa
332 4092 501 4166 poentientia
519 4093 632 4150 veritate
650 4092 829 4165 etqualitate,
844 4104 877 4152 ut
930 4099 1002 4152 velut
1013 4098 1347 4168 borridcpadqoemest:
1364 4101 1650 4170 Vidiprieoaricoiitcs,
1661 4110 1734 4159 etta·

78 4166 136 4238 ipse
148 4165 226 4221 initio
239 4165 384 4236 hujnsoap.
399 4164 582 4231 inculcat,sed
593 4166 626 4221 de
635 4168 802 4247 punitentia
812 4170 875 4236 fiiie,
931 4168 1065 4223 discedam
1076 4169 1157 4238 (Psoi.
1170 4167 1302 4236 cxviii);
1316 4171 1440 4239 Apostoli
1450 4185 1521 4237 vero,
1532 4174 1631 4240 prlicit
1643 4192 1652 4226 r
1666 4176 1732 4240 Quis

78 4246 108 4293 ut
123 4235 231 4309 praefert
246 4236 338 4292 titulus
351 4234 434 4307 hujus
453 4235 621 4304 collationis,
634 4236 661 4292 id
675 4244 726 4300 est,
742 4235 778 4292 de
791 4253 876 4309 scopo
930 4240 1096 4309 irritarentur,
1111 4245 1136 4295 et
1149 4256 1195 4309 eqo
1206 4240 1408 4309 nonintirmor?
1433 4241 1692 4313 cisscoiidiiliiatur,
1707 4254 1733 4301 et

78 4317 106 4364 ct
124 4308 298 4380 perfectione,
313 4307 440 4378 adquam
452 4307 603 4379 tenditipsa
615 4307 785 4379 poenitentia.
800 4310 877 4366 Tunc
930 4312 1132 4380 cpononnrorfl
1141 4310 1257 4381 Conni)
1267 4309 1391 4367 ilitinfra
1399 4330 1406 4366 :
1414 4256 1732 4386 gimnmoninqneiqitur

78 4378 151 4435 euim
166 4378 285 4449 perfecta
299 4386 327 4434 et
350 4387 540 4434 consummata
559 4388 683 4436 censetur
703 4379 874 4451 paenitentia,
930 4382 1330 4451 quise-clinsiiisuelinciieriis
1339 4386 1455 4453 pooootis
1466 4385 1636 4456 eomedoqno
1647 4402 1732 4458 supra

77 4466 141 4507 cum
154 4451 216 4522 quis
228 4465 277 4521 per
291 4464 373 4522 opera
388 4450 555 4520 poeuiteutiae
567 4459 594 4507 et
608 4448 802 4508 satisfactionis
816 4451 876 4524 ple·
929 4454 1052 4509 dirimas
1061 4453 1285 4523 unimooffectiim
1294 4470 1322 4509 se
1331 4456 1564 4522 ciiiinodoerteiit,
1577 4464 1634 4513 tum
1641 4460 1733 4515 aedat

77 4522 181 4578 nariam
194 4521 318 4577 oninium
332 4530 507 4594 peecatorum
515 4521 622 4578 veniam
636 4530 664 4579 et
672 4522 873 4591 remissionem,
928 4540 957 4580 se
969 4525 1113 4580 liberrimo
1131 4531 1250 4596 perorato.
1269 4526 1297 4581 S.
1313 4526 1470 4582 bernardus
1489 4543 1554 4583 vero
1573 4528 1614 4584 sic
1628 4533 1728 4595 (serm.

76 4602 136 4649 tum
150 4592 241 4664 quoad
267 4592 387 4664 culpam,
401 4598 461 4648 tum
475 4591 565 4665 quoad
579 4609 691 4664 poenam
711 4602 875 4651 consecutus
888 4582 914 4645 D
929 4596 1081 4652 memoriis
1093 4597 1206 4669 orandi)
1220 4618 1226 4653 :
1240 4599 1278 4654 At
1286 4599 1519 4668 sortasseqnieras
1529 4600 1601 4654 uiide
1611 4606 1733 4669 autqua-

77 4674 129 4731 cst,
144 4680 207 4720 cum
220 4664 264 4720 hic
273 4662 379 4719 sitlinis
389 4671 416 4719 et
424 4678 525 4735 scopus
537 4664 716 4735 poenitentim,
731 4675 761 4722 ut
769 4666 873 4722 dictum
927 4669 1005 4723 modo
1016 4684 1092 4723 nosse
1101 4671 1201 4738 poteris
1208 4674 1300 4723 istrum
1312 4668 1380 4723 loric
1387 4676 1539 4723 consecutus
1550 4670 1586 4723 sis
1595 4672 1731 4740 irididqen·

76 4744 126 4793 est.
143 4739 178 4791 itt
191 4736 225 4792 de
238 4736 291 4791 hoc
303 4735 395 4791 nullus
408 4734 436 4789 in
447 4734 497 4791 bac
511 4735 563 4790 vita
577 4736 689 4791 omnino
708 4747 799 4793 certus
814 4752 874 4794 esse
928 4742 1007 4794 tiam.
1015 4740 1059 4795 Sic
1070 4742 1201 4794 nimirum
1212 4740 1397 4794 conseruando
1410 4740 1574 4793 humilitatis
1586 4743 1676 4809 qratia
1688 4743 1731 4796 di-

97 4814 176 4873 otest,
190 4806 241 4861 nisi
255 4821 288 4861 en
307 4804 415 4887 speciali
425 4806 587 4862 revelatione
601 4805 701 4874 divina,
716 4816 747 4862 ut
760 4807 798 4863 illi
811 4808 874 4879 qui·
928 4812 992 4864 tino
1003 4811 1161 4879 soletpietas
1173 4810 1349 4872 ordinarent
1359 4814 1461 4879 quanto
1474 4811 1534 4879 quis
1540 4811 1728 4883 plnsprofioit,

77 4822 155 4931 Euan
173 4876 291 4930 frumino
300 4874 405 4931 drotum
417 4886 460 4933 est
479 4895 486 4932 :
502 4881 697 4944 demittuntur,
709 4880 874 4935 retromissa
928 4896 957 4935 eo
968 4883 1057 4935 mdiiis
1069 4895 1097 4935 se
1115 4884 1219 4949 repmtet
1238 4882 1392 4949 profecisse.
1408 4882 1445 4935 Et
1462 4889 1523 4951 post
1535 4897 1618 4951 pauca
1632 4903 1640 4941 :
1658 4887 1730 4941 aava

76 4953 141 5003 snrit
155 4947 319 5017 tibipoccatn
331 4951 378 5001 tna
389 4950 496 5013 (llattli.
509 4964 557 5016 iii3
572 4952 635 5006 Luc.
649 4964 670 5005 v
683 4954 710 5005 et
722 4950 788 5021 vii).
801 4951 874 5023 Quin
927 4954 969 5007 oit
981 4952 1109 5006 Dominus
1124 4952 1297 5021 paralytico:
1315 4953 1410 5020 Stirpi,
1425 4952 1487 5007 tolle
1497 4952 1593 5007 lectiam
1605 4959 1691 5023 tenni,
1703 4962 1730 5012 et

76 5019 160 5075 etiam
173 5020 252 5090 culpa
265 5032 321 5071 nou
332 5025 412 5072 vacat
427 5019 454 5071 id
468 5021 599 5076 curiosius
613 5036 696 5091 quam
715 5036 764 5092 par
776 5029 817 5077 cst
833 5021 874 5077 in·
927 5023 1036 5077 ambula
1047 5021 1155 5093 (blattis.
1169 5026 1226 5087 ix).
1240 5024 1276 5077 Et
1290 5026 1321 5077 tn
1330 5038 1402 5092 erpo,
1420 5026 1447 5078 ιο
1458 5025 1483 5078 ιι·
1489 5024 1551 5093 jorn
1562 5028 1652 5094 sarpis
1663 5029 1730 5082 desi-

77 5091 142 5145 vesti
163 5106 223 5157 are,
246 5088 478 5159 quemadmodum
508 5092 648 5161 respondit
666 5094 701 5146 D.
729 5093 875 5165 Gregorius
928 5094 1729 5166 deriosupcrrioium32⁰siqrudotumtoliis,coipusscilicct

77 5106 162 5216 nobili
184 5161 294 5242 cuidam
317 5158 427 5241 feminae
441 5177 472 5216 ex
487 5160 662 5243 imperatoris
679 5162 758 5230 avila,
772 5177 833 5233 quae
846 5164 874 5221 id
928 5167 1071 5219 ctrmenis
1088 5165 1192 5219 elevans
1211 5166 1412 5245 voluptatibus,
1428 5170 1460 5219 iit
1475 5168 1537 5234 jam
1551 5182 1604 5220 nori
1619 5170 1729 5233 [matur

76 5231 113 5287 ali
123 5248 156 5287 eo
173 5232 276 5287 obnixe
287 5239 432 5303 quaesierat
448 5250 454 5286 :
472 5235 545 5298 lirin,
561 5234 649 5302 inquit
664 5234 732 5299 (Lib.
748 5249 778 5289 vi
794 5238 873 5305 epist.
927 5238 1019 5291 anima
1031 5237 1247 5306 concupiscentiis
1260 5251 1327 5305 cine,
1337 5237 1384 5291 sed
1397 5238 1485 5305 carpis
1497 5238 1728 5307 ipso,utdi'qnnrri

79 5308 151 5371 iso),
167 5305 290 5356 inutilem
301 5305 454 5372 prestulosti,
467 5306 535 5373 qnia
544 5320 638 5359 securo
648 5305 682 5361 de
690 5308 807 5377 pcccatis
821 5308 875 5361 tuis
927 5311 977 5376 est,
999 5314 1078 5377 reqct
1088 5308 1158 5362 iliud
1169 5314 1195 5361 ct
1213 5308 1287 5373 serat
1304 5323 1356 5376 quo
1368 5322 1422 5362 nori
1441 5308 1515 5374 unilt,-
1540 5314 1569 5362 3⁰
1584 5310 1728 5365 cidamum

75 5376 136 5445 fleri
155 5389 207 5427 non
218 5372 305 5439 debes,
318 5377 375 5429 nisi
386 5391 447 5430 oum
461 5376 522 5445 jaim
537 5378 568 5430 in
580 5376 625 5430 die
635 5379 699 5432 oitae
712 5382 765 5431 tum
779 5378 874 5432 ultimo
927 5380 1060 5442 ambulas,
1072 5394 1133 5449 quie
1146 5384 1291 5433 retroeunt
1304 5378 1468 5441 obliviscens,
1480 5383 1505 5432 et
1517 5379 1588 5433 adea
1599 5386 1729 5449 queunte

73 5448 204 5516 morigere
216 5444 308 5499 iridem
314 5452 422 5514 peccato
430 5448 646 5503 minimeeolebis
656 5467 665 5513 ς
676 5464 737 5517 price
745 5449 802 5503 dics
811 5464 875 5519 quo-
927 5454 989 5504 sunt
1000 5450 1142 5504 retarderis
1156 5450 1288 5505 desiderio
1303 5453 1329 5503 et
1337 5451 1474 5520 proposito
1487 5452 1727 5521 proliciendiss‘lii·

76 5518 267 5585 nsqueeeniat,
276 5530 378 5585 seraper
386 5526 518 5587 snspemo,
530 5535 634 5589 sempor
644 5519 874 5589 trepidnmetuerc
928 5521 976 5589 lip.
1002 5524 1064 5589 111);
1081 5524 1205 5575 curatum
1219 5524 1244 5574 te
1267 5534 1321 5575 osse
1345 5536 1399 5575 nori
1410 5520 1516 5575 dubites
1537 5540 1545 5578 r
1563 5528 1729 5593 nequeenim

76 5589 169 5657 crilpus
191 5589 278 5651 dedas,
299 5592 381 5656 atqie
395 5602 438 5643 ens
451 5592 620 5659 quotidianis
643 5590 748 5659 fletibus
773 5591 872 5645 laoarc.
927 5596 1159 5660 surperepoteros,
1169 5593 1196 5645 si
1207 5606 1260 5645 riori
1270 5592 1444 5662 aliquatenus
1457 5600 1599 5649 onusesset
1612 5596 1729 5652 olicino-

77 5658 151 5713 Ccrta
160 5659 259 5714 l¹naliie
275 5658 410 5727 iiqiostoins
418 5658 478 5727 joiri
491 5661 528 5715 od
545 5665 655 5717 tertium
667 5662 761 5715 calatin
777 5677 874 5716 ascari·
929 5666 1003 5728 tum3
1016 5668 1042 5717 et
1054 5663 1253 5731 necqrobatnm
1268 5662 1369 5731 tollere,
1385 5664 1440 5717 iiisi
1453 5673 1616 5722 deoneratus
1628 5672 1725 5737 maqn.

74 5728 163 5792 derat,
172 5730 875 5801 inpiiradisiimquoqueductns(aciutarcunucerda
928 5737 995 5805 quin
1004 5750 1049 5789 neo
1062 5735 1203 5789 arridularo
1215 5736 1244 5788 iii
1257 5736 1364 5802 (eruore
1380 5738 1585 5793 corruerentionis
1594 5754 1654 5793 cam
1662 5754 1727 5809 pec·

77 5801 287 5872 audieratque
300 5802 402 5857 bonnm
416 5802 490 5871 loqui
506 5818 559 5859 ιιοιι
573 5806 661 5861 liceret
679 5803 715 5876 (ll
731 5805 789 5863 cor.
805 5804 873 5877 iiii),
928 5810 1051 5861 calmum
1063 5807 1142 5875 provi
1160 5806 1228 5861 mole
1245 5806 1373 5876 possibile
1385 5812 1435 5864 est.¹
1449 5808 1490 5863 lta
1511 5808 1543 5863 b.
1558 5809 1725 5865 bernardus.

723 2892 839 2948 aetionis
851 2901 879 2949 ot
931 2891 1046 2949 fortasse
1055 2893 1179 2949 nondum
1194 2909 1211 2948 a
1230 2901 1308 2964 eptus
1323 2901 1365 2949 est
1379 2892 1408 2947 in
1423 2892 1475 2948 liae
1492 2908 1555 2948 cuni
1567 2896 1626 2950 Deo
1640 2910 1734 2952 recon-
