3848 6158
133 330 188 386 tus
377 331 422 386 DE
441 331 684 390 COENOBIORUM
703 335 825 391 rn'stlr.
845 336 909 393 tre.
929 339 960 395 11.
983 369 1015 379 -
1036 339 1080 394 tte
1098 338 1292 397 nocturnus
1310 340 1549 399 oestrostets.
1742 350 1792 402 rto

128 453 172 511 ret
185 467 322 526 synaxeos
338 468 403 510 cura
426 456 615 525 committitur,
631 472 688 512 non
703 458 814 530 passim,
829 468 861 516 ut
877 461 936 517 libi·
950 466 977 528 Α
991 462 1080 519 dictur
1094 463 1208 533 horam3
1223 465 1263 521 rel
1277 457 1405 522 eamdem
1417 465 1600 534 dormiturus,
1616 475 1698 541 atque
1717 467 1792 525 testi-

129 556 260 614 tumeet,
273 563 325 604 nea
346 557 429 620 prout
447 558 528 608 nocte
542 549 623 608 tuerit
645 553 869 626 expergefaetus,
888 563 937 611 aut
990 555 1087 612 nusad
1100 570 1231 614 somnum
1250 559 1393 631 anticipet,
1405 568 1433 616 et
1453 576 1508 616 non
1524 569 1580 617 tam
1601 560 1693 619 oltlcio
1715 562 1793 636 spiri·

127 641 321 715 opportunitas
339 657 403 698 eum
423 643 513 699 somni
531 644 633 716 proprii
647 658 697 702 seu
716 646 843 703 insomnii
857 662 936 704 coer·
989 646 1054 716 tati,
1077 647 1120 704 rel
1147 648 1230 722 quieti
1253 650 1379 707 omnium
1406 650 1569 722 deservisse,
1585 669 1667 725 quam
1691 654 1791 729 requiei

128 736 256 804 cnvenit,
271 734 369 790 tratres
390 735 473 792 etiem
494 735 528 792 ad
547 736 721 809 quotidianas
737 739 841 810 vigilias
855 755 936 797 ersu-
990 756 1049 798 suae
1061 742 1224 799 satisfecisse
1234 743 1370 801 credatur.

100 864 104 871 -
129 829 229 886 &tare
255 829 406 900 proesumit.
435 830 489 886 Sed
517 831 643 902 quamvis
670 847 735 888 eum
767 832 936 890 oonsuenado
1271 852 1394 908 CAPUT
1409 855 1514 910 xum,

129 919 274 988 diuturna,
286 922 354 978 bora
364 923 443 978 solita
460 923 586 998 evigilare
598 926 757 997 compellet,
771 935 863 983 nmen
877 928 935 983 sol·
1001 1008 1011 1023 ἱ
1026 945 1102 1011 Quod
1112 960 1131 998 a
1142 959 1253 1013 vespera
1266 947 1382 1002 Sapua„-
1396 962 1481 1017 ,ηψπ
1499 950 1537 1003 ap
1549 965 1687 1021 „mmm
1698 952 1755 1007 ,pop

128 1012 220 1085 licite,
243 1012 454 1089 frequenterque
478 1018 618 1074 stellarum
640 1034 722 1075 eursu
752 1020 935 1091 praestitutum
1148 1018 1395 1085 Dominicoepcuua
1409 1021 1626 1087 uorrflectamuu.

128 1111 350 1184 congregationis
360 1119 471 1183 tempus
488 1111 648 1182 explorans,
663 1110 699 1167 ed
719 1113 874 1168 orationum
887 1126 936 1169 eos
1027 1119 1086 1172 tloc
1105 1132 1214 1189 quoque
1230 1132 1309 1174 nosse
1328 1117 1522 1189 debemns‚¹e
1544 1136 1653 1192 vespera
1674 1122 1790 1191 sabbati,

128 1203 228 1260 inritat
239 1203 425 1273 cilicium,ne
439 1205 467 1260 in
485 1211 603 1277 utroque
623 1205 775 1262 inveniatur
791 1207 934 1274 incautus,
988 1226 1050 1283 quas
1078 1211 1190 1267 lucescit
1206 1215 1233 1267 in
1250 1211 1321 1268 diem
1335 1211 1518 1283 dominicum,
1536 1229 1622 1285 usque
1640 1213 1673 1269 ad
1695 1231 1792 1287 vespe-

129 1298 222 1387 si'rel
250 1313 397 1370 oppressas
417 1313 517 1354 somno
541 1307 672 1354 statutam
693 1300 782 1356 roctis
797 1308 934 1375 transgrc·
987 1317 1049 1358 ram
1069 1312 1228 1375 sequentem
1251 1303 1323 1375 apud
1345 1297 1512 1376 rl'rgyptiosb
1532 1288 1620 1377 pertua
1651 1322 1707 1362 non
1730 1323 1792 1363 cur·

683 1442 809 1500 stenar
828 1444 941 1501 GAZAEI
958 1443 1239 1502 COMMENTARIUS.

129 1568 230 1622 niutan
243 1569 369 1622 irrcautus
383 1566 431 1621 :id
440 1570 489 1631 est,
501 1582 534 1621 ne
545 1568 587 1621 tel
596 1583 737 1639 oppressus
751 1586 842 1625 somaro
851 1576 936 1626 statu·
988 1574 1122 1643 nequead
1137 1575 1331 1628 obseruandum
1348 1576 1500 1629 fructicemus
1513 1575 1639 1645 jcjcun‘a3
1656 1592 1740 1644 rreqrre
1754 1577 1791 1630 cut

130 1642 190 1693 man
205 1640 290 1693 noctu
303 1643 427 1693 transeut
436 1639 545 1704 horam3
556 1641 597 1693 rel
608 1642 728 1695 carnatem
740 1644 857 1710 festinas
867 1646 936 1697 anti·
988 1646 1157 1698 eemunctum
1170 1650 1253 1700 mam
1263 1662 1349 1713 qanrtn
1360 1647 1529 1699 succidamus
1545 1666 1553 1700 :
1566 1647 1612 1699 scel
1623 1649 1692 1700 sicut
1702 1648 1735 1699 clo
1747 1650 1788 1701 ui·

130 1711 214 1780 cipes.
227 1711 295 1765 Haee
308 1709 361 1764 itte.
381 1708 434 1764 Sed
444 1724 479 1764 ne
495 1709 559 1781 quid
573 1709 616 1765 hie
629 1720 785 1782 praetereat,
806 1712 880 1784 quod
899 1713 934 1769 ad
987 1716 1050 1768 nica
1064 1717 1176 1769 solemus
1196 1719 1297 1781 tacere,
1313 1720 1394 1770 eructi
1403 1722 1428 1770 et
1442 1720 1539 1786 feriati
1562 1719 1790 1771 Resurrectionem

129 1778 272 1851 juniorum
293 1779 520 1847 instructionem,
533 1787 561 1836 et
579 1782 665 1837 nostri
680 1783 794 1839 instituti
820 1782 939 1839 elucida-
992 1788 1102 1840 basuini
1119 1787 1291 1839 celebramus.
1306 1788 1334 1840 S.
1350 1787 1530 1858 hieronymus
1552 1786 1577 1840 in
1601 1788 1717 1858 Dialogo
1740 1788 1787 1841 ad·

129 1850 237 1907 tionem
249 1851 384 1923 pertinere
400 1849 536 1918 ridentum
551 1851 616 1906 libet
632 1854 714 1908 etiam
735 1853 800 1910 illud
820 1852 936 1923 addere,
991 1870 1085 1911 sersus
1106 1855 1313 1911 luciferianos:
1331 1859 1379 1912 llic
1403 1857 1545 1918 donuinico,
1570 1862 1595 1911 et
1616 1873 1665 1927 per
1688 1874 1790 1911 amarem

129 1921 208 1994 quod
222 1922 248 1977 iu
260 1937 284 1977 o.
300 1927 330 1977 11
349 1921 470 1994 ejusdem
488 1924 601 1995 Regulos
621 1923 736 1980 habetur
746 1925 892 1997 singulare,
908 1935 935 1982 et
990 1929 1159 1982 Pentecosten
1174 1944 1222 1981 nec
1239 1928 1272 1981 ue
1286 1930 1417 1995 penitutis
1432 1929 1563 1989 adorare,
1577 1934 1603 1981 et
1612 1927 1721 1996 jejunia
1736 1931 1789 1982 sal·

129 1992 237 2048 adhoc
260 1991 539 2074 idemergumentum
564 2004 698 2065 spectans.
725 1997 765 2051 tbi
791 2006 933 2068 postquam
950 1975 974 2035 Β
988 1999 1207 2067 pereuntisque
1219 2000 1461 2068 atia,quoescripta
1469 2015 1521 2053 reon
1533 2004 1606 2061 srurrt,
1616 2001 1788 2053 rationabilis

128 2063 158 2123 S.
174 2064 356 2119 Paternus
426 2072 447 2119 rt
464 2063 580 2136 qualiter
589 2065 696 2138 vigilia,
709 2066 736 2122 id
747 2075 798 2133 cst,
813 2066 936 2122 osticium
991 2068 1044 2123 sibi
1058 2070 1206 2123 obseruatio
1220 2069 1369 2122 cincticurit
1381 2072 1462 2138 (trip.
1474 2073 1516 2131 4).
1530 2069 1604 2122 idem
1619 2069 1646 2123 in
1656 2070 1788 2139 promrnio

127 2142 301 2191 nocturnum
317 2133 360 2190 die
380 2149 412 2190 us
434 2133 575 2191 dominicis
590 2146 743 2210 peragatur,
758 2138 867 2193 subdit:
884 2141 937 2211 Oui
991 2139 1068 2210 epist.
1084 2139 1117 2195 ad
1132 2138 1264 2210 Ephesios
1279 2160 1284 2192 :
1302 2143 1455 2194 l’ermarrsit
1473 2140 1575 2194 Paculus
1590 2141 1690 2209 Ephesi
1707 2155 1790 2208 usque

127 2206 202 2260 ordo
214 2207 376 2273 cipiliarum
385 2208 580 2277 omnitempore
592 2213 648 2262 tum
656 2212 770 2271 castatis,
784 2225 864 2278 quam
877 2211 936 2278 lupe·
989 2211 1027 2264 ad
1040 2213 1223 2271 Pentecosten,
1238 2215 1341 2280 tempus
1360 2212 1463 2277 letitie
1474 2216 1556 2279 atque
1573 2213 1709 2272 uictoriae,
1735 2226 1787 2279 qao

127 2278 185 2332 mis
193 2277 703 2346 oequulitcriadiectominicoteneutur;
713 2282 845 2347 nicifortc
853 2282 937 2350 (qrtorl
989 2297 1041 2335 non
1050 2284 1180 2351 flectimus
1189 2297 1288 2350 pererra,
1296 2298 1342 2336 rtet
1352 2298 1497 2336 curaremur
1510 2285 1537 2335 in
1549 2286 1664 2345 terrum;
1676 2282 1723 2335 sed
1730 2297 1790 2335 cum

128 2348 220 2412 obsit)
227 2347 593 2415 tardiussurquturtettauc
601 2351 709 2419 aliquid
715 2351 890 2406 breviandum
898 2359 937 2406 est
989 2354 1101 2407 Domino
1110 2358 1249 2421 serpentes
1263 2353 1300 2406 rut
1319 2353 1377 2406 ulte
1397 2353 1572 2407 sustollimur.
1588 2352 1710 2422 Denique
1724 2353 1787 2407 ri'e·

129 2418 348 2478 delectioaibus,
364 2423 414 2472 out
432 2422 704 2488 responsoriis.chort
722 2426 811 2476 tumen
829 2425 936 2477 omnino
989 2423 1094 2479 xander
1110 2425 1148 2479 tlt
1170 2422 1289 2493 pontifex
1312 2423 1371 2478 lece
1385 2424 1411 2477 in
1447 2439 1494 2478 sua
1520 2422 1652 2478 Decrelati
1670 2441 1676 2475 :
1691 2425 1789 2478 lh'ebus

131 2493 274 2551 meeum,
283 2504 316 2542 nc
325 2491 479 2559 prcumtiat.
489 2491 564 2557 tntad
578 2493 603 2544 si
615 2494 764 2562 corutiperit,
778 2494 859 2561 dique
870 2494 935 2547 inde
990 2498 1080 2548 autem
1094 2495 1281 2555 demisisset
1294 2495 1357 2547 aliis
1365 2496 1512 2563 precipuis
1519 2495 1727 2562 festivitatibus,
1735 2497 1790 2548 sire

130 2561 351 2628 constanciam
360 2561 528 2623 inoratorio,
535 2577 585 2632 per
597 2563 673 2632 celires
683 2564 714 2617 id
722 2566 837 2617 evenere
846 2566 935 2633 nepte·
988 2564 1168 2618 intchusctra
1182 2569 1207 2619 et
1214 2566 1390 2627 Pentecosten,
1402 2580 1517 2632 pennum
1525 2567 1604 2632 tleea’o
1616 2580 1788 2633 rtreqrtuquant

129 2637 215 2686 dum.
228 2629 284 2687 Ubi
296 2632 523 2687 runecrcmarus
532 2647 671 2703 exponens
684 2633 824 2705 quomodo
836 2633 937 2705 aliquid
989 2633 1066 2688 debet
1076 2637 1150 2702 fiere}
1163 2636 1219 2687 uisi
1230 2635 1331 2702 aliquis
1344 2650 1378 2688 ea
1390 2636 1527 2688 deuotione
1541 2635 1570 2687 id
1584 2636 1648 2689 velit
1658 2638 1749 2701 [cicere
1761 2640 1789 2689 in

131 2699 314 2758 breviandum
341 2699 376 2757 de
401 2701 575 2767 lectionibus,
593 2711 639 2760 aut
658 2704 856 2776 responsoriis:
879 2708 937 2760 tion
989 2711 1087 2759 secreto
1099 2705 1165 2769 (Lib
1190 2718 1214 2759 rr
1241 2706 1371 2758 Decretal.
1386 2721 1408 2757 c.
1425 2706 1581 2772 Quoniam).
1597 2706 1686 2774 Hujus
1708 2720 1789 2774 porro

130 2774 254 2844 quidem,
269 2770 365 2843 inquit,
378 2773 624 2844 innumerorquie
637 2791 739 2846 semper
753 2775 939 2830 duodecimdi·
990 2774 1166 2830 institutionis
1197 2783 1224 2829 ct
1244 2774 1447 2829 consuetudinis
1469 2789 1579 2829 causam
1602 2782 1629 2828 et
1655 2775 1790 2829 rationem

132 2845 222 2900 uuae
236 2849 316 2909 suut;
328 2842 578 2913 sedenquantitute
592 2851 642 2901 :ut
659 2847 936 2909 breuioresdicautur,
990 2845 1094 2970 Etenim
1107 2845 1222 2916 explicat
1235 2852 1330 2900 auctor
1355 2845 1411 2912 ille,
1433 2843 1478 2915 qui
1501 2844 1572 2913 apud
1597 2843 1736 2898 lustinum
1755 2843 1790 2899 ad

133 2932 217 2986 quern
224 2916 369 2970 deberent:
379 2915 595 2971 breuitasautem
602 2920 830 2988 responsoriorum
839 2934 892 2972 non
900 2924 939 2972 est
1010 2931 1050 2972 rec
1061 2917 1225 2988 interrogata
1245 2916 1382 2987 respondit
1398 2934 1404 2969 :
1422 2917 1452 2971 Si
1465 2931 1581 2984 pennum
1592 2916 1744 2969 incursatio
1762 2917 1791 2968 in

133 2986 293 3057 ooeipienw
312 2987 343 3039 in
354 3000 465 3040 numero
482 3005 490 3040 r
504 2991 536 3041 at
550 2987 677 3043 dicontur
695 2991 838 3058 peameca,
853 3005 936 3059 prtum
987 2990 1187 3058 precationibus
1199 2990 1288 3056 inopis
1299 2991 1506 3057 peccatoreslleo
1520 2985 1696 3047 commendat,
1709 3001 1791 3055 qrrunt

132 3057 290 3119 maecum
302 3060 352 3110 aut
369 3059 399 3110 in
412 3060 582 3126 quantitate,
600 3065 632 3114 ut
652 3060 780 3114 dicantar·
803 3061 935 3122 brern'ora,
990 3060 1128 3113 sistentes
1143 3064 1232 3120 ment,
1253 3061 1394 3128 muqr'sque
1407 3074 1438 3112 ea
1460 3073 1501 3112 res
1522 3058 1645 3111 diuinam
1656 3063 1792 3126 permearet

133 3129 179 3184 aad
186 3129 284 3200 quoad
296 3133 389 3181 notam
402 3127 561 3198 accipienda
574 3135 625 3198 est;
636 3137 668 3185 ut
681 3131 809 3185 dicaretur
825 3132 937 3201 eepecli·
989 3131 1204 3184 misericordiam
1213 3149 1220 3191 ;
1229 3135 1395 3200 quiapropter
1406 3128 1501 3183 diebrrs
1510 3128 1659 3188 dominicus.
1667 3133 1715 3181 eta
1725 3131 1790 3183 Pus·

133 3202 198 3264 titas,
214 3206 283 3254 nata
298 3200 423 3253 menori.
990 3200 1044 3254 chae
1055 3202 1135 3266 seriis
1147 3202 1184 3254 eu
1199 3203 1366 3254 Pentecosten
1381 3216 1466 3269 usqne
1475 3205 1615 3269 precantes
1634 3215 1722 3267 qutun
1738 3215 1791 3253 nou

165 3274 180 3303 ⁸
198 3272 283 3325 lianc
296 3268 413 3339 phrasim
436 3277 633 3329 mutuamsest
650 3279 790 3328 auctores
813 3270 935 3327 blatthaei
988 3272 1118 3340 pectam?
1143 3271 1217 3326 t'rtcle
1236 3273 1317 3324 etiam
1336 3273 1365 3325 in
1384 3272 1501 3326 Ecclesia
1526 3271 1591 3325 telis
1609 3270 1791 3324 emunctorio?

134 3356 243 3399 uvrrr
255 3339 361 3411 capite:
377 3340 564 3412 significatque
574 3356 725 3414 vesperem,
736 3356 796 3412 quae
810 3340 881 3397 diem
892 3342 973 3406 doe
991 3341 1151 3412 Respondet
1174 3340 1270 3396 deinde
1291 3349 1386 3395 auctor
1407 3341 1450 3395 ille
1464 3357 1470 3394 :
1486 3342 1557 3408 Quia
1585 3343 1726 3410 utriunque
1745 3357 1792 3395 nos

132 3413 267 3469 tricicum
283 3409 437 3466 immediate
448 3411 584 3468 antecedit
601 3428 675 3484 :quo
702 3427 784 3468 sensu
811 3413 935 3468 nonnulli
989 3415 1111 3468 conuenit
1118 3412 1213 3481 japem
1224 3412 1343 3466 obtinere
1355 3413 1520 3473 cucurutium,
1532 3417 1558 3465 ct
1570 3413 1657 3481 ipsius
1670 3427 1720 3481 per
1729 3428 1791 3481 pec·

133 3483 169 3540 tle
188 3484 406 3553 interpretantur
428 3481 564 3538 lucescere
579 3483 605 3537 in
630 3484 750 3555 primam
775 3483 891 3551 sabbati,
907 3492 937 3539 ut
990 3489 1080 3539 catum
1095 3485 1187 3553 lapsus
1202 3485 1297 3543 nostri,
1314 3487 1340 3537 et
1353 3485 1452 3552 pretio
1462 3483 1564 3539 Christi
1577 3484 1684 3538 Domini
1696 3485 1791 3545 nostri,

133 3553 204 3610 dem
218 3554 266 3616 sit,
281 3567 313 3606 ac
326 3553 354 3607 in
366 3551 439 3608 diem
451 3551 620 3609 dominicum
631 3556 755 3626 proxime
778 3563 937 3625 sequentem
987 3570 1038 3625 per
1049 3570 1131 3625 quom
1145 3571 1162 3608 a
1182 3556 1260 3624 lapsu
1276 3556 1483 3608 resurrreue'mus.
1502 3557 1538 3609 Ea
1550 3559 1662 3624 prepter
1675 3569 1791 3622 pennum

134 3623 256 3681 'nelinari
269 3628 280 3691 (
291 3624 424 3691 Wolsrict.
440 3624 474 3678 de
483 3626 547 3681 Eeb.
564 3626 661 3682 Erotes.
676 3641 735 3695 cnp.
749 3629 794 3680 25.
808 3627 934 3681 Areatas.
989 3642 1040 3697 per
1049 3641 1097 3680 sear
1110 3626 1166 3680 dies
1176 3627 1316 3679 inclinatio
1326 3627 1474 3695 symbolum
1487 3629 1585 3679 etnato
1598 3631 1637 3680 est
1647 3627 1793 3694 lapsuspcr

136 3697 180 3753 tib.
199 3711 211 3752 t
227 3698 349 3766 capti).
989 3702 1099 3768 peccata
1112 3701 1203 3751 nostra
1220 3715 1227 3750 :
1242 3697 1314 3766 quod
1330 3712 1391 3750 uero
1411 3696 1454 3750 die
1478 3696 1610 3750 (laurinico
1632 3712 1719 3764 perram
1741 3710 1793 3747 rrurn

165 3759 248 3822 bilic
262 3766 383 3837 primum
395 3766 509 3822 observa
524 3766 665 3839 antiquum
689 3767 772 3823 ritum
791 3765 921 3823 curvandi
927 3808 937 3837 ,
991 3770 1131 3837 plectimus,
1142 3769 1295 3837 siquamcst
1307 3773 1332 3821 et
1345 3767 1495 3837 dcsr'puatio
1511 3766 1793 3833 aestimationisque

135 3852 182 3895 sets
206 3837 338 3893 flectendi
350 3851 436 3909 penus
458 3836 538 3892 certis
556 3839 724 3908 temporibus
738 3839 764 3892 in
780 3837 876 3893 othciis
892 3853 936 3893 cc·
992 3855 1075 3910 quam
1094 3841 1190 3908 pratia
1201 3840 1304 3895 Christi
1313 3854 1330 3891 a
1343 3840 1460 3908 peccatis
1474 3843 1499 3892 et
1509 3853 1526 3891 c
1538 3836 1792 3890 rnortetibemtisu·

134 3906 296 3966 etesiastieis
311 3929 318 3963 :
335 3909 411 3979 cujus
423 3908 504 3963 etiam
517 3909 641 3963 meminit
658 3914 693 3965 D.
707 3909 866 3964 Benedictus
878 3924 936 3980 cap.
991 3926 1061 3964 mus,
1078 3913 1103 3966 Α
1121 3910 1284 3980 temporibus
1304 3914 1394 3963 arrtcm
1408 3909 1589 3978 apostolorum
1605 3907 1668 3959 talis
1683 3919 1794 3958 cousue-

135 3985 170 4037 50
194 3979 323 4052 Reguiae.
345 3981 408 4034 Duo
428 3987 522 4034 autem
544 3987 665 4051 tempora
688 3980 732 4034 hic
755 3979 937 4048 designantur,
992 3982 1057 4036 nacto
1071 3984 1172 4050 accepit
1186 3982 1493 4048 initiumproutaittt.
1508 3980 1794 4043 remensemque

134 4050 239 4123 quibus
257 4064 345 4122 genua
362 4064 419 4105 non
442 4050 603 4118 flectuntur,
628 4051 760 4121 primum,
784 4057 815 4104 ut
837 4056 940 4104 Auctor
993 4053 1129 4121 episeopus
1142 4051 1329 4117 Lupclrmensis
1341 4052 1371 4102 iu
1384 4047 1622 4105 librtePaschute,
1633 4046 1795 4112 ubiquaque

134 4120 301 4206 loquitur,e
315 4136 423 4191 sospem
438 4123 558 4184 sabbati,
568 4137 629 4192 quur
643 4123 751 4176 lucescit
765 4123 794 4175 iu
808 4121 878 4174 diem
890 4119 940 4173 cto·
992 4123 1152 4175 mentionem
1165 4123 1234 4185 sarit
1248 4121 1419 4179 Perrtecastes,
1433 4121 1462 4170 in
1474 4132 1530 4185 quo
1545 4129 1633 4183 penae
1649 4129 1702 4166 nou
1715 4116 1794 4182 irrite-

133 4193 284 4252 mrnicum,
296 4205 378 4262 usqae
391 4192 419 4246 in
435 4207 573 4263 vesperam
588 4201 760 4262 sequentem
775 4190 848 4264 quod
862 4204 939 4244 com·

136 4261 389 4318 mimiterdicimus
402 4277 417 4317 a
432 4263 527 4333 primis
539 4264 664 4335 vesperis
687 4279 718 4319 us
757 4280 772 4319 e
787 4261 822 4318 nd
844 4276 939 4316 secun·

135 4332 186 4391 das
203 4334 340 4404 vesperas
352 4332 494 4402 cuiuslibet
509 4335 676 4402 Dominicae3
692 4350 724 4390 ve
739 4376 746 4400 ,
760 4333 782 4389 si
807 4332 893 4396 malis,
914 4332 940 4386 in

135 4418 282 4474 superam
298 4404 351 4459 diei
364 4404 530 4470 Dominicae,
552 4413 583 4460 ut
602 4404 849 4489 comprehendatur
861 4404 942 4458 etiam

135 4475 356 4546 Gamptetoriam
369 4474 532 4544 secundum,
548 4479 611 4532 totis
634 4479 871 4547 Quinquepesrmoe
883 4475 942 4528 die·

136 4547 197 4610 bae,
211 4545 288 4617 quod
303 4546 385 4618 vulgo
395 4544 521 4616 dicimus,
535 4556 595 4604 toto
610 4555 733 4618 tempore
746 4545 878 4606 Pascitur,
890 4545 943 4600 hoc

136 4627 189 4687 est,
216 4616 389 4672 aPascbete
418 4632 503 4689 usque
526 4618 561 4674 ad
587 4621 780 4682 Pentecosten,
807 4616 879 4688 quod
899 4616 943 4671 hic

994 4194 1101 4252 ctimus,
1115 4192 1243 4260 quoniam
1255 4189 1321 4257 pari
1334 4192 1374 4241 est
1384 4203 1443 4241 urm
1457 4188 1502 4240 elie
1512 4186 1650 4241 Dominico
1660 4189 1794 4255 potestate

996 4263 1112 4327 (lustin.
1123 4263 1153 4314 in
1167 4263 1263 4330 quoest.
1276 4264 1302 4323 t,
1319 4263 1380 4313 115.
1394 4258 1463 4314 Viele
1477 4260 1708 4313 Tarrcerematum
1718 4258 1747 4310 in
1761 4257 1795 4310 il·

996 4333 1199 4389 laudationem
1221 4331 1363 4399 Quoniam,
1385 4333 1422 4385 De
1444 4330 1563 4386 Corrsecr.
1581 4328 1646 4381 dest,
1668 4332 1708 4393 3).
1730 4331 1796 4383 linc

996 4402 1068 4476 apud
1081 4403 1231 4457 lustinum.
1246 4403 1275 4456 ln
1286 4399 1413 4457 eamdem
1425 4399 1588 4457 sententiam
1609 4397 1740 4454 Rahanus
1762 4401 1795 4454 de

996 4475 1076 4530 hu'us
1097 4472 1348 4545 Quinqrragesimae,
1367 4488 1450 4543 quam
1472 4471 1628 4527 Paschalem
1642 4479 1730 4538 vocat,
1747 4486 1795 4535 pe-

997 4562 1030 4602 cu
1043 4546 1091 4600 iari
1106 4544 1161 4599 ritu
1175 4552 1203 4600 et
1225 4544 1413 4618 prerogativa,
1442 4543 1478 4597 ita
1505 4541 1615 4597 serit-it:
1628 4542 1739 4604 Idcirco,
1755 4541 1796 4595 in-

997 4617 1065 4688 quit.
1083 4618 1164 4671 totirts
1178 4617 1412 4686 Quinquepesimte
1432 4614 1489 4668 dies
1500 4619 1561 4684 post
1576 4614 1683 4668 Dourini
1696 4616 1796 4667 Resurr-

136 4687 374 4760 Quinquagesima
388 4697 510 4754 vocatur,
523 4698 553 4746 ut
565 4691 630 4746 alias
641 4691 802 4745 monuimus
822 4689 905 4757 (sep.
925 4693 942 4742 6
998 4690 1150 4749 cerneum,
1174 4687 1292 4741 resoluta
1315 4687 1485 4756 penitentie,
1507 4687 1537 4737 in
1552 4685 1609 4737 solo
1626 4684 1724 4736 letitia
1739 4683 1798 4734 celc-

136 4774 224 4831 rapra
236 4761 256 4826 ).
275 4761 365 4829 Quam
379 4757 463 4816 ritum
477 4761 657 4816 communiter
671 4759 798 4815 omnibus
817 4759 942 4813 Christia-
959 4735 984 4796 D
1001 4761 1243 4828 hr·antrrr,propter
1251 4761 1369 4826 iptorum
1387 4757 1491 4823 suturae
1512 4752 1733 4833 resurrectionisp
1750 4751 1798 4803 ubi

136 4832 181 4887 nis
192 4829 264 4886 otim
279 4831 411 4886 usitatum
427 4828 513 4887 scrisse
531 4832 626 4887 scribit
639 4831 824 4887 Tertullianus
839 4830 889 4884 ttb.
909 4829 943 4884 do
993 4830 1053 4900 jam
1060 4846 1113 4883 non
1125 4830 1211 4893 labor,
1220 4829 1267 4882 sect
1275 4829 1379 4896 requies
1393 4827 1446 4879 crit
1457 4826 1569 4904 leutitiae.
1582 4822 1642 4904 ideo
1654 4820 1798 4904 hisdiebus

136 4902 248 4959 Corona
274 4899 367 4956 militis
380 4914 440 4973 eap.
463 4907 479 4957 3
495 4920 503 4956 :
519 4906 569 4959 liic
592 4904 735 4965 dominico,
748 4901 850 4972 inquit,
865 4902 943 4967 netas
997 4917 1044 4957 nec
1059 4916 1148 4970 petua
1161 4901 1192 4952 in
1205 4900 1326 4952 oratione
1339 4898 1499 4965 stertentum
1512 4909 1579 4963 quito·
1598 4897 1668 4945 srcut
1684 4891 1798 4960 quidam

137 4973 266 5029 Mune
289 4973 324 5028 de
345 4974 474 5040 perticalis
486 4974 618 5039 adoram
633 4974 726 5029 eadem
740 4973 912 5026 immunitate
927 4988 945 5025 a

138 5043 181 5100 die
192 5045 307 5101 Pascha
318 5045 350 5097 in
362 5044 531 5100 Pentecosten
547 5061 632 5114 usque
651 5045 807 5114 pendemus.
824 5046 855 5097 ln
878 5057 944 5097 con·

138 5115 199 5170 citio
215 5115 283 5171 item
306 5114 419 5170 Nicaeno
433 5131 493 5171 can.
509 5121 544 5170 20
566 5117 593 5170 iu
607 5117 724 5187 vulgatis
738 5129 814 5169 exem
836 5114 946 5181 laribus,

139 5187 179 5241 rel
202 5193 240 5243 29
260 5200 320 5241 sec.
335 5187 512 5254 Turrienum,
534 5186 667 5242 sancitum
692 5185 743 5241 tuit
768 5130 945 5240 indominica

141 5255 196 5323 dic,
209 5268 238 5315 et
249 5258 279 5313 in
300 5272 366 5384 lgm
388 5256 485 5314 diebus
503 5259 688 5323 Pentecostes,
701 5256 757 5312 sive
776 5255 946 5326 Quinquage-

141 5326 222 5385 rimec
234 5334 304 5387 Pesc
353 5329 376 5388 is
388 5344 442 5384 non
452 5343 511 5384 esse
524 5327 654 5385 demenda
669 5343 756 5400 genua
768 5326 796 5382 in
813 5325 947 5391 oratioue,

146 5400 193 5454 ted
209 5409 326 5458 muetos
339 5400 367 5458 in
385 5400 512 5457 omnibus
532 5398 598 5455 iocis
617 5408 721 5455 stantes
731 5414 820 5465 orere,
832 5407 860 5452 et
877 5396 949 5452 incli-

144 5470 218 5524 nari.
239 5475 306 5529 can.
326 5473 478 5541 Quoniam,
492 5473 535 5526 De
560 5478 724 5538 consecrat,
752 5469 814 5525 dist.
836 5475 860 5524 a.
881 5471 949 5538 Quae

186 5540 260 5598 idern
275 5544 434 5601 constitutio
452 5542 567 5598 totidem
581 5542 670 5597 serbis
686 5549 774 5596 exstat
793 5541 819 5595 in
836 5539 949 5595 concilio

186 5611 497 5684 uuegernensem.
523 5615 552 5670 S.
575 5612 739 5668 Ambrosius
762 5627 846 5667 serm.
861 5617 891 5667 61
916 5610 950 5666 de

144 5685 329 5742 Pentencoste
340 5704 347 5742 ε
360 5687 480 5749 seirein
499 5684 550 5755 uit,
563 5685 639 5740 debet
650 5684 953 5739 sanctitascestraltonc

85 5776 87 5781 ·
144 5761 273 5811 muctam
292 5759 456 5814 Pentecosten
474 5701 547 5812 diem
587 5758 743 5811 adratione
759 5769 892 5816 curemus,
912 5755 952 5808 uel

146 5842 196 5882 ear
220 5831 337 5884 istomm
350 5831 554 5900 mutatu
565 5774 672 5883 dierum
692 5841 803 5882 numum
817 5829 854 5881 sit
875 5825 953 5879 uobis

143 5900 234 5970 iupis,
242 5906 269 5958 et
277 5901 440 5977 mumulo
448 5901 584 5969 tenutas
596 5901 653 5956 :ita
662 5900 748 5955 uthoe
757 5899 831 5954 omni
839 5902 954 5967 ternpore

999 4975 1150 5042 sapientum
1165 4971 1216 5030 ait,
1231 4969 1342 5035 tritecto
1362 4981 1478 5034 qercuum
1496 4964 1696 5034 punitentioeet
1711 4965 1798 5018 luctas

999 5043 1132 5098 iudicium
1151 5043 1197 5094 est.
1215 5039 1289 5094 Unde
1301 5040 1383 5091 etiam
1396 5051 1446 5106 per
1460 5037 1551 5091 omniu
1566 5035 1685 5090 eamdem
1699 5037 1728 5089 in
1742 5036 1798 5089 illis

1000 5115 1204 5173 solenrnitatem,
1223 5126 1306 5180 quant
1317 5109 1455 5164 Domirrico
1465 5107 1509 5162 die
1516 5106 1690 5170 custodimus,
1703 5109 1732 5160 in
1744 5123 1799 5176 qua

1000 5184 1115 5254 majores
1128 5184 1215 5236 nostri
1224 5197 1271 5235 uec
1278 5180 1416 5250 jejunium
1430 5179 1576 5248 openetrum,
1590 5194 1638 5233 uec
1648 5194 1735 5247 pertua
1747 5193 1801 5233 esse

999 5254 1129 5325 metenda
1155 5253 1186 5307 oh
1203 5253 1379 5307 reuerentiam
1401 5253 1546 5306 Dominicoe
1571 5250 1799 5312 Resurrectionis,

1001 5325 1251 5387 tradidemnttlib.
1265 5338 1288 5378 rr
1301 5323 1334 5377 cte
1346 5324 1435 5378 instit.
1446 5324 1539 5378 Cierio.
1549 5337 1608 5391 cop.
1617 5326 1653 5385 4).
1669 5321 1736 5376 uae
1746 5320 1800 5374 itte.

1002 5399 1042 5453 Et
1055 5395 1154 5467 quibus
1168 5395 1219 5451 tria
1234 5394 1323 5467 colligi
1340 5386 1452 5463 possunt
1476 5392 1541 5448 huic
1561 5390 1801 5463 Quinquagesimec

1022 5467 1147 5523 ecutiaria
1160 5483 1238 5539 :qaeu
1252 5464 1359 5520 temetsi
1375 5464 1441 5518 satis
1455 5471 1631 5531 nota,tamen
1645 5479 1700 5516 non
1714 5462 1762 5516 abs
1774 5477 1802 5518 re

1004 5485 1142 5595 ductitare
1155 5546 1294 5593 annotare.
1312 5536 1433 5592 Primum
1457 5543 1515 5590 toto
1534 5533 1585 5590 troc
1610 5543 1731 5604 ’errrpcre
1745 5548 1804 5587 cre-

1006 5610 1123 5667 berrime
1136 5617 1259 5664 cantatur
1273 5617 1299 5664 ct
1311 5606 1497 5678 frequentatur
1518 5605 1643 5668 Alleluia,
1655 5604 1680 5658 in
1696 5604 1804 5675 signum

1006 5680 1106 5738 iaetitec
1121 5690 1146 5735 et
1165 5678 1362 5736 exsultationis
1381 5682 1419 5733 De
1434 5693 1489 5748 qao
1513 5679 1547 5730 ll.
1570 5676 1729 5732 sericatum
1741 5690 1800 5742 erp.

1008 5760 1040 5810 ts
1055 5751 1174 5824 Regrrtte,
1188 5760 1216 5806 et
1234 5750 1337 5807 ibidem
1356 5752 1379 5804 T
1383 5766 1435 5802 rrrrt
1444 5755 1589 5802 crematur«.
1611 5745 1735 5802 Secrrndo
1747 5760 1802 5823 non

1007 5824 1155 5880 flectuntur
1184 5837 1271 5895 genua
1298 5821 1325 5875 in
1352 5818 1465 5884 officiis,
1488 5832 1534 5872 scu
1562 5818 1637 5872 horis
1660 5827 1814 5890 esnensis,

1007 5904 1039 5953 ut
1052 5894 1097 5951 bic
1117 5893 1244 5961 hebetur,
1258 5890 1368 5966 perinde
1382 5906 1416 5947 ac
1437 5889 1613 5963 inperpetuo
1633 5890 1709 5942 esset
1728 5879 1827 5934 dumt-
