3848 6158
130 241 198 297 ttae
499 235 670 294 COLLATIO
689 238 757 294 xxi.
776 234 876 291 -DE
895 230 1098 289 huuissmtte
1116 230 1417 300 Quincuncesuffl.
1716 240 1785 307 uoq

128 357 246 421 &ssime
257 360 421 430 declaratur,
433 360 497 433 quia
511 362 581 418 sicut
594 361 727 435 justificat
745 359 929 428 custoditum,
947 355 1079 422 Acedem
1094 355 1252 429 pronuntiat
1273 356 1380 424 (diotth.
1397 356 1438 422 vr)
1448 374 1455 422 ;
1466 355 1508 410 vei
1520 370 1638 428 quorum
1653 374 1701 430 per
1718 376 1784 432 prc-

129 456 167 514 ita
187 472 244 512 non
264 453 429 511 condemnat
451 453 604 526 irruptum,
627 455 681 513 nisi
708 455 780 512 iorte
803 454 930 528 praecepti
984 450 1096 522 phetam
1113 448 1251 505 Dominus
1271 446 1407 519 jejunium
1431 447 1592 513 detestatur,
1613 466 1646 506 er
1666 468 1785 523 quorum

129 549 306 623 transgressio
320 548 409 621 magis
419 563 502 620 quem
520 563 646 606 escarum
665 549 814 622 praeceptio
836 548 931 620 punia-
984 559 1099 616 persona
1113 559 1176 600 cnm
1189 541 1239 599 sibi
1253 542 1383 614 objiciens
1394 550 1457 598 ante
1475 542 1596 609 dixisset,
1611 546 1700 612 Quare
1708 548 1785 618 juu-

129 651 183 699 tur.
205 641 351 713 Principali
374 649 466 697 autem
482 641 554 698 bono
568 643 604 698 ita
624 643 732 700 nullum
752 651 859 714 oportet
882 657 929 698 ea·
984 640 1118 701 novimen,
1135 642 1160 693 et
1173 653 1226 693 non
1239 638 1387 707 mpeuisti3
1405 637 1606 692 humiliavimus
1620 641 1726 695 animos
1740 655 1788 695 no-

130 752 214 793 cuum
229 750 288 792 esse
299 743 427 807 tempus,
443 744 473 790 ut
484 735 542 792 sine
556 752 589 792 eo
609 736 737 810 cuiquam
751 752 811 793 esse
826 752 882 792 non
896 736 931 793 li·
983 737 1064 800 suos,
1080 736 1105 787 et
1126 733 1255 787 amenti?
1265 729 1411 786 confestim
1424 728 1569 801 subjiciens
1584 731 1703 803 prodidit
1721 749 1787 789 cau-

130 838 206 898 ceat,
227 828 291 900 quia
315 843 425 885 neceam
455 838 496 886 est
520 830 673 887 cessatione
692 830 751 902 ejus
776 830 806 886 in
827 830 930 886 malum
984 842 1090 883 sescur
1103 843 1160 883 non
1183 833 1354 881 mererentur
1367 824 1454 881 audiri
1471 843 1477 879 :
1493 828 1568 893 Ecce,
1581 824 1679 898 inquit,
1694 829 1724 882 in
1744 827 1788 882 die

130 938 258 982 corruere
273 923 465 995 negligentem.
481 925 538 981 Nec
551 940 664 982 rursum
677 934 690 961 ⁸
704 925 840 997 principali
858 924 931 980 meio
979 920 1071 991 jejuni
1084 922 1170 976 uestri
1183 922 1321 975 iraoenitur
1333 920 1458 973 uoluntas
1469 923 1568 982 omna,
1585 924 1704 975 etcmaee
1714 920 1786 975 debi-

131 1018 218 1075 ullum
231 1016 392 1073 conceditur
410 1024 536 1088 tempus,
551 1018 615 1089 quia
634 1016 710 1090 quod
728 1018 842 1075 nonium
856 1032 932 1074 sem-
985 1023 1054 1073 tores
1066 1022 1165 1072 oeshos
1178 1018 1309 1087 repetitis.
1329 1020 1394 1073 Ecce
1407 1016 1444 1071 cd
1455 1017 1512 1072 lites
1526 1021 1552 1072 et
1563 1020 1738 1074 contentiones
1746 1019 1788 1088 J'e·

133 1126 181 1183 per
192 1119 245 1178 est,
257 1125 409 1185 numquam
424 1112 536 1183 poterit,
552 1110 575 1168 si
599 1111 751 1168 admissum
768 1110 861 1176 inerit,
876 1126 932 1166 non
983 1110 1100 1180 iunctis,
1113 1115 1139 1165 et
1148 1112 1292 1180 permititis
1299 1112 1491 1180 puqneimpie.
1503 1110 1787 1180 Notiiejejuncrnsic·

132 1219 242 1273 nocere,
256 1204 298 1260 rel
318 1204 347 1261 in
359 1212 464 1277 partem
482 1220 614 1276 umquam
627 1204 787 1262 laudabilem
802 1219 932 1261 commu·
984 1207 1016 1258 ut
1028 1218 1112 1273 usque
1124 1205 1155 1258 e'n
1167 1204 1234 1257 hanc
1245 1202 1326 1270 diem,
1345 1207 1376 1257 ut
1393 1203 1526 1256 audiatur
1538 1205 1566 1257 iu
1577 1205 1679 1259 encelso
1688 1206 1789 1260 clamor

132 1299 193 1355 tari.
211 1301 252 1354 hc
271 1297 385 1371 proinde
405 1314 437 1354 ea
459 1299 558 1370 quibus
571 1299 712 1371 qualitates
731 1307 846 1356 statutas
859 1297 932 1356 vide·
986 1300 1081 1352 aester.
1106 1296 1246 1366 Numquid
1261 1295 1315 1350 tale
1335 1298 1374 1349 esi
1387 1294 1524 1365 jejunium
1547 1296 1619 1365 quod
1641 1297 1719 1365 eleqi,
1736 1312 1788 1368 per

132 1406 196 1447 mus
210 1397 238 1448 et
250 1400 384 1464 tempora,
398 1401 426 1447 et
448 1406 510 1462 quae
521 1392 560 1449 sic
582 1391 725 1448 observata
745 1391 931 1458 sanctificant,
987 1390 1061 1445 diem
1075 1390 1183 1458 otiiqere
1195 1389 1326 1444 bominem
1342 1391 1565 1443 animamarum?
1582 1391 1720 1459 Numquid
1729 1406 1790 1446 con-

133 1491 164 1540 ut
177 1483 278 1540 omissa
287 1500 342 1540 non
355 1483 488 1556 polluant,
507 1483 599 1541 media
615 1498 674 1540 esse
686 1482 862 1541 manifestum
876 1492 933 1552 est,
988 1487 1110 1553 torquere
1119 1484 1200 1552 quasi
1206 1481 1333 1536 urculum
1346 1487 1427 1551 caput
1436 1496 1525 1543 suum,
1536 1486 1707 1539 etsuccumet
1717 1487 1788 1541 cirre·

133 1584 165 1633 ut
184 1586 247 1649 puta
260 1579 381 1649 nuptias,
407 1577 612 1649 agriculturam,
634 1577 757 1644 divitias,
783 1576 935 1634 solitudinis
988 1575 1417 1645 rnnstemereihlumquidistud
1426 1577 1517 1630 uereri
1524 1575 1671 1645 jejunium,
1682 1582 1707 1632 et
1719 1579 1790 1635 dmm

132 1670 326 1738 remotionem,
344 1670 459 1741 vigilias,
471 1685 613 1726 sacrorum
635 1671 796 1738 lectionem,
816 1668 936 1726 medita-
989 1669 1177 1740 acceptabitur
1189 1670 1301 1725 Domino
1321 1670 1508 1738 (lactantii
1524 1668 1629 1725 Deinde
1642 1668 1724 1725 infert
1737 1670 1789 1726 do·

84 1806 87 1811 .
135 1762 293 1834 tionemque
321 1761 469 1830 librorum,
504 1762 616 1835 ipsaque
637 1761 756 1834 jejunia,
779 1762 814 1819 de
836 1761 974 1833 quibusB
990 1778 1055 1820 cens
1069 1761 1209 1835 quomodo
1236 1761 1406 1834 acceptabilis
1420 1761 1468 1817 fiat
1486 1762 1788 1834 continentiajeJunan·

135 1854 296 1926 principium
317 1855 454 1911 sermonis
477 1864 605 1911 exortum
628 1864 679 1911 est.
700 1859 769 1926 Quae
786 1856 878 1913 omnia
893 1855 935 1912 di-
987 1857 1034 1925 tis,
1048 1865 1130 1930 atque
1144 1856 1282 1913 evidenter
1303 1855 1424 1912 enunnat
1436 1870 1483 1928 per
1505 1870 1534 1912 se
1548 1856 1637 1912 solum
1652 1856 1789 1928 jejunium

135 1947 194 2003 vina
210 1947 373 2021 preceptio,
389 1949 429 2003 rel
450 1956 606 2004 sanctmum
621 1948 770 2005 auctoritas
783 1949 936 2021 Scn‘ptura-
989 1965 1044 2005 non
1058 1964 1137 2021 posse
1148 1948 1288 2021 prodesse,
1303 1948 1356 2004 nisi
1369 1947 1418 2004 has
1427 1963 1489 2019 quar
1504 1948 1685 2021 subjiciuntur
1694 1964 1789 2005 causas

135 2055 213 2107 mm,
229 2056 286 2097 non
303 2042 340 2096 ita
363 2041 556 2098 incessabiliter
575 2041 737 2110 obtinenda,
770 2057 821 2099 nec
833 2042 937 2115 jugiter
989 2042 1113 2099 habuerit
1126 2049 1344 2113 consequentes:
1369 2043 1461 2100 Nonne
1474 2043 1521 2096 hoc
1534 2047 1583 2108 est,
1602 2042 1789 2114 inquiens,1'e-

134 2132 313 2191 custodienda
336 2133 471 2204 decrevit,
494 2143 523 2191 ut
543 2149 574 2190 ea
593 2135 735 2206 paululum
757 2134 938 2192 intermisisse
985 2137 1097 2207 junium
1112 2137 1184 2207 quod
1196 2137 1284 2207 eleqi?
1298 2137 1418 2193 Dissoloe
1432 2138 1616 2207 cotiiqotiones
1630 2120 1788 2208 impietatis,

136 2225 272 2282 nefarium
288 2227 332 2283 sit.
349 2226 490 2299 Quidquid
504 2227 577 2284 enim
600 2226 759 2300 imperative
774 2227 937 2297 decernitur,
990 2231 1060 2285 soloe
1073 2229 1214 2297 {uacuum
1227 2229 1416 2299 deprimentes.
1431 2231 1540 2284 Dimitte
1552 2233 1795 2300 eosquicoasrueti

135 2328 254 2376 mortem
279 2320 387 2392 ignorat
406 2336 464 2377 non
485 2320 645 2394 impletum
670 2335 850 2394 quaecumque
873 2337 938 2378 vero
991 2327 1065 2387 sunt,
1080 2323 1188 2387 liberos,
1203 2328 1229 2378 et
1241 2324 1535 2393 omnecnusdirumpe.
1547 2326 1794 2393 Frcnqeeaurienti

135 2413 283 2471 suadentur
299 2415 390 2486 potius
407 2431 489 2488 quam
501 2415 645 2488 jubentur,
664 2415 735 2473 iacta
760 2425 882 2489 prosunt,
896 2416 937 2473 in·
988 2432 1090 2486 ponem
1109 2421 1195 2478 tuum,
1220 2421 1246 2471 et
1270 2432 1363 2486 equus
1383 2431 1517 2486 ooqcsque
1534 2418 1616 2472 indue
1641 2421 1671 2473 in
1684 2420 1791 2475 morum

135 2504 274 2563 iectanon
296 2508 422 2579 puniunt.
446 2510 482 2564 Et
499 2508 601 2566 idcirco
625 2518 674 2567 aut
695 2509 872 2579 omniabtec,
890 2517 939 2566 ant
992 2514 1076 2564 tuam.
1089 2509 1384 2571 Gumoiderienudum,
1398 2511 1474 2579 operi
1482 2514 1704 2575 mmetccrnem
1715 2516 1798 2567 tuom'

136 2599 363 2671 certequaedam,
377 2616 428 2673 pro
445 2617 539 2671 causa,
559 2617 608 2675 pro
625 2601 695 2671 loco,
709 2618 760 2674 pro
777 2600 874 2669 modo,
890 2617 938 2674 pro
991 2602 1195 2672 aedeepeneris.
1212 2603 1413 2672 iumernmpet
1423 2604 1504 2672 quasi
1515 2618 1595 2658 mone
1606 2604 1694 2659 tumen
1704 2609 1790 2674 tuum,

137 2700 273 2766 tempore,
289 2694 485 2769 circumspecte
507 2713 588 2770 agere
603 2713 654 2753 uos
672 2698 790 2769 majores
810 2697 897 2753 noemi
912 2704 941 2752 et
993 2700 1018 2751 et
1031 2698 1134 2751 candus
1147 2699 1197 2750 tuo
1210 2698 1291 2750 citius
1310 2698 1422 2759 orietur,
1437 2700 1462 2751 et
1474 2697 1586 2752 anteibit
1599 2699 1698 2764 facien
1717 2704 1792 2754 tuom

136 2786 251 2858 provide
270 2789 413 2846 observare
433 2789 598 2862 jusserunt:
619 2791 720 2863 quiesi
745 2804 865 2863 congrue
887 2789 940 2845 ho·
988 2786 1104 2858 justitia
1116 2792 1175 2850 tua,
1187 2792 1213 2842 et
1224 2788 1312 2857 qtcn'c
1323 2790 1432 2844 Domini
1439 2789 1543 2858 colliqet
1553 2793 1588 2844 te.
1605 2792 1677 2845 tunc
1685 2793 1792 2847 invoco·

136 2895 198 2935 rum
225 2883 330 2955 aliquid
342 2883 481 2952 actitetur,
504 2893 601 2957 aptum
615 2893 698 2957 atque
717 2883 895 2951 conveniens3
915 2880 938 2937 si
994 2884 1044 2951 bis,
1057 2886 1083 2937 et
1091 2884 1219 2939 Donatum
1228 2883 1370 2950 scandiam
1383 2883 1521 2953 clamabis,
1535 2888 1560 2939 et
1573 2885 1652 2948 decet,
1667 2887 1731 2942 Ecce
1740 2886 1793 2942 cd-

139 2970 302 3043 incongme,
315 2973 440 3045 ineptum
453 2990 513 3030 esse
522 2983 632 3031 constat
644 2991 676 3031 ac
688 2978 805 3032 noxium
820 2992 828 3030 ι
844 2990 876 3030 ac
889 2975 903 3010 ¹²
914 2975 937 3030 ai
991 2991 1051 3032 sum
1067 2975 1155 3046 (ibid).
1170 2974 1273 3031 Videtis
1291 2991 1357 3047 crgo
1378 2975 1513 3048 ieiunium
1531 2992 1704 3052 nequaquam
1719 2979 1792 3051 prin·

138 3063 209 3122 velit
219 3064 280 3136 quis
296 3064 323 3120 in
343 3064 433 3121 fratris
449 3065 568 3123 adventu
588 3067 617 3122 in
637 3083 691 3138 quo
706 3066 845 3123 Christum
858 3067 938 3124 debet
991 3069 1078 3140 cipaie
1092 3069 1195 3126 bonum
1216 3069 1370 3126 aDomino
1389 3068 1523 3141 iudicari,
1536 3087 1568 3129 eo
1583 3073 1659 3144 quod
1675 3089 1731 3130 non
1747 3090 1795 3147 per

138 3156 307 3214 humanitate
321 3158 435 3214 relicere
449 3165 477 3214 et
501 3159 657 3231 gratissima
677 3160 850 3233 smceptione
863 3156 976 3221 com-C
992 3163 1123 3235 seipsum,
1136 3162 1185 3219 sed
1197 3177 1244 3234 per
1257 3162 1309 3220 alia
1326 3178 1409 3235 opera
1424 3165 1529 3222 bonum
1544 3181 1576 3223 ac
1590 3168 1721 3239 placitum
1733 3170 1794 3227 Deo

140 3250 233 3320 plecti,
252 3251 443 3308 austeritatem
458 3250 554 3324 jejunii
576 3253 729 3321 custodire,
751 3269 842 3310 nonne
857 3253 941 3310 inhu-
994 3255 1056 3323 bau
1076 3265 1103 3312 et
1123 3271 1234 3312 rursum
1254 3271 1287 3312 er
1306 3257 1490 3315 accidentibus
1508 3261 1612 3331 causis,
1628 3278 1683 3318 non
1703 3263 1794 3320 solum

139 3344 277 3401 manitatis
293 3345 383 3417 potius
395 3344 501 3401 crimen
520 3345 648 3415 incurrit,
667 3362 751 3420 quam
765 3345 875 3404 laudem
893 3355 941 3403 aut
994 3361 1106 3414 vanum,
1120 3362 1217 3403 rerum
1239 3346 1321 3403 etiam
1343 3347 1606 3418 odibilecenseatur,
1622 3351 1727 3408 dicente
1741 3355 1794 3410 Do-

139 3439 271 3495 meritum
292 3439 429 3513 religionis
443 3440 579 3513 acquirit?
597 3441 648 3499 Vei
661 3443 685 3499 si
705 3458 769 3499 eum
783 3441 899 3500 delectio
914 3451 940 3498 et
993 3437 1083 3507 mino,
1098 3438 1359 3510 mnjcjumvermt,
1374 3454 1428 3494 nort
1447 3442 1591 3504 emendum
1601 3458 1693 3516 preces
1704 3461 1794 3501 omum

138 3532 311 3588 imbecillitas
332 3533 421 3589 carnis
445 3534 645 3606 reparationem
671 3536 770 3593 virium
786 3552 856 3594 escae
877 3552 942 3609 per-
994 3534 1061 3604 (ier.
1075 3532 1151 3605 xlv).

138 3624 264 3697 ceptione
273 3624 405 3697 deposcit,
421 3642 479 3683 non
488 3628 625 3700 aquiescat
635 3628 731 3702 aliquis
743 3630 862 3703 rigorem
877 3630 941 3687 abs·
1299 3638 1417 3695 CAPUT
1432 3638 1495 3694 XV.

142 3717 263 3775 tinentiae
277 3719 414 3788 relaxare,
428 3736 519 3777 nonne
533 3721 623 3794 magis
635 3721 755 3779 crudelis
768 3723 941 3796 snicorporie
996 3754 1072 3822 Quod
1088 3770 1118 3810 ea
1133 3770 1192 3826 qm
1208 3755 1252 3810 sm·
1271 3759 1371 3810 mmm
1386 3755 1453 3810 ,ma
1464 3760 1527 3810 sum
1541 3771 1595 3810 m
1610 3754 1723 3813 debeam
1731 3774 1795 3829 pro-

140 3814 288 3883 bomicida,
300 3832 384 3888 quam
398 3817 494 3891 salutis
504 3816 629 3888 provisor
638 3825 680 3874 est
691 3817 887 3875 aestimandus?
900 3819 942 3873 lta
1028 3830 1091 3897 pter
1104 3842 1135 3882 eo
1149 3842 1209 3896 qnoe
1220 3826 1309 3881 medio
1322 3831 1386 3881 eunt
1399 3829 1531 3893 enercoi3
1545 3827 1593 3882 sed
1600 3830 1703 3898 potius,
1714 3846 1728 3884 e
1739 3845 1795 3884 con·

139 3908 221 3964 etiam
238 3924 302 3964 cum
311 3917 421 3980 tempus
435 3908 585 3989 securitatis
597 3923 723 3965 escarum
736 3925 889 3982 congruum
901 3910 942 3967 lo·
1031 3913 1117 3965 ”trib
1129 3914 1160 3952 ³1¹
1176 3912 1237 3968 <tw
1248 3897 1338 3953 media
1351 3901 1424 3965 suni,
1440 3898 1477 3952 “d
1489 3912 1521 3952 θα
1532 3913 1592 3968 ΨΦ
1602 3901 1796 3970 ΡήῒῑθῑΡαῙίῑθΥ

141 4011 201 4059 tum
215 4010 242 4058 et
255 4000 433 4057 reiectionem
444 4002 603 4058 necessariae
619 4000 796 4061 absolutionis
809 4003 942 4077 indulget,
1032 3968 1099 4023 m
1112 3970 1358 4038 W'uacqmmda’
1371 3969 1598 4040 mmmmm·

139 4095 240 4167 siquis
256 4094 424 4167 jejuniorum
446 4093 562 4167 rigidam
585 4094 784 4154 observantiam
806 4096 944 4171 indirupte
1032 4097 1177 4154 Nouenim
1191 4096 1392 4165 misericordia,
1419 4097 1739 4168 patientia,eteharitas‚
1754 4101 1794 4157 vel

139 4187 258 4244 voluerit
271 4195 418 4256 retentare,
432 4203 543 4245 necesse
553 4197 595 4245 est
604 4196 636 4244 ut
648 4204 704 4245 non
717 4197 776 4246 tam
789 4189 941 4263 religiosos,
996 4190 1041 4248 illa
1054 4190 1246 4262 praedictarum
1257 4198 1390 4262 praecepta
1400 4190 1542 4260 virtutum,
1552 4191 1581 4247 in
1592 4191 1690 4263 quibus
1701 4193 1796 4266 utique

139 4298 222 4354 quam
243 4281 398 4340 inconditus
415 4291 498 4355 atque
522 4283 716 4341 irrationabilis
732 4283 874 4343 habeatur.
888 4285 943 4344 Sed
995 4284 1101 4341 bonum
1113 4292 1156 4342 est
1169 4283 1330 4355 principale,
1347 4292 1459 4355 propter
1473 4283 1575 4357 jejunia
1588 4294 1653 4342 sunt
1666 4286 1794 4353 tenenda,

139 4368 228 4433 ct‘ittis
242 4376 302 4434 baec
314 4375 491 4433 nihilominus
500 4378 675 4449 reperiuntur
686 4377 810 4447 adversa,
826 4377 873 4449 qui
887 4378 943 4435 bu·
996 4378 1069 4436 tsed
1092 4377 1181 4452 potius
1198 4377 1303 4450 jejunia
1325 4385 1436 4450 propter
1457 4378 1514 4435 illa.
1533 4379 1737 4438 Elaborandum
1752 4391 1795 4438 est

139 4485 249 4527 menam
258 4469 367 4528 laudem
377 4469 489 4543 iejuniis
506 4480 687 4544 aucupantur,
698 4481 725 4529 et
736 4472 811 4530 inani
822 4481 943 4531 ostenta·
996 4473 1069 4530 enim
1089 4482 1120 4529 ut
1132 4472 1248 4529 virtutes
1266 4471 1321 4528 illae
1338 4486 1400 4544 quae
1422 4487 1485 4529 vere
1498 4471 1579 4530 bonae
1599 4483 1672 4544 eunt,
1689 4473 1796 4548 jeiuniis

138 4564 215 4620 tione
238 4564 367 4638 palloris,
391 4564 494 4622 famam
517 4566 669 4623 sancdtatis
688 4567 848 4640 acquimnt,
875 4583 945 4640 quos
958 4559 984 4625 D
997 4566 1180 4638 acquirantur,
1205 4580 1261 4622 non
1276 4573 1306 4621 ut
1319 4564 1354 4622 ad
1372 4564 1538 4638 jejuniomm
1560 4569 1709 4624 terminum
1734 4577 1795 4624 ten·

140 4658 311 4732 evangelicus
324 4672 416 4716 sermo
440 4657 468 4715 in
482 4659 609 4730 praesenti
628 4674 707 4716 suam
721 4661 853 4734 recepisse
867 4678 941 4718 mer·
995 4661 1061 4719 dant
1070 4661 1178 4718 illarum
1196 4669 1271 4732 gesta
1285 4658 1428 4716 virtutum.
1448 4660 1493 4716 0b
1508 4660 1562 4717 boc
1581 4676 1645 4733 ergo
1669 4669 1711 4717 est
1724 4661 1796 4719 utilis

685 4810 813 4867 thRDl
831 4810 944 4869 GAZAEI
964 4807 1242 4869 COMMENTARIUS.

137 4938 380 5011 possit,intcrdum
389 4944 602 5010 praetermissum
610 4943 942 5015 condemnarenonpossit3
997 4942 1131 5004 crissatis
1145 4938 1183 4992 ud
1196 4938 1310 4992 salutem
1321 4936 1533 5008 eobbjejuuium
1547 4938 1716 5004 continetis,
1725 4941 1797 5011 quod

84 5006 88 5015 '
141 5013 264 5082 quodque
278 5028 477 5082 nonnumquam
486 5017 570 5083 eqisse
580 5016 944 5086 reprehensibilesii,aithu·
996 5013 1113 5069 inchoan
1126 5012 1257 5064 uirtutum
1270 5009 1396 5063 ultimum
1410 5014 1478 5064 certe
1491 5013 1603 5065 sortitur
1613 5012 1708 5067 locum.
1723 5016 1796 5069 Pne-

140 5091 201 5139 ctor
226 5083 357 5155 superiori
379 5099 436 5154 cap.
453 5084 593 5156 injunium
606 5102 671 5158 erge
685 5101 740 5141 non
754 5087 866 5143 damnat
889 5086 943 5142 ho·
996 5087 1082 5155 cipue
1097 5096 1210 5151 maneque
1219 5082 1334 5161 uirtutes
1345 5085 1408 5135 sunit
1420 5082 1549 5144 chorites,
1562 5083 1798 5150 humilitanmiee·

140 5154 252 5236 minem,
265 5155 332 5210 dum
344 5152 490 5226 frangitur,
508 5164 623 5237 autnon
639 5164 770 5228 servatur,
786 5158 886 5214 scilicet
903 5158 943 5213 le·
994 5155 1124 5211 ricordio.
1143 5153 1179 5207 Et
1191 5153 1375 5235 Hieronymus
1387 5149 1423 5235 ad
1437 5150 1596 5235 Caelantiam
1612 5173 1619 5236 .²
1636 5154 1707 5237 Quid
1725 5156 1796 5208 urim

140 5225 942 5371 ⁸¹²l¹¹¹iillihliiil¹hiiiiiilaididiae,arrian
992 5222 1797 5367 titiilttiitiihl’iltrtltthtltlt

141 5365 256 5432 malum,
271 5365 375 5422 dictum
389 5377 429 5425 eat
443 5384 525 5440 supra
542 5370 619 5442 (Cap.
638 5369 691 5439 tt).
990 5371 1078 5438 junii,
1093 5366 1231 5422 siinoidiu
1240 5365 1524 5424 liuidisumusii'anc.
1535 5367 1796 5447 iriquum‚proecluru

175 5436 188 5470 l
207 5436 268 5491 Huc
292 5436 426 5506 pertinent
440 5453 502 5510 quar
517 5442 584 5497 alias
609 5439 643 5495 de
662 5440 844 5512 hospitalitate
864 5454 940 5497 exer·
994 5437 1499 5515 estabstiueutic,tuucpulchroutque
1509 5438 1796 5507 muqrnticceoetnqotio

140 5505 225 5562 cenda
244 5514 271 5562 et
279 5507 383 5580 jejunio
398 5510 517 5577 regulari
531 5528 613 5569 causa
638 5510 778 5585 hospitum
794 5511 941 5568 relaxando
994 5511 1113 5578 corporis
1138 5524 1197 5562 nrm
1222 5506 1528 5589 est'caimusrejunusc
1544 5509 1630 5589 uitiis.
1648 5510 1732 5564 immo
1747 5511 1797 5581 qui

140 5591 196 5633 non
207 5581 289 5634 semei
303 5577 468 5635 notavimus.
992 5579 1172 5649 probabiliter
1187 5593 1218 5632 oc
1235 5582 1348 5632 scuaier
1364 5577 1538 5632 obstinentur
1551 5585 1679 5635 uirtutem
1693 5585 1792 5648 tenori,

175 5649 410 5721 ‘ctrrrsostomus
432 5648 543 5707 bomilia
562 5661 596 5711 tr
612 5655 639 5709 in
667 5653 830 5711 Matthaeum
854 5655 940 5709 tlioec
994 5652 1277 5721 normannicarum
1290 5663 1435 5718 suumque
1447 5650 1545 5705 animae
1556 5652 1795 5723 srcnqantsuper-

140 5719 939 5796 diri,norrquiojejuniummt'ltincnplocmt,quodmcqnis
995 5722 1079 5778 bium.

140 5791 208 5847 soleo
216 5793 310 5862 effere
319 5792 455 5863 leudibus,
466 5792 514 5852 sed
526 5797 592 5865 quio
601 5796 674 5852 doleo
684 5800 719 5864 si,
736 5799 840 5853 ceteris
852 5795 939 5864 ueqle·
