3848 6158
135 199 199 299 reor
602 239 772 299 concurro
791 242 884 299 xxiv.
902 272 939 285 -
957 243 1002 300 ns
1019 243 1323 305 uouvrrunrronn.
1723 261 1805 317 ,302-
1858 196 1861 201 ⁵

130 381 189 424 non
207 365 299 423 solum
316 378 375 433 eos,
384 364 431 437 qui
444 365 619 438 semetipsos,
631 364 674 422 vol
692 374 837 438 parentum
849 365 933 423 tacul-
946 371 973 434 Α
986 369 1016 426 in
1027 369 1147 442 quadam
1162 371 1241 445 longe
1257 373 1344 445 posita
1357 373 1477 447 civitate,
1498 377 1670 452 singulorum
1684 381 1791 441 solido·

131 459 245 529 tatibus,
255 459 297 517 vel
309 458 476 519 famulorum
485 458 635 529 laboribus,
647 459 689 516 vel
702 457 851 517 fundorum
864 476 933 517 suo·
987 479 1051 521 rum
1072 464 1193 539 singulos
1212 465 1339 524 homines
1356 470 1462 526 tonsori
1477 472 1599 543 praebere
1617 474 1784 535 meroedem.

132 569 195 611 rum
221 552 357 612 fructibus
381 553 543 628 gloriantur,
568 552 617 610 sed
644 553 721 625 ipsos
745 553 829 611 etiam
855 570 933 630 reges
989 557 1052 627 Quo
1062 557 1107 615 ille
1115 568 1269 632 comperto,
1282 560 1421 634 Quamdiu
1434 578 1494 633 ero,
1506 564 1606 639 inquit,
1619 567 1670 625 hoc
1679 570 1788 627 mendi·

133 647 231 706 mundi
247 648 336 722 buius,
351 664 435 722 agape
454 657 560 706 cenum
573 656 615 705 est
636 649 795 705 sustentari.
813 651 874 706 Hoc
887 649 934 706 de-
990 651 1072 707 citata
1092 661 1250 723 contentus,
1266 662 1297 711 ut
1311 655 1396 712 trium
1414 655 1592 715 denariorum
1612 659 1710 734 stipem
1724 679 1790 720 curn

132 743 214 815 nique
227 742 362 815 majorum
375 750 533 799 nostrorum
547 741 669 799 definitio
681 741 763 799 babet
777 741 933 816 :Quidquid
988 743 1082 802 labore
1102 747 1276 820 conquiram,
1289 764 1352 805 cum
1369 751 1472 822 possim
1492 751 1539 809 illo
1552 768 1667 825 pergens
1689 755 1792 829 ingenti

131 836 169 893 ad
191 836 382 893 necessitatem
403 835 553 910 quotidiani
574 835 661 893 victus
680 837 841 904 insumitur,
857 836 933 910 quod
987 838 1141 898 solidorum
1164 850 1271 914 quaestu
1291 841 1398 900 divitias
1411 849 1595 919 congregare?
1617 850 1722 920 ltaque,
1741 864 1791 907 su-

129 944 213 1001 operc
226 945 360 987 manuum
381 929 684 988 nostrarumeiiectum
699 939 863 1005 partumque
876 947 932 988 non
987 948 1066 992 mens
1083 934 1152 992 artis
1174 952 1231 994 suae
1248 936 1374 1009 protinus
1395 938 1589 1008 instrumenta,
1611 943 1734 1013 expensis
1760 942 1791 1000 in

130 1021 225 1092 tuerit,
240 1022 275 1080 ad
291 1039 396 1098 agapen
414 1023 511 1083 reterri
531 1023 631 1082 debere
651 1031 813 1095 sanxerunt,
830 1040 931 1082 sccun-
987 1035 1099 1100 sumptu
1119 1028 1248 1086 omnibus
1272 1045 1335 1101 quae
1354 1030 1398 1086 bic
1415 1032 1503 1089 multo
1530 1041 1654 1106 tempore
1677 1034 1790 1095 collecta

132 1117 199 1175 dum
215 1118 546 1191 apostolumquiotiosis
558 1118 667 1191 penitus
675 1118 842 1177 interdicens
851 1134 932 1191 opem
986 1130 1118 1190 servarat,
1131 1123 1269 1181 adurbem
1280 1124 1358 1181 illam
1366 1126 1627 1198 quaestuosissimam
1646 1140 1791 1187 cumeum·

131 1210 264 1285 largitatis
276 1214 380 1281 alienae,
397 1216 457 1282 Qut,
479 1213 577 1286 inquit,
591 1229 645 1269 nort
657 1217 786 1285 operatur
796 1228 843 1268 uec
855 1228 934 1267 marr·
986 1231 1034 1273 mo
1053 1214 1147 1271 labore
1168 1217 1301 1288 pervenit.
1315 1217 1372 1272 Ubi
1387 1234 1461 1286 cum,
1478 1236 1510 1275 ea
1524 1236 1578 1292 qua
1598 1222 1734 1295 ingressus
1747 1230 1790 1281 est

133 1308 211 1363 diuet
225 1311 259 1375 (ll
281 1310 369 1366 Thess.
391 1309 450 1379 ιιι).
466 1309 519 1365 His
537 1307 631 1365 beatus
646 1306 782 1365 Antonius
803 1306 934 1364 adversus
987 1307 1040 1376 die,
1056 1306 1208 1364 seeundum
1230 1306 1257 1363 id
1281 1307 1356 1380 quod
1380 1319 1560 1381 compererat,
1576 1312 1610 1368 ab
1624 1330 1789 1390 unoquoque

130 1403 280 1477 quemdam
293 1419 358 1461 usus
371 1402 474 1471 verbis,
489 1403 573 1460 etiam
586 1417 638 1460 nos
655 1400 804 1474 magisterii
820 1400 864 1458 sui
887 1398 932 1456 in·
987 1399 1141 1457 mercedem
1163 1399 1204 1456 sui
1230 1399 1319 1472 operis
1343 1403 1508 1474 recepisset,
1532 1404 1567 1462 ad
1591 1422 1730 1478 vesperam
1759 1424 1789 1468 se

129 1501 257 1559 formavit
270 1502 444 1574 exemplant
456 1508 601 1574 parentum
615 1499 839 1573 perniciosissima
850 1497 932 1555 blan·
988 1493 1082 1552 videns
1094 1494 1223 1567 grandem
1239 1495 1390 1553 solidorum
1403 1512 1553 1555 numerum
1564 1501 1741 1573 conquisisse,
1753 1502 1789 1561 ad

132 1593 271 1659 dimenta,
287 1602 314 1649 ct
326 1593 452 1650 omnium
467 1593 513 1665 qui
526 1592 610 1649 victui
622 1591 805 1649 necessariam
825 1589 933 1647 submi-
991 1589 1136 1645 macellum
1156 1588 1235 1645 tatus
1257 1588 1389 1659 intendit,
1407 1605 1483 1647 escas
1500 1590 1641 1648 refectioni
1662 1609 1718 1651 suar
1740 1611 1789 1652 ne-

127 1685 245 1742 nistrant
255 1700 369 1756 agapen,
385 1686 497 1756 insuper
513 1685 597 1740 etiam
612 1699 725 1742 omnem
748 1698 866 1742 emoenae
879 1683 931 1741 ba·
987 1682 1117 1740 cessarias
1143 1691 1328 1755 coempturus.
1357 1684 1431 1753 Quas
1453 1700 1517 1741 cum
1541 1686 1669 1760 coepisset
1686 1703 1788 1761 magno

128 1777 268 1835 bitationis
281 1778 395 1850 gratiam
406 1776 573 1845 devitemus3
588 1778 803 1850 squalentesque
813 1775 930 1834 naturali
944 1777 968 1841 Β
982 1775 1137 1834 solidorum
1150 1777 1237 1848 pretio
1253 1793 1427 1850 comparare,
1446 1779 1571 1852 expensis
1589 1780 1617 1835 in
1638 1781 1788 1854 perexiguo

128 1871 309 1929 amaritudine
330 1886 441 1938 arenas,
465 1879 494 1927 et
513 1877 637 1943 perustas
657 1870 728 1927 salsa
751 1871 932 1929 inundatione
986 1871 1057 1927 victu
1076 1870 1210 1928 universis
1230 1886 1300 1944 quos
1329 1871 1494 1945 acquisierat
1516 1871 1623 1942 solidis,
1647 1890 1683 1931 ne
1706 1874 1789 1932 unius

129 1967 263 2038 regiones,
280 1964 401 2035 nullique
414 1963 449 2020 ob
471 1962 591 2037 idipsum
610 1963 823 2039 bominumJuri
840 1964 932 2024 domi·

128 2058 229 2131 niaque
246 2057 402 2130 subjectos,
416 2058 520 2114 cunetis
533 2057 629 2114 mundi
645 2058 727 2132 buius
746 2057 847 2131 opibus
859 2075 931 2132 pree·

128 2168 272 2226 ponamus,
289 2161 320 2209 ut
340 2168 396 2209 non
416 2152 507 2209 solum
524 2151 693 2226 frequentias
706 2152 853 2211 bominum
876 2154 929 2211 ob-

129 2253 205 2303 tentu
219 2247 299 2304 inviae
312 2245 468 2304 solitudinis
484 2245 663 2316 declinemus,
671 2247 720 2306 sed
732 2248 816 2305 etiam
829 2264 932 2321 nequa·

130 2356 214 2414 quam
239 2356 291 2398 nos
313 2340 347 2399 ad
372 2340 578 2415 qualiscumque
604 2342 719 2401 culturae
744 2341 930 2399 distintionem

130 2434 221 2491 uberis
239 2435 290 2491 soli
313 2443 409 2492 natura
427 2435 568 2504 sollicitet,
581 2450 629 2509 per
642 2451 727 2508 quam
744 2450 823 2492 mens
836 2434 870 2491 ab
885 2434 931 2491 illa

130 2528 271 2601 principaii
281 2529 469 2586 observatione
483 2529 574 2588 cordis
585 2528 726 2601 distracta,
747 2528 931 2603 spiritualibus

131 2621 228 2679 studiis
236 2620 398 2680 redderetur
407 2621 499 2680 clieta.
525 2696 529 2703 ι

418 2766 539 2822 CAPUT
554 2766 631 2820 xiil.

133 2892 365 2948 Abbatisblucurti
372 2892 509 2959 sabulosis
518 2894 633 2947 tonsoris
645 2891 762 2946 mercede
774 2892 931 2960 compositu,

282 2962 319 3015 od
333 2962 469 3016 illusiones
483 2961 586 3015 diaboti
596 2961 797 3028 cognoscendos.

166 3088 237 3142 Nam
250 3085 322 3159 quod
334 3086 516 3157 aliosquoque
527 3083 632 3140 salvare
641 3098 690 3139 vos
698 3097 778 3154 posse
784 3082 930 3153 confiditis,

985 1964 1097 2037 quidem
1117 1963 1222 2023 denarii
1244 1966 1335 2023 intulit
1348 1966 1469 2024 lumum.
1480 1968 1605 2040 Cumque
1620 1967 1657 2024 ita
1673 1968 1790 2042 singulis

984 2059 1081 2116 diebus
1096 2059 1303 2132 acquisitionem
1321 2075 1398 2117 suam
1420 2060 1531 2118 vidisset
1554 2062 1665 2129 insumi,
1682 2069 1714 2119 ut
1734 2077 1790 2119 non

984 2154 1075 2210 solum
1100 2153 1165 2210 nibil
1191 2153 1340 2228 redigeret,
1368 2155 1415 2212 scd
1440 2156 1487 2212 vir
1508 2157 1595 2230 ipsam
1621 2156 1790 2231 quotidianae

985 2247 1144 2305 substantiae
1159 2249 1351 2306 necessitatem
1362 2258 1454 2322 posset
1467 2249 1586 2323 explere,
1601 2250 1672 2323 apud
1686 2258 1789 2308 semet·

985 2341 1076 2414 ipsunt
1104 2343 1275 2415 recogitans,
1296 2346 1449 2411 Revertar,
1474 2344 1577 2416 inquit,
1597 2344 1632 2401 ad
1654 2345 1792 2402 civitatem

984 2449 1087 2502 meam,
1102 2434 1235 2506 illumque
1245 2443 1369 2506 repetam
1388 2435 1584 2491 tenuissimum
1598 2445 1743 2508 quaestum,
1757 2453 1793 2494 ex

985 2542 1039 2597 quo
1059 2526 1127 2583 mibi
1142 2527 1247 2599 expleta
1260 2527 1336 2583 omni
1352 2527 1476 2600 corporis
1492 2543 1579 2598 cura,
1600 2529 1677 2601 quod
1689 2529 1725 2587 ad
1737 2546 1793 2589 sus

985 2622 1170 2679 tentationem
1180 2621 1325 2679 senectutis
1338 2622 1684 2696 accresceret,quotidiana
1698 2625 1795 2684 erube

985 2714 1073 2772 nantia
1088 2714 1256 2772 conterebat.
1278 2714 1358 2785 Quod
1380 2717 1505 2788 quamvis
1524 2734 1639 2789 parvum
1654 2718 1790 2777 videretur

986 2817 1014 2866 et
1026 2817 1118 2876 tenue,
1139 2824 1195 2865 non
1213 2808 1380 2866 mediocrem
1395 2818 1489 2866 mmen
1512 2826 1651 2868 summam
1662 2812 1722 2886 jugi
1742 2829 1793 2885 pe-

986 2901 1075 2960 riebat
1094 2911 1251 2975 augmento.
1273 2903 1461 2975 Quaestuosior
1484 2894 1582 2977 quippe
1597 2903 1663 2961 mibi
1679 2904 1730 2962 luit
1748 2905 1792 2962 ille

985 3012 1166 3054 nummorum
1182 3013 1265 3070 quam
1279 2997 1331 3054 iste
1352 2997 1505 3056 solidorum
1521 2998 1697 3072 imaginarius
1715 3014 1794 3072 qute-

986 3097 1055 3157 stus,
1069 3106 1102 3147 ex
1125 3104 1179 3161 quo
1194 3106 1249 3146 non
1263 3089 1353 3146 solum
1369 3089 1433 3147 nihil
1455 3090 1585 3149 exuberat
1605 3093 1679 3166 quod
1695 3108 1795 3149 recon-

131 3183 218 3253 etjspe
227 3180 339 3252 majoris
352 3178 421 3235 lucri
431 3194 466 3234 an
477 3177 648 3234 revisendam
656 3177 773 3249 patriam
787 3176 932 3249 festinatis,
950 3191 972 3255 c
987 3180 1062 3251 dam,
1072 3181 1120 3239 sed
1134 3183 1218 3241 etiam
1240 3184 1285 3240 vix
1301 3184 1359 3257 ipsa
1371 3183 1523 3257 quotidiani
1543 3185 1632 3243 victus
1645 3184 1797 3243 necessitas

130 3274 224 3331 audite
234 3275 317 3331 etiam
330 3271 473 3344 superbos
482 3270 633 3345 quamdam
643 3280 656 3308 ⁸
666 3269 887 3328 abbatislllacarii
895 3269 933 3327 la·
987 3276 1147 3331 sustinetur.
1163 3281 1197 3331 Et
1208 3278 1312 3332 idcirco
1327 3280 1430 3334 rectius
1443 3280 1524 3336 nobis
1541 3288 1591 3346 est,
1609 3280 1683 3335 hunc
1695 3280 1794 3337 solitu·

131 3366 439 3440 balam,Jueundissime
452 3363 936 3439 atqueaptissimcfiguratam,quam
989 3367 1060 3426 dinis
1081 3366 1161 3439 bujus
1178 3367 1372 3423 tenuissimum
1391 3367 1517 3424 fructum
1530 3370 1667 3444 indirupta
1678 3372 1795 3447 jugitate

131 3471 159 3519 et
173 3462 216 3519 illo
231 3463 339 3519 cuidam
353 3460 490 3519 similibus
504 3458 648 3517 desideriis
662 3459 800 3528 estuanti,
820 3458 935 3517 medici-
989 3459 1096 3527 sectari,
1109 3475 1193 3533 quem
1202 3457 1286 3518 nullae
1295 3460 1439 3518 saeculares
1452 3476 1537 3531 curae,
1553 3463 1637 3520 nullae
1649 3464 1795 3523 mundanae

132 3571 199 3613 uam
222 3557 461 3629 opportunissimae
474 3555 641 3612 narrationis
663 3553 783 3628 ingessit.
799 3556 875 3622 Erat,
893 3553 936 3610 in·
990 3554 1179 3621 distentiones,
1199 3554 1274 3611 nulla
1304 3553 1465 3612 cenodoxiae
1483 3570 1516 3612 ac
1535 3557 1661 3614 vanitatis
1683 3557 1795 3616 arrodat
1903 3610 1906 3615 .

137 3650 207 3725 quit,
227 3651 256 3707 in
285 3650 390 3707 civitate
412 3649 531 3723 quadam
552 3646 735 3721 peritissimus
762 3655 858 3705 tonsor
878 3647 936 3720 qui,
991 3648 1083 3718 elatio,
1104 3649 1188 3705 nullae
1204 3646 1400 3706 sollicitudines
1425 3649 1530 3706 diumae
1554 3650 1723 3707 necessitatis
1742 3653 1793 3709 im·

136 3738 278 3801 l'denariis
297 3744 383 3799 ternis
404 3757 633 3815 unumquemque
647 3739 811 3810 detondens,
826 3749 938 3798 tenuem
991 3742 1129 3799 minuant.
1142 3743 1237 3800 illelius
1248 3749 1290 3798 est
1309 3746 1379 3797 euim
1391 3744 1525 3799 modicum
1529 3744 1615 3814 justo,
1625 3761 1705 3816 super
1723 3745 1794 3803 dici·

136 3837 271 3906 vilemque
285 3834 440 3891 mercedem
464 3834 506 3888 sui
528 3833 620 3903 operis
633 3831 809 3904 acquirendo,
828 3849 861 3890 er
887 3832 938 3890 hac
992 3843 1044 3895 tras
1057 3844 1227 3909 peccatorum
1236 3837 1649 3910 multos(Psul.xxxvr),quam
1662 3836 1795 3896 allectare
1859 3830 1869 3849 '

137 3928 232 3986 eodem
245 3928 395 3999 quantitate
408 3925 561 3982 necessaria
573 3939 623 3980 suo
638 3924 721 3980 victui
733 3926 855 3998 quotidie
866 3942 938 3982 com·
992 3931 1067 3988 lucra
1073 3931 1117 3987 illa
1126 3931 1246 4002 majora,
1253 3944 1315 4002 quau
1323 3931 1430 3987 etiamsi
1437 3939 1529 4003 parata
1543 3930 1648 3988 suerint
1657 3939 1795 4004 quaestuo-

139 4022 253 4095 parabat
263 4030 442 4093 mentumque
451 4018 587 4087 denarios,
599 4017 708 4091 expleta
723 4020 802 4076 omui
815 4021 938 4092 eorporis
992 4025 1102 4082 sissima
1134 4025 1317 4080 conversione
1337 4026 1500 4093 multorum,
1513 4027 1678 4083 necessitate
1699 4034 1794 4083 tamen

137 4133 212 4186 cura,
234 4115 376 4187 marsupio
395 4128 445 4170 suo
466 4112 562 4170 diebus
585 4113 701 4185 singulis
722 4111 865 4169 interebat.
881 4114 936 4171 Sed
990 4117 1140 4175 mundanae
1151 4117 1401 4175 conversationiset
1409 4118 1582 4190 quotidianis
1595 4120 1794 4177 distentionum

137 4227 201 4269 cuno
223 4209 408 4268 indesinenter
427 4209 500 4265 hunc
521 4207 651 4266 conderet
669 4215 817 4280 quaestum,
833 4208 938 4267 audivit
991 4209 1219 4266 diminutionibus
1241 4210 1431 4266 absumentur.
1460 4211 1581 4267 tMelior
1601 4225 1724 4283 namque
1745 4215 1794 4276 est,

681 4335 809 4391 Ausum
828 4337 943 4393 GAZAEI
962 4336 1244 4394 coltileltlsttlus.

139 4480 200 4519 rum
208 4464 326 4519 triclinio
335 4466 592 4529 retrectatur3ouoc
600 4462 735 4518 uostruote
743 4465 936 4519 nominerotio-
991 4467 1045 4519 sire
1058 4466 1193 4519 cornibus.
1206 4466 1289 4520 Porro
1297 4479 1360 4520 cum
1373 4472 1497 4536 tempore
1506 4467 1540 4521 l).
1552 4463 1716 4538 Hisponymi
1727 4478 1794 4521 non·

139 4552 199 4591 uem
209 4550 286 4590 usum
298 4534 549 4590 ostenditrcocutur
557 4531 641 4604 ἀγάπη
655 4534 684 4589 id
695 4534 853 4604 quodpeues
865 4536 938 4593 croe-
992 4535 1075 4591 nullae
1091 4535 1180 4592 viduae
1192 4533 1290 4591 divites
1303 4535 1445 4607 jactantiae
1460 4536 1550 4607 potius
1564 4544 1591 4591 et
1602 4534 1796 4592 ostentationis

138 4622 180 4662 cos
202 4606 309 4660 dileetio
331 4610 387 4673 est;
406 4608 627 4674 qrruutiscumque
655 4606 806 4676 sumptibus
828 4611 937 4674 oorrstet,
993 4622 1079 4678 quam
1097 4606 1239 4663 charitatis
1257 4614 1284 4662 et
1316 4606 1403 4662 ietatis
1418 4621 1501 4662 causa
1523 4606 1583 4662 baec
1599 4604 1732 4671 iacerent,
1749 4603 1794 4661 id-

127 4678 241 4733 ‘iucrum
259 4682 298 4733 est
309 4678 421 4746 pietatis
430 4678 533 4731 nominc
545 4677 939 4747 socuesumptumrsiquidem
993 4678 1067 4733 circo
1083 4693 1128 4733 eas
1150 4677 1282 4750 repreben
1303 4692 1352 4732 ens
1376 4676 1560 4747 Hieronymus
1580 4675 1608 4730 in
1631 4674 1746 4746 epistola
1759 4674 1796 4732 ad

140 4751 231 4818 inopes
249 4764 354 4818 quoque
372 4749 519 4816 refrigerio
539 4749 591 4801 isto
607 4747 749 4817 jacemus.
771 4749 801 4804 Si
826 4750 937 4804 bouestc
991 4747 1172 4806 Eustochium
1184 4747 1282 4803 scribit
1297 4748 1378 4804 :Cum
1392 4763 1501 4801 moutam
1509 4749 1600 4816 egenti
1609 4748 1795 4816 porreaeriut,

140 4834 223 4874 causo
241 4823 279 4874 est
299 4820 430 4886 corruisti,
446 4819 581 4888 reliquum
604 4817 725 4873 ordinem
742 4818 889 4888 discipliuae
904 4820 937 4875 de
992 4823 1152 4881 bruciouutr
1165 4835 1224 4874 eum
1236 4819 1273 4873 cd
1285 4834 1387 4889 agapen
1397 4820 1559 4886 accesserint,
1571 4834 1659 4888 prmco
1673 4818 1797 4872 corrduci·

140 4904 222 4944 curua
229 4892 369 4950 estimato,
379 4890 448 4958 quid
455 4892 490 4943 sit
500 4891 676 4958 der-eligimus
686 4890 784 4958 officio.
792 4890 867 4945 Nihil
873 4865 973 4945 oili·D
993 4899 1047 4950 tur.
1067 4893 1107 4946 lta
1121 4892 1153 4945 D.
1172 4890 1372 4960 Hieronymus,
1388 4888 1524 4944 nimirum
1543 4888 1668 4945 alludens
1680 4886 1716 4944 ad
1729 4887 1797 4945 illud

141 4962 215 5025 tutis,
229 4960 300 5013 nibil
311 4960 487 5014 immodestior
499 4961 630 5015 admittit.
639 4962 697 5017 Nou
706 4962 783 5029 prius
793 4961 938 5016 discumbi·
993 4961 1114 5021 biattbaei
1125 4975 1158 5016 vt
1170 4979 1176 5015 :
1189 4962 1254 5017 Cum
1262 4963 1333 5029 sarcis
1346 4961 1546 5031 eleemosynam,
1558 4962 1613 5015 noli
1624 4960 1689 5016 tubo
1702 4975 1796 5015 curtem

140 5032 940 5101 turquumcrutioproeqrrstetur-‚Edr'turquoutumesurientes
993 5040 1055 5090 corte
1069 5038 1104 5100 te,
1118 5034 1187 5087 sicut
1201 5033 1347 5103 hypocrite
1356 5034 1464 5101 seurrut
1475 5034 1502 5087 ia
1515 5034 1671 5103 spnupopis.
1688 5033 1795 5085 Verum

138 5106 270 5173 carpinum·
281 5101 385 5155 bibitur
400 5107 529 5171 quantum
541 5103 649 5172 pudicis
663 5107 701 5157 est
714 5104 796 5171 utr'lc3
812 5105 854 5158 itu
866 5108 940 5159 sotu-
993 5107 1027 5163 de
1056 5103 1098 5159 bis
1112 5105 1188 5173 plura
1209 5103 1282 5175 apud
1298 5104 1447 5159 Baronium
1460 5104 1550 5159 ridere
1565 5112 1606 5158 est
1617 5111 1694 5157 tomo
1705 5099 1794 5170 primo

139 5174 940 5244 roratur,utquimemineriutetiumperotoetcmustorcrrdum
994 5174 1141 5232 Annalium
1155 5176 1243 5240 (duero
1257 5179 1314 5243 57),
1330 5173 1376 5229 ubi
1391 5174 1474 5230 docet
1492 5173 1587 5244 triplici
1605 5187 1637 5227 es
1653 5187 1734 5227 causa
1749 5184 1795 5227 sc·

140 5247 224 5299 cum
245 5246 299 5299 sibi
310 5259 379 5310 esse;
399 5246 443 5299 itu
452 5243 622 5310 fabulantur,
644 5249 673 5298 ut
687 5247 737 5314 qui
750 5247 837 5299 suunt
854 5250 941 5300 Deum
995 5248 1049 5304 lere
1063 5244 1221 5320 hujusmodi
1236 5261 1335 5317 agapas
1355 5244 1487 5300 celebrari
1505 5265 1510 5300 :
1526 5245 1555 5299 in
1569 5258 1687 5316 quarum
1701 5242 1795 5298 locum

140 5314 245 5375 audire,
258 5323 309 5371 etc.
334 5318 364 5371 ln
378 5314 494 5371 concilio
515 5314 667 5385 Gangrensi
680 5315 851 5387 temporibus
864 5318 940 5373 Con·
993 5319 1133 5381 successit,
1168 5332 1230 5372 uam
1243 5316 1323 5372 bodie
1343 5330 1466 5371 mensam
1488 5330 1639 5386 pauperum
1653 5313 1792 5370 dicimus:

142 5383 256 5440 stantiui
274 5383 369 5465 babilo
385 5385 516 5442 adversus
531 5384 686 5457 hujusmodi
709 5402 856 5459 agaparum
869 5403 935 5444 con·
1013 5405 1075 5447 uam
1095 5396 1123 5446 et
1144 5335 1198 5444 ιῇἰο
1212 5388 1324 5444 nomine
1349 5385 1502 5442 diaconiam
1522 5386 1588 5442 olim
1605 5392 1795 5456 nuncupatam

141 5462 292 5526 temptores
301 5454 398 5527 legitur
407 5457 461 5513 boc
476 5457 616 5513 decretum
631 5475 638 5512 t
653 5459 683 5515 Si
696 5460 756 5529 quis
766 5460 879 5529 despicit
886 5474 939 5526 eos,
993 5407 1010 5516 i

141 5530 189 5597 qui
197 5526 312 5597 fideliter
326 5541 435 5596 upupae,
449 5529 479 5584 id
490 5535 539 5592 est,
550 5531 668 5584 concisio
678 5531 842 5599 pauperibus
858 5531 940 5585 eubi—
1028 5542 1041 5567 ⁸
1054 5534 1095 5586 De
1109 5530 1235 5585 Macariis
1246 5529 1350 5587 dictum
1366 5529 1506 5585 hactenus.

141 5596 483 5667 bentetpropterbcuorem
490 5601 806 5667 Deicouoocuntlrotres,
816 5603 938 5656 etuciue·
1029 5604 1097 5656 ch
1113 5600 1226 5657 denario
1243 5609 1271 5655 ct
1282 5600 1383 5666 solido,
1397 5616 1516 5673 quorum
1540 5598 1583 5655 bic
1602 5599 1715 5669 mentio,
1732 5596 1793 5653 vide

140 5668 937 5739 ritcommuuieurebajoumodr'cocatr'outbus,ouutlterocsit.
998 5673 1016 5729 l.
1026 5689 1058 5728 vv
1069 5671 1159 5728 lnstit.
1173 5688 1197 5728 c.
1217 5676 1259 5739 tt,
1274 5680 1302 5727 et
1315 5673 1334 5728 l.
1351 5687 1370 5727 v
1383 5687 1408 5728 e.
1428 5679 1471 5729 38.

141 5741 176 5794 D.
186 5741 353 5811 Augustinus
363 5739 411 5797 lib.
422 5754 464 5795 ιιι
477 5749 571 5796 contra
585 5746 714 5798 Farrstum
723 5758 784 5814 cap.
794 5746 829 5798 50
841 5762 848 5798 z
860 5746 939 5814 Apo·
1029 5747 1040 5777 e
1056 5747 1159 5799 Tertus
1172 5743 1288 5815 vulgales
1300 5742 1357 5800 edit
1371 5761 1377 5798 :
1393 5745 1488 5801 Melior
1497 5748 1534 5799 ost
1546 5744 1667 5814 pupillus
1678 5756 1738 5798 cuce
1752 5754 1793 5794 re·

138 5826 195 5880 pes,
212 5810 311 5882 inquit,
328 5815 427 5867 nesure
442 5814 572 5883 pauperes
584 5820 713 5884 pascum,
733 5817 787 5872 siue
800 5816 936 5887 frugibus,
993 5818 1066 5887 quie,
1082 5832 1163 5886 quem
1172 5817 1254 5887 pluto
1268 5820 1385 5886 utruque
1401 5832 1496 5873 mustus
1510 5832 1569 5871 cum
1583 5815 1671 5870 labore
1685 5812 1793 5881 atomi·

1006 5461 1078 5517 uisse
1092 5460 1217 5529 superius
1229 5459 1420 5514 annotavimus
1436 5458 1539 5527 (Collut.
1555 5462 1599 5524 tl,
1615 5472 1673 5528 cup.
1693 5463 1742 5513 let
1752 5456 1791 5527 8).
