3848 6158
106 209 163 264 ,ιιι
490 201 660 259 ιοιιιιιο
679 205 723 260 ιιι.
742 171 841 260 -on
860 205 982 264 rursus
1000 208 1389 269 asnauuurnuonrsus,
1714 221 1767 278 ιιι

109 336 156 387 ιιι
168 329 296 388 Christus
311 327 636 398 :⁸Siiuelienis1tdeles
647 343 700 383 non
709 329 807 396 fuistis
821 347 829 384 ι
841 329 912 400 quod
925 332 952 398 Α
966 339 994 388 et
1008 346 1072 388 mox
1083 332 1260 391 transituram
1279 335 1503 396 transcendentes
1519 338 1610 397 animo
1628 355 1659 398 ao
1672 352 1766 402 mente

106 429 229 481 nestrum
242 427 291 487 est,
305 424 367 494 quis
382 421 461 478 dubit
473 422 548 478 uobe's
562 423 649 488 (Lueoe
662 423 748 489 xviii
764 421 912 480 Evidentes
964 426 1159 501 despiciemus,
1170 429 1305 489 intuentes
1317 429 1471 504 dumtaxat,
1480 433 1632 491 secundnm
1644 439 1765 508 Aposto-

109 518 198 591 igitnr
219 517 268 574 bas
289 514 400 574 divitias
420 513 522 573 alienas
541 529 611 584 esse,
635 529 690 571 non
709 513 801 572 solnm
819 514 912 588 quoti·
964 518 1137 591 lumborum
1150 524 1357 596 quucideutur,
1370 527 1696 599 sedquoeuousuilmtnr3
1710 547 1765 601 quo

104 609 192 667 diana
206 609 369 684 experientia
382 607 481 677 docet,
499 622 595 666 verum
611 606 694 665 etiam
705 609 840 666 renuntia
853 611 910 666 Do-
965 619 1037 674 mim
1046 617 1349 693 submurmuratio
1360 623 1664 695 suedrquoefuutemum
1672 626 1766 681 nidere

106 702 179 784 mini
201 702 257 776 ipsa
288 700 472 776 appellatione
499 699 674 775 significarit.
696 704 737 758 De
759 700 914 760 visibilibus
965 714 1022 777 tur,
1038 716 1156 782 usturam(
1167 715 1194 769 11
1208 714 1269 772 Cor.
1284 715 1330 788 ιι)
1344 737 1351 773 :
1368 723 1400 773 ut
1408 714 1446 773 ita
1460 716 1573 775 demum
1589 717 1656 776 illud
1669 734 1764 792 supra.

108 809 176 852 vero
195 795 375 870 pessimisque
386 791 489 852 divitiis
505 793 738 866 loquitanetrus
753 793 791 852 ed
810 793 913 852 Domi·
966 820 1043 862 mum
1062 821 1218 866 mereamur
1230 806 1327 866 audire
1341 809 1416 882 quod
1432 809 1536 869 dicitnr
1552 811 1588 869 ad
1607 810 1764 884 Abrabam,

107 904 178 945 num
194 906 201 944 :
215 892 281 947 Ecce
290 903 336 945 uos
352 889 513 959 reticulum
524 890 628 952 mutu,
643 892 669 944 et
678 891 765 945 secute
772 903 864 945 mmsis
876 893 911 955 u,
965 902 1002 955 ut
1010 902 1109 957 umiiu
1122 906 1224 959 emam
1235 918 1318 974 quum
1326 905 1379 960 tibi
1388 910 1568 963 momtrcme
1577 908 1681 972 (dmm
1694 909 1763 976 ιιι).

104 982 253 1055 quideme
267 986 320 1040 mi
335 982 533 1055 constituitis.
549 981 643 1054 aral?
656 981 703 1055 qni
716 982 807 1055 ntique
820 974 834 1014 l
847 981 918 1070 nibil
965 990 1018 1047 Per
1041 991 1118 1066 qnod
1133 993 1273 1052 evidenter
1290 997 1446 1053 ostenditur
1468 996 1543 1070 quod
1560 997 1611 1054 nisi
1630 998 1693 1072 qnis
1710 1007 1767 1057 tres

106 1075 227 1148 amplius
239 1093 325 1151 quam
338 1074 470 1134 vilissima
490 1073 680 1149 conscissaque
693 1074 762 1133 retia
774 1074 914 1135 dimisisse
966 1086 1119 1157 superiores
1127 1085 1186 1144 illas
1197 1085 1448 1146 abrenuntiationes
1463 1091 1541 1146 omni
1554 1091 1654 1148 mentis
1668 1091 1767 1150 ardore

105 1178 273 1228 noscuntur.
295 1171 365 1242 Qnae
378 1168 471 1228 omnia
494 1167 547 1226 nisi
565 1169 595 1227 in
611 1169 663 1227 bae
680 1168 913 1229 abrenuntiatione
966 1175 1129 1250 impleverit,
1149 1178 1184 1234 ad
1203 1188 1333 1252 quartum
1352 1180 1405 1237 boc
1419 1183 1561 1253 peruenire
1581 1199 1640 1239 uon
1663 1185 1764 1257 possit,

105 1262 253 1333 vitiorum,
268 1280 329 1338 qnae
343 1280 403 1322 rere
416 1269 552 1336 magnaei
563 1278 672 1323 summa
683 1270 734 1334 est,
746 1263 849 1323 inerint
867 1265 913 1322 in·
965 1269 1040 1344 quod
1061 1272 1291 1332 remunerationis
1304 1289 1337 1331 ae
1355 1274 1462 1348 praemii
1481 1276 1540 1331 rice
1557 1275 1648 1332 taliter
1663 1292 1767 1334 rennn-

106 1357 229 1424 tellecta,
245 1375 297 1416 uec
315 1358 466 1433 pretiosum
485 1357 592 1431 aliquid
608 1356 778 1417 inveniemus
798 1367 914 1432 aposto-
967 1363 1043 1422 tianti
1054 1362 1194 1434 tribuitur,
1209 1365 1238 1423 id
1252 1375 1304 1437 est,
1316 1374 1459 1424 ulterram
1469 1368 1693 1441 repromissionis
1704 1384 1766 1426 mc-

11 1460 34 1517 ·,
108 1451 152 1511 los
170 1452 385 1526 reliquiase,nec
398 1452 551 1510 Dominum
564 1450 701 1521 babuisse,
717 1453 913 1526 propterquod
966 1464 1058 1515 reatnr
1071 1458 1380 1534 intrare,neqnaquam
1393 1459 1513 1533 sibijam
1526 1461 1660 1519 uitiorum
1673 1461 1768 1533 spinas

110 1543 165 1601 illis
186 1551 291 1602 tantam
311 1545 489 1603 beatitudinis
512 1541 631 1617 gloriam
648 1543 804 1620 largiretur,
825 1555 856 1604 ut
876 1545 913 1605 ab
966 1563 998 1605 ac
1021 1548 1141 1608 tribulos
1162 1551 1380 1624 germinantem,
1407 1568 1470 1627 quae
1493 1562 1556 1627 post
1577 1553 1767 1627 expulsionem

108 1637 208 1695 eodem
220 1647 392 1697 mererentur
411 1637 506 1696 audire
521 1657 528 1695 ι
543 1640 576 1694 ιιι
594 1641 793 1708 sepmerutione
804 1655 864 1695 eum
875 1655 914 1696 se-
967 1642 1129 1714 passiouum
1144 1653 1307 1702 cunctarum
1322 1646 1441 1719 puritate
1455 1646 1545 1705 cordis
1553 1647 1580 1703 in
1589 1647 1642 1704 boc
1651 1664 1768 1722 corpore

109 1732 183 1790 derit
189 1734 274 1790 Filius
284 1733 401 1789 bominis
413 1733 509 1789 insede
516 1732 666 1804 mejestatis
677 1749 743 1798 suu,
756 1733 881 1791 sedebitis
887 1739 913 1791 et
929 1744 953 1808 Β
966 1733 1132 1808 possidetur,
1141 1753 1224 1811 qnam
1239 1754 1296 1797 uon
1311 1739 1397 1798 virtus
1414 1740 1455 1798 sel
1473 1739 1605 1798 industria
1619 1739 1768 1799 laboraubs

110 1842 156 1882 nos
170 1828 329 1899 supersedeo
339 1826 488 1890 dmdeom,
499 1826 654 1898 judicantes
669 1827 809 1884 duodeum
824 1829 913 1886 tribus
966 1829 1133 1888 monstrabit
1149 1831 1190 1901 ei,
1202 1830 1251 1888 sed
1260 1830 1317 1905 ipse
1331 1833 1466 1891 maninus
1483 1841 1660 1892 ostensurum
1671 1848 1768 1893 soene

110 1921 195 1978 lsrael
207 1920 287 1988 (ibid.
296 1920 315 1994 l.
337 1920 364 1978 Si
377 1918 461 1994 igitur
473 1917 562 1992 biqni
577 1918 699 1993 perfecte
713 1928 835 1979 terrenas
847 1921 914 1980 istas
966 1921 1101 1995 promittit
1120 1941 1128 1980 ι
1151 1927 1187 1981 Et
1205 1928 1281 1991 omi,
1300 1925 1443 1999 inquiens,
1457 1929 1601 1984 interram
1618 1944 1700 1999 quum
1715 1929 1769 1985 tibi

111 2030 146 2071 ac
169 2014 289 2073 risibiles
307 2014 436 2073 abdicant
454 2013 615 2086 iacultates,
628 2015 711 2074 certis
723 2031 757 2073 ex
774 2016 865 2075 causis
878 2017 913 2076 ad
965 2021 1157 2075 monstravero.
1178 2021 1230 2076 Per
1248 2018 1324 2090 quod
1344 2018 1488 2077 manileste
1506 2020 1650 2093 probatur,
1668 2029 1696 2078 et
1713 2021 1765 2079 ini·

111 2107 190 2164 illam
207 2107 387 2181 apostolicam
401 2107 563 2166 ebarimtem
573 2111 585 2178 [
594 2109 640 2166 Al.
662 2108 833 2181 claritatem]
849 2125 912 2184 per-
965 2109 1036 2168 tium
1051 2117 1154 2169 nostrae
1166 2109 1265 2169 ululis
1275 2111 1388 2168 Domini
1401 2112 1544 2171 vennone
1557 2111 1617 2169 lieri
1630 2114 1769 2184 dicenda,

112 2200 208 2258 venire
221 2216 278 2259 uon
289 2209 412 2275 possunt,
429 2218 480 2260 nee
498 2202 576 2261 allum
594 2202 786 2261 sublimiorem
811 2219 912 2278 pauco·
966 2207 1023 2261 llari
1035 2206 1068 2261 de
1081 2209 1156 2261 terra
1174 2209 1238 2273 tuu3
1252 2206 1287 2262 'et
1304 2205 1574 2263 consummationem
1594 2205 1768 2279 perlmtlonis

114 2309 233 2368 rumque
249 2294 401 2354 admodum
420 2296 633 2354 renuntiationis
657 2295 774 2371 gradum
800 2296 912 2355 tertium
966 2313 1000 2356 ac
1022 2297 1149 2372 puritatis
1168 2297 1203 2355 ab
1217 2296 1315 2356 eodem
1329 2297 1458 2356 similiter
1479 2298 1578 2368 tribui,
1593 2314 1659 2356 eum
1680 2298 1767 2368 dicit,

111 2387 238 2462 expedito
253 2388 346 2464 rigore
356 2390 537 2451 conscendere
553 2399 675 2464 quant,
690 2390 756 2465 qnid
769 2390 807 2448 illi
819 2390 853 2450 de
866 2407 914 2451 se·
966 2395 1003 2449 at
1016 2395 1077 2448 omi
1088 2395 1118 2448 iu
1132 2396 1232 2450 terrum
1243 2408 1325 2465 quum
1340 2393 1393 2449 tibi
1403 2397 1596 2461 momtrueuro,
1606 2390 1636 2450 id
1648 2400 1699 2463 est,
1711 2408 1768 2451 non

110 2485 234 2563 metipsis
240 2484 366 2560 judicare
376 2486 526 2557 debebunt,
536 2488 581 2563 qul
589 2504 640 2547 nee
655 2489 775 2563 primam
786 2489 913 2564 quidem,
967 2500 1051 2557 qnam
1064 2493 1095 2543 tu
1109 2499 1143 2542 ea
1154 2485 1298 2559 umedpso
1310 2499 1407 2554 nosse,
1426 2484 1469 2543 vel
1482 2484 1615 2543 industria
1626 2492 1673 2543 baa
1689 2493 1769 2558 pote-

113 2593 177 2652 quae
188 2578 526 2656 p01f20511⁸021‚pepf00oe
542 2583 718 2657 arripiente„
739 2593 823 2660 ,iqua
841 2584 911 2643 anst.
966 2579 1005 2636 ris
1018 2578 1147 2652 reperire,
1166 2577 1214 2636 sed
1224 2593 1307 2653 quam
1321 2593 1371 2651 ego
1384 2578 1435 2635 tibi
1448 2593 1504 2637 non
1513 2577 1605 2636 solnm
1619 2577 1768 2652 ignoranti,

110 2686 179 2744 qnae
203 2672 381 2746 pecuniarum
408 2688 521 2735 suarum
542 2673 639 2734 sordes
662 2692 726 2734 enm
755 2676 914 2736 infidelitate
967 2670 1016 2728 sed
1029 2672 1115 2728 etiam
1128 2686 1184 2726 non
1195 2669 1344 2744 inquirenti
1360 2678 1562 2727 monstravero.
1576 2673 1619 2726 Er
1634 2685 1689 2741 qno
1708 2686 1768 2727 ma·

109 2763 221 2839 pristina
235 2773 417 2840 retentmtes,
433 2752 630 2827 nudo'tantum
642 2768 755 2828 sibimet
766 2778 914 2830 antumant
966 2766 1063 2824 nileste
1083 2765 1220 2840 colligitur
1237 2765 1313 2838 quod
1330 2764 1565 2838 quemadmodum
1588 2765 1769 2835 inspiratione

112 2859 310 2920 monachorum
335 2862 468 2921 vocabulo
493 2863 690 2938 gloriandum?
712 2866 783 2941 Ergo
805 2864 911 2939 plima,
967 2857 1079 2916 Domini
1098 2855 1292 2930 provocati'ad
1314 2856 1387 2914 viam
1407 2855 1504 2915 saluus
1522 2855 1709 2924 ειιιιιιίωιιις
1732 2855 1769 2913 ita

111 2970 194 3027 quam
212 2954 347 3026 diximus,
361 2956 561 3014 abrenuntiatio
581 2972 676 3015 rerum
687 2957 836 3016 alienarum
850 2966 911 3030 est,
967 2952 1049 3009 etiam
1063 2950 1222 3024 magisterio
1243 2950 1327 3023 ipsius
1341 2957 1369 3008 et
1382 2949 1582 3008 illuminatione
1594 2948 1718 3021 deducti,
1734 2950 1769 3008 ed

110 3047 227 3123 ideoque
239 3044 328 3123 perse
342 3050 430 3108 solam
447 3049 644 3123 perlectionem
664 3052 830 3111 renuntianti
848 3068 912 3111 uon·
966 3045 1164 3121 perlectionem
1182 3060 1302 3103 summae
1322 3043 1497 3103 beatitudinis
1515 3043 1699 3117 pervenimus.
1741 3049 1751 3059 “

114 3139 188 3199 ferre
197 3157 256 3200 uon
265 3142 381 3214 suflicit,
394 3144 448 3201 uisi
467 3145 622 3217 pervenerit
634 3144 668 3203 ad
682 3145 840 3215 secundam,
850 3126 949 3220 quauc
1267 3185 1387 3244 CAPUT
1411 3186 1464 3242 XL

112 3249 176 3292 vere
213 3235 414 3306 abrenuntiatio
437 3252 529 3294 rernm
555 3247 715 3296 nostrarum
737 3248 796 3309 est,
828 3255 913 3313 qnam
1125 3298 1130 3308 ,
1223 3299 1228 3308 ,
1355 3297 1360 3306 ,
1393 3295 1398 3306 ,
1489 3294 1524 3305 ,,
1671 3293 1677 3304 .
1752 3292 1758 3304 .

111 3329 202 3402 adepti
219 3330 379 3402 expulsione
399 3331 528 3388 omnium
542 3331 689 3402 vitiorum,
704 3333 793 3389 tmiae
805 3348 914 3406 quoque
966 3299 1145 3365 luterroputto
1162 3295 1195 3349 de
1206 3295 1289 3350 libero
1299 3295 1412 3350 arbitrio
1422 3294 1547 3356 ιιοιιιιιιι,
1561 3296 1587 3348 et
1601 3296 1694 3362 proteo
1707 3295 1767 3348 Der.

110 3427 355 3485 abrenuntiationis
374 3426 479 3502 fastigia
500 3427 732 3497 conscendemus,
761 3445 809 3502 per
830 3446 913 3505 quam
1003 3427 1180 3485 Germanus:
1197 3427 1253 3481 eln
1270 3439 1325 3497 qno
1339 3439 1405 3498 ergo
1422 3422 1540 3480 liberum
1554 3422 1679 3480 consistit
1691 3420 1767 3478 arbi-

111 3534 171 3577 uou
183 3520 273 3577 solum
291 3522 385 3579 omnia
405 3536 468 3596 qnae
483 3521 509 3578 ln
525 3521 580 3580 boc
596 3521 703 3581 mundo
719 3531 854 3597 geruntur
870 3524 913 3583 rel
969 3520 1070 3589 trium,
1086 3527 1189 3576 nostrae
1200 3532 1324 3591 quoqne,
1338 3516 1412 3590 qnod
1428 3515 1575 3574 laudabiles
1593 3531 1704 3584 sumus,
1722 3530 1770 3573 re-

114 3613 293 3686 particulatim
308 3616 342 3673 ab
357 3617 515 3676 bominibus
527 3617 817 3692 possidemusssverum
829 3619 913 3676 etiam
969 3624 1081 3689 putatur
1098 3613 1252 3682 industriae,
1270 3612 1291 3671 si
1316 3615 1391 3670 Dens
1412 3611 1440 3669 in
1454 3610 1533 3669 uobis
1545 3611 1637 3669 omnia
1654 3610 1770 3685 quae-ad

115 3708 201 3782 ipsam
222 3721 384 3772 cunctorum
398 3714 599 3772 elementorum
617 3713 831 3788 plenitudinem,
852 3729 915 3788 quae
968 3720 1091 3771 nostram
1113 3709 1309 3783 perlectionem
1322 3707 1467 3782 pertinent,
1483 3715 1511 3765 et
1531 3707 1642 3782 incipit,
1662 3715 1770 3765 et'con·

112 3810 223 3876 putatur
236 3821 296 3865 esse
310 3808 469 3883 magnilica,
482 3816 625 3881 tamquam
636 3808 751 3867 vanitati
762 3807 915 3880 subjectam
969 3813 1093 3865 summat
1107 3807 1120 3862 i

660 3946 789 4003 stanni
808 3948 919 4007 GAZAEl
939 3947 1217 4004 COMMENTARIUS.

151 4075 163 4106 ¹
180 4076 220 4130 lta
233 4074 317 4130 etiam
338 4075 434 4127 Patres
445 4044 660 4140 inlerpretantur
681 4067 820 4134 alienum,
841 4069 918 4142 quod
970 4070 1042 4143 quit,
1057 4067 1769 4141 uliqrustueitiesibioopitutrbuibusdicut:Adnoeem

117 4145 286 4215 temporale3
300 4149 427 4197 trostrnm
453 4146 556 4205 autem,
569 4136 839 4212 quodspiritualeest
854 4143 915 4212 (cp-
969 4143 1251 4210 Dominioumuterque
1261 4143 1311 4196 iste
1344 4143 1437 4194 'sutor
1446 4139 1514 4208 quid
1524 4143 1574 4193 uui
1587 4142 1718 4208 quaestum
1727 4140 1771 4194 di-

108 4219 206 4286 pmuu.
228 4216 246 4267 l.
273 4211 609 4281 deOper.etlileemos.;
636 4211 914 4283 enumerent).
971 4214 1064 4275 rudit,
1080 4213 1129 4282 qui
1143 4225 1211 4281 pene
1228 4210 1297 4265 murt
1348 4208 1552 4266 buittsediuc
1567 4211 1597 4264 iu
1612 4224 1650 4273 re,
1666 4210 1769 4277 tratres

111 4284 247 4351 Enuuqel.
263 4297 321 4352 cup.
334 4281 390 4353 ss).
403 4281 531 4338 Alienum
545 4281 618 4338 euim
632 4281 832 4339 voeatdivities
845 4291 916 4339 tem·
971 4280 1396 4351 ebummimimffectumdebemus
1439 4282 1494 4335 tirus
1503 4294 1769 4351 pemerequomem·

112 4354 228 4427 porales
238 4396 245 4421 ,
256 4350 330 4425 quod
340 4367 386 4409 eas
396 4353 479 4425 pleno
488 4351 551 4426 inre
565 4368 621 4410 non
634 4351 840 4425 possideamus,
853 4369 917 4411 oum
970 4370 1048 4422 sum3
1059 4353 1174 4409 multum
1188 4352 1298 4422 reliquit
1311 4295 1502 4422 queuffnun
1513 4354 1639 4419 retinuit‚·
1654 4354 1769 4409 ocultum

112 4424 234 4482 minimo
246 4432 387 4480 momento
398 4422 438 4480 sel
449 4422 502 4482 illae
511 4423 602 4494 nobis,
617 4424 661 4480 vel
672 4439 722 4481 nos
737 4424 802 4498 ipsis
815 4424 916 4499 eripia·
969 4426 1081 4496 reliquit
1087 4427 1138 4496 qui
1144 4424 1455 4495 quantumlibetpurum
1463 4427 1549 4479 totum
1557 4425 1685 4481 deseruit.
1696 4426 1769 4482 Certe

113 4511 181 4553 mur
198 4516 204 4551 :
224 4493 350 4568 qnodque
377 4510 424 4552 eas
448 4494 587 4553 Dominus
605 4493 765 4561 bominibus
785 4495 917 4554 concedat
931 4487 957 4551 b
969 4511 1018 4552 uos
1034 4501 1059 4553 et
1078 4497 1174 4552 bobilo
1186 4510 1245 4551 mm
1259 4510 1349 4552 umore
1357 4496 1535 4566 possiumus,
1554 4499 1579 4551 et
1592 4513 1623 4552 eu
1636 4512 1696 4566 qaeu
1715 4511 1769 4553 uon

114 4582 171 4623 uon
189 4574 330 4638 tamquam
346 4565 453 4639 propria
464 4580 560 4623 eornm
575 4565 647 4622 bona
661 4585 669 4634 ς
684 4565 732 4623 sed
746 4583 794 4641 per
806 4583 870 4636 eos,
886 4576 918 4624 ut
971 4568 1098 4624 iubemus
1111 4583 1147 4623 eu
1157 4567 1460 4638 metamaucensium.
1474 4568 1590 4624 Multum
1603 4584 1665 4637 erpo
1674 4572 1770 4625 Petrus

77 4688 80 4694 .
115 4653 293 4701 oeconomos,
309 4637 334 4693 le
353 4638 429 4694 itinae
448 4634 639 4709 dispensanda.
668 4638 799 4695 Nostrum
820 4646 915 4697 autem
970 4641 1134 4698 etAudreos
1149 4639 1272 4704 dimisit,
1287 4638 1395 4709 quaudo
1408 4644 1520 4708 uterque
1533 4641 1614 4694 etium
1634 4640 1769 4695 desiderio

117 4717 196 4766 vocnt
217 4653 372 4780 spiritualia
395 4717 422 4764 et
435 4706 557 4765 coelestia
580 4707 663 4791 bona,
681 4706 742 4779 quia
761 4708 796 4766 ad
817 4725 915 4768 eorum
969 4711 1088 4769 bubmdi
1101 4711 1223 4781 reliquit.
1243 4711 1359 4765 Multum
1368 4711 1474 4765 dimisit
1484 4711 1534 4778 qui
1543 4723 1602 4762 eum
1615 4723 1644 4788 re
1684 4721 1770 4761 ssessu

116 4781 317 4853 possessionem
332 4779 415 4837 creati
429 4792 539 4847 sumas,
550 4785 767 4851 conveniuntque
777 4778 857 4838 nobis
870 4794 915 4837 se·
969 4782 1279 4852 etrumcmuspisomtiis
1294 4781 1469 4834 amantionis.
1485 4780 1641 4843 Asequeuti
1679 4790 1768 4842 serpo

116 4849 239 4908 cundum
252 4849 280 4907 id
293 4850 368 4923 qnod
382 4849 556 4923 potissimum
566 4862 674 4917 sumus,
684 4863 784 4921 nempe
796 4851 915 4908 rationa-
969 4857 1048 4910 tuctu
1056 4845 1772 4918 dimissusuut,quuutoepm-sequentibuseoueupisci

116 4922 167 4989 les,
181 4928 208 4977 et
225 4921 285 4980 bac
298 4923 357 4979 sola
370 4937 426 4979 non
443 4922 538 4979 beatos
550 4919 671 4988 iaciunt3
687 4934 738 4976 nee
754 4920 819 4994 eripi
834 4921 914 4981 nobis
966 4926 1122 4994 petasum
1138 4918 1206 4976 Vide
1226 4918 1325 4975 similia
1346 4915 1419 4987 apud
1434 4917 1462 4973 S.
1479 4914 1650 4972 Bernardum
1667 4915 1694 4972 in
1717 4914 1769 4973 de·

116 4991 751 5121 1'⁰¹⁵‘⁵¹r¹1¹¹·t'c⁰i⁸iu’lesstisbsus'patlassentiemus
771 5063 797 5117 D
817 5061 918 5120 Him-
971 4993 1082 5135 (witi
1101 4989 1192 5127 muigla
1208 4987 1288 5045 verba
1311 5009 1317 5046 :
1342 4989 1407 5044 nece
1429 5002 1476 5043 nos
1496 4987 1653 5058 reliquimus
1675 4989 1774 5081 omnio

213 5081 237 5121 rs
265 5080 389 5122 onsouan
458 5105 463 5118 .
550 5081 567 5120 u
754 5106 760 5118 .
800 5103 808 5117 .
1077 5104 1084 5118 .
1170 5103 1176 5115 .

115 5150 217 5208 aymus
230 5136 310 5207 epist.
327 5141 362 5206 tl
376 5154 382 5189 :
397 5135 540 5206 Apostoli,
555 5133 643 5206 inquit
655 5175 663 5198 ,
677 5133 830 5204 ploriuatur
844 5135 917 5205 quod
1006 5137 1018 5167 ⁶
1041 5135 1127 5191 Vetus
1144 5130 1288 5201 cantilena,
1308 5144 1356 5187 seu
1375 5130 1509 5187 cavillatio
1531 5131 1734 5203 Pelagianorum
1759 5149 1766 5186 ι

114 5208 208 5262 omnic
221 5208 391 5275 dimiserint,
404 5211 430 5262 et
442 5208 527 5261 secuti
539 5209 595 5261 sint
613 5206 789 5263 Salvatorm.
804 5208 917 5262 Etomte
971 5207 1004 5262 ln
1018 5219 1073 5279 quo
1094 5202 1219 5261 consistit
1236 5202 1345 5259 libertas
1365 5202 1470 5259 arbitrii
1487 5210 1513 5259 et
1526 5202 1597 5258 ratio
1613 5201 1722 5269 meriti,
1743 5201 1767 5258 si

111 5282 214 5348 preter
229 5282 301 5333 retia
320 5282 345 5334 et
356 5293 451 5333 aunon
469 5278 539 5332 nibil
553 5277 720 5347 lepimuseos
729 5277 917 5342 dimisisseret
970 5276 1065 5333 omnia
1096 5291 1139 5334 nse
1149 5274 1183 5333 ad
1197 5275 1311 5332 salntem
1326 5282 1450 5332 noemam
1460 5282 1488 5331 et
1497 5273 1690 5346 perlectionem
1704 5289 1768 5345 per-

116 5354 207 5404 tumen
223 5351 373 5405 testimonio
386 5349 482 5417 futuri
500 5349 602 5405 Judr'eis
616 5348 794 5412 denoscetur,
810 5349 877 5429 quia
887 5362 918 5404 se
969 5291 1179 5415 liuentdivinm
1191 5346 1287 5422 gratiae
1299 5355 1411 5420 accepta
1426 5344 1566 5429 relereuda
1578 5347 1654 5402 siut?
1668 5346 1702 5403 de
1715 5361 1768 5428 qna

115 5419 916 5492 osfermtestotumdimiseruntquodiubebunt.Augustrnus
969 5420 1123 5494 quastime
1135 5420 1195 5477 vide
1208 5422 1242 5476 D.
1259 5418 1463 5501 Hieronymum
1480 5416 1525 5474 lb.
1543 5434 1628 5491 rcap.
1647 5423 1704 5475 tet
1719 5416 1765 5473 lrb.

117 5489 197 5558 epist.
207 5496 254 5560 stt,
274 5498 329 5564 qt
346 5512 352 5548 ι
368 5495 458 5563 Neque
468 5492 537 5547 miii
550 5494 640 5547 miuus
651 5492 833 5563 imputabitur
848 5491 916 5562 quie
969 5504 1008 5549 ιιι
1027 5508 1088 5565 cap.
1105 5495 1121 5549 2
1137 5491 1269 5548 adsersus
1281 5489 1450 5572 Pelagianos,
1461 5491 1646 5563 Augustinnm
1667 5486 1714 5542 lib.
1732 5485 1767 5544 de

118 5558 313 5632 disesnmsui.
326 5563 715 5635 Numueeupostoii,quipsr?us
725 5562 914 5632 boeoleoerunt,
969 5563 1063 5621 Gratia
1086 5572 1114 5620 et
1139 5561 1239 5619 Libero
1258 5559 1380 5617 Arbitrio
1400 5575 1460 5632 cap.
1480 5565 1543 5626 t,et
1556 5557 1726 5617 Bernardum
1751 5563 1767 5615 a

117 5631 359 5702 divitissimarum
372 5635 419 5691 sed
439 5638 525 5689 totum
535 5635 666 5690 muudum
687 5635 813 5696 dimittit,
833 5635 916 5704 quiet
968 5641 1086 5692 tractatu
1099 5632 1133 5691 de
1143 5632 1423 5704 eodemargumeuto.
1437 5629 1491 5688 Sed
1512 5632 1618 5704 plenius
1628 5628 1663 5687 de
1673 5627 1724 5688 bac
1738 5642 1768 5686 re

115 5703 192 5774 quod
203 5704 329 5770 bubebut,
339 5711 365 5763 et
375 5705 447 5777 quod
457 5705 554 5762 labem
566 5707 688 5777 optabat,
702 5705 830 5761 dimittit.
846 5705 914 5762 Gre·
968 5714 1065 5780 agetur
1084 5704 1175 5762 collat.
1195 5710 1240 5761 tt.

112 5774 210 5847 gorius
223 5778 338 5850 ltlagnus
353 5776 450 5834 homil.
465 5781 482 5833 t
495 5775 523 5832 in
533 5777 678 5850 Evangelia
695 5793 703 5833 ι
718 5779 855 5839 Fortasse.
870 5774 913 5831 in·
1027 5847 1029 5851 ,
