3848 6158
156 242 204 297 ror
471 242 640 300 COLLthO
661 244 730 300 vrri.
750 273 785 285 —
803 245 848 300 ba
867 244 1126 304 Purhcrearrssus
1145 249 1206 304 SEU
1228 248 1494 309 Po'resrarraus.
1760 260 1813 316 762

426 368 552 425 CAPUT
568 370 678 425 XXlll.
967 372 994 435 Α
1009 389 1039 429 nc
1054 373 1163 445 sinder,
1178 383 1215 444 et,
1230 383 1261 432 ut
1273 374 1336 448 ipsis
1350 376 1497 448 Scriptura·
1513 376 1601 433 verbis
1615 376 1737 449 eloquar,
1761 379 1812 438 nd-

158 473 388 550 Respamiaquod
397 473 521 528 naturali
535 473 590 542 leqa
600 473 721 528 abieritis
732 472 957 542 hominesJudicia
1004 468 1093 539 jutrix
1116 469 1241 541 apposita
1259 477 1300 526 est
1323 468 1452 527 mosaica
1466 470 1532 543 legis
1551 485 1643 527 severa
1665 469 1809 541 districtio,

346 560 492 616 miliia?
505 546 616 613 smil
629 545 751 600 milii·
1009 565 1090 620 utrel
1115 570 1192 620 metu
1215 579 1305 637 poenae
1332 565 1475 638 praesentis
1495 580 1549 621 non
1574 566 1682 637 penitus
1704 564 1809 623 bonurn

195 656 310 712 Serenus
325 671 332 707 :
347 661 361 688 ²
382 655 457 708 Deus
471 649 614 709 hominem
632 666 740 721 means,
756 659 957 710 omnem-uatu-
1008 659 1130 715 scientim
1160 658 1291 715 naturalis
1325 659 1538 732 extingueretur,
1571 659 1722 716 secundum
1743 676 1810 732 pro·
1877 646 1884 662 ’

154 750 248 808 raiiter
265 749 290 805 ei
309 747 459 806 scientiam
478 746 543 819 legis
556 744 679 814 inseruit,
696 760 759 818 quae
772 746 796 802 si
812 744 908 803 iuisset
922 747 957 804 ab
1008 749 1808 824 phetaeseutentiarudicentis,⁰Leqemdeditiaadjutorium

155 843 269 900 homine
287 841 438 899 secundum
454 839 625 912 propositum
640 839 762 909 Domini,
783 849 813 896 ut
826 849 956 914 eoeperat,
1008 846 1110 909 (Galat.
1129 845 1208 917 ιιι),ἀ
1223 859 1285 918 quac
1300 844 1381 901 etiam
1395 844 1548 902 secundum
1567 845 1732 916 Apostolum
1753 859 1808 917 pae·

156 937 300 1003 custodita,
317 951 371 992 uon
397 932 956 1007 utiqucneeessarinmiuissetallamdari,
1008 938 1217 1013 dagogusveiut
1235 938 1358 1011 parvulis
1372 937 1437 995 data
1456 938 1537 996 luisse
1551 940 1724 1006 describitur,
1748 955 1807 997 eru·

155 1047 218 1104 quae
232 1046 279 1103 per
294 1029 415 1087 litteram
431 1038 523 1104 postea
541 1030 713 1103 promulgata
729 1037 780 1087 est.
797 1031 861 1087 Erat
880 1030 955 1087 enim
1008 1033 1088 1090 diens
1099 1033 1204 1090 scilieet
1218 1047 1266 1092 eos
1284 1039 1366 1104 atque
1379 1032 1544 1100 custodiam,
1559 1048 1594 1088 ne
1611 1034 1645 1090 ab
1658 1034 1705 1089 illa
1727 1033 1809 1091 disci·

155 1124 328 1196 superilunm
346 1125 517 1181 extrinsecus
531 1121 626 1180 oiierri
642 1123 794 1192 remediuu,
811 1122 884 1196 quod
905 1124 955 1181 ad·
1009 1125 1090 1196 plina,
1118 1125 1146 1180 iu
1159 1140 1212 1198 qua
1231 1123 1392 1181 naturaliter
1408 1123 1518 1181 fuerant
1545 1124 1674 1194 instituti,
1692 1126 1808 1199 quadam

155 1217 211 1274 hue
240 1217 402 1275 intrinsecus
419 1218 526 1291 rigebat
555 1217 694 1275 insertum.
712 1211 792 1276 Sedb
809 1219 872 1291 quia
887 1217 957 1286 haee,
1010 1220 1144 1277 oblivione
1161 1216 1331 1275 discederent
1347 1216 1409 1289 (isa.
1421 1220 1501 1285 rut).
1516 1219 1587 1273 Nam
1598 1218 1660 1288 quia
1675 1218 1710 1275 sit
1722 1220 1810 1275 homi·

154 1319 186 1368 ut
207 1310 337 1381 diximus,
355 1313 462 1383 penitus
480 1320 609 1384 corrupta
626 1311 687 1384 jam
718 1312 806 1370 iuerat
834 1311 956 1368 libertate
1008 1312 1051 1369 nis
1068 1310 1157 1367 omnis
1181 1309 1290 1367 scientia
1310 1309 1376 1382 legis
1388 1307 1423 1364 ab
1438 1308 1517 1364 initio
1541 1309 1689 1365 creationis
1704 1309 1805 1378 iuiusa,

153 1419 260 1478 usuque
287 1405 425 1477 peccandi,
456 1404 531 1462 reiut
557 1403 639 1477 hujus
662 1413 772 1461 exactor
785 1412 814 1461 et
824 1413 954 1461 executor
1009 1403 1073 1461 irinc
1086 1403 1227 1460 manifeste
1239 1400 1473 1477 probaturquod‘
1487 1400 1613 1458 mandata
1627 1402 1808 1476 tegisabsque

699 1555 828 1613 thRDl
847 1557 960 1613 cazffl
979 1555 1257 1614 cohumiliatus.

154 1697 228 1755 modi
239 1696 322 1769 dieta,
336 1697 394 1755 sire
404 1697 542 1755 axiomata
556 1714 612 1754 non
618 1697 704 1754 intelli
725 1698 732 1710 '
752 1699 787 1757 de
798 1699 858 1772 lege
872 1707 952 1758 atar-
1009 1701 1295 1771 eruditurenspcetut3
1306 1699 1479 1755 sedulianum
1491 1699 1608 1754 aotadit
1616 1701 1704 1769 filium
1713 1701 1807 1770 paeda

157 1785 204 1839 na,
218 1784 279 1841 qua
292 1777 333 1825 est
347 1769 403 1840 ipsa
418 1769 469 1825 Dei
486 1770 629 1842 sapientia,
643 1777 693 1827 aut
705 1715 740 1827 &a
754 1771 812 1837 lene
829 1771 955 1836 naturali,
1007 1787 1104 1841 papus,
1123 1772 1158 1825 ab
1172 1780 1211 1834 eo,
1233 1777 1378 1842 postquam
1391 1771 1436 1825 iile
1450 1771 1488 1825 ad
1512 1772 1658 1839 leqitimum
1672 1773 1808 1841 eripienda

152 1855 214 1912 quae
243 1839 351 1897 homini
372 1840 523 1897 innascitur
535 1841 564 1896 in
598 1841 653 1912 ipsa
673 1839 831 1898 conditione
851 1817 993 1899 nttturaeB
1009 1843 1175 1897 terrenitatis
1190 1848 1292 1912 tempus
1308 1842 1456 1906 ademerit,
1471 1857 1630 1897 recessurus.
1647 1846 1765 1912 Dettt'que
1783 1848 1810 1899 et

159 1910 220 1978 thas
239 1910 312 1967 enlm
330 1910 355 1966 te
374 1927 403 1966 es
422 1927 478 1967 non
498 1910 662 1967 antecedunt
674 1912 803 1994 crimina,
821 1929 883 1983 quac
901 1929 955 1984 pu·
1008 1928 1102 1968 nomeu
1112 1913 1313 1983 pardapaqihaa
1326 1914 1417 1983 ipsum
1430 1918 1520 1979 sauat;
1536 1919 1562 1968 et
1584 1919 1622 1968 est
1636 1917 1808 1983 eonqmsitum

149 1982 293 2052 nianturl,
320 1927 374 2039 see?
391 1980 426 2037 de
458 1981 517 2051 lege
536 1982 670 2062 positiva,
693 1982 749 2039 sire
773 1982 876 2045 divina.
896 1984 954 2042 sivo
1007 1984 1041 2039 ab
1050 1999 1079 2040 eo
1089 1985 1266 2055 quodpreeras
1277 1990 1353 2053 aqut,
1364 1985 1452 2046 idest,
1462 1984 1562 2039 ductet.
1573 1986 1700 2054 ltaqueet
1709 1987 1808 2053 Moysis

152 2051 283 2116 humana,
304 2066 366 2123 quae
384 2051 418 2107 ad
433 2060 573 2122 praeterrta
591 2067 646 2108 non
665 2053 831 2120 extenditur,
850 2054 901 2110 nisi
919 2054 948 2111 id
1007 2055 1051 2111 lea
1075 2056 1335 2125 populatasciiieati
1355 2055 1497 2110 adinstar
1513 2055 1655 2125 padaqaqi
1672 2058 1811 2113 severioris

151 2122 307 2193 exprimam
327 2122 411 2177 etiam
443 2120 552 2191 quando
573 2123 642 2178 ratio
667 2122 732 2192 leqis
765 2125 949 2183 antecessisset
1002 2129 1125 2196 apposita
1133 2130 1182 2189 est,
1196 2131 1225 2180 ut
1240 2126 1384 2182 maledicet
1395 2142 1447 2193 eos,
1460 2131 1486 2181 et
1498 2128 1604 2193 statura
1621 2127 1688 2196 palei
1697 2143 1807 2196 prepa-

154 2192 255 2263 legem,
268 2191 307 2248 ait
320 2191 417 2248 doctor
428 2192 567 2247 Nararrus
582 2196 621 2262 (lu
631 2195 729 2250 lleleet.
743 2210 802 2265 cap.
816 2196 848 2251 Si
860 2213 948 2266 quan-
1001 2203 1075 2252 earet
1089 2201 1314 2267 :quapostquam
1324 2199 1406 2264 uenit,
1415 2202 1441 2252 et
1450 2197 1612 2252 credidimus
1622 2200 1649 2250 iu
1659 2198 1806 2266 Christum,

152 2263 206 2333 dol.
223 2262 306 2334 Cujus
319 2263 453 2319 rationem
468 2262 552 2319 habes
568 2264 691 2334 superius
712 2280 876 2335 expressam.
998 2266 1057 2337 iam
1069 2285 1123 2323 uon
1134 2283 1225 2324 sumus
1238 2268 1288 2323 sub
1300 2269 1465 2338 padoqaq03
1481 2272 1553 2322 tutor
1563 2284 1579 2321 a
1591 2269 1665 2324 uobis
1680 2273 1805 2323 emulor-

189 2343 202 2369 ·
216 2333 394 2396 Naturaliter,
422 2331 448 2387 id
469 2342 521 2398 est,
538 2336 564 2388 in
581 2336 637 2406 ipsa
655 2343 761 2391 naturae
781 2336 950 2397 institutione
1006 2355 1058 2409 quc
1073 2340 1228 2407 diseeduut;
1247 2344 1273 2395 et
1287 2340 1437 2408 lepita'mum
1451 2341 1539 2395 atatis
1553 2344 1656 2410 teraqrus
1674 2342 1805 2409 ineuntes,

151 2404 203 2471 uel,
219 2412 249 2459 ut
271 2403 353 2460 habet
366 2401 447 2470 infra,
460 2404 496 2461 ab
511 2404 587 2463 initio
597 2405 752 2476 creationis,
766 2415 794 2462 et
812 2423 877 2464 cum
892 2411 948 2482 ipsa
1004 2413 1063 2466 ceri
1070 2412 1124 2480 filii
1134 2413 1185 2467 liei
1196 2413 1376 2475 aammamur,
1392 2416 1455 2467 ete·

149 2483 256 2531 natura.
1042 2481 1164 2539 ‘Multis
1186 2482 1319 2553 exemplis
1336 2481 1456 2538 ostendit
1468 2490 1601 2554 pracepta
1617 2480 1684 2553 legis
1699 2486 1806 2540 nalurae

185 2547 271 2628 lber
286 2553 393 2627 naturae
407 2546 680 2629 humanismentibus
695 2547 840 2619 impressa.
855 2552 909 2608 sire
923 2553 951 2608 in
1004 2549 1089 2609 fuisse
1109 2553 1144 2609 ab
1167 2553 1286 2623 antiquis
1303 2552 1432 2608 Patribus
1449 2567 1505 2606 non
1527 2560 1619 2608 solutu
1638 2560 1701 2607 aute
1718 2552 1805 2634 legem

148 2615 278 2673 cordibus
287 2615 432 2672 hommum
443 2627 555 2701 scripta,
569 2633 630 2690 quae
643 2618 712 2674 nrhil
726 2620 798 2678 aliud
813 2631 855 2676 est
868 2638 950 2694 quam
1004 2623 1144 2694 scriptam,
1160 2622 1187 2677 id
1203 2631 1254 2690 est,
1270 2623 1429 2689 blosaicam,
1443 2638 1536 2677 verum
1556 2622 1639 2678 etiam
1654 2630 1717 2676 aute
1729 2623 1802 2679 drlu·

146 2686 294 2744 dictamem
312 2697 394 2744 rectae
409 2688 534 2758 rationrs,
545 2697 676 2760 quatenus
690 2688 840 2762 docetquid
855 2692 952 2764 cuique
1005 2692 1079 2747 vium
1095 2693 1247 2747 observata.
1267 2691 1389 2747 Primum
1407 2692 1564 2762 eucarpium
1577 2692 1644 2746 Abel
1662 2690 1739 2763 justi,
1756 2694 1803 2764 qui

148 2758 282 2831 agendum
290 2757 485 2832 fugiendumve
502 2760 548 2829 sit,
565 2769 699 2831 quatenus
715 2770 856 2834 corrupta,
870 2763 953 2820 luerit
1004 2763 1120 2818 naturali
1146 2763 1274 2819 instinctu
1299 2769 1327 2818 et
1345 2761 1429 2818 ductu
1446 2761 1570 2816 intellixit
1579 2764 1638 2817 Deo
1664 2759 1804 2819 oilereuda

149 2830 191 2884 vet
211 2830 312 2885 abolita
332 2845 380 2900 per
404 2839 555 2902 peccatum,
571 2831 639 2889 scite
658 2832 771 2902 erponit
781 2835 809 2890 S.
828 2834 951 2892 Thomas
1004 2848 1064 2890 esse
1082 2833 1185 2906 optima
1206 2847 1332 2905 qumque.
1355 2833 1446 2902 Quare
1459 2832 1557 2887 obtulit
1571 2832 1805 2901 deprimaqeaitis

150 2899 195 2956 his
212 2900 383 2971 verbis(t·2,
404 2918 431 2971 q.
452 2907 498 2969 9⁴,
525 2919 552 2959 a.
568 2907 595 2969 6)
615 2903 684 2959 :Ad
697 2903 781 2972 leqem
797 2904 951 2962 naturalem
1003 2908 1092 2976 qreqis
1114 2907 1167 2970 sui,
1187 2910 1213 2961 et
1232 2905 1266 2960 de
1280 2904 1409 2975 adipibus
1433 2920 1540 2958 eorum:
1575 2903 1629 2958 uod
1650 2903 1707 2973 ipse
1729 2905 1805 2962 Deus

149 2975 285 3040 pertineat
296 2975 384 3042 mmo
399 2974 508 3042 quidem
520 2974 645 3043 qietedam
652 2980 950 3046 precaeptaeammuuis-
1003 2986 1096 3048 postea
1111 2976 1256 3034 declaravit
1277 2974 1336 3047 lege
1355 2975 1545 3047 iperssbiorsen
1556 2919 1631 3042 (luta,
1648 2974 1804 3046 praecipiens

148 3044 231 3105 sima,
244 3059 303 3113 qua
314 3046 376 3098 sual
386 3044 510 3099 omuibus
524 3049 602 3110 nota,
618 3044 742 3114 quadam
753 3052 842 3104 eutem
857 3065 948 3105 secun·
1003 3047 1054 3104 sibi
1073 3046 1168 3104 oiierri
1190 3047 1382 3120 primogenita,
1398 3055 1455 3102 xtrr
1480 3035 1569 3101 Erod.
1585 3045 1666 3103 Unde
1690 3046 1803 3119 intelligi

146 3113 230 3169 darell
236 3120 372 3185 percomta
383 3117 597 3185 melbispreprlss,
611 3130 671 3184 quw
680 3120 743 3170 sunl
753 3121 833 3186 quasi
845 3122 949 3175 coactae
1004 3120 1090 3175 votuit
1102 3134 1163 3190 qua
1173 3119 1269 3175 multis
1279 3127 1340 3190 post
1354 3118 1463 3175 saeeulis
1475 3133 1522 3188 per
1537 3118 1624 3189 tegeor
1635 3117 1720 3172 iliosis
1733 3132 1802 3188 prae·

145 3187 233 3241 siones
244 3189 403 3256 propinquae
427 3188 584 3256 pririeiniis.
606 3189 745 3253 Quantum
764 3204 823 3257 erqo
842 3191 880 3244 ad
901 3192 985 3265 illac
1001 3189 1100 3260 scripta
1123 3198 1150 3246 et
1176 3197 1313 3262 praccepta
1335 3198 1398 3245 sunt
1410 3187 1545 3255 Hebraeis,
1560 3204 1591 3244 ea
1611 3188 1670 3260 jam
1688 3188 1751 3244 inde
1766 3187 1801 3245 ab

143 3259 282 3327 principia
294 3259 452 3319 eommunia,
464 3258 509 3311 tea
521 3258 653 3312 naturalis
665 3257 825 3314 nullomodo
831 3265 949 3330 potesta
1001 3261 1113 3318 exordio
1126 3261 1220 3316 muudi
1233 3262 1260 3314 in
1271 3276 1321 3314 usu
1339 3256 1423 3315 fuisse
1435 3258 1506 3330 apud
1520 3274 1599 3314 seros
1610 3259 1661 3314 Dei
1684 3261 1802 3316 cultores

146 3327 271 3383 cordibus
282 3328 419 3383 domiuum
431 3328 516 3383 deleri
526 3331 555 3383 iu
566 3331 729 3383 uniuersum.
745 3331 950 3388 Debeturtamea
1005 3330 1152 3458 §heysem
1174 3333 1244 3386 liam.
1261 3336 1295 3384 24
1306 3333 1334 3384 iu
1344 3332 1459 3397 Genea).
1478 3329 1632 3384 Secundum
1645 3331 1800 3400 exemplum

145 3399 177 3451 iu
188 3401 353 3468 petrticulaei
363 3400 505 3470 operabili,
519 3403 650 3469 quatenus
660 3402 729 3455 ratio
743 3403 950 3475 impediturap-
1030 3403 1106 3472 oetii,
1121 3401 1168 3468 qui
1190 3400 1271 3457 etiam
1290 3400 1341 3456 sub
1362 3401 1420 3471 lege
1435 3409 1539 3455 naturae
1551 3406 1578 3454 et
1602 3399 1712 3453 seientia
1722 3409 1801 3455 natu·

141 3469 248 3539 plicare
261 3486 397 3526 commune
413 3474 577 3542 pariambum
588 3471 625 3526 ad
631 3469 800 3541 particulare
806 3476 949 3545 operabile,
1007 3472 1067 3541 raii,
1083 3482 1113 3529 ut
1125 3471 1170 3529 hic
1184 3471 1310 3535 habetur,
1325 3471 1404 3542 longe
1418 3478 1480 3526 ante
1496 3470 1583 3542 legem
1599 3469 1745 3524 blosaicam
1756 3470 1801 3525 in-

142 3544 257 3610 proptcr
269 3544 503 3613 concupiscentiam
513 3543 555 3598 oei
568 3544 690 3614 aliqtrem
700 3549 783 3604 aliam
788 3549 962 3616 passionem·
1006 3543 1110 3600 tullerit
1125 3558 1186 3616 quae
1197 3540 1338 3598 immunda
1351 3550 1440 3598 esseut
1454 3540 1592 3597 animalia.
1613 3539 1801 3599 Censebautur

147 3611 285 3677 Quaedam
307 3630 368 3669 uero
383 3614 475 3668 adalia
487 3631 545 3686 pra
593 3620 621 3670 ta
633 3620 804 3683 secundaria,
812 3620 951 3689 potestlcee
1006 3624 1097 3673 arrmm
1116 3613 1256 3673 immunda
1271 3620 1395 3685 tempore
1411 3611 1476 3686 legis
1490 3621 1594 3670 naturae
1614 3628 1645 3668 ea
1658 3628 1720 3685 qum
1744 3630 1799 3671 non

148 3684 281 3738 naturalis
290 3684 376 3740 deleri
386 3685 549 3743 deeordibus
626 3691 881 3762 ianm,aelproptae
890 3707 949 3745 ma·
1004 3687 1104 3746 licebat
1127 3691 1187 3745 Deo
1217 3684 1317 3755 oilere3
1348 3694 1473 3757 tempore
1495 3701 1560 3740 vero
1582 3685 1646 3752 legis
1672 3687 1799 3743 biosaicar

148 3753 190 3808 las
201 3759 392 3823 perorationes,
406 3757 448 3812 aet
458 3761 540 3815 etiam
550 3765 663 3829 prepter
708 3764 949 3821 aaascousuetuda'-
1003 3759 1144 3817 immunda
1158 3759 1309 3816 dictasunt
1325 3755 1524 3829 quibusbudaei
1542 3757 1569 3810 in
1583 3756 1704 3812 Leuitico
1726 3758 1797 3813 vesci

146 3827 514 3898 uesethabituseortrtptos,·
529 3831 641 3902 smuap
694 3835 889 3905 quasdamuon
904 3849 949 3888 re·
1022 3831 1231 3894 rolrihebanturt
1246 3844 1308 3900 (1⁰ae
1322 3827 1433 3898 (widem
1454 3826 1600 3906 lefiSimife
1634 3833 1675 3905 ⁰⁵?
1711 3826 1794 3905 etlam

141 3897 312 3965 putabantur
326 3900 472 3954 latrocinia
483 3904 603 3967 peccata,
621 3903 662 3954 oet
677 3907 757 3957 etiam
772 3904 841 3956 attia
855 3907 949 3956 eontra
1003 3845 1142 3959 grandson
1154 3900 1241 3958 [tostii
1255 3909 1434 3970 tenrporepro
1444 3894 1595 3951 immundis
1605 3893 1695 3949 habrta
1706 3892 1797 3976 iursse1

143 3972 290 4034 aelurum,
304 3977 335 4024 ut
350 3972 433 4024 etiam
443 3969 589 4036 Apostolus
601 3967 669 4022 dicit
678 3973 716 4024 ad
726 3977 866 4026 Romanas.
881 3971 948 4026 ilaec
1002 3985 1057 4026 non
1069 3972 1143 4044 quod
1162 3968 1304 4025 immunda
1320 3975 1497 4025 censerentur
1511 3982 1544 4023 eu
1566 3974 1663 4020 natura
1679 3978 1727 4019 sua
1741 3969 1797 4034 (qur

144 4038 172 4094 S.
188 4041 320 4095 Thomas.
335 4043 372 4093 Er
384 4036 483 4106 quibus
496 4037 655 4106 exponenda
667 4039 827 4110 relinquitur
844 4037 891 4093 illa
908 4040 943 4095 D.
1001 4037 1053 4095 fult
1065 4055 1142 4096 error
1152 4041 1393 4102 Manichaeorum),
1408 4037 1454 4093 sed
1466 4045 1578 4119 propter
1591 4037 1707 4107 hguram
1722 4043 1749 4090 et
1760 4034 1797 4090 si-

144 4112 294 4179 augustini
315 4106 447 4163 sententia
460 4106 506 4160 lib.
524 4121 547 4161 ιι
563 4106 685 4164 Confess.
698 4126 759 4180 cap.
775 4115 791 4163 4
808 4128 815 4165 :
830 4110 886 4164 eea
899 4113 947 4164 tua
1000 4109 1202 4182 gnificationem
1210 4109 1340 4180 aliquam,
1350 4109 1406 4163 sive
1416 4107 1664 4178 allegoricam,sive
1675 4105 1796 4176 tropolo-

143 4184 246 4251 seripta
270 4185 309 4233 ast
335 4181 364 4231 iu
377 4176 656 4245 eardibusltomiuum,
673 4197 755 4252 quam
767 4180 945 4248 uenullaqui-
1001 4181 1099 4252 gicam.
1120 4181 1163 4235 De
1177 4195 1230 4250 qna
1247 4176 1309 4232 ride
1320 4180 1347 4234 S.
1371 4177 1508 4231 Thomam
1532 4179 1592 4243 1-2,
1607 4191 1633 4246 q.
1656 4181 1721 4241 1023
1738 4180 1797 4243 te,

140 4251 205 4306 αειη
217 4251 288 4303 delet
302 4250 443 4317 iniquitas.
462 4251 502 4303 Do
516 4264 567 4320 qua
581 4247 645 4307 item
661 4251 719 4319 leae
732 4251 769 4308 ait
781 4250 943 4308 psalmista:
1001 4267 1027 4320 p.
1044 4256 1106 4320 10³,
1118 4257 1169 4305 art.
1188 4258 1213 4305 t.
1234 4249 1340 4303 ilatum
1351 4256 1444 4304 tamen
1470 4262 1562 4303 rerum
1578 4247 1730 4304 observatio
1742 4263 1796 4305 non

141 4323 289 4387 siquidum
321 4324 359 4374 est
382 4334 414 4372 su
434 4335 463 4373 er
477 4335 522 4375 aas
537 4320 625 4377 lumea
647 4325 738 4380 saltus
761 4325 812 4388 tui,
834 4324 945 4377 Domine
999 4330 1058 4377 erat
1073 4330 1136 4378 aute
1149 4322 1235 4393 legem
1251 4319 1335 4374 Masis
1347 4319 1439 4400 aliquo
1453 4319 1501 4400 Dei
1518 4327 1652 4391 praeeepto
1664 4327 1712 4374 aut
1728 4319 1797 4401 lege,

144 4391 231 4458 (Psal.
250 4393 302 4458 ιν),
321 4394 363 4446 De
377 4334 470 4445 sufem
486 4392 635 4463 Apostolus
653 4398 773 4452 Itouran.
787 4411 810 4451 ιι
827 4413 832 4448 :
848 4395 944 4452 Gerrtes
998 4402 1141 4460 utroeant,
1167 4392 1291 4464 positiva,
1305 4389 1463 4446 homiurbus
1477 4400 1622 4472 imperata:
1636 4390 1682 4446 sed
1694 4400 1793 4461 partim

141 4477 207 4532 quie
219 4462 301 4530 leqem
316 4462 490 4529 adulabant,
504 4466 709 4522 staturalitereu
723 4483 782 4538 quea
797 4467 862 4536 lepis
879 4470 943 4520 suet
996 4463 1126 4521 instinctu
1139 4466 1203 4529 De,
1219 4461 1320 4536 partim
1337 4461 1451 4519 naturali
1470 4462 1580 4518 rationis
1594 4462 1714 4535 judicio,
1725 4479 1793 4534 prae·

143 4533 260 4601 saciuut.
271 4533 325 4591 Ubi
339 4533 433 4589 Glossa
445 4552 451 4588 ι
464 4536 533 4601 Quia
545 4539 657 4591 etsiuoa
671 4538 770 4593 turbent
783 4539 866 4607 leqem
877 4539 943 4592 seri-
996 4535 1076 4661 cipue
1090 4545 1180 4592 nutem
1200 4535 1336 4608 majorum
1352 4532 1509 4604 traditione,
1522 4534 1548 4588 in
1565 4535 1792 4591 consuetudinem

138 4609 228 4675 ptam,
240 4603 522 4673 habeuttamculeqem
534 4609 764 4678 ttetturalem,’qua
776 4609 890 4678 quilibet
900 4610 941 4663 in·
955 4588 980 4651 Ῑ)
995 4621 1029 4662 cu
1041 4616 1154 4681 tumque
1166 4606 1284 4663 inducta.
1298 4606 1424 4662 Tertium
1438 4605 1594 4677 exemplum
1613 4607 1725 4668 Enoehi,
1748 4606 1795 4675 qui

142 4677 241 4744 telliqit
252 4684 276 4732 et
283 4678 334 4731 sibi
346 4678 466 4731 cortscitts
481 4680 519 4730 est
533 4677 601 4746 quid
611 4679 648 4733 sit
661 4679 756 4734 barum
768 4685 793 4734 et
805 4681 872 4749 quid
881 4695 943 4734 ma·
996 4675 1091 4736 dicitur
1100 4678 1256 4735 ambulasse
1267 4693 1332 4732 eum
1344 4676 1511 4733 DeoGenes.
1521 4692 1549 4741 v,
1561 4675 1632 4744 quod
1644 4674 1711 4727 nihil
1723 4671 1796 4728 aliud

996 4757 1038 4806 est
1051 4766 1132 4823 quam
1158 4749 1301 4806 ambulare
1315 4749 1342 4802 in
1361 4748 1403 4802 ria
1419 4745 1543 4823 Domini,
1552 4744 1593 4797 vel
1610 4742 1638 4795 in
1654 4741 1796 4823 praeceptis

996 4819 1064 4891 ejus,
1082 4821 1133 4875 hoe
1143 4826 1195 4887 est,
1213 4825 1305 4873 sancto
1324 4824 1352 4872 et
1367 4815 1502 4893 inculpat-e
1518 4826 1618 4878 virere,
1634 4813 1684 4866 Der
1698 4811 1793 4868 volun·

997 4890 1045 4946 tati
1061 4898 1087 4944 et
1100 4889 1240 4960 praeceptis
1258 4887 1463 4953 obtemperare;
1482 4897 1510 4936 m
1530 4896 1649 4949 summa,
1663 4885 1722 4939 Deo
1736 4884 1792 4956 pla-

141 4746 245 4870 M‘nila
259 4834 292 4871 ex
316 4819 439 4874 tersione
451 4819 532 4875 LXX
548 4819 625 4890 νόμον
644 4819 693 4891 γὰρ
709 4840 731 4882 ες
743 4819 859 4890 βοήθειαν
881 4819 943 4872 iba·

139 4906 194 4940 κεν.
210 4886 325 4956 Vulgata
333 4888 419 4943 versio
431 4890 589 4946 obscurior:
603 4893 650 4948 Ad
660 4892 751 4962 leqem,
763 4893 860 4959 mappis,
875 4892 944 4946 etad

137 4959 322 5014 testimouium
339 4958 402 5029 (isa.
420 4961 495 5032 vrri),
511 4962 735 5034 supp.respicere
747 4961 860 5018 debetis.
877 4962 943 5032 Qui-

137 5029 190 5087 bus
205 5028 295 5085 verbis
308 5030 438 5087 monebat
454 5034 526 5087 Ucus
548 5033 660 5089 ludaeos
687 5041 718 5089 ut
748 5033 836 5105 legem
863 5047 941 5088 suam

136 5109 201 5157 ante
211 5101 306 5156 oeulos
325 5116 432 5170 semper
445 5102 586 5170 traherent,
596 5113 623 5159 et
632 5119 782 5177 numquam
796 5119 829 5159 ex
843 5119 940 5161 eorum

137 5171 239 5227 animis
251 5173 309 5242 ejus
323 5172 462 5229 excideret
476 5173 618 5230 memoria.

172 5243 187 5280 ‘¹
206 5243 250 5298 Ad
274 5244 384 5299 Galatas
402 5259 439 5299 ιιι
455 5262 462 5298 :
480 5247 536 5300 Len
551 5247 720 5316 padrqaqm
737 5247 897 5315 destertuit
913 5248 942 5302 iu

136 5315 252 5378 Christo,
263 5319 293 5369 ul
301 5332 334 5370 ee
344 5316 590 5386 fielejrestr'ficemur.
603 5320 643 5375 Al
652 5319 702 5373 ubi
715 5321 788 5374 omit
795 5319 872 5389 fides,
878 5318 940 5388 jerm

136 5401 190 5440 aaa
200 5401 294 5441 suarem
305 5387 353 5442 sub
365 5387 525 5457 padaqaqa
538 5389 596 5445 Ubi
610 5390 746 5462 eleganter
754 5392 789 5446 D.
806 5390 939 5463 Hierony·

136 5457 938 5531 mus:Predaqoqas,nibpateuiisassiquatur,retlaseioe'erts

135 5528 373 5597 refreneturoetas,
380 5533 602 5597 etpronaiueih'a
613 5533 694 5588 eorda
707 5537 861 5594 lateamus,
872 5533 938 5586 dum

134 5603 226 5653 tenera
233 5601 332 5656 studiis
344 5601 467 5656 eruditur·
476 5603 606 5670 infautia,
616 5608 641 5659 et
649 5604 686 5659 ad
696 5603 811 5673 majores
819 5602 938 5672 philoso-

128 5670 940 5745 pmiecetrependereipublicedisciplinasmetupaaoeeoer··

129 5743 189 5796 cita
207 5749 389 5812 preparatur.
409 5746 467 5800 Nam
490 5746 747 5815 tumenpeedaqoqus
767 5747 900 5814 maqester
913 5748 940 5799 el

125 5816 273 5884 paterest3
283 5830 329 5870 aee
339 5815 522 5871 hereditatem
535 5816 850 5886 elscieutiampeedoqoqi
859 5817 883 5872 is
892 5816 942 5887 qui

997 4975 1068 5026 cere,
1084 4956 1319 5029 quemadmodum
1328 4956 1408 5010 Lxx
1419 4957 1584 5026 interpretes
1597 4969 1645 5024 pro
1657 4971 1794 5026 coposue-

997 5038 1063 5086 runt
1077 5027 1402 5099 :DcaplacuitQuartum
1412 5040 1489 5081 exem
1512 5025 1567 5081 lum
1579 5028 1643 5083 Sem
1655 5037 1681 5082 et
1695 5028 1795 5098 Japhet

996 5100 1116 5157 illiorum
1127 5102 1187 5156 Noe
1213 5099 1258 5171 qui
1269 5097 1351 5154 etiam
1367 5097 1484 5155 naturali
1493 5042 1597 5154 iumine
1607 5105 1793 5177 cognorerunt

997 5171 1080 5245 patris
1095 5140 1213 5228 verenda
1234 5185 1290 5227 nou
1303 5185 1362 5226 esse
1373 5168 1535 5241 detegenda,
1557 5169 1643 5250 inimo
1659 5183 1708 5222 nec
1721 5182 1793 5237 aspr-

998 5244 1096 5301 eienda
1114 5250 1178 5303 ante
1200 5258 1261 5298 uam
1277 5242 1318 5297 lex
1339 5239 1463 5298 diceret:
1483 5239 1687 5311 beatitudiuem
1703 5241 1793 5309 putris

996 5319 1039 5373 tui
1053 5333 1106 5372 trau
1127 5259 1267 5372 revelabis.
1282 5313 1414 5383 Quintum
1425 5312 1582 5383 exemplum
1603 5309 1732 5392 Abraham
1745 5311 1791 5381 qui

995 5387 1076 5445 etiam
1090 5387 1193 5444 lumine
1205 5385 1321 5443 naturali
1336 5385 1401 5441 satis
1411 5383 1545 5440 intellexit
1558 5383 1643 5454 spoira
1659 5384 1793 5452 Pentapo-

994 5458 1106 5516 litarum
1121 5458 1155 5515 ab
1182 5457 1308 5514 hostibus
1328 5463 1486 5527 reerrperata
1506 5453 1575 5508 reris
1595 5451 1714 5507 dominis
1732 5465 1793 5530 esse

994 5529 1176 5595 restituenda3
1188 5527 1308 5585 decinms
1319 5526 1401 5581 etiam
1410 5526 1472 5597 iure
1484 5531 1589 5580 naturae
1607 5520 1792 5577 sacerdotrbus

994 5599 1108 5656 debitas.
1120 5600 1231 5655 Sextum
1245 5595 1403 5668 exemplum
1418 5594 1540 5667 ejusdem
1552 5591 1670 5648 abraha¹
1678 5599 1704 5648 et
1717 5590 1789 5648 Loth

994 5670 1101 5744 nepotis
1122 5669 1189 5741 ejus,
1205 5668 1338 5741 quietam
1353 5665 1404 5720 suh
1421 5665 1478 5738 iege
1496 5674 1600 5721 naturae
1622 5663 1789 5735 hospitalita-

994 5750 1051 5799 tem
1061 5741 1214 5798 exereuisse
1225 5747 1254 5795 et
1266 5736 1419 5808 hospitibus
1433 5736 1615 5794 humanitatis
1629 5735 1717 5792 officia
1732 5733 1786 5786 im-

993 5812 1118 5884 pendisse
1137 5810 1266 5884 leguutur
1287 5808 1296 5880 (
1316 5809 1346 5866 S.
1362 5809 1453 5865 Tlaorn.
1474 5813 1536 5877 2-2‚
1549 5825 1576 5878 q.
1594 5814 1639 5870 ει,
1664 5819 1691 5858 a.
1717 5807 1741 5855 t.
1763 5794 1789 5840 θ’
