3848 6158
148 270 215 325 {297
613 264 783 324 cutberto
802 267 896 323 xxiv.
915 295 952 308 -
971 267 1016 323 nti
1034 265 1336 326 nouurtctttortn.
1732 280 1802 336 tete

143 390 199 449 bile
222 397 273 458 est,
293 389 346 449 boc
362 390 423 450 aliie
447 391 528 449 insita
549 391 719 449 consuetudo
739 391 945 466 quodammodo
959 397 987 460 Α
1002 393 1068 460 Cur,
1082 393 1129 460 ait,
1145 383 1284 467 juniorem
1304 394 1417 453 fratrem
1440 403 1575 468 nostrum,
1589 415 1673 472 quem
1690 412 1802 475 praeter

143 485 254 543 verterit
273 486 301 541 in
318 477 468 543 naturam:
482 486 552 543 sicut
564 486 686 543 nationes
701 485 829 558 quaedam
841 486 945 559 ingenti
1000 486 1057 544 iens
1081 489 1237 560 propiorem
1257 504 1342 562 quam
1367 505 1413 547 me
1434 491 1578 562 habueras,
1604 510 1659 552 non
1674 498 1801 570 rogasti?

143 581 284 654 plagarum
298 578 613 653 diversitatedtsjmcm
625 595 753 653 magnam
765 581 822 636 vim
833 578 943 652 frigoris
998 582 1123 655 Cumque
1135 581 1190 651 ille,
1211 596 1279 640 eum
1299 592 1422 642 mortem
1436 585 1501 642 elim
1514 587 1613 659 sepulti
1628 586 1718 646 fratris
1728 589 1799 647 obli·

143 674 184 730 rel
207 674 334 732 ardorem
355 675 422 731 solis
445 673 548 747 absque
560 674 683 747 corporis
705 672 845 747 perferunt
864 681 943 747 tegu-
997 682 1058 731 tum
1075 683 1101 732 et
1113 691 1146 733 ex
1165 676 1251 733 nimia
1268 678 1445 735 continentie
1462 694 1495 735 ac
1509 679 1664 737 solitudinis
1678 681 1799 754 jugitate

143 775 248 835 mento,
262 782 324 839 quae
340 766 583 841 utiquealiiillam
596 767 658 825 cuti
669 765 872 824 inclementiam
886 783 943 824 non
997 769 1071 826 velut
1096 770 1230 842 impotem
1253 773 1353 829 mentis
1381 771 1549 843 existimans,
1578 775 1761 847 respondisset
1790 797 1797 833 ε

142 861 264 934 experti,
280 860 421 934 quantivis
441 861 549 920 roboris
570 861 685 932 fuerint,
710 870 862 919 sustemare
885 877 942 920 non
996 863 1237 934 Quemadmodum
1251 875 1376 939 poteram
1395 865 1429 924 de
1442 868 1567 940 sepulcro
1589 884 1654 925 eum
1675 869 1798 943 quiante
1871 931 1872 935 ,

143 963 267 1029 possunt.
279 958 318 1012 lto
330 956 413 1013 etiam
431 972 480 1015 vos
494 958 542 1030 qui
557 973 668 1015 summe
680 956 765 1014 animi
779 964 808 1013 et
820 957 944 1029 corporis
996 973 1085 1014 annos
1109 959 1264 1030 quindecim
1291 960 1375 1029 obiit,
1391 960 1538 1018 inuocare?
1556 961 1650 1019 Abbas
1670 963 1769 1036 Apollo
1787 984 1795 1022 :

140 1050 251 1119 nisu,in
263 1049 315 1107 irae
328 1052 437 1124 regione
454 1051 607 1121 dumtaxat,
616 1053 696 1125 quasi
708 1060 836 1109 naturam
846 1051 942 1123 patriae
995 1051 1009 1086 ¹³
1024 1051 1137 1122 Ignoras
1152 1067 1228 1123 ergo,
1254 1052 1302 1121 ait,
1321 1068 1367 1108 me
1381 1068 1493 1128 quoque
1511 1063 1575 1111 ante
1588 1070 1676 1112 annos
1698 1054 1796 1128 viginti

142 1153 237 1201 νοεῖτε
264 1145 293 1201 in
318 1146 412 1204 multis
438 1146 600 1221 impugnare
618 1147 772 1214 conamini,
800 1143 942 1218 diiigenter
996 1143 1794 1222 huicmundofuissedefunctum,nullaquejampossede

140 1238 295 1311 expendite,
320 1249 412 1298 utrum
427 1240 455 1297 in
478 1241 533 1298 illis
556 1240 672 1313 torpidis
686 1243 697 1310 [
709 1244 784 1312 lips.
802 1243 831 1295 in
850 1254 939 1308 mara.
995 1236 1081 1310 liujus
1098 1236 1176 1295 cellae
1191 1237 1325 1310 sepulcre,
1347 1254 1411 1311 quae
1428 1239 1463 1297 ad
1476 1242 1694 1312 praesentisvitte
1708 1243 1794 1314 perti·

137 1332 265 1404 turbidis]
291 1335 333 1407 (ut
353 1334 430 1393 fama
445 1338 499 1405 est)
512 1336 685 1409 regionibus,
709 1343 736 1392 et
751 1333 822 1390 velut
841 1332 940 1406 frigore
993 1338 1075 1387 neunt
1087 1339 1200 1398 statum,
1213 1331 1263 1387 tibi
1274 1329 1400 1388 conferre
1413 1331 1506 1388 solatia
1517 1335 1529 1387 i
1542 1348 1625 1405 quem
1640 1333 1668 1389 in
1683 1342 1792 1393 tantum

138 1427 234 1486 nimiae
247 1428 414 1487 infidelitatis
427 1430 580 1500 obstrictis,
600 1429 671 1485 banc
695 1428 736 1499 (ut
748 1428 787 1484 ita
808 1426 938 1496 dixerim)
993 1425 1116 1482 Christus
1135 1425 1169 1483 ab
1196 1425 1346 1482 inmotione
1368 1425 1585 1482 mortificationis
1610 1434 1725 1500 arreptae
1748 1429 1792 1484 vel

139 1522 292 1580 nuditatem
311 1534 463 1583 sustentare
489 1523 608 1599 possitis.
626 1523 733 1581 Nostris
756 1523 831 1579 enim
861 1522 943 1579 istam
997 1519 1137 1576 modicum
1150 1519 1187 1576 ad
1198 1518 1398 1576 extrahendum
1411 1518 1509 1576 bovem
1527 1528 1605 1577 tuum
1619 1536 1675 1577 non
1690 1523 1793 1593 patitur

139 1616 271 1687 propositi
296 1616 485 1673 fortitudinem
499 1618 660 1675 naturaliter
676 1613 880 1690 quodammodo
896 1615 940 1671 in·
995 1612 1120 1683 relaxari,
1136 1620 1167 1669 nt
1178 1628 1213 1670 ne
1227 1611 1379 1669 brevissimi
1394 1612 1503 1684 quidem
1521 1614 1655 1670 momenti
1673 1613 1795 1673 inductas

139 1707 209 1766 didit
226 1717 330 1767 sanctae
348 1710 563 1766 conversationis
583 1711 747 1781 antiquitas,
771 1723 892 1781 quorum
917 1709 940 1767 si
995 1720 1045 1778 pro
1058 1707 1142 1777 patris
1155 1705 1298 1764 indulserit
1313 1707 1453 1779 sepultura
1464 1691 1538 1775 (1.ch
1552 1706 1693 1779 vrx),quae
1703 1706 1791 1764 multo

139 1803 303 1860 constantiae
319 1811 400 1875 etque
414 1801 508 1859 virtuti
522 1816 602 1874 pares
616 1817 675 1859 esse
694 1817 742 1859 vos
759 1801 885 1874 cernitis,
897 1800 940 1858 ei·
954 1805 979 1869 B
995 1801 1087 1872 utique
1102 1801 1230 1871 celerius,
1245 1801 1385 1858 honestius
1401 1809 1429 1857 et
1437 1800 1590 1874 religiosius
1602 1799 1693 1858 fuerat
1706 1800 1789 1858 exhi-

139 1896 238 1954 tiniam
260 1906 407 1969 parentum
438 1894 608 1968 fratrumque
631 1901 788 1952 vestrorum
811 1895 940 1952 similiter
993 1893 1091 1951 benda.
1107 1895 1786 1967 ltimaminiitaquenuneareanapectorisvestri,

138 1987 233 2062 fugere
245 2005 301 2046 non
316 1988 434 2048 debetis.
992 1989 1196 2061 prudenterque
1205 1987 1330 2061 conjicite
1344 2003 1379 2043 an
1392 1987 1475 2045 talem
1488 1987 1572 2044 etiam
1587 1987 1723 2059 rosJuxta
1737 2004 1786 2059 pa-

448 2083 569 2140 CAPUT
588 2086 639 2140 lx.
992 2087 1086 2137 rentes
1099 2088 1205 2138 vestros
1218 2079 1417 2153 districtionem
1428 2080 1530 2137 mentis
1540 2079 1645 2154 jugiter
1655 2088 1791 2138 retentare

327 2177 440 2234 Abbatis
460 2179 556 2248 Apelle
571 2178 749 2247 mortificatio.
993 2173 1114 2246 possitis.
1135 2177 1261 2248 cumque
1279 2190 1327 2232 ros
1350 2175 1379 2231 in
1401 2173 1453 2231 bac
1471 2175 1554 2231 animi
1580 2174 1790 2232 mortificatione

172 2272 212 2328 Ut
227 2286 288 2327 vero
302 2270 337 2328 ad
350 2279 457 2327 certum
469 2269 649 2328 districtionis
658 2284 772 2326 examen
786 2278 938 2326 vestrarum
992 2267 1249 2325 consimilescidem
1262 2268 1411 2337 senseritis,
1425 2275 1485 2324 turn
1501 2266 1615 2324 demum
1628 2269 1726 2325 scitote
1740 2285 1793 2341 pa-

136 2363 238 2421 tirium
250 2364 430 2438 quantitatem
444 2363 534 2420 metiri
545 2378 669 2437 congrue
680 2362 860 2420 estimatione
870 2378 938 2435 pos·
961 2414 966 2422 .
992 2369 1104 2419 rentum
1118 2361 1291 2435 fratrumque
1310 2360 1438 2418 viciniam
1450 2361 1527 2417 vobis
1537 2376 1647 2433 quoque
1660 2363 1789 2421 similiter

135 2459 207 2528 titis,
223 2458 368 2532 cujusdam
381 2458 457 2516 vobis
471 2459 555 2528 senis,
579 2457 608 2514 id
622 2465 698 2527 est,·
714 2456 820 2514 abbatis
838 2456 937 2529 Apollo
989 2455 1102 2511 noxiam
1114 2468 1171 2509 non
1186 2451 1321 2523 futuram3
1334 2461 1366 2509 ut
1376 2452 1538 2521 scilicetcis,
1552 2453 1680 2524 quamvis
1690 2453 1718 2509 in
1731 2470 1790 2526 pro

136 2549 239 2609 factum
260 2552 381 2609 breviter
399 2549 540 2622 indicabo,
560 2559 591 2608 ut
604 2551 626 2608 si
640 2566 698 2620 ,vos
710 2550 840 2607 intimum
853 2550 937 2606 vermi
990 2547 1066 2603 ximo
1089 2546 1253 2613 constitutis,
1270 2546 1342 2603 velut
1355 2550 1485 2615 ,mortuos
1503 2562 1550 2603 ros
1572 2563 1632 2604 esse
1653 2547 1787 2617 credatis,

136 2647 226 2705 cordis
251 2663 367 2705 examen
391 2647 474 2720 hujus
487 2646 627 2720 proposito
642 2654 723 2719 atque
746 2643 839 2700 virtuti
864 2643 936 2701 baud
991 2641 1029 2698 ita
1044 2650 1075 2697 nt
1086 2657 1136 2697 nec
1149 2641 1209 2698 illos
1223 2641 1319 2698 vestris
1331 2641 1416 2698 foveri
1431 2641 1538 2699 solatiis
1552 2658 1603 2698 nee
1616 2642 1781 2699 vosillorum

135 2740 278 2798 inferiores
302 2756 362 2798 esse
383 2741 532 2808 censuerit,
548 2741 651 2812 absque
669 2739 776 2812 iactura
800 2736 938 2810 proiectus
990 2734 1087 2792 sinatis
1097 2735 1233 2808 obsequiis
1244 2734 1371 2792 relaxari.

134 2835 215 2889 vestri
230 2832 464 2904 professionisque
488 2831 623 2902 periculo,
637 2831 734 2903 patriae
756 2830 936 2886 inhabitatio·
1297 2838 1418 2895 CAPUT
1440 2839 1479 2894 x,

135 2938 201 2980 nem
216 2939 247 2979 ac
265 2932 413 2995 parentum
430 2924 559 2978 viciniam
572 2923 743 2992 praesumatis
757 2943 764 2978 :
780 2921 846 2977 certi
860 2921 935 2994 qued
989 2941 1227 3008 1n2m090350‚a,2
1246 2938 1314 2991 mg
1325 2937 1452 2992 mmmm
1466 2938 1492 2992 32·
1506 2938 1691 3006 aparentibus
1704 2950 1787 2994 mg.

135 3014 335 3072 districtionem
353 3014 519 3071 humilitatis
536 3013 635 3085 hujus,
649 3028 734 3084 quam
748 3013 824 3068 robis
836 3013 870 3084 ,iu
885 3012 937 3069 hac
1202 3010 1277 3064 saria
1296 3010 1350 3077 ipsi
1368 3011 1575 3078 suppararetur?

135 3109 272 3183 provincia
286 3124 346 3165 non
359 3109 451 3165 solum
470 3107 611 3178 voluntas,
634 3105 776 3163 sedetiam
790 3106 936 3163 necessitas
1025 3110 1195 3167 Germanus:
1212 3112 1299 3183 Super
1311 3110 1364 3167 hoc
1376 3112 1519 3185 planejam
1532 3112 1640 3169 nullum
1650 3111 1786 3184 ambigui·

135 3201 378 3275 peregrinationis,
400 3207 564 3273 extorquet,
585 3197 795 3271 propinquitatis
817 3196 936 3255 affectus
952 3191 974 3256 C
988 3202 1050 3257 tatis
1071 3201 1162 3257 locum
1184 3202 1296 3260 ulterius
1318 3204 1461 3276 reliquisti.
1478 3205 1550 3262 Certi
1568 3205 1672 3262 etenim
1687 3220 1784 3262 sumus

134 3305 182 3355 eut
194 3296 318 3353 locorum
332 3295 479 3353 oblectatio
495 3309 549 3350 noo
561 3294 646 3366 possit
659 3292 792 3350 evincere.
805 3292 849 3349 nd
862 3292 936 3349 bunc
990 3302 1048 3350 tem
1062 3295 1205 3366 praesentis
1216 3294 1298 3366 hujus
1313 3294 1422 3352 babitus
1443 3297 1576 3352 vilitatem
1592 3312 1676 3369 quam
1695 3298 1787 3368 quoti-

134 3391 217 3465 igitur
230 3407 312 3464 quem
324 3390 505 3463 praediximus
516 3404 620 3456 senem,
634 3404 698 3444 cum
712 3402 858 3461 germanus
868 3403 935 3444 suus
988 3385 1069 3444 diana
1083 3386 1159 3442 baec⁰
1170 3385 1342 3458 nudipedalia
1355 3386 1383 3441 in
1397 3386 1508 3443 illorum
1523 3387 1618 3445 ricinia
1628 3389 1784 3446 nullatenus

132 3485 293 3558 intempesta
306 3493 386 3543 nocte
408 3485 536 3553 venisset,
558 3481 710 3556 implorans
725 3489 766 3551 ut,
788 3480 823 3538 de
837 3497 935 3537 mona·
987 3495 1112 3538 exercere
1123 3497 1175 3537 nos
1187 3496 1282 3554 posse3
1293 3480 1341 3537 sed
1355 3497 1389 3537 ne
1401 3481 1492 3538 labore
1506 3481 1618 3555 quidem
1629 3482 1686 3540 illic
1698 3484 1783 3541 simili

132 3580 219 3638 sterio
230 3596 281 3636 suo
295 3581 429 3653 paulisper
440 3593 579 3653 egressus,
590 3578 625 3635 ad
637 3576 808 3634 evellendum
818 3576 931 3643 bovem,
987 3590 1019 3632 ea
1032 3591 1094 3648 quae
1107 3575 1218 3632 suntad
1233 3576 1339 3632 victum
1355 3575 1514 3644 bonnaria,
1528 3581 1695 3649 provisuros,
1711 3579 1784 3636 sicut

132 3690 214 3748 quem
238 3690 319 3731 coeno
333 3675 444 3747 palustri
460 3674 567 3731 eminus
579 3672 711 3729 inhaerere
727 3671 851 3728 flebiliter
864 3687 932 3743 que·
986 3667 1030 3723 bic
1041 3667 1126 3724 etiam
1138 3683 1236 3740 aquam
1248 3666 1398 3724 cervicibus
1408 3668 1507 3725 nostris
1521 3668 1652 3725 extribus
1663 3669 1783 3727 millibus

130 3768 250 3836 rebatur,
264 3769 288 3825 ei
301 3777 372 3826 esset
388 3768 498 3837 auxilio,
512 3768 577 3840 quia
594 3782 660 3823 eum
672 3767 746 3823 solus
758 3780 932 3839 nequaquam
987 3762 1114 3820 exhibere
1126 3762 1332 3835 compellimur:
1346 3771 1501 3820 neenostra
1512 3763 1598 3831 enim,
1613 3778 1662 3819 nec
1673 3762 1785 3819 illorum

132 3867 224 3934 posset
235 3876 342 3929 eruere,
356 3860 441 3916 abbas
456 3859 555 3931 Apollo
568 3859 743 3929 pertinaciter
756 3857 931 3913 obsecranti:
988 3857 1158 3926 verecundia,
1174 3857 1231 3913 lraec
1248 3873 1299 3915 nos
1318 3873 1413 3914 coram
1432 3857 1485 3915 illis
1502 3873 1582 3931 agere
1600 3857 1714 3914 omnine
1733 3872 1782 3929 pe·

684 3999 811 4054 attunt
829 3999 941 4054 GAZAEl
960 3996 1240 4055 COMMENTARIUS,

168 4138 232 4192 *De
248 4134 300 4191 hoc
313 4133 378 4190 allas
387 4133 492 4190 dictum
501 4135 605 4201 (Callai.
619 4139 636 4188 i
649 4150 707 4204 cap.
721 4136 774 4202 1³).
788 4132 926 4190 Palladius
978 4135 1344 4205 quiasicutpiseissinecpua
1357 4137 1506 4196 caratauc,
1518 4136 1779 4192 itamormebussine

132 4206 230 4263 eodem
246 4205 383 4262 vocabulo
398 4205 494 4272 utitur,
511 4213 541 4260 ut
557 4203 739 4261 indeclinabili
761 4221 767 4260 ι
784 4205 924 4267 Vidimus,
978 4207 1149 4260 merrasterio.
1172 4205 1269 4262 Sedent
1287 4208 1377 4274 itaque
1395 4206 1540 4268 solitarius,
1556 4211 1581 4261 et
1597 4210 1694 4269 taceat,
1709 4211 1779 4277 quia

131 4276 231 4349 inquit,
242 4277 422 4333 ineptitudine
431 4279 528 4345 uirum,
543 4277 764 4348 Apollonomine,
774 4278 824 4346 qui
833 4291 926 4331 meua-
979 4277 1078 4331 mundo
1096 4281 1218 4331 mortuus
1232 4280 1280 4344 est,
1294 4280 1347 4332 lieo
1361 4280 1450 4331 aretem
1463 4278 1541 4332 uiuit.
1559 4277 1613 4332 Sed
1626 4284 1652 4332 et
1663 4278 1756 4334 Cassia
1765 4307 1777 4320 ·

130 4351 214 4404 steria
229 4350 342 4404 babebat
352 4364 432 4418 super
441 4354 570 4415 trientem,¹
585 4353 643 4403 erat
657 4352 726 4404 enim
742 4351 824 4402 Pater
836 4363 927 4402 mono·
978 4362 1031 4402 nus
1043 4346 1165 4417 idipsum
1177 4347 1228 4403 sub
1242 4346 1363 4403 bominis
1382 4347 1504 4403 crucitrt
1517 4347 1694 4404 similitudine
1705 4364 1778 4406 con·

131 4418 240 4474 cimam
252 4420 792 4490 circiterpuinpenterum,quierataaide
803 4420 927 4474 clarusci
980 4418 1143 4473 firmanslib.
1151 4418 1376 4489 xvlustitutcap.
1386 4423 1418 4474 at
1430 4419 1774 4492 :Abrenuntiatio,inquit,

130 4491 276 4545 celebratus
291 4493 319 4544 in
330 4490 470 4554 Thebaide,
484 4497 613 4562 erantque
621 4491 679 4560 ep'us
688 4505 787 4560 muana
798 4505 887 4559 apua,
901 4493 927 4543 et
978 4490 1048 4544 nibil
1058 4493 1096 4544 est
1104 4490 1269 4560 aliudquam
1278 4492 1361 4545 crucis
1372 4506 1403 4544 ce
1410 4493 1621 4560 mortificationis
1635 4492 1776 4547 indicium.

130 4576 240 4630 magicas
249 4564 362 4617 uinctos
369 4577 486 4632 pereum
495 4563 764 4629 sanebatliuminus3
778 4562 928 4633 etpiurima
943 4560 1095 4630 uideoque
1116 4564 1221 4617 noueris
1236 4560 1404 4632 (professum
1426 4562 1593 4617 monachum
1608 4561 1778 4632 alloquitur)

129 4635 219 4701 smero,
230 4638 255 4688 ei
266 4634 444 4688 admirabilia
451 4648 500 4714 per
507 4634 769 4702 mnreffimebautur,
777 4640 829 4688 etc.
841 4633 926 4688 Sozo-
982 4632 1162 4687 bodiemodie
1171 4637 1196 4687 te
1208 4633 1269 4686 huic
1278 4633 1529 4695 munda,etcctibus
1535 4634 1592 4701 qius
1600 4631 1779 4687 oedesideriis

129 4716 230 4759 menos
244 4703 277 4759 de
291 4703 432 4761 monacbis
451 4720 478 4758 rn
492 4703 632 4760 Thebaide
645 4701 809 4773 degentibus
823 4718 922 4776 egens:
980 4717 1033 4758 esse
1045 4702 1222 4770 defunctum
1233 4708 1319 4772 teque,
1339 4703 1483 4757 seeundum
1497 4703 1664 4772 Apostolum,
1678 4702 1780 4757 mundo

129 4774 163 4828 ln
179 4776 308 4843 istorum,
323 4776 425 4846 iuquit,
440 4791 551 4831 numero
564 4775 660 4845 Apelle
672 4789 777 4843 quoque
789 4776 865 4841 fuit,
880 4776 929 4843 qui
981 4774 1043 4828 buia
1054 4789 1108 4829 esse
1116 4776 1285 4843 cmcifiaum,
1296 4774 1396 4842 tibique
1408 4774 1476 4828 brena
1487 4774 1627 4829 murtdum.
1636 4773 1780 4830 Considera

128 4845 201 4898 emit
214 4847 244 4898 in
264 4845 403 4901 Thebaide.
417 4849 467 4901 llic
485 4862 545 4901 cum
555 4847 696 4917 pubescere
706 4847 846 4915 inciperet,
864 4847 927 4898 uite
981 4859 1041 4914 erqo
1054 4845 1215 4900 conditiones
1229 4848 1324 4908 cumis,
1343 4845 1393 4899 sub
1406 4845 1482 4913 cujus
1503 4849 1528 4900 te
1547 4845 1670 4915 deirampe
1684 4860 1780 4900 socra-

129 4918 313 4970 mortasticoese
324 4917 434 4970 dicauit.
446 4919 500 4984 Qui
509 4933 568 4972 cum
577 4916 928 4985 insolitmlineadquadra·
980 4919 1067 4970 mereto
1085 4920 1186 4986 eportet
1199 4918 1229 4969 in
1243 4916 1293 4971 bac
1311 4917 1367 4970 luce
1382 4918 1486 4969 uersari
1493 4934 1502 4981 ς
1528 4918 1592 4985 quia
1606 4917 1667 4985 jum
1685 4921 1715 4971 tu
1726 4932 1779 4971 nore

127 4987 204 5056 pinta
214 5001 297 5041 annos
311 4989 432 5050 visisset,
441 4988 532 5042 diuina
540 4990 645 5042 orantia
653 4989 757 5057 jrtssus,
768 4987 924 5056 speluncam
981 4989 1060 5053 cion,
1072 4988 1118 5042 sed
1130 4987 1175 5041 ille
1186 4988 1253 5041 uiuit
1265 4989 1294 5042 in
1308 4991 1332 5042 te
1342 4989 1391 5057 qui
1402 4992 1440 5041 est
1452 4989 1594 5056 euristeus
1606 5002 1658 5058 pro
1674 4992 1708 5051 te,
1722 4995 1776 5041 ete.

129 5058 928 5128 adradicesmentiscujusdamlonserblrominibusbabitatis
981 5059 1016 5114 Et
1030 5072 1054 5112 c.
1071 5072 1130 5128 seq.
1148 5075 1154 5112 :
1171 5061 1213 5113 lta
1225 5073 1281 5121 nes,
1295 5057 1391 5129 inquit,
1405 5061 1500 5114 timore
1511 5061 1618 5115 Domini
1635 5061 1776 5126 cruciares

127 5130 210 5182 uiciru
220 5132 366 5201 eccrtpauit.
377 5131 431 5197 Qui
439 5132 521 5185 etiam
528 5146 585 5200 pra
597 5131 791 5184 miraculorum
804 5131 928 5184 niultitu-
981 5132 1082 5200 oportet
1090 5129 1131 5183 bis
1139 5130 1271 5192 omnibus,
1279 5131 1307 5184 id
1319 5135 1366 5192 eet,
1376 5145 1428 5183 aon
1437 5132 1523 5184 solum
1530 5131 1682 5184 corruilibus
1691 5129 1775 5190 uitir's,

129 5199 409 5270 dinabreoimaqnam
417 5203 533 5256 nominis
539 5203 759 5256 celebritatemest
765 5204 926 5267 consecutus,
980 5202 1161 5256 verumetiam
1175 5203 1241 5271 ipsis
1254 5202 1387 5255 elementis
1399 5205 1514 5257 mortuas
1526 5216 1589 5256 esse.
1604 5199 1673 5256 Vrde
1686 5197 1776 5255 Palle-

127 5274 154 5323 et
170 5272 375 5339 quamplurimis
384 5272 650 5343 praefuitmonaclris.
664 5274 733 5327 Nam
749 5279 805 5328 tam
815 5271 928 5326 utilibus
981 5270 1060 5329 dium
1075 5272 1207 5328 Lausiaca
1218 5277 1263 5338 83,
1278 5270 1324 5327 ubi
1335 5270 1420 5326 abbas
1435 5271 1565 5342 Serapion
1582 5269 1704 5342 probarit
1718 5285 1780 5325 mo·

131 5341 168 5395 ud
179 5343 264 5395 uitam
275 5341 566 5411 numinenumine,
578 5349 609 5399 ut
621 5342 720 5398 multos
734 5344 859 5406 all-iceret,
874 5351 926 5398 etc.
981 5342 1083 5398 nialem
1097 5341 1246 5414 quamdam
1254 5357 1310 5398 non
1323 5357 1383 5398 esse
1395 5357 1456 5399 vere
1469 5351 1608 5400 mortuam
1622 5340 1738 5410 mundo,
1748 5349 1780 5396 ut

131 5410 253 5540 (Suam.
269 5412 288 5466 l.
298 5425 330 5468 vt
339 5428 397 5537 capg.
405 5420 456 5529 tm'
465 5414 676 5487 mespelium
688 5430 747 5485 cap.
759 5414 923 5482 3t,Pullad.
983 5414 1040 5485 ipsa
1064 5413 1209 5537 jt¹rctabat3
1229 5413 1276 5469 sed
1306 5413 1441 5482 mirabili,
1468 5413 1559 5470 nmeio
1589 5429 1623 5468 an
1650 5411 1776 5469 imitabili

132 5484 162 5539 in
226 5485 311 5539 miae.
333 5499 354 5539 c.
389 5490 427 5553 5,.
982 5499 1062 5541 exem
1092 5499 1118 5539 o.
1849 5504 1853 5511 Δ

166 5554 305 5611 ¹’Celebre
323 5554 429 5611 dictum
442 5554 525 5613 etiem
544 5557 645 5631 inJure
664 5554 797 5612 canonico
818 5558 928 5612 :iliona
1019 5500 1223 5626 ‘Nbdipedalia
1237 5555 1301 5625 quid
1320 5556 1377 5611 sint
1400 5556 1462 5613 vide
1487 5555 1579 5611 collat.
1606 5562 1636 5612 tr
1660 5570 1720 5626 cap.
1746 5559 1781 5609 20

87 5648 93 5660 ·
131 5625 298 5681 ebosmuudo
313 5632 429 5682 mortuos
444 5640 516 5696 esee3
530 5628 684 5700 praesertim
701 5627 728 5682 in
743 5625 853 5683 decreto
871 5629 929 5682 Eu·
985 5625 1073 5699 (t’eie
1085 5627 1253 5682 Melanuml.
1271 5627 1461 5683 depicturus.
1478 5633 1512 5682 82
1527 5631 1546 5696 ).
1560 5626 1782 5699 Colligituritem

129 5696 200 5769 genii
233 5712 292 5768 apae
304 5697 375 5768 apud
386 5697 604 5766 Gratianumtt,
619 5717 645 5770 q.
658 5708 685 5768 7,
698 5715 758 5771 cap.
770 5697 890 5765 Placuit,
906 5703 931 5753 et
986 5698 1087 5754 exboc
1103 5696 1161 5753 loeo
1183 5698 1333 5754 monachos
1345 5698 1404 5755 illas
1418 5697 1571 5771 nudipedes
1585 5699 1677 5764 fuisse,
1693 5704 1720 5750 et
1731 5711 1785 5750 nu·

130 5781 154 5824 c.
174 5713 283 5850 Nabim,
298 5773 323 5824 et
337 5775 383 5837 26,
422 5808 428 5822 .
446 5774 473 5839 t,
485 5784 509 5826 e.
523 5771 638 5834 Placuit,
659 5776 685 5826 et
707 5787 766 5842 cap.
786 5773 858 5827 sunt
872 5784 933 5824 non-
987 5766 1123 5842 dipedalia
1140 5770 1307 5839 exercuisse;
1324 5786 1378 5842 qua
1393 5769 1426 5827 de
1445 5786 1476 5828 re
1501 5770 1583 5828 etiam
1597 5769 1661 5827 alibi
1675 5766 1784 5839 egimus

130 5839 223 5908 nuile),
239 5839 284 5896 ubr
299 5839 339 5896 ait
355 5861 361 5898 :
410 5840 525 5898 ameum
538 5843 575 5898 eit
588 5842 704 5898 claustro
723 5857 770 5898 suo
782 5844 931 5905 contentus,
988 5841 1066 5910 (tte.
1078 5856 1089 5897 x
1102 5844 1192 5897 lostit.
1204 5857 1226 5896 c.
1245 5842 1307 5913 le).
