3848 6158
154 214 206 268 iae
355 252 358 257 .
569 165 573 172 ¹
828 196 967 256 iciunis
985 196 1136 254 cessisti
1755 196 1810 250 eto

457 331 579 390 CAPUT
597 329 649 385 xi.
968 321 1136 393 Auitudinis
1147 334 1274 378 sermone
1295 317 1393 386 deleta,
1411 331 1463 374 nec
1475 316 1520 373 liic
1542 314 1696 374 videbimus
1709 315 1745 373 ad
1765 316 1809 372 in-

1009 416 1178 488 dulgentiam
1189 413 1257 471 tanti
1268 412 1394 470 criminis
1410 409 1590 468 obtinendam
1603 409 1706 467 laboris
1723 411 1811 482 aequi·

1009 525 1118 583 parasse
1130 510 1238 577 merita,
1251 506 1299 565 sed
1314 507 1363 564 Dei
1374 506 1489 580 gratiam
1502 503 1749 577 superabundasse,
1762 505 1813 578 qui

1010 616 1082 658 veiae
1100 601 1278 674 poenitudinis
1292 600 1435 657 occasione
1448 605 1575 672 percepta
1588 603 1693 655 tantam
1712 613 1815 671 pecea-

194 707 309 764 sienim
323 703 363 759 vel
387 701 467 758 illum
481 704 494 734 ¹
508 700 643 755 lationem
658 695 694 753 ob
708 710 793 753 unam
806 693 957 751 conlemio-
1010 703 1107 752 torum
1128 694 1271 751 materiam
1289 693 1341 751 sub
1353 694 1434 750 unius
1451 691 1528 751 verbi
1548 692 1626 764 plena
1638 689 1815 751 confessione

157 816 222 858 nem
237 798 425 855 introductum
437 799 524 861 (Luca
538 792 632 857 xxiii)
646 792 674 847 in
690 789 847 864 paradisum
864 803 958 845 recor-
1011 787 1189 860 consumpsit.
1203 785 1368 857 Principium
1381 800 1489 858 quoque
1500 784 1675 842 discutientes
1688 785 1814 842 vomtio·

158 894 266 959 demur,
287 888 462 961 intelligimus
485 902 550 943 eum
569 887 582 922 s
604 899 659 941 non
685 899 782 941 cursus
796 883 840 939 sui
859 881 958 938 merito
1012 880 1057 937 nis
1068 896 1101 936 ac
1112 878 1207 936 salutis
1226 877 1365 946 humanae,
1386 894 1440 950 qua
1454 892 1509 934 non
1523 893 1556 935 eii
1577 865 1757 945 nobis,dnec
1778 893 1815 936 ex

157 989 264 1040 tantam
275 979 472 1038 beatitudinem
484 984 673 1043 consecutum,
683 974 731 1032 sed
740 973 814 1032 dono
824 973 874 1030 Dei
883 973 960 1029 mise·
1012 973 1141 1046 operibus
1152 971 1255 1029 nostris
1273 971 1425 1029 secundum
1440 971 1619 1044 Apostolum,
1634 970 1682 1027 sed
1695 971 1746 1028 Dei
1766 987 1815 1031 su·

158 1075 243 1133 rentis
266 1072 406 1146 adeptum.
434 1071 484 1128 Vel
504 1071 527 1128 si
547 1069 756 1127 reminiscamur
781 1067 870 1125 David
890 1067 960 1140 regis
1012 1082 1076 1123 mus
1094 1064 1169 1123 dono
1183 1065 1322 1139 gratiaque
1342 1064 1438 1122 salvati
1458 1067 1567 1136 (Eplies.
1582 1065 1746 1139 it),liquidc
1766 1081 1817 1141 po·

158 1168 240 1227 eduo
255 1176 313 1224 tam
326 1166 419 1240 gratia
434 1172 545 1237 tamque
557 1163 687 1220 immania
700 1161 814 1219 crimina
829 1176 884 1218 uno
898 1175 961 1233 poe-
1013 1160 1130 1216 urimur
1159 1159 1320 1230 advertere,
1343 1157 1577 1232 quemadmodum
1600 1164 1612 1193 ⁰
1640 1159 1817 1232 perlectionis

710 1307 838 1362 AtAttut
857 1304 970 1361 GAzAEi
988 1303 1267 1360 COMMENTARIUS.

157 481 270 537 batildis
286 484 311 535 et
327 480 398 534 beati
419 477 531 533 latronis
552 472 671 600 epemplo
694 471 741 525 lioc
760 471 850 540 ipsunt
864 471 958 539 mapin-

522 561 566 601 nia
582 585 588 600 .

196 1444 207 1470 ¹
224 1433 352 1490 Latronis
366 1431 503 1489 confessio
517 1446 581 1487 cum
594 1429 782 1500 deprecatione
798 1429 961 1500 conjuncta,
1015 1427 1104 1497 idest,
1123 1426 1256 1484 charitate
1267 1425 1385 1484 formata
1400 1425 1483 1482 luisse
1501 1424 1689 1498 depromptam
1700 1431 1729 1481 et
1747 1441 1815 1498 pro-

159 1507 245 1561 Lucae
259 1519 340 1561 xxiii
356 1523 363 1558 :
378 1506 508 1560 Memento
525 1504 589 1565 mei,
604 1504 725 1566 Domine,
740 1502 806 1556 dam
819 1503 921 1555 uenenis
934 1503 963 1554 in
1016 1498 1109 1567 latam,
1132 1514 1216 1570 quam
1236 1505 1342 1555 constat
1361 1498 1423 1554 vitae
1441 1505 1551 1554 aeternae
1564 1510 1624 1552 esse
1642 1496 1818 1555 meritoriam

160 1592 272 1645 reqnum
292 1581 379 1637 tuum,
394 1575 446 1642 vel,
463 1581 493 1629 ut
506 1574 614 1638 Graece,
630 1591 656 1624 εν
670 1575 701 1638 τῆ
726 1572 841 1642 βασιλείᾳ
859 1589 913 1635 σου,
934 1570 963 1625 in
1013 1571 1181 1638 (Calestinus
1194 1573 1224 1625 P.
1240 1572 1269 1624 in
1281 1573 1360 1640 epist.
1377 1570 1414 1625 ad
1433 1571 1547 1639 qaiscop.
1563 1568 1669 1631 Gallia,
1686 1583 1746 1639 cap.
1764 1575 1816 1638 123

160 1661 245 1716 regno
256 1655 314 1701 tuo.
331 1650 399 1714 Quae
414 1642 525 1716 quidem
539 1643 645 1710 brevis,
659 1642 707 1699 sed
728 1644 806 1725 plena
819 1640 961 1697 sententiae
1016 1641 1109 1696 concil.
1133 1641 1252 1696 nunu.
1265 1655 1329 1697 sess.
1345 1645 1372 1706 6,
1382 1656 1441 1710 cup.
1461 1639 1514 1710 16),
1534 1638 1641 1695 dicente
1655 1641 1791 1710 Apostolo
1807 1657 1815 1697 :

160 1713 294 1772 confessio
310 1723 361 1770 est.
378 1714 474 1770 Paucis
486 1713 559 1770 euim
574 1713 662 1769 verbis
676 1712 775 1769 Cbristi
790 1711 895 1784 regiam
910 1727 963 1784 po·
1016 1711 1099 1768 aerae
1111 1711 1230 1766 creditur
1239 1711 1431 1780 adjustitiam,
1447 1714 1585 1765 oreautein
1599 1711 1728 1777 confessio
1737 1714 1770 1780 pt
1779 1711 1818 1766 cil

159 1793 304 1854 testatem,
335 1784 503 1841 divinitatem
528 1783 707 1856 ejusdemque
735 1781 962 1840 resurrectionem
1016 1783 1145 1849 satutem
1162 1782 1229 1836 dicit
1243 1785 1314 1837 enim
1334 1782 1477 1851 Scriptura
1493 1799 1502 1835 .·
1517 1781 1609 1836 Omnis
1631 1782 1819 1850 quieredi'tin

160 1855 303 1913 oonlessus
316 1863 358 1912 est
380 1874 387 1910 z
409 1856 511 1938 regiam
534 1861 708 1927 potestatem,
727 1855 794 1911 tuni
813 1855 915 1910 ueneris
934 1855 963 1908 in
978 1844 1002 1907 lt
1018 1854 1105 1916 illum,
1120 1869 1172 1908 iton
1182 1853 1362 1920 confundetur
1372 1856 1457 1918 (Rom.
1473 1866 1504 1914 x,
1518 1853 1595 1906 isaia
1609 1856 1735 1919 sirmii).

160 1942 239 1996 reque
254 1931 309 1994 tuo,
326 1925 419 1990 idest,
439 1941 498 1998 Jani
512 1940 645 1997 regnans,
661 1924 717 1981 sive
731 1938 815 1997 regno
836 1923 895 1996 jam
910 1939 960 1996 po-
1053 1933 1064 1959 0
1084 1921 1201 1979 Davidis
1214 1922 1379 1979 adulterium
1396 1930 1422 1977 et
1440 1919 1636 1988 homicidium,
1652 1937 1754 1995 nempe
1766 1938 1818 1981 me·

160 1998 243 2064 titus;
258 1996 444 2065 divinitatem,
457 2011 521 2052 cum
537 1998 866 2062 Dominumeumvocat,
879 2003 962 2050 etta·
1016 1991 1065 2050 des
1091 1992 1211 2049 insontis
1234 1993 1321 2059 Uriae,
1342 1991 1487 2064 inquibus
1508 1992 1604 2048 multae
1627 1991 1817 2052 deformitates

160 2067 216 2124 lem
231 2067 381 2124 Dominum
394 2081 426 2122 ac
438 2081 541 2190 rebem,
553 2065 692 2147 quietiam
705 2073 813 2147 peecata
825 2063 963 2121 dimittere
1016 2072 1044 2120 et
1057 2063 1376 2146 mavimuseonsiderari
1387 2071 1509 2135 possunt.
1530 2067 1661 2146 Attamen
1680 2062 1741 2120 base
1759 2072 1818 2122 tam

160 2138 247 2208 possit
261 2155 268 2191 :
283 2137 312 2192 id
326 2137 399 2192 enim
413 2144 455 2192 est
493 2150 557 2191 eum
571 2143 658 2191 nostri
672 2135 832 2192 meminisse
847 2155 853 2191 :
870 2149 962 2191 resur·
1017 2149 1106 2216 gravia
1120 2142 1404 2190 etenormiacrimina
1417 2148 1473 2190 uno
1487 2133 1663 2205 poemtudinis
1675 2149 1817 2204 sermone,

161 2205 313 2262 rectionem
335 2205 467 2276 denique3
487 2221 537 2261 nec
559 2205 632 2261 enim
650 2214 781 2278 rogasset,
803 2220 886 2278 quem
904 2205 963 2278 jam
1018 2204 1117 2272 idest,
1137 2218 1193 2260 uno
1213 2204 1307 2274 verbo,
1328 2206 1436 2259 Peccata·
1457 2223 1465 2258 ε
1484 2218 1539 2259 non
1560 2219 1595 2259 ex
1610 2203 1713 2260 viribus
1732 2213 1764 2262 et
1775 2204 1819 2262 la·

162 2276 246 2332 morti
261 2274 419 2347 proximum
434 2274 551 2342 videbat,
567 2284 598 2332 ut
622 2275 664 2332 sui
677 2290 787 2332 memor
804 2284 886 2345 emet,
909 2275 962 2331 nisi
1018 2275 1120 2332 cultata
1134 2282 1239 2332 naturae
1254 2289 1302 2332 seu
1321 2273 1396 2330 liberi
1406 2273 1521 2343 arbitrii,
1534 2281 1567 2330 ut
1576 2275 1702 2346 superius
1712 2275 1820 2333 dictum

162 2353 382 2402 resurrecturum
407 2354 435 2401 et
457 2354 519 2417 post
538 2345 764 2403 resurrectionem
788 2354 964 2418 regnaturum
1018 2353 1071 2410 est,
1085 2345 1133 2402 sed
1153 2361 1184 2401 eii
1195 2344 1279 2417 gratia
1293 2353 1322 2400 et
1333 2344 1508 2417 inspiratione
1529 2345 1655 2401 divinaet
1674 2359 1738 2403 iera
1752 2362 1821 2404 con·

163 2416 335 2473 credidisset.
359 2420 395 2472 D.
420 2416 522 2473 Hieron
542 2431 604 2473 mus
629 2417 657 2472 in
681 2416 796 2489 epistola
819 2423 848 2485 7,
880 2431 963 2487 quam
1018 2414 1331 2487 tritioneprolatoluere
1350 2416 1448 2481 deleta,
1462 2415 1671 2497 quoddeulpam
1689 2417 1817 2488 quidem,

164 2487 273 2559 scripsit
286 2485 322 2542 ad
336 2489 452 2557 laetam,
471 2431 569 2557 probet
580 2486 614 2543 de
627 2487 729 2544 nullius
742 2487 828 2543 salute
841 2501 901 2545 esse
913 2487 962 2543 de-
1018 2501 1074 2542 non
1087 2486 1177 2557 quoad
1197 2500 1307 2556 poenam
1319 2487 1508 2557 temporalem.
1525 2487 1593 2543 Cum
1612 2500 1684 2541 enini
1703 2487 1818 2545 Nathan

163 2556 341 2628 sperandum,
351 2559 477 2628 exemplo
488 2557 611 2623 latronis,
623 2556 669 2627 qul
680 2557 797 2626 insscruce
807 2571 964 2624 conversus,
1020 2557 1152 2628 propbeta
1166 2556 1216 2612 Dei
1229 2557 1339 2612 nomine
1353 2565 1495 2628 peceatum
1512 2555 1552 2612 illi
1565 2570 1645 2612 suum
1657 2557 1822 2628 exprobras·

164 2627 962 2770 sitistiilt‘tlcilltllil.itiittl’lltlt·
1019 2626 1136 2753 stelit
1154 2624 1284 2754 biaut
1304 2625 1820 2770 tmlllttsttslilntts

443 2736 450 2750 Ι
624 2734 628 2744 “
952 2727 966 2739 “
1273 2738 1281 2765 j
1657 2739 1665 2753 ο

164 2767 967 2921 alilimt'lttltlttsllsrstlittl?
1020 2769 1819 2921 ltltttltttitttlttt.lltttttiit

165 2908 341 2966 lustrandum
360 2916 501 2980 aptissime
518 2909 717 2980 D.-Grcgorius
739 2909 773 2966 de
785 2908 839 2965 boc
860 2909 968 2966 latrone
1021 2922 1141 2980 priorem
1154 2907 1238 2964 luisse
1247 2923 1303 2981 ipsa
1315 2907 1501 2977 confessione,
1519 2909 1634 2966 sednon
1644 2924 1765 2980 priorem
1780 2911 1820 2967 iii«

165 2979 204 3036 ita
218 2979 314 3036 scribit
331 2995 339 3032 z
355 2982 510 3035 intueamur
524 2981 614 3050 qualis
627 2980 665 3035 ad
676 2980 831 3049 patibulum
845 2982 963 3043 oenerd,
1021 2988 1098 3035 terna
1109 2978 1284 3046 contritione,
1303 2978 1330 3035 iii
1349 2994 1403 3050 qua
1420 2980 1501 3036 simul
1520 2979 1572 3037 luit
1589 2979 1686 3036 odium
1705 2979 1818 3053 pecati,

167 3054 192 3106 et
206 3049 358 3120 apatibulo
371 3052 459 3119 qualis
471 3051 638 3106 absumunt.
665 3053 748 3107 Venit
764 3065 826 3106 reus
840 3052 964 3118 fraterno
1018 3064 1098 3105 amor
1123 3049 1183 3118 Dei,
1207 3049 1376 3121 propositum
1403 3050 1551 3107 confitendi
1570 3058 1598 3107 et
1625 3048 1818 3108 satislaaiendi.

165 3122 306 3189 scripsisse,
320 3123 392 3175 oeni
401 3125 536 3185 amentiis,
546 3121 593 3177 sed
601 3123 710 3176 latei-iia
722 3123 816 3190 pratia
828 3124 868 3176 est
877 3124 966 3176 muta·
1018 3118 1101 3176 Unde
1112 3119 1185 3176 idem
1197 3119 1293 3191 psalm.
1306 3136 1385 3178 xxxi
1401 3139 1407 3175 :
1422 3123 1498 3184 bini,
1519 3123 1664 3191 conamur
1677 3123 1820 3178 adoneum

166 3195 210 3245 tus
220 3193 250 3245 e‘n
264 3206 351 3256 erucc3
366 3195 392 3245 el
400 3192 447 3247 ille
456 3195 505 3262 que¹
513 3196 624 3247 monem
633 3193 721 3259 {aaut
731 3192 834 3253 intulit,
848 3193 965 3246 merlen-
983 3222 1006 3286 C
1019 3206 1061 3245 mc
1072 3191 1236 3260 injustitiam
1246 3207 1332 3247 meam
1341 3194 1467 3259 Dominam
1481 3196 1506 3246 et
1520 3197 1549 3247 tu
1558 3195 1689 3248 semusti
1699 3195 1820 3263 impieta

166 3264 201 3316 lis
215 3263 325 3317 Domini
336 3261 421 3316 oetam
433 3263 607 3332 praedicauit,
622 3263 712 3318 dicens
729 3281 738 3317 ε
752 3264 883 3318 diemo
895 3264 964 3326 mei,
985 3304 988 3309 .
1021 3266 1073 3316 leia
1082 3265 1186 3331 peccati
1199 3264 1260 3317 met.
1273 3261 1329 3319 Ubi
1340 3265 1374 3318 D.
1385 3262 1537 3331 Gregorius
1552 3279 1559 3316 ε
1573 3263 1701 3327 Attende,
1711 3263 1820 3334 lnquit,

165 3333 287 3399 Domine,
298 3332 364 3396 duni
375 3336 477 3388 ueneris
489 3335 518 3388 i'ii
526 3349 639 3403 neptium
653 3337 731 3388 tuum
740 3333 812 3403 (Luc.
824 3334 925 3394 xxiiii.
937 3336 968 3389 iii
1021 3335 1169 3402 quantasi't
1178 3333 1354 3402 indulgentiae
1362 3335 1455 3391 uitalis
1464 3335 1599 3397 uelocitas,
1608 3336 1820 3403 quantamiseit

167 3417 242 3457 nuce
253 3403 324 3457 clavi
336 3419 433 3458 manus
449 3405 507 3474 ejus
518 3405 651 3474 pedesque
669 3405 831 3472 llqauerant,
844 3405 969 3473 nibilquc
1020 3403 1118 3458 cordele
1130 3405 1182 3460 ilei'
1201 3404 1393 3459 summensteten
1408 3423 1416 3459 ε
1432 3408 1463 3458 ul
1483 3407 1632 3473 confitentis
1655 3405 1819 3462 desiderius

167 3475 196 3527 in
204 3488 233 3528 eo
242 3489 260 3527 a
267 3475 354 3543 poene‘s
368 3475 492 3538 liberum,
503 3477 558 3530 nisi
570 3490 613 3529 eor
623 3478 649 3528 el
658 3474 754 3543 linqua
763 3478 966 3530 reiunserant:
1020 3476 1161 3528 comitetur
1166 3475 1254 3536 cenea,
1262 3479 1407 3544 antequam
1416 3475 1611 3529 adcnwiatum
1617 3478 1758 3545 perueniat
1764 3490 1820 3546 pic·

166 3545 316 3613 inspirante
328 3547 382 3600 ileo
395 3550 481 3600 totum
499 3545 543 3598 i'lli‘
555 3545 663 3607 obtulit,
679 3545 750 3614 quod
763 3547 794 3598 in
814 3558 842 3599 se
856 3544 967 3598 liberum
1020 3545 1136 3598 nitentia
1145 3561 1153 3610 ς
1163 3547 1226 3599 ante
1238 3547 1359 3600 remano
1368 3546 1406 3601 ad
1417 3548 1615 3614 resperserint,
1626 3562 1709 3616 quum
1720 3548 1818 3614 coiisse

167 3616 278 3677 incenit,
292 3619 324 3670 iit
332 3615 419 3683 lucta
432 3616 480 3670 boo
493 3615 566 3685 quod
579 3617 710 3684 cereptum
723 3618 774 3677 est,
789 3613 867 3669 corde
879 3614 969 3669 neda
1020 3616 1061 3669 sio
1074 3615 1104 3667 in
1116 3629 1203 3668 uooem
1214 3620 1337 3684 erumpat
1349 3616 1437 3684 (drap.
1450 3618 1480 3669 iii
1489 3616 1588 3685 psalm.
1605 3621 1705 3683 xxxi).

167 3689 208 3740 ret
218 3685 256 3739 cd
264 3685 414 3754 justitiam,
425 3701 468 3740 ore
480 3688 648 3754 continetur
658 3685 696 3739 ael
707 3685 831 3739 sulutem
844 3685 877 3738 ln
890 3684 969 3740 corde
1056 3670 1070 3714 ἆ
1088 3682 1133 3739 Sic
1149 3684 1223 3739 enim
1237 3685 1386 3755 Apostolus
1402 3688 1435 3742 ad
1453 3685 1553 3757 Eplies.
1572 3701 1596 3743 11
1616 3707 1623 3742 ι
1644 3686 1742 3744 mun
1754 3689 1820 3744 estis

168 3761 259 3810 autem
269 3756 389 3825 fidelium
399 3761 452 3812 tres
465 3771 631 3826 summopere
643 3770 752 3811 munere
760 3755 875 3810 uirtutes
884 3759 968 3810 testa·
1020 3753 1122 3809 salvati
1131 3769 1181 3824 per
1191 3753 1270 3824 Acten
1284 3773 1293 3808 r
1308 3759 1334 3810 et
1345 3756 1392 3811 boe
1402 3771 1455 3811 noa
1473 3773 1507 3811 ea·
1517 3757 1608 3825 vobim
1621 3758 1671 3812 liei
1681 3759 1754 3810 enim
1768 3757 1820 3811 do-

165 3830 212 3881 lur
228 3828 384 3897 Apostolus,
399 3827 498 3893 {dunis
522 3846 530 3881 ε
552 3829 628 3885 Nunc
647 3830 738 3881 cutm
752 3829 862 3882 manent
884 3825 967 3894 tides,
1021 3840 1085 3880 num
1094 3829 1134 3880 est
1148 3843 1156 3879 ε
1171 3841 1224 3880 non
1235 3840 1269 3881 ea
1283 3827 1417 3895 operibns,
1432 3831 1463 3881 ut
1475 3843 1509 3882 ne
1546 3830 1589 3883 uis
1599 3826 1738 3897 plantetur.
1755 3828 1820 3884 Non

166 3910 238 3966 spes,
249 3899 375 3980 pluritas.
391 3900 463 3966 Quas
475 3902 582 3980 cunctas
602 3897 823 4024 subdamus
838 3898 929 3964 qratia
943 3900 969 3952 et
1021 3910 1054 3951 ex
1067 3894 1208 4021 operibus,
1221 3895 1324 3978 scilicet
1336 3895 1418 3953 iidem
1431 3912 1462 3967 pr
1537 3895 1722 3954 erubuerint
1742 3897 1824 3955 Grae·

166 3967 969 4121 Utillliiilltllnmilllatibnm,illltnil
1017 3965 1822 4122 initiillilltlllriiliniidiiliilicinis}

164 4113 270 4177 paretes
279 4115 435 4165 iuuentem
448 4109 530 4164 uidet.
541 4110 620 4180 Spem
632 4109 738 4176 babuit,
755 4111 805 4180 qut
818 4123 897 4178 repen
910 4123 969 4178 epus
1021 4106 1149 4179 operibus
1166 4107 1270 4165 salim
1292 4125 1299 4161 ε
1319 4108 1369 4166 scd
1379 4108 1461 4180 ,qnod
1480 4124 1562 4166 nemo
1575 4108 1752 4182 exoperibus
1768 4124 1819 4167 nisi

166 4179 273 4234 mitum
293 4181 457 4250 postulauit,
473 4180 590 4236 dunis:
614 4182 743 4239 Menate
763 4183 826 4248 inei,
841 4181 967 4247 Domine,
1021 4191 1070 4248 per
1088 4176 1172 4235 tidem
1191 4186 1296 4234 etcum
1311 4178 1365 4236 lide
1382 4179 1480 4235 saliari
1494 4180 1590 4251 possit.
1612 4180 1741 4239 Excludit
1755 4194 1819 4253 ergo

166 4249 232 4301 dum
245 4252 350 4303 ocante
362 4253 392 4304 i'n
403 4267 517 4319 requiem
532 4256 619 4307 tuum.
635 4253 803 4309 ebussalem
816 4265 921 4320 quoque
938 4251 969 4303 tn
1021 4261 1104 4319 opera
1124 4247 1207 4305 tidem
1219 4247 1409 4318 praecedentia,
1425 4265 1462 4306 ne
1477 4258 1605 4322 putarent
1621 4251 1682 4308 sinc
1693 4250 1747 4309 lide
1765 4250 1821 4309 siis

166 4321 250 4370 morte
261 4331 312 4370 sua
324 4320 453 4373 euneuer
465 4324 562 4382 tenna,
577 4324 627 4389 qni
637 4324 752 4388 nonen
764 4324 790 4374 et
798 4321 969 4375 collatronem
1021 4332 1053 4374 se
1062 4317 1098 4374 ad
1107 4317 1223 4390 gratimi
1232 4318 1379 4376 virtutibus
1390 4329 1513 4387 vocams,
1528 4336 1590 4392 quae
1603 4320 1663 4379 sine
1679 4320 1821 4378 lideinsne

163 4386 572 4455 prosimiltseeleremorientem
579 4394 605 4443 et
613 4390 647 4443 de
657 4392 856 4459 ιἠίᾳιιίεαεεειια
865 4390 967 4457 aequit
1021 4395 1129 4443 tantum
1150 4386 1368 4445 virtutisnomen
1379 4391 1510 4447 obtinent.
1540 4393 1581 4449 lta
1600 4400 1628 4448 et
1643 4391 1743 4448 concil.
1762 4389 1820 4448 Trl-
1855 4418 1861 4429 ·

167 4460 194 4509 et
204 4457 231 4508 ei
240 4458 325 4508 ultam
336 4469 419 4523 quani
429 4472 481 4512 nen
493 4462 648 4525 mqnoomat
660 4459 831 4528 medicauit,
853 4459 943 4513 dunis
958 4476 967 4512 :
1021 4458 1096 4514 dent.
1113 4459 1192 4524 (sess.
1205 4463 1233 4526 6,
1251 4475 1311 4529 cap.
1324 4464 1363 4525 8),
1374 4459 1501 4518 eamdem
1515 4461 1641 4533 Apostoli
1657 4462 1821 4519 senteutiam

167 4525 259 4592 Neque
274 4528 305 4578 tu
316 4526 501 4605 tinternensis,
516 4528 567 4595 qni
584 4528 614 4580 in
626 4528 717 4582 eadem
737 4541 764 4582 es
775 4527 968 4583 damnatione?
1022 4528 1160 4599 explicans
1171 4528 1229 4585 ait:
1245 4530 1311 4586 Cum
1319 4547 1379 4586 iero
1390 4532 1536 4602 Apostolus
1544 4533 1769 4603 dicitiustificari‘
1775 4534 1821 4589 bo-

168 4597 204 4650 El
215 4607 273 4677 uos·
299 4593 482 4680 'idempuster
491 4612 555 4651 nant
564 4596 648 4679 deque
659 4598 741 4680 {actu
751 4599 968 4680 recipimusiiic
983 4577 1009 4640 D
1023 4601 1121 4654 mitum
1134 4615 1186 4670 per
1196 4600 1287 4669 fidem,
1297 4606 1322 4656 et
1332 4605 1429 4671 pratis,
1443 4619 1473 4658 ea
1485 4603 1564 4658 uerba
1576 4606 1605 4658 iii
1617 4619 1645 4659 eo
1654 4619 1734 4660 sensu
1746 4603 1820 4659 intel

167 4679 228 4720 sero
240 4681 260 4719 n
291 4665 314 4720 el
322 4666 388 4720 male
397 4672 488 4736 pessit.
500 4667 550 4722 llle
561 4681 609 4736 que
619 4667 728 4724 teluad
739 4682 843 4749 nucem
851 4672 968 4725 cmiter
1021 4671 1128 4739 labenda
1141 4676 1214 4734 sient,
1229 4687 1308 4741 quem
1316 4678 1462 4743 perpetuus
1474 4675 1597 4730 Reunia
1607 4675 1745 4730 catholica
1757 4689 1820 4731 cos-

168 4737 258 4807 culpe,
271 4737 648 4806 eccequale'sacucereccdi't
661 4741 807 4809 eaqiritia.
819 4739 965 4809 confiteba-
1020 4756 1111 4797 sumus
1125 4744 1212 4797 tenuit
1225 4746 1251 4797 et
1270 4746 1416 4813 expressim
1439 4747 1471 4799 ut
1490 4745 1648 4814 sedicetper
1660 4745 1742 4814 Mein
1762 4744 1821 4800 idco

168 4812 215 4863 tus
228 4810 370 4864 uentum
383 4809 579 4879 quemcidebot
588 4824 675 4864 mann
683 4811 801 4865 unane
809 4812 967 4879 ammaim
1016 4811 1166 4880 jiutificuri'
1173 4812 1307 4876 duamur,
1320 4816 1387 4883 quia
1399 4815 1465 4884 Ades
1473 4819 1512 4870 est
1527 4815 1651 4870 bumana
1659 4814 1757 4871 subitis
1768 4816 1821 4870 ini·

168 4880 334 4942 morieiitem,
345 4881 454 4950 quando
462 4880 599 4950 repebant
607 4881 725 4950 apostoli
731 4896 790 4936 eum
798 4896 877 4951 quem
886 4882 967 4936 mira·
1021 4884 1099 4946 tium,
1109 4883 1317 4950 nindumcntum
1327 4885 1443 4940 siradio
1450 4886 1755 4955 omnisJ'usti'ficati'ont's,
1765 4887 1821 4941 sitit

168 4948 967 5026 monumentorumvirtansnnentemtiaearegoiius
1021 4967 1077 5022 qua
1091 4953 1254 5023 inpossibile
1267 4959 1306 5011 est
1316 4955 1424 5024 placere
1438 4959 1501 5019 Deo,
1516 4957 1590 5012 etad
1610 4959 1774 5013 consortium
1784 4957 1821 5025 A·

168 5018 239 5084 (Lib.
253 5032 330 5074 xviii
344 5021 439 5075 itcrat
460 5037 483 5077 e.
505 5027 561 5087 25).
579 5021 645 5078 Vide
659 5022 738 5095 plura
756 5020 794 5079 iid
810 5021 904 5080 collat.
922 5027 964 5090 rt,
1020 5023 1118 5078 ibrum
1127 5024 1340 5095 ejuspereeni're.
1354 5025 1448 5082 (iratis
1456 5026 1822 5097 autenjustipcaiiideodi·

168 5103 227 5194 cap.
244 5092 303 5145 tet
318 5097 445 5171 sequent.
1021 5109 1125 5161 camur,
1145 5095 1295 5165 quianilu'l
1308 5111 1397 5152 eorum
1417 5113 1478 5167 quae
1493 5097 1821 5168 iustificationemprcce

235 5160 299 5216 Non
320 5158 432 5241 quidem
450 5159 548 5217 merito
561 5168 625 5218 ante
643 5169 712 5220 actm
730 5163 806 5232 vitae,
827 5163 877 5222 sed
895 5161 967 5221 bene
1021 5165 1100 5228 dunt,
1112 5166 1254 5236 sioepdes,
1270 5169 1324 5222 nee
1337 5182 1430 5237 opera,
1447 5168 1747 5238 ipsamjustilioationis
1756 5183 1821 5238 qra-

169 5227 348 5310 mnlcssioms
360 5228 430 5311 illius
442 5230 553 5298 merito,
567 5247 630 5302 quae
643 5240 735 5290 tamen
746 5241 774 5290 ct
789 5233 846 5305 ipsc
859 5233 967 5291 donum
1022 5237 1090 5291 ttoni
1096 5241 1273 5306 promeretur.
1282 5238 1390 5293 sienim
1404 5241 1495 5308 qiuti‘ii
1504 5243 1553 5306 est,
1559 5240 1619 5308 jam
1629 5255 1723 5295 nonen
1731 5240 1821 5311 operi·

168 5296 221 5354 fuit
234 5305 388 5356 miserentis
402 5300 448 5356 liei
463 5301 544 5364 (Vide
556 5304 644 5359 collat.
659 5308 773 5374 lt,cup.
785 5308 840 5370 ta),
853 5306 904 5374 qul
915 5319 967 5360 sua
1022 5305 1087 5374 bus;
1101 5309 1234 5377 alloquin,
1256 5312 1287 5362 ut
1302 5309 1372 5364 Ueiis
1389 5310 1533 5381 Apostolus
1547 5312 1648 5380 inquit,
1662 5309 1822 5381 prutr'ajum

169 5369 242 5451 dona
255 5373 350 5424 nostre
367 5371 426 5425 cult
448 5375 621 5438 asennaa,
636 5382 668 5430 ut
685 5373 724 5431 ait
743 5377 777 5430 ll.
801 5373 969 5447 Augustinus
1021 5382 1124 5432 nonem
1137 5380 1229 5446 pratia
1242 5381 1329 5445 (Aen.
1344 5379 1404 5462 xi).

168 5440 239 5520 (Lei.
253 5440 287 5495 de
301 5441 499 5499 (insertion.
512 5444 584 5501 Art.
596 5460 655 5515 cap.
666 5443 704 5516 t).
716 5444 787 5501 Satis
799 5444 874 5500 eniin
882 5459 914 5500 eii
926 5444 968 5501 di·
1056 5455 1068 5482 ⁶
1087 5447 1266 5506 Perfectionis
1277 5457 1410 5507 assecutio
1426 5465 1483 5506 non
1501 5457 1560 5508 tam
1572 5458 1676 5509 nostrae
1688 5449 1823 5508 voluntati

169 5518 220 5567 ctis
232 5517 306 5583 patet
318 5511 393 5568 illam
407 5512 523 5569 latronis
533 5512 731 5571 contusionem
743 5529 799 5570 non
810 5529 844 5571 ex
857 5514 916 5571 sola
926 5513 967 5572 ta·
1022 5523 1050 5573 et
1067 5515 1165 5585 labori,
1183 5533 1267 5590 quam
1287 5520 1339 5577 Dei
1359 5520 1457 5593 gratiae
1476 5529 1503 5576 et
1528 5520 1723 5580 misericordiae
1742 5520 1823 5579 uitii

169 5581 269 5639 cultate
280 5581 358 5640 liberi
372 5582 478 5641 arbitrii
493 5583 528 5640 ab
542 5583 602 5656 ipso
620 5592 794 5656 conceptam,
816 5593 846 5640 ut
863 5584 968 5644 videtur
1021 5585 1121 5656 benda,
1137 5603 1202 5645 cum
1213 5597 1242 5647 et
1258 5589 1315 5662 ipsa
1328 5590 1399 5649 bona
1418 5589 1547 5649 voluntas
1563 5601 1592 5650 et
1607 5591 1744 5665 quidquid
1755 5590 1822 5650 boni

169 5660 266 5709 auctor
288 5669 339 5726 sup
358 5669 451 5722 onere,
465 5655 699 5727 quemadmodum
712 5654 781 5712 etin
801 5655 888 5714 altero
909 5658 968 5714 Da·
1021 5657 1055 5713 ab
1072 5673 1105 5715 ea
1119 5661 1242 5730 praestari
1248 5669 1356 5733 -potest,
1371 5678 1388 5719 a
1406 5665 1467 5718 Deo
1483 5662 1519 5719 sit
1535 5671 1565 5720 ut
1583 5678 1664 5720 causa
1678 5660 1820 5736 principah'

168 5722 236 5782 vidis
248 5738 382 5802 esempo,
395 5726 470 5799 quod
487 5725 608 5799 subjicit,
620 5725 669 5785 sed
678 5732 715 5783 er·
724 5741 786 5784 vera
794 5725 848 5786 lide
856 5735 886 5786 et
896 5727 965 5798 iiia,
1020 5735 1049 5784 et
1064 5729 1204 5802 primaria,
1223 5731 1376 5791 secundum
1393 5731 1463 5791 illud
1484 5733 1604 5792 iacobi:
1624 5734 1707 5793 Omne
1724 5734 1821 5795 m
