<?xml version="1.0" encoding="UTF-8"?>
<!DOCTYPE html PUBLIC "-//W3C//DTD XHTML 1.0 Transitional//EN"
    "http://www.w3.org/TR/xhtml1/DTD/xhtml1-transitional.dtd">
<html xmlns="http://www.w3.org/1999/xhtml" xml:lang="en" lang="en">
 <head>
  <title>
</title>
<meta http-equiv="Content-Type" content="text/html;charset=utf-8" />
  <meta name='ocr-system' content='tesseract 3.04.00' />
  <meta name='ocr-capabilities' content='ocr_page ocr_carea ocr_par ocr_line ocrx_word'/>
</head>
<body>
  <div class='ocr_page' id='page_1' title='image "./patrologiaecurs29unkngoog/patrologiaecurs29unkngoog_0189.png"; bbox 0 0 3848 6158; ppageno 0'>
   <div class='ocr_carea' id='block_1_1' title="bbox 164 246 1829 322">
    <p class='ocr_par' dir='ltr' id='par_1_1' title="bbox 164 246 1829 322">
     <span class='ocr_line' id='line_1_1' title="bbox 164 246 1829 322; baseline 0 -16"><span class='ocrx_word' id='word_1_1' title='bbox 164 262 221 322; x_wconf 65' lang='lat'><strong>303</strong></span> <span class='ocrx_word' id='word_1_2' title='bbox 839 246 1150 305; x_wconf 78' lang='lat' dir='ltr'><strong>iomnsmssiuu</strong></span> <span class='ocrx_word' id='word_1_3' title='bbox 1773 250 1829 307; x_wconf 82' lang='lat' dir='ltr'><strong>aas</strong></span> 
     </span>
    </p>
   </div>
   <div class='ocr_carea' id='block_1_2' title="bbox 168 367 1832 727">
    <p class='ocr_par' dir='ltr' id='par_1_2' title="bbox 168 367 1832 727">
     <span class='ocr_line' id='line_1_2' title="bbox 168 367 1831 460; baseline -0.011 -16"><span class='ocrx_word' id='word_1_4' title='bbox 168 399 316 460; x_wconf 85' lang='lat' dir='ltr'><strong>possumus</strong></span> <span class='ocrx_word' id='word_1_5' title='bbox 334 395 502 454; x_wconf 86' lang='lat' dir='ltr'><strong>nuncupare.</strong></span> <span class='ocrx_word' id='word_1_6' title='bbox 516 381 528 412; x_wconf 73' lang='lat'>⁸</span> <span class='ocrx_word' id='word_1_7' title='bbox 544 376 642 434; x_wconf 79' lang='lat' dir='ltr'><strong>Affinis</strong></span> <span class='ocrx_word' id='word_1_8' title='bbox 655 375 715 432; x_wconf 81' lang='lat' dir='ltr'><strong>lraec</strong></span> <span class='ocrx_word' id='word_1_9' title='bbox 739 371 857 430; x_wconf 77' lang='lat' dir='ltr'><strong>tristitiae</strong></span> <span class='ocrx_word' id='word_1_10' title='bbox 870 381 927 444; x_wconf 90' lang='lat' dir='ltr'><strong>est,</strong></span> <span class='ocrx_word' id='word_1_11' title='bbox 940 377 1007 440; x_wconf 75' lang='grc' dir='ltr'><strong>οιΑ</strong></span> <span class='ocrx_word' id='word_1_12' title='bbox 1022 380 1093 442; x_wconf 74' lang='lat' dir='ltr'><strong>uns,</strong></span> <span class='ocrx_word' id='word_1_13' title='bbox 1116 380 1147 428; x_wconf 90' lang='lat' dir='ltr'><strong>ut</strong></span> <span class='ocrx_word' id='word_1_14' title='bbox 1167 369 1295 444; x_wconf 75' lang='lat' dir='ltr'><strong>quaedam</strong></span> <span class='ocrx_word' id='word_1_15' title='bbox 1317 367 1402 427; x_wconf 86' lang='lat' dir='ltr'><strong>febris</strong></span> <span class='ocrx_word' id='word_1_16' title='bbox 1424 369 1552 442; x_wconf 79' lang='lat' dir='ltr'>ingruens</span> <span class='ocrx_word' id='word_1_17' title='bbox 1571 379 1697 444; x_wconf 87' lang='lat' dir='ltr'><strong>tempore</strong></span> <span class='ocrx_word' id='word_1_18' title='bbox 1718 373 1831 443; x_wconf 70' lang='lat' dir='ltr'><strong>prasti-</strong></span> 
     </span>
     <span class='ocr_line' id='line_1_3' title="bbox 168 453 1829 553; baseline -0.014 -16"><span class='ocrx_word' id='word_1_19' title='bbox 168 475 183 513; x_wconf 82' lang='lat'><strong>¹&#39;</strong></span> <span class='ocrx_word' id='word_1_20' title='bbox 199 479 275 553; x_wconf 87' lang='lat' dir='ltr'><strong>vagis</strong></span> <span class='ocrx_word' id='word_1_21' title='bbox 298 477 419 534; x_wconf 81' lang='lat' dir='ltr'><strong>maxime</strong></span> <span class='ocrx_word' id='word_1_22' title='bbox 438 489 470 530; x_wconf 90' lang='lat' dir='ltr'><strong>ae</strong></span> <span class='ocrx_word' id='word_1_23' title='bbox 485 470 614 529; x_wconf 80' lang='lat' dir='ltr'>solitariis</span> <span class='ocrx_word' id='word_1_24' title='bbox 645 467 730 541; x_wconf 87' lang='lat' dir='ltr'><strong>magis</strong></span> <span class='ocrx_word' id='word_1_25' title='bbox 753 474 877 540; x_wconf 85' lang='lat' dir='ltr'><strong>experta,</strong></span> <span class='ocrx_word' id='word_1_26' title='bbox 893 473 919 525; x_wconf 92' lang='lat' dir='ltr'><strong>et</strong></span> <span class='ocrx_word' id='word_1_27' title='bbox 940 466 969 522; x_wconf 94' lang='lat' dir='ltr'><strong>in</strong></span> <span class='ocrx_word' id='word_1_28' title='bbox 1022 473 1094 535; x_wconf 87' lang='lat' dir='ltr'><strong>tuto,</strong></span> <span class='ocrx_word' id='word_1_29' title='bbox 1105 453 1119 498; x_wconf 83' lang='lat'><strong>‘¹</strong></span> <span class='ocrx_word' id='word_1_30' title='bbox 1132 463 1338 522; x_wconf 87' lang='lat' dir='ltr'><strong>ardentissimos</strong></span> <span class='ocrx_word' id='word_1_31' title='bbox 1349 472 1434 522; x_wconf 80' lang='lat' dir='ltr'><strong>testas</strong></span> <span class='ocrx_word' id='word_1_32' title='bbox 1449 465 1640 521; x_wconf 76' lang='lat' dir='ltr'><strong>accensionum</strong></span> <span class='ocrx_word' id='word_1_33' title='bbox 1654 466 1720 534; x_wconf 83' lang='lat' dir='ltr'><strong>[Al.</strong></span> <span class='ocrx_word' id='word_1_34' title='bbox 1735 481 1829 526; x_wconf 58' lang='lat' dir='ltr'><strong>acam.</strong></span> 
     </span>
     <span class='ocr_line' id='line_1_4' title="bbox 170 557 1831 634; baseline -0.01 -2"><span class='ocrx_word' id='word_1_35' title='bbox 170 588 264 632; x_wconf 88' lang='lat' dir='ltr'><strong>eremo</strong></span> <span class='ocrx_word' id='word_1_36' title='bbox 284 567 522 629; x_wconf 78' lang='lat' dir='ltr'><strong>commorantibus</strong></span> <span class='ocrx_word' id='word_1_37' title='bbox 543 562 666 622; x_wconf 87' lang='lat' dir='ltr'><strong>infestior</strong></span> <span class='ocrx_word' id='word_1_38' title='bbox 684 561 771 618; x_wconf 90' lang='lat' dir='ltr'><strong>bostis</strong></span> <span class='ocrx_word' id='word_1_39' title='bbox 783 575 817 618; x_wconf 83' lang='lat' dir='ltr'><strong>ao</strong></span> <span class='ocrx_word' id='word_1_40' title='bbox 828 559 969 634; x_wconf 72' lang='lat' dir='ltr'><strong>frequens,</strong></span> <span class='ocrx_word' id='word_1_41' title='bbox 1023 560 1151 627; x_wconf 78' lang='lat' dir='ltr'><strong>donum]</strong></span> <span class='ocrx_word' id='word_1_42' title='bbox 1165 573 1280 615; x_wconf 86' lang='lat' dir='ltr'><strong>suarum</strong></span> <span class='ocrx_word' id='word_1_43' title='bbox 1298 557 1386 616; x_wconf 90' lang='lat' dir='ltr'><strong>solitis</strong></span> <span class='ocrx_word' id='word_1_44' title='bbox 1405 573 1437 615; x_wconf 91' lang='lat' dir='ltr'><strong>ao</strong></span> <span class='ocrx_word' id='word_1_45' title='bbox 1451 558 1562 615; x_wconf 89' lang='lat' dir='ltr'><strong>statutis</strong></span> <span class='ocrx_word' id='word_1_46' title='bbox 1580 557 1656 615; x_wconf 83' lang='lat' dir='ltr'><strong>liaris</strong></span> <span class='ocrx_word' id='word_1_47' title='bbox 1677 558 1779 618; x_wconf 77' lang='lat' dir='ltr'><strong>anima</strong></span> <span class='ocrx_word' id='word_1_48' title='bbox 1792 561 1831 619; x_wconf 79' lang='lat' dir='ltr'><strong>im</strong></span> 
     </span>
     <span class='ocr_line' id='line_1_5' title="bbox 171 650 1832 727; baseline -0.01 -3"><span class='ocrx_word' id='word_1_49' title='bbox 171 667 320 723; x_wconf 73' lang='lat' dir='ltr'><strong>lmanime</strong></span> <span class='ocrx_word' id='word_1_50' title='bbox 340 663 412 719; x_wconf 90' lang='lat' dir='ltr'><strong>circa</strong></span> <span class='ocrx_word' id='word_1_51' title='bbox 436 661 533 717; x_wconf 87' lang='lat' dir='ltr'><strong>horam</strong></span> <span class='ocrx_word' id='word_1_52' title='bbox 553 663 658 714; x_wconf 78' lang='lat' dir='ltr'><strong>sermm</strong></span> <span class='ocrx_word' id='word_1_53' title='bbox 675 652 843 711; x_wconf 88' lang='lat' dir='ltr'><strong>monachum</strong></span> <span class='ocrx_word' id='word_1_54' title='bbox 863 653 971 727; x_wconf 88' lang='lat' dir='ltr'><strong>inquie-</strong></span> <span class='ocrx_word' id='word_1_55' title='bbox 1025 651 1117 710; x_wconf 83' lang='lat' dir='ltr'><strong>ferens</strong></span> <span class='ocrx_word' id='word_1_56' title='bbox 1137 651 1297 726; x_wconf 74' lang='lat' dir='ltr'><strong>egrotanti.</strong></span> <span class='ocrx_word' id='word_1_57' title='bbox 1324 653 1449 725; x_wconf 87' lang='lat' dir='ltr'><strong>Denique</strong></span> <span class='ocrx_word' id='word_1_58' title='bbox 1469 651 1593 707; x_wconf 89' lang='lat' dir='ltr'><strong>nonnulli</strong></span> <span class='ocrx_word' id='word_1_59' title='bbox 1616 666 1716 708; x_wconf 87' lang='lat' dir='ltr'><strong>serium</strong></span> <span class='ocrx_word' id='word_1_60' title='bbox 1729 655 1741 687; x_wconf 82' lang='lat'><strong>⁶</strong></span> <span class='ocrx_word' id='word_1_61' title='bbox 1754 650 1832 714; x_wconf 83' lang='lat' dir='ltr'><strong>bunc</strong></span> 
     </span>
    </p>
   </div>
   <div class='ocr_carea' id='block_1_3' title="bbox 715 784 1277 845">
    <p class='ocr_par' dir='ltr' id='par_1_3' title="bbox 715 784 1277 845">
     <span class='ocr_line' id='line_1_6' title="bbox 715 784 1277 845; baseline -0.005 -1"><span class='ocrx_word' id='word_1_62' title='bbox 715 787 843 845; x_wconf 81' lang='lat' dir='ltr'><strong>ntnnbl</strong></span> <span class='ocrx_word' id='word_1_63' title='bbox 862 787 978 845; x_wconf 75' lang='lat' dir='ltr'><strong>GAZAEI</strong></span> <span class='ocrx_word' id='word_1_64' title='bbox 996 784 1277 844; x_wconf 76' lang='lat' dir='ltr'><strong>COMMENTARIUS.</strong></span> 
     </span>
    </p>
   </div>
   <div class='ocr_carea' id='block_1_4' title="bbox 72 910 1834 5394">
    <p class='ocr_par' dir='ltr' id='par_1_4' title="bbox 72 910 1834 5394">
     <span class='ocr_line' id='line_1_7' title="bbox 168 910 1829 996; baseline -0.009 -15"><span class='ocrx_word' id='word_1_65' title='bbox 168 925 211 981; x_wconf 82' lang='lat' dir='ltr'><strong>rel</strong></span> <span class='ocrx_word' id='word_1_66' title='bbox 224 918 592 991; x_wconf 74' lang='lat' dir='ltr'><strong>taediumfastidiumatque</strong></span> <span class='ocrx_word' id='word_1_67' title='bbox 603 915 716 973; x_wconf 89' lang='lat' dir='ltr'><strong>tristitia</strong></span> <span class='ocrx_word' id='word_1_68' title='bbox 726 915 755 972; x_wconf 90' lang='lat' dir='ltr'><strong>iii</strong></span> <span class='ocrx_word' id='word_1_69' title='bbox 766 913 973 986; x_wconf 86' lang='lat' dir='ltr'><strong>perseverando.</strong></span> <span class='ocrx_word' id='word_1_70' title='bbox 1029 916 1111 976; x_wconf 86' lang='lat' dir='ltr'><strong>enirn,</strong></span> <span class='ocrx_word' id='word_1_71' title='bbox 1127 910 1225 985; x_wconf 77' lang='lat' dir='ltr'><strong>inquit,</strong></span> <span class='ocrx_word' id='word_1_72' title='bbox 1238 914 1268 967; x_wconf 86' lang='lat' dir='ltr'><strong>in</strong></span> <span class='ocrx_word' id='word_1_73' title='bbox 1277 911 1324 967; x_wconf 87' lang='lat' dir='ltr'><strong>boc</strong></span> <span class='ocrx_word' id='word_1_74' title='bbox 1335 913 1400 967; x_wconf 83' lang='lat' dir='ltr'><strong>uitio</strong></span> <span class='ocrx_word' id='word_1_75' title='bbox 1414 911 1597 996; x_wconf 77' lang='lat' dir='ltr'><strong>consideretur</strong></span> <span class='ocrx_word' id='word_1_76' title='bbox 1607 914 1713 995; x_wconf 70' lang='lat' dir='ltr'><strong>acuero</strong></span> <span class='ocrx_word' id='word_1_77' title='bbox 1723 914 1829 996; x_wconf 79' lang='lat' dir='ltr'><strong>otono,</strong></span> 
     </span>
     <span class='ocr_line' id='line_1_8' title="bbox 170 980 1828 1067; baseline -0.008 -15"><span class='ocrx_word' id='word_1_78' title='bbox 170 999 288 1053; x_wconf 88' lang='lat' dir='ltr'><strong>Peccant</strong></span> <span class='ocrx_word' id='word_1_79' title='bbox 301 993 396 1065; x_wconf 90' lang='lat' dir='ltr'><strong>itaque</strong></span> <span class='ocrx_word' id='word_1_80' title='bbox 408 991 498 1064; x_wconf 84' lang='lat' dir='ltr'><strong>primo</strong></span> <span class='ocrx_word' id='word_1_81' title='bbox 508 987 591 1045; x_wconf 88' lang='lat' dir='ltr'><strong>modo</strong></span> <span class='ocrx_word' id='word_1_82' title='bbox 606 987 653 1061; x_wconf 84' lang='lat' dir='ltr'><strong>qui</strong></span> <span class='ocrx_word' id='word_1_83' title='bbox 667 987 759 1060; x_wconf 88' lang='lat' dir='ltr'><strong>pigre,</strong></span> <span class='ocrx_word' id='word_1_84' title='bbox 772 984 850 1042; x_wconf 89' lang='lat' dir='ltr'><strong>tarde</strong></span> <span class='ocrx_word' id='word_1_85' title='bbox 869 993 897 1042; x_wconf 88' lang='lat' dir='ltr'><strong>ct</strong></span> <span class='ocrx_word' id='word_1_86' title='bbox 909 999 975 1042; x_wconf 87' lang='lat' dir='ltr'><strong>cum</strong></span> <span class='ocrx_word' id='word_1_87' title='bbox 1029 985 1378 1064; x_wconf 77' lang='lat' dir='ltr'><strong>puodastimaturqrareet</strong></span> <span class='ocrx_word' id='word_1_88' title='bbox 1387 980 1828 1067; x_wconf 60' lang='lat' dir='ltr'><strong>bomwsumstcutiertreiunure,</strong></span> 
     </span>
     <span class='ocr_line' id='line_1_9' title="bbox 170 1054 1831 1141; baseline -0.005 -17"><span class='ocrx_word' id='word_1_89' title='bbox 170 1066 282 1124; x_wconf 87' lang='lat' dir='ltr'><strong>tristitia</strong></span> <span class='ocrx_word' id='word_1_90' title='bbox 297 1063 370 1120; x_wconf 91' lang='lat' dir='ltr'><strong>bona</strong></span> <span class='ocrx_word' id='word_1_91' title='bbox 384 1076 467 1135; x_wconf 86' lang='lat' dir='ltr'><strong>opera</strong></span> <span class='ocrx_word' id='word_1_92' title='bbox 479 1077 495 1117; x_wconf 92' lang='lat' dir='ltr'><strong>a</strong></span> <span class='ocrx_word' id='word_1_93' title='bbox 533 1058 683 1125; x_wconf 75' lang='lat' dir='ltr'><strong>moiuntur,</strong></span> <span class='ocrx_word' id='word_1_94' title='bbox 699 1065 730 1113; x_wconf 89' lang='lat' dir='ltr'><strong>ut</strong></span> <span class='ocrx_word' id='word_1_95' title='bbox 738 1056 859 1130; x_wconf 84' lang='lat' dir='ltr'><strong>jejunia,</strong></span> <span class='ocrx_word' id='word_1_96' title='bbox 872 1058 976 1114; x_wconf 88' lang='lat' dir='ltr'><strong>oratio·</strong></span> <span class='ocrx_word' id='word_1_97' title='bbox 1029 1071 1117 1119; x_wconf 85' lang='lat' dir='ltr'><strong>orare,</strong></span> <span class='ocrx_word' id='word_1_98' title='bbox 1130 1056 1248 1117; x_wconf 84' lang='lat' dir='ltr'><strong>obedire,</strong></span> <span class='ocrx_word' id='word_1_99' title='bbox 1263 1060 1289 1138; x_wconf 76' lang='lat' dir='ltr'><strong>et</strong></span> <span class='ocrx_word' id='word_1_100' title='bbox 1298 1054 1460 1125; x_wconf 66' lang='lat' dir='ltr'><strong>hujumodi,</strong></span> <span class='ocrx_word' id='word_1_101' title='bbox 1474 1069 1506 1109; x_wconf 90' lang='lat' dir='ltr'><strong>ea</strong></span> <span class='ocrx_word' id='word_1_102' title='bbox 1515 1059 1619 1136; x_wconf 75' lang='lat' dir='ltr'><strong>mirone</strong></span> <span class='ocrx_word' id='word_1_103' title='bbox 1629 1055 1831 1141; x_wconf 67' lang='lat' dir='ltr'><strong>denarranti-</strong></span> 
     </span>
     <span class='ocr_line' id='line_1_10' title="bbox 176 1125 1832 1211; baseline -0.004 -17"><span class='ocrx_word' id='word_1_104' title='bbox 176 1153 225 1196; x_wconf 90' lang='lat' dir='ltr'><strong>nes</strong></span> <span class='ocrx_word' id='word_1_105' title='bbox 243 1134 404 1202; x_wconf 71' lang='lat' dir='ltr'><strong>assimilia,</strong></span> <span class='ocrx_word' id='word_1_106' title='bbox 443 1132 471 1187; x_wconf 92' lang='lat' dir='ltr'><strong>ui</strong></span> <span class='ocrx_word' id='word_1_107' title='bbox 492 1133 517 1188; x_wconf 91' lang='lat' dir='ltr'><strong>la</strong></span> <span class='ocrx_word' id='word_1_108' title='bbox 555 1142 599 1186; x_wconf 88' lang='lat' dir='ltr'><strong>res</strong></span> <span class='ocrx_word' id='word_1_109' title='bbox 617 1128 770 1184; x_wconf 88' lang='lat' dir='ltr'><strong>detrectant</strong></span> <span class='ocrx_word' id='word_1_110' title='bbox 786 1129 815 1184; x_wconf 91' lang='lat' dir='ltr'><strong>in</strong></span> <span class='ocrx_word' id='word_1_111' title='bbox 833 1127 974 1193; x_wconf 89' lang='lat' dir='ltr'><strong>discendo,</strong></span> <span class='ocrx_word' id='word_1_112' title='bbox 1030 1130 1085 1194; x_wconf 87' lang='lat' dir='ltr'><strong>tia;</strong></span> <span class='ocrx_word' id='word_1_113' title='bbox 1100 1128 1125 1183; x_wconf 90' lang='lat' dir='ltr'><strong>st</strong></span> <span class='ocrx_word' id='word_1_114' title='bbox 1142 1142 1202 1182; x_wconf 75' lang='lat' dir='ltr'><strong>ceo</strong></span> <span class='ocrx_word' id='word_1_115' title='bbox 1217 1125 1400 1208; x_wconf 78' lang='lat' dir='ltr'><strong>mnsrdemtur</strong></span> <span class='ocrx_word' id='word_1_116' title='bbox 1408 1140 1540 1205; x_wconf 73' lang='lat' dir='ltr'><strong>macerato</strong></span> <span class='ocrx_word' id='word_1_117' title='bbox 1554 1126 1591 1181; x_wconf 88' lang='lat' dir='ltr'><strong>ad</strong></span> <span class='ocrx_word' id='word_1_118' title='bbox 1604 1132 1718 1211; x_wconf 79' lang='lat' dir='ltr'><strong>quietem</strong></span> <span class='ocrx_word' id='word_1_119' title='bbox 1727 1130 1832 1187; x_wconf 75' lang='lat' dir='ltr'><strong>sudati</strong></span> 
     </span>
     <span class='ocr_line' id='line_1_11' title="bbox 175 1148 1834 1282; baseline -0.005 -16"><span class='ocrx_word' id='word_1_120' title='bbox 175 1207 310 1274; x_wconf 86' lang='lat' dir='ltr'><strong>docendo,</strong></span> <span class='ocrx_word' id='word_1_121' title='bbox 326 1206 366 1261; x_wconf 85' lang='lat' dir='ltr'><strong>vel</strong></span> <span class='ocrx_word' id='word_1_122' title='bbox 380 1220 412 1260; x_wconf 90' lang='lat' dir='ltr'><strong>ea</strong></span> <span class='ocrx_word' id='word_1_123' title='bbox 424 1148 558 1259; x_wconf 45' lang='lat' dir='ltr'><strong>iaciendo</strong></span> <span class='ocrx_word' id='word_1_124' title='bbox 576 1215 639 1274; x_wconf 80' lang='lat' dir='ltr'><strong>quae</strong></span> <span class='ocrx_word' id='word_1_125' title='bbox 656 1200 691 1256; x_wconf 87' lang='lat' dir='ltr'><strong>ad</strong></span> <span class='ocrx_word' id='word_1_126' title='bbox 706 1214 786 1255; x_wconf 87' lang='lat' dir='ltr'><strong>suam</strong></span> <span class='ocrx_word' id='word_1_127' title='bbox 803 1198 976 1255; x_wconf 77' lang='lat' dir='ltr'><strong>vocadonem</strong></span> <span class='ocrx_word' id='word_1_128' title='bbox 1030 1201 1097 1261; x_wconf 88' lang='lat' dir='ltr'><strong>torri,</strong></span> <span class='ocrx_word' id='word_1_129' title='bbox 1111 1213 1172 1269; x_wconf 81' lang='lat' dir='ltr'><strong>pua</strong></span> <span class='ocrx_word' id='word_1_130' title='bbox 1183 1199 1334 1252; x_wconf 80' lang='lat' dir='ltr'><strong>estimatur</strong></span> <span class='ocrx_word' id='word_1_131' title='bbox 1345 1196 1752 1282; x_wconf 72' lang='lat' dir='ltr'><strong>lenisetrucundn,bacratione</strong></span> <span class='ocrx_word' id='word_1_132' title='bbox 1761 1201 1834 1257; x_wconf 75' lang='lat' dir='ltr'><strong>dmi·</strong></span> 
     </span>
     <span class='ocr_line' id='line_1_12' title="bbox 175 1267 1833 1353; baseline -0.003 -18"><span class='ocrx_word' id='word_1_133' title='bbox 175 1280 321 1353; x_wconf 85' lang='lat' dir='ltr'><strong>pertinent.</strong></span> <span class='ocrx_word' id='word_1_134' title='bbox 341 1278 460 1332; x_wconf 84' lang='lat' dir='ltr'><strong>Peccant</strong></span> <span class='ocrx_word' id='word_1_135' title='bbox 469 1271 590 1330; x_wconf 88' lang='lat' dir='ltr'><strong>secundo</strong></span> <span class='ocrx_word' id='word_1_136' title='bbox 604 1271 688 1327; x_wconf 89' lang='lat' dir='ltr'><strong>modo</strong></span> <span class='ocrx_word' id='word_1_137' title='bbox 700 1269 746 1342; x_wconf 90' lang='lat' dir='ltr'><strong>qui</strong></span> <span class='ocrx_word' id='word_1_138' title='bbox 761 1268 889 1325; x_wconf 85' lang='lat' dir='ltr'><strong>inchoata</strong></span> <span class='ocrx_word' id='word_1_139' title='bbox 903 1268 976 1326; x_wconf 92' lang='lat' dir='ltr'><strong>bona</strong></span> <span class='ocrx_word' id='word_1_140' title='bbox 1030 1272 1076 1325; x_wconf 85' lang='lat' dir='ltr'><strong>tur</strong></span> <span class='ocrx_word' id='word_1_141' title='bbox 1091 1269 1194 1324; x_wconf 86' lang='lat' dir='ltr'><strong>acedia.</strong></span> <span class='ocrx_word' id='word_1_142' title='bbox 1209 1270 1253 1323; x_wconf 91' lang='lat' dir='ltr'><strong>lto</strong></span> <span class='ocrx_word' id='word_1_143' title='bbox 1270 1270 1301 1337; x_wconf 77' lang='lat' dir='ltr'><strong>tit</strong></span> <span class='ocrx_word' id='word_1_144' title='bbox 1315 1267 1405 1350; x_wconf 81' lang='lat' dir='ltr'><strong>utboo</strong></span> <span class='ocrx_word' id='word_1_145' title='bbox 1418 1272 1515 1349; x_wconf 80' lang='lat' dir='ltr'><strong>eutium</strong></span> <span class='ocrx_word' id='word_1_146' title='bbox 1525 1267 1629 1351; x_wconf 81' lang='lat' dir='ltr'><strong>duobus</strong></span> <span class='ocrx_word' id='word_1_147' title='bbox 1642 1270 1730 1327; x_wconf 82' lang='lat' dir='ltr'><strong>modis</strong></span> <span class='ocrx_word' id='word_1_148' title='bbox 1741 1275 1833 1329; x_wconf 80' lang='lat' dir='ltr'><strong>mmi-</strong></span> 
     </span>
     <span class='ocr_line' id='line_1_13' title="bbox 110 1339 1698 1466; baseline -0.009 -59"><span class='ocrx_word' id='word_1_149' title='bbox 110 1347 115 1355; x_wconf 85' lang='grc'><strong>’</strong></span> <span class='ocrx_word' id='word_1_150' title='bbox 175 1365 258 1423; x_wconf 88' lang='lat' dir='ltr'><strong>opera</strong></span> <span class='ocrx_word' id='word_1_151' title='bbox 270 1365 304 1405; x_wconf 82' lang='lat' dir='ltr'><strong>ex</strong></span> <span class='ocrx_word' id='word_1_152' title='bbox 319 1346 400 1404; x_wconf 75' lang='lat' dir='ltr'><strong>taedio</strong></span> <span class='ocrx_word' id='word_1_153' title='bbox 414 1354 441 1401; x_wconf 91' lang='lat' dir='ltr'><strong>et</strong></span> <span class='ocrx_word' id='word_1_154' title='bbox 452 1344 560 1401; x_wconf 91' lang='lat' dir='ltr'><strong>fastidio</strong></span> <span class='ocrx_word' id='word_1_155' title='bbox 571 1343 766 1398; x_wconf 89' lang='lat' dir='ltr'><strong>intermittunt.</strong></span> <span class='ocrx_word' id='word_1_156' title='bbox 780 1340 850 1396; x_wconf 84' lang='lat' dir='ltr'><strong>Etsi</strong></span> <span class='ocrx_word' id='word_1_157' title='bbox 864 1340 976 1412; x_wconf 85' lang='lat' dir='ltr'><strong>quidem</strong></span> <span class='ocrx_word' id='word_1_158' title='bbox 1029 1344 1121 1408; x_wconf 88' lang='lat' dir='ltr'><strong>netur,</strong></span> <span class='ocrx_word' id='word_1_159' title='bbox 1134 1340 1234 1395; x_wconf 86' lang='lat' dir='ltr'><strong>scilicet</strong></span> <span class='ocrx_word' id='word_1_160' title='bbox 1247 1341 1362 1420; x_wconf 74' lang='lat' dir='ltr'><strong>tristitia</strong></span> <span class='ocrx_word' id='word_1_161' title='bbox 1380 1343 1406 1393; x_wconf 89' lang='lat' dir='ltr'><strong>et</strong></span> <span class='ocrx_word' id='word_1_162' title='bbox 1426 1339 1530 1419; x_wconf 66' lang='lat' dir='ltr'><strong>omitia.</strong></span> <span class='ocrx_word' id='word_1_163' title='bbox 1545 1339 1590 1394; x_wconf 89' lang='lat' dir='ltr'><strong>Sto</strong></span> <span class='ocrx_word' id='word_1_164' title='bbox 1596 1353 1670 1466; x_wconf 46' lang='grc' dir='ltr'>ἕζεο.</span> <span class='ocrx_word' id='word_1_165' title='bbox 1691 1411 1698 1423; x_wconf 92' lang='lat'><strong>.</strong></span> 
     </span>
     <span class='ocr_line' id='line_1_14' title="bbox 174 1404 1833 1495; baseline -0.003 -17"><span class='ocrx_word' id='word_1_166' title='bbox 174 1437 206 1478; x_wconf 91' lang='lat' dir='ltr'><strong>ea</strong></span> <span class='ocrx_word' id='word_1_167' title='bbox 219 1420 382 1476; x_wconf 88' lang='lat' dir='ltr'><strong>omittantur</strong></span> <span class='ocrx_word' id='word_1_168' title='bbox 394 1414 977 1484; x_wconf 76' lang='lat' dir='ltr'><strong>autinurmiitaniurquaeauteiprecepto</strong></span> <span class='ocrx_word' id='word_1_169' title='bbox 1065 1404 1185 1484; x_wconf 79' lang='lat' dir='ltr'><strong>¹’vagos</strong></span> <span class='ocrx_word' id='word_1_170' title='bbox 1203 1416 1234 1493; x_wconf 76' lang='lat' dir='ltr'><strong>et</strong></span> <span class='ocrx_word' id='word_1_171' title='bbox 1259 1407 1487 1491; x_wconf 27' lang='lat' dir='ltr'><strong>solitariosndicit</strong></span> <span class='ocrx_word' id='word_1_172' title='bbox 1512 1423 1595 1466; x_wconf 89' lang='lat' dir='ltr'><strong>mona</strong></span> <span class='ocrx_word' id='word_1_173' title='bbox 1632 1425 1664 1466; x_wconf 85' lang='lat' dir='ltr'><strong>os</strong></span> <span class='ocrx_word' id='word_1_174' title='bbox 1690 1411 1764 1495; x_wconf 84' lang='lat' dir='ltr'><strong>illos,</strong></span> <span class='ocrx_word' id='word_1_175' title='bbox 1782 1428 1833 1473; x_wconf 87' lang='lat' dir='ltr'><strong>seu</strong></span> 
     </span>
     <span class='ocr_line' id='line_1_15' title="bbox 175 1478 1831 1568; baseline -0.006 -19"><span class='ocrx_word' id='word_1_176' title='bbox 175 1500 250 1556; x_wconf 86' lang='lat' dir='ltr'><strong>sunt,</strong></span> <span class='ocrx_word' id='word_1_177' title='bbox 265 1499 314 1548; x_wconf 87' lang='lat' dir='ltr'><strong>aut</strong></span> <span class='ocrx_word' id='word_1_178' title='bbox 327 1489 426 1561; x_wconf 77' lang='lat' dir='ltr'><strong>alioqui</strong></span> <span class='ocrx_word' id='word_1_179' title='bbox 441 1486 476 1543; x_wconf 93' lang='lat' dir='ltr'><strong>ad</strong></span> <span class='ocrx_word' id='word_1_180' title='bbox 496 1487 612 1543; x_wconf 86' lang='lat' dir='ltr'><strong>salutem</strong></span> <span class='ocrx_word' id='word_1_181' title='bbox 631 1483 781 1540; x_wconf 80' lang='lat' dir='ltr'><strong>necessmia</strong></span> <span class='ocrx_word' id='word_1_182' title='bbox 792 1522 800 1550; x_wconf 95' lang='lat'><strong>,</strong></span> <span class='ocrx_word' id='word_1_183' title='bbox 813 1490 841 1538; x_wconf 87' lang='lat' dir='ltr'><strong>et</strong></span> <span class='ocrx_word' id='word_1_184' title='bbox 854 1483 917 1541; x_wconf 89' lang='lat' dir='ltr'><strong>talis</strong></span> <span class='ocrx_word' id='word_1_185' title='bbox 931 1496 976 1538; x_wconf 91' lang='lat' dir='ltr'><strong>re·</strong></span> <span class='ocrx_word' id='word_1_186' title='bbox 1028 1481 1213 1538; x_wconf 86' lang='lat' dir='ltr'><strong>anachoretas</strong></span> <span class='ocrx_word' id='word_1_187' title='bbox 1226 1495 1256 1536; x_wconf 92' lang='lat' dir='ltr'><strong>in</strong></span> <span class='ocrx_word' id='word_1_188' title='bbox 1273 1478 1464 1537; x_wconf 77' lang='lat' dir='ltr'><strong>solitudinibus</strong></span> <span class='ocrx_word' id='word_1_189' title='bbox 1478 1486 1600 1537; x_wconf 67' lang='lat' dir='ltr'><strong>emanas</strong></span> <span class='ocrx_word' id='word_1_190' title='bbox 1611 1494 1682 1563; x_wconf 68' lang='lat' dir='ltr'><strong>,tiso</strong></span> <span class='ocrx_word' id='word_1_191' title='bbox 1692 1499 1740 1565; x_wconf 80' lang='lat' dir='ltr'><strong>uni</strong></span> <span class='ocrx_word' id='word_1_192' title='bbox 1751 1492 1831 1568; x_wconf 79' lang='lat' dir='ltr'><strong>certo</strong></span> 
     </span>
     <span class='ocr_line' id='line_1_16' title="bbox 175 1552 1832 1635; baseline -0.007 -15"><span class='ocrx_word' id='word_1_193' title='bbox 175 1563 271 1619; x_wconf 90' lang='lat' dir='ltr'><strong>missio</strong></span> <span class='ocrx_word' id='word_1_194' title='bbox 285 1577 332 1618; x_wconf 88' lang='lat' dir='ltr'><strong>seu</strong></span> <span class='ocrx_word' id='word_1_195' title='bbox 348 1558 462 1615; x_wconf 87' lang='lat' dir='ltr'><strong>omissio</strong></span> <span class='ocrx_word' id='word_1_196' title='bbox 475 1558 589 1614; x_wconf 80' lang='lat' dir='ltr'><strong>siccum</strong></span> <span class='ocrx_word' id='word_1_197' title='bbox 621 1555 682 1611; x_wconf 91' lang='lat' dir='ltr'><strong>leno</strong></span> <span class='ocrx_word' id='word_1_198' title='bbox 696 1553 809 1610; x_wconf 90' lang='lat' dir='ltr'><strong>rationis</strong></span> <span class='ocrx_word' id='word_1_199' title='bbox 822 1567 975 1623; x_wconf 88' lang='lat' dir='ltr'><strong>consensu,</strong></span> <span class='ocrx_word' id='word_1_200' title='bbox 1030 1552 1324 1635; x_wconf 79' lang='lat' dir='ltr'><strong>locoastrictos3oum</strong></span> <span class='ocrx_word' id='word_1_201' title='bbox 1341 1564 1413 1632; x_wconf 76' lang='lat' dir='ltr'><strong>saepe</strong></span> <span class='ocrx_word' id='word_1_202' title='bbox 1435 1565 1467 1606; x_wconf 86' lang='lat' dir='ltr'><strong>ex</strong></span> <span class='ocrx_word' id='word_1_203' title='bbox 1487 1566 1549 1634; x_wconf 36' lang='lat' dir='ltr'><strong>nna·</strong></span> <span class='ocrx_word' id='word_1_204' title='bbox 1569 1567 1679 1634; x_wconf 81' lang='lat' dir='ltr'><strong>regione</strong></span> <span class='ocrx_word' id='word_1_205' title='bbox 1701 1569 1729 1609; x_wconf 92' lang='lat' dir='ltr'><strong>in</strong></span> <span class='ocrx_word' id='word_1_206' title='bbox 1748 1556 1832 1613; x_wconf 86' lang='lat' dir='ltr'><strong>atram</strong></span> 
     </span>
     <span class='ocr_line' id='line_1_17' title="bbox 175 1572 1832 1711; baseline -0.004 -21"><span class='ocrx_word' id='word_1_207' title='bbox 175 1649 231 1690; x_wconf 95' lang='lat' dir='ltr'><strong>non</strong></span> <span class='ocrx_word' id='word_1_208' title='bbox 248 1631 387 1702; x_wconf 89' lang='lat' dir='ltr'><strong>subreptio</strong></span> <span class='ocrx_word' id='word_1_209' title='bbox 405 1636 526 1698; x_wconf 87' lang='lat' dir='ltr'><strong>tantum,</strong></span> <span class='ocrx_word' id='word_1_210' title='bbox 543 1634 592 1683; x_wconf 91' lang='lat' dir='ltr'><strong>aut</strong></span> <span class='ocrx_word' id='word_1_211' title='bbox 602 1572 732 1682; x_wconf 50' lang='lat' dir='ltr'><strong>gumane</strong></span> <span class='ocrx_word' id='word_1_212' title='bbox 746 1623 899 1696; x_wconf 86' lang='lat' dir='ltr'><strong>fragilitatis</strong></span> <span class='ocrx_word' id='word_1_213' title='bbox 917 1624 975 1681; x_wconf 83' lang='lat' dir='ltr'><strong>lan·</strong></span> <span class='ocrx_word' id='word_1_214' title='bbox 1029 1630 1253 1694; x_wconf 85' lang='lat' dir='ltr'><strong>commigrarant,</strong></span> <span class='ocrx_word' id='word_1_215' title='bbox 1268 1637 1381 1705; x_wconf 69' lang='lat' dir='ltr'><strong>maioris</strong></span> <span class='ocrx_word' id='word_1_216' title='bbox 1399 1631 1565 1705; x_wconf 74' lang='lat' dir='ltr'><strong>austeritatis</strong></span> <span class='ocrx_word' id='word_1_217' title='bbox 1577 1631 1627 1680; x_wconf 89' lang='lat' dir='ltr'><strong>aut</strong></span> <span class='ocrx_word' id='word_1_218' title='bbox 1639 1624 1832 1711; x_wconf 78' lang='lat' dir='ltr'><strong>ritandaelau-</strong></span> 
     </span>
     <span class='ocr_line' id='line_1_18' title="bbox 174 1693 1833 1839; baseline -0.002 -9"><span class='ocrx_word' id='word_1_219' title='bbox 174 1695 977 1830; x_wconf 62' lang='lat' dir='ltr'><strong>etti.“inlinitur-‘uinta‚3⁵²tillet</strong></span> <span class='ocrx_word' id='word_1_220' title='bbox 1029 1693 1112 1823; x_wconf 75' lang='lat' dir='ltr'><strong>iit</strong></span> <span class='ocrx_word' id='word_1_221' title='bbox 1125 1693 1711 1839; x_wconf 56' lang='lat' dir='ltr'><strong>fastidiit’.t‘ttlllltflitltlt</strong></span> <span class='ocrx_word' id='word_1_222' title='bbox 1745 1705 1833 1827; x_wconf 65' lang='lat' dir='ltr'><strong>‘did</strong></span> 
     </span>
     <span class='ocr_line' id='line_1_19' title="bbox 174 1789 1832 1919; baseline -0.003 -16"><span class='ocrx_word' id='word_1_223' title='bbox 174 1792 226 1903; x_wconf 46' lang='lat' dir='ltr'><strong>ertit.</strong></span> <span class='ocrx_word' id='word_1_224' title='bbox 252 1789 394 1901; x_wconf 68' lang='lat' dir='ltr'><strong>Popstremo</strong></span> <span class='ocrx_word' id='word_1_225' title='bbox 418 1839 543 1897; x_wconf 77' lang='lat' dir='ltr'><strong>acediam</strong></span> <span class='ocrx_word' id='word_1_226' title='bbox 562 1808 662 1895; x_wconf 77' lang='lat' dir='ltr'><strong>merito</strong></span> <span class='ocrx_word' id='word_1_227' title='bbox 686 1837 757 1893; x_wconf 89' lang='lat' dir='ltr'><strong>inter</strong></span> <span class='ocrx_word' id='word_1_228' title='bbox 769 1808 831 1894; x_wconf 69' lang='lat' dir='ltr'><strong>vitia</strong></span> <span class='ocrx_word' id='word_1_229' title='bbox 848 1836 976 1910; x_wconf 82' lang='lat' dir='ltr'><strong>capitalia</strong></span> <span class='ocrx_word' id='word_1_230' title='bbox 1029 1844 1058 1893; x_wconf 89' lang='lat' dir='ltr'><strong>ct</strong></span> <span class='ocrx_word' id='word_1_231' title='bbox 1070 1808 1189 1894; x_wconf 69' lang='lat' dir='ltr'><strong>Cassiani</strong></span> <span class='ocrx_word' id='word_1_232' title='bbox 1201 1836 1282 1892; x_wconf 89' lang='lat' dir='ltr'><strong>etiam</strong></span> <span class='ocrx_word' id='word_1_233' title='bbox 1295 1834 1484 1917; x_wconf 82' lang='lat' dir='ltr'><strong>collationibus</strong></span> <span class='ocrx_word' id='word_1_234' title='bbox 1504 1835 1594 1893; x_wconf 82' lang='lat' dir='ltr'><strong>videre</strong></span> <span class='ocrx_word' id='word_1_235' title='bbox 1614 1845 1669 1919; x_wconf 77' lang='lat' dir='ltr'><strong>est.</strong></span> <span class='ocrx_word' id='word_1_236' title='bbox 1684 1839 1832 1898; x_wconf 82' lang='lat' dir='ltr'><strong>Videndus</strong></span> 
     </span>
     <span class='ocr_line' id='line_1_20' title="bbox 174 1906 1829 1990; baseline -0.003 -17"><span class='ocrx_word' id='word_1_237' title='bbox 174 1914 393 1973; x_wconf 85' lang='lat' dir='ltr'><strong>recensetetiam</strong></span> <span class='ocrx_word' id='word_1_238' title='bbox 421 1915 456 1967; x_wconf 92' lang='lat' dir='ltr'><strong>D.</strong></span> <span class='ocrx_word' id='word_1_239' title='bbox 474 1910 625 1982; x_wconf 78' lang='lat' dir='ltr'><strong>Gregorius</strong></span> <span class='ocrx_word' id='word_1_240' title='bbox 643 1913 742 1974; x_wconf 81' lang='lat' dir='ltr'><strong>(xxxi</strong></span> <span class='ocrx_word' id='word_1_241' title='bbox 759 1908 893 1964; x_wconf 78' lang='lat' dir='ltr'><strong>iterato.</strong></span> <span class='ocrx_word' id='word_1_242' title='bbox 911 1912 974 1976; x_wconf 83' lang='lat' dir='ltr'><strong>st),</strong></span> <span class='ocrx_word' id='word_1_243' title='bbox 1031 1908 1116 1965; x_wconf 87' lang='lat' dir='ltr'><strong>etiam</strong></span> <span class='ocrx_word' id='word_1_244' title='bbox 1131 1910 1168 1964; x_wconf 91' lang='lat' dir='ltr'><strong>D.</strong></span> <span class='ocrx_word' id='word_1_245' title='bbox 1182 1906 1338 1965; x_wconf 87' lang='lat' dir='ltr'><strong>Bernartius</strong></span> <span class='ocrx_word' id='word_1_246' title='bbox 1352 1922 1379 1962; x_wconf 93' lang='lat' dir='ltr'><strong>in</strong></span> <span class='ocrx_word' id='word_1_247' title='bbox 1390 1915 1506 1964; x_wconf 80' lang='lat' dir='ltr'><strong>tramatn</strong></span> <span class='ocrx_word' id='word_1_248' title='bbox 1518 1906 1555 1990; x_wconf 80' lang='lat' dir='ltr'><strong>de</strong></span> <span class='ocrx_word' id='word_1_249' title='bbox 1560 1923 1689 1990; x_wconf 81' lang='lat' dir='ltr'><strong>passione</strong></span> <span class='ocrx_word' id='word_1_250' title='bbox 1699 1910 1829 1981; x_wconf 86' lang='lat' dir='ltr'><strong>Domini,</strong></span> 
     </span>
     <span class='ocr_line' id='line_1_21' title="bbox 72 1978 1830 2106; baseline -0.002 -63"><span class='ocrx_word' id='word_1_251' title='bbox 72 2001 77 2009; x_wconf 91' lang='lat'>·</span> <span class='ocrx_word' id='word_1_252' title='bbox 175 1987 287 2071; x_wconf 79' lang='lat' dir='ltr'><strong>ejusque</strong></span> <span class='ocrx_word' id='word_1_253' title='bbox 307 2000 355 2041; x_wconf 83' lang='lat' dir='ltr'><strong>sex</strong></span> <span class='ocrx_word' id='word_1_254' title='bbox 373 1983 465 2051; x_wconf 87' lang='lat' dir='ltr'><strong>filias,</strong></span> <span class='ocrx_word' id='word_1_255' title='bbox 485 1989 637 2048; x_wconf 89' lang='lat' dir='ltr'><strong>enumerat,</strong></span> <span class='ocrx_word' id='word_1_256' title='bbox 652 1979 705 2035; x_wconf 91' lang='lat' dir='ltr'><strong>boo</strong></span> <span class='ocrx_word' id='word_1_257' title='bbox 722 1986 773 2045; x_wconf 90' lang='lat' dir='ltr'><strong>est,</strong></span> <span class='ocrx_word' id='word_1_258' title='bbox 799 1987 911 2052; x_wconf 85' lang='lat' dir='ltr'><strong>peccata</strong></span> <span class='ocrx_word' id='word_1_259' title='bbox 928 1995 976 2037; x_wconf 88' lang='lat' dir='ltr'><strong>seu</strong></span> <span class='ocrx_word' id='word_1_260' title='bbox 1031 1978 1143 2036; x_wconf 90' lang='lat' dir='ltr'><strong>ubiboc</strong></span> <span class='ocrx_word' id='word_1_261' title='bbox 1157 1979 1252 2035; x_wconf 84' lang='lat' dir='ltr'><strong>vitium</strong></span> <span class='ocrx_word' id='word_1_262' title='bbox 1269 1978 1658 2106; x_wconf 58' lang='lat' dir='ltr'><strong>religiosisetsolitarirslacit</strong></span> <span class='ocrx_word' id='word_1_263' title='bbox 1674 1982 1830 2053; x_wconf 85' lang='lat' dir='ltr'><strong>peculiare,</strong></span> 
     </span>
     <span class='ocr_line' id='line_1_22' title="bbox 175 2049 1828 2136; baseline -0.002 -22"><span class='ocrx_word' id='word_1_264' title='bbox 175 2059 251 2126; x_wconf 85' lang='lat' dir='ltr'><strong>uitia,</strong></span> <span class='ocrx_word' id='word_1_265' title='bbox 266 2071 328 2130; x_wconf 76' lang='lat' dir='ltr'><strong>quse</strong></span> <span class='ocrx_word' id='word_1_266' title='bbox 343 2072 376 2112; x_wconf 83' lang='lat' dir='ltr'><strong>cx</strong></span> <span class='ocrx_word' id='word_1_267' title='bbox 400 2054 504 2135; x_wconf 68' lang='lat' dir='ltr'><strong>acedia,</strong></span> <span class='ocrx_word' id='word_1_268' title='bbox 515 2053 589 2108; x_wconf 82' lang='lat' dir='ltr'><strong>uelut</strong></span> <span class='ocrx_word' id='word_1_269' title='bbox 601 2066 634 2107; x_wconf 83' lang='lat' dir='ltr'><strong>cx</strong></span> <span class='ocrx_word' id='word_1_270' title='bbox 649 2051 725 2106; x_wconf 88' lang='lat' dir='ltr'><strong>fonte</strong></span> <span class='ocrx_word' id='word_1_271' title='bbox 737 2065 787 2107; x_wconf 90' lang='lat' dir='ltr'><strong>seu</strong></span> <span class='ocrx_word' id='word_1_272' title='bbox 803 2051 978 2124; x_wconf 66' lang='lat' dir='ltr'><strong>capitatim·</strong></span> <span class='ocrx_word' id='word_1_273' title='bbox 1030 2049 1263 2121; x_wconf 84' lang='lat' dir='ltr'><strong>auemadmodum</strong></span> <span class='ocrx_word' id='word_1_274' title='bbox 1275 2057 1326 2106; x_wconf 92' lang='lat' dir='ltr'><strong>eta</strong></span> <span class='ocrx_word' id='word_1_275' title='bbox 1346 2049 1465 2107; x_wconf 87' lang='lat' dir='ltr'><strong>basSera</strong></span> <span class='ocrx_word' id='word_1_276' title='bbox 1495 2050 1728 2136; x_wconf 63' lang='lat' dir='ltr'><strong>annullatione</strong></span> <span class='ocrx_word' id='word_1_277' title='bbox 1740 2068 1828 2111; x_wconf 91' lang='lat' dir='ltr'><strong>nono.</strong></span> 
     </span>
     <span class='ocr_line' id='line_1_23' title="bbox 175 2118 1831 2204; baseline -0.002 -19"><span class='ocrx_word' id='word_1_278' title='bbox 175 2144 286 2185; x_wconf 90' lang='lat' dir='ltr'><strong>manare</strong></span> <span class='ocrx_word' id='word_1_279' title='bbox 300 2126 400 2193; x_wconf 88' lang='lat' dir='ltr'><strong>solent,</strong></span> <span class='ocrx_word' id='word_1_280' title='bbox 414 2132 462 2180; x_wconf 90' lang='lat' dir='ltr'><strong>aut</strong></span> <span class='ocrx_word' id='word_1_281' title='bbox 478 2139 502 2178; x_wconf 88' lang='lat' dir='ltr'><strong>ei</strong></span> <span class='ocrx_word' id='word_1_282' title='bbox 516 2122 640 2195; x_wconf 79' lang='lat' dir='ltr'><strong>proxima</strong></span> <span class='ocrx_word' id='word_1_283' title='bbox 655 2122 817 2193; x_wconf 88' lang='lat' dir='ltr'><strong>cognatione</strong></span> <span class='ocrx_word' id='word_1_284' title='bbox 825 2121 975 2179; x_wconf 68' lang='lat' dir='ltr'><strong>adbaerent.</strong></span> <span class='ocrx_word' id='word_1_285' title='bbox 1030 2122 1161 2178; x_wconf 88' lang='lat' dir='ltr'><strong>Bernardi</strong></span> <span class='ocrx_word' id='word_1_286' title='bbox 1187 2118 1272 2178; x_wconf 82' lang='lat' dir='ltr'><strong>rerba</strong></span> <span class='ocrx_word' id='word_1_287' title='bbox 1287 2119 1444 2204; x_wconf 82' lang='lat' dir='ltr'><strong>suntliaec:</strong></span> <span class='ocrx_word' id='word_1_288' title='bbox 1481 2127 1533 2204; x_wconf 79' lang='lat' dir='ltr'><strong>unt</strong></span> <span class='ocrx_word' id='word_1_289' title='bbox 1548 2123 1673 2178; x_wconf 84' lang='lat' dir='ltr'><strong>nomrultr</strong></span> <span class='ocrx_word' id='word_1_290' title='bbox 1691 2126 1742 2193; x_wconf 79' lang='lat' dir='ltr'><strong>oui</strong></span> <span class='ocrx_word' id='word_1_291' title='bbox 1761 2124 1831 2182; x_wconf 85' lang='lat' dir='ltr'><strong>bonu</strong></span> 
     </span>
     <span class='ocr_line' id='line_1_24' title="bbox 175 2192 1828 2296; baseline -0.002 -40"><span class='ocrx_word' id='word_1_292' title='bbox 175 2205 214 2257; x_wconf 89' lang='lat' dir='ltr'><strong>De</strong></span> <span class='ocrx_word' id='word_1_293' title='bbox 225 2199 354 2261; x_wconf 81' lang='lat' dir='ltr'><strong>tristitia,</strong></span> <span class='ocrx_word' id='word_1_294' title='bbox 369 2196 397 2251; x_wconf 87' lang='lat' dir='ltr'><strong>iii</strong></span> <span class='ocrx_word' id='word_1_295' title='bbox 418 2195 458 2250; x_wconf 90' lang='lat' dir='ltr'><strong>uit</strong></span> <span class='ocrx_word' id='word_1_296' title='bbox 473 2192 624 2266; x_wconf 84' lang='lat' dir='ltr'><strong>(tristitiam</strong></span> <span class='ocrx_word' id='word_1_297' title='bbox 644 2192 718 2248; x_wconf 88' lang='lat' dir='ltr'><strong>enim</strong></span> <span class='ocrx_word' id='word_1_298' title='bbox 736 2192 862 2250; x_wconf 91' lang='lat' dir='ltr'><strong>eamdem</strong></span> <span class='ocrx_word' id='word_1_299' title='bbox 884 2201 978 2250; x_wconf 85' lang='lat' dir='ltr'><strong>censet</strong></span> <span class='ocrx_word' id='word_1_300' title='bbox 991 2232 1017 2296; x_wconf 76' lang='lat' dir='ltr'><strong>B</strong></span> <span class='ocrx_word' id='word_1_301' title='bbox 1031 2194 1142 2264; x_wconf 82' lang='lat' dir='ltr'><strong>quidem</strong></span> <span class='ocrx_word' id='word_1_302' title='bbox 1162 2208 1243 2276; x_wconf 81' lang='lat' dir='ltr'><strong>opero</strong></span> <span class='ocrx_word' id='word_1_303' title='bbox 1266 2192 1385 2261; x_wconf 71' lang='lat' dir='ltr'><strong>faciunt,</strong></span> <span class='ocrx_word' id='word_1_304' title='bbox 1397 2193 1439 2248; x_wconf 86' lang='lat' dir='ltr'><strong>aet</strong></span> <span class='ocrx_word' id='word_1_305' title='bbox 1449 2198 1596 2257; x_wconf 79' lang='lat' dir='ltr'><strong>coactione,</strong></span> <span class='ocrx_word' id='word_1_306' title='bbox 1611 2194 1828 2280; x_wconf 61' lang='lat' dir='ltr'><strong>uelnecessdotc,</strong></span> 
     </span>
     <span class='ocr_line' id='line_1_25' title="bbox 175 2210 1829 2335; baseline -0.002 -9"><span class='ocrx_word' id='word_1_307' title='bbox 175 2284 238 2326; x_wconf 88' lang='lat' dir='ltr'><strong>oum</strong></span> <span class='ocrx_word' id='word_1_308' title='bbox 251 2267 355 2335; x_wconf 84' lang='lat' dir='ltr'><strong>acedia,</strong></span> <span class='ocrx_word' id='word_1_309' title='bbox 364 2210 508 2322; x_wconf 48' lang='lat' dir='ltr'><strong>utiterum</strong></span> <span class='ocrx_word' id='word_1_310' title='bbox 518 2269 586 2331; x_wconf 86' lang='lat' dir='ltr'><strong>est),</strong></span> <span class='ocrx_word' id='word_1_311' title='bbox 597 2265 716 2327; x_wconf 86' lang='lat' dir='ltr'><strong>malitia,</strong></span> <span class='ocrx_word' id='word_1_312' title='bbox 725 2279 831 2329; x_wconf 90' lang='lat' dir='ltr'><strong>rancor,</strong></span> <span class='ocrx_word' id='word_1_313' title='bbox 838 2267 979 2335; x_wconf 67' lang='lat' dir='ltr'><strong>prosillunt</strong></span> <span class='ocrx_word' id='word_1_314' title='bbox 1031 2265 1073 2320; x_wconf 88' lang='lat' dir='ltr'><strong>uel</strong></span> <span class='ocrx_word' id='word_1_315' title='bbox 1084 2265 1283 2327; x_wconf 74' lang='lat' dir='ltr'><strong>mensuetudine,</strong></span> <span class='ocrx_word' id='word_1_316' title='bbox 1296 2264 1343 2318; x_wconf 87' lang='lat' dir='ltr'><strong>sed</strong></span> <span class='ocrx_word' id='word_1_317' title='bbox 1356 2264 1393 2318; x_wconf 84' lang='lat' dir='ltr'><strong>ad</strong></span> <span class='ocrx_word' id='word_1_318' title='bbox 1406 2264 1462 2319; x_wconf 82' lang='lat' dir='ltr'><strong>trac</strong></span> <span class='ocrx_word' id='word_1_319' title='bbox 1474 2265 1580 2333; x_wconf 80' lang='lat' dir='ltr'><strong>agenda</strong></span> <span class='ocrx_word' id='word_1_320' title='bbox 1589 2265 1665 2319; x_wconf 86' lang='lat' dir='ltr'><strong>nulla</strong></span> <span class='ocrx_word' id='word_1_321' title='bbox 1674 2266 1829 2332; x_wconf 64' lang='lat' dir='ltr'><strong>emunata,</strong></span> 
     </span>
     <span class='ocr_line' id='line_1_26' title="bbox 175 2335 1831 2410; baseline -0.001 -13"><span class='ocrx_word' id='word_1_322' title='bbox 175 2344 266 2404; x_wconf 87' lang='lat' dir='ltr'><strong>ntitas,</strong></span> <span class='ocrx_word' id='word_1_323' title='bbox 279 2340 439 2410; x_wconf 80' lang='lat' dir='ltr'><strong>desperatio,</strong></span> <span class='ocrx_word' id='word_1_324' title='bbox 450 2337 769 2407; x_wconf 83' lang='lat' dir='ltr'><strong>torporaircaproecepta,</strong></span> <span class='ocrx_word' id='word_1_325' title='bbox 779 2338 900 2404; x_wconf 78' lang='lat' dir='ltr'><strong>magatro</strong></span> <span class='ocrx_word' id='word_1_326' title='bbox 905 2352 974 2392; x_wconf 89' lang='lat' dir='ltr'><strong>men-</strong></span> <span class='ocrx_word' id='word_1_327' title='bbox 1027 2341 1178 2400; x_wconf 85' lang='lat' dir='ltr'><strong>moiientur,</strong></span> <span class='ocrx_word' id='word_1_328' title='bbox 1190 2336 1262 2404; x_wconf 81' lang='lat' dir='ltr'><strong>auoit</strong></span> <span class='ocrx_word' id='word_1_329' title='bbox 1272 2337 1369 2389; x_wconf 82' lang='lat' dir='ltr'><strong>citium</strong></span> <span class='ocrx_word' id='word_1_330' title='bbox 1378 2337 1489 2405; x_wconf 87' lang='lat' dir='ltr'><strong>proprie</strong></span> <span class='ocrx_word' id='word_1_331' title='bbox 1503 2335 1598 2391; x_wconf 90' lang='lat' dir='ltr'><strong>acedia</strong></span> <span class='ocrx_word' id='word_1_332' title='bbox 1610 2336 1722 2392; x_wconf 78' lang='lat' dir='ltr'><strong>dicitur.</strong></span> <span class='ocrx_word' id='word_1_333' title='bbox 1735 2338 1831 2395; x_wconf 72' lang='lat' dir='ltr'><strong>mnae</strong></span> 
     </span>
     <span class='ocr_line' id='line_1_27' title="bbox 175 2405 1831 2490; baseline -0.002 -21"><span class='ocrx_word' id='word_1_334' title='bbox 175 2415 212 2469; x_wconf 89' lang='lat' dir='ltr'><strong>tis</strong></span> <span class='ocrx_word' id='word_1_335' title='bbox 236 2427 301 2484; x_wconf 75' lang='lat' dir='ltr'><strong>erpa</strong></span> <span class='ocrx_word' id='word_1_336' title='bbox 326 2411 424 2465; x_wconf 76' lang='lat' dir='ltr'><strong>itinero</strong></span> <span class='ocrx_word' id='word_1_337' title='bbox 445 2410 575 2463; x_wconf 73' lang='lat' dir='ltr'><strong>notatur.</strong></span> <span class='ocrx_word' id='word_1_338' title='bbox 589 2405 646 2463; x_wconf 90' lang='lat' dir='ltr'><strong>Ubi</strong></span> <span class='ocrx_word' id='word_1_339' title='bbox 666 2406 773 2461; x_wconf 84' lang='lat' dir='ltr'><strong>matitia</strong></span> <span class='ocrx_word' id='word_1_340' title='bbox 787 2420 820 2461; x_wconf 81' lang='lat' dir='ltr'><strong>et</strong></span> <span class='ocrx_word' id='word_1_341' title='bbox 842 2407 974 2463; x_wconf 88' lang='lat' dir='ltr'><strong>sententia</strong></span> <span class='ocrx_word' id='word_1_342' title='bbox 1028 2407 1831 2490; x_wconf 67' lang='lat' dir='ltr'><strong>quidnnvitiorelrpiosiliominesmauimeumiptmtumnant</strong></span> 
     </span>
     <span class='ocr_line' id='line_1_28' title="bbox 176 2477 1831 2550; baseline -0.002 -10"><span class='ocrx_word' id='word_1_343' title='bbox 176 2485 204 2540; x_wconf 87' lang='lat' dir='ltr'><strong>S.</strong></span> <span class='ocrx_word' id='word_1_344' title='bbox 216 2482 332 2539; x_wconf 81' lang='lat' dir='ltr'><strong>Tbomae</strong></span> <span class='ocrx_word' id='word_1_345' title='bbox 341 2487 350 2548; x_wconf 96' lang='lat'>(</span> <span class='ocrx_word' id='word_1_346' title='bbox 360 2483 424 2536; x_wconf 86' lang='lat' dir='ltr'><strong>Art.</strong></span> <span class='ocrx_word' id='word_1_347' title='bbox 436 2478 616 2550; x_wconf 76' lang='lat' dir='ltr'><strong>flestipsum</strong></span> <span class='ocrx_word' id='word_1_348' title='bbox 623 2477 750 2533; x_wconf 89' lang='lat' dir='ltr'><strong>odiumet</strong></span> <span class='ocrx_word' id='word_1_349' title='bbox 758 2477 903 2533; x_wconf 89' lang='lat' dir='ltr'><strong>detestatio</strong></span> <span class='ocrx_word' id='word_1_350' title='bbox 909 2478 974 2536; x_wconf 85' lang='lat' dir='ltr'><strong>boni</strong></span> <span class='ocrx_word' id='word_1_351' title='bbox 1028 2480 1169 2533; x_wconf 81' lang='lat' dir='ltr'><strong>saculares</strong></span> <span class='ocrx_word' id='word_1_352' title='bbox 1186 2477 1332 2532; x_wconf 81' lang='lat' dir='ltr'><strong>admodum</strong></span> <span class='ocrx_word' id='word_1_353' title='bbox 1343 2479 1437 2548; x_wconf 85' lang='lat' dir='ltr'><strong>pauci,</strong></span> <span class='ocrx_word' id='word_1_354' title='bbox 1449 2479 1500 2545; x_wconf 85' lang='lat' dir='ltr'><strong>etsi</strong></span> <span class='ocrx_word' id='word_1_355' title='bbox 1512 2478 1560 2533; x_wconf 86' lang='lat' dir='ltr'><strong>troc</strong></span> <span class='ocrx_word' id='word_1_356' title='bbox 1568 2479 1604 2533; x_wconf 90' lang='lat' dir='ltr'><strong>sit</strong></span> <span class='ocrx_word' id='word_1_357' title='bbox 1614 2480 1721 2544; x_wconf 84' lang='lat' dir='ltr'><strong>uitium,</strong></span> <span class='ocrx_word' id='word_1_358' title='bbox 1735 2481 1831 2536; x_wconf 84' lang='lat' dir='ltr'><strong>anina·</strong></span> 
     </span>
     <span class='ocr_line' id='line_1_29' title="bbox 175 2546 1831 2625; baseline -0.001 -16"><span class='ocrx_word' id='word_1_359' title='bbox 175 2552 339 2625; x_wconf 70' lang='lat' dir='ltr'><strong>spiritualisi</strong></span> <span class='ocrx_word' id='word_1_360' title='bbox 353 2558 451 2606; x_wconf 83' lang='lat' dir='ltr'><strong>rancor</strong></span> <span class='ocrx_word' id='word_1_361' title='bbox 469 2549 572 2605; x_wconf 86' lang='lat' dir='ltr'><strong>aversio</strong></span> <span class='ocrx_word' id='word_1_362' title='bbox 596 2546 630 2603; x_wconf 90' lang='lat' dir='ltr'><strong>ab</strong></span> <span class='ocrx_word' id='word_1_363' title='bbox 643 2548 684 2604; x_wconf 88' lang='lat' dir='ltr'><strong>eis</strong></span> <span class='ocrx_word' id='word_1_364' title='bbox 701 2549 746 2618; x_wconf 87' lang='lat' dir='ltr'><strong>qui</strong></span> <span class='ocrx_word' id='word_1_365' title='bbox 768 2546 803 2603; x_wconf 88' lang='lat' dir='ltr'><strong>ad</strong></span> <span class='ocrx_word' id='word_1_366' title='bbox 822 2548 974 2619; x_wconf 86' lang='lat' dir='ltr'><strong>spiritualia</strong></span> <span class='ocrx_word' id='word_1_367' title='bbox 1029 2549 1185 2604; x_wconf 81' lang='lat' dir='ltr'><strong>advertunt.</strong></span> <span class='ocrx_word' id='word_1_368' title='bbox 1201 2549 1384 2605; x_wconf 80' lang='lat' dir='ltr'><strong>Muadomim</strong></span> <span class='ocrx_word' id='word_1_369' title='bbox 1397 2549 1680 2620; x_wconf 77' lang='lat' dir='ltr'><strong>allr&#39;gotr&#39;,spr&#39;ritualts</strong></span> <span class='ocrx_word' id='word_1_370' title='bbox 1700 2552 1766 2606; x_wconf 87' lang='lat' dir='ltr'><strong>uitii</strong></span> <span class='ocrx_word' id='word_1_371' title='bbox 1777 2553 1831 2607; x_wconf 75' lang='lat' dir='ltr'><strong>oie</strong></span> 
     </span>
     <span class='ocr_line' id='line_1_30' title="bbox 175 2617 1831 2700; baseline 0 -20"><span class='ocrx_word' id='word_1_372' title='bbox 175 2624 419 2683; x_wconf 67' lang='lat' dir='ltr'><strong>bonabortentura</strong></span> <span class='ocrx_word' id='word_1_373' title='bbox 432 2620 646 2692; x_wconf 84' lang='lat' dir='ltr'><strong>pusillanimitas</strong></span> <span class='ocrx_word' id='word_1_374' title='bbox 658 2633 720 2690; x_wconf 88' lang='lat' dir='ltr'><strong>erga</strong></span> <span class='ocrx_word' id='word_1_375' title='bbox 734 2617 973 2700; x_wconf 78' lang='lat' dir='ltr'><strong>spiritualiabona,</strong></span> <span class='ocrx_word' id='word_1_376' title='bbox 1025 2625 1140 2691; x_wconf 80' lang='lat' dir='ltr'><strong>possum</strong></span> <span class='ocrx_word' id='word_1_377' title='bbox 1154 2620 1353 2690; x_wconf 78' lang='lat' dir='ltr'><strong>apprehendere</strong></span> <span class='ocrx_word' id='word_1_378' title='bbox 1365 2635 1478 2687; x_wconf 79' lang='lat' dir='ltr'><strong>nonten3</strong></span> <span class='ocrx_word' id='word_1_379' title='bbox 1493 2635 1552 2675; x_wconf 82' lang='lat' dir='ltr'><strong>mim</strong></span> <span class='ocrx_word' id='word_1_380' title='bbox 1561 2625 1650 2677; x_wconf 76' lang='lat' dir='ltr'><strong>mmen</strong></span> <span class='ocrx_word' id='word_1_381' title='bbox 1667 2620 1714 2677; x_wconf 83' lang='lat' dir='ltr'><strong>boc</strong></span> <span class='ocrx_word' id='word_1_382' title='bbox 1728 2622 1831 2681; x_wconf 64' lang='lat' dir='ltr'><strong>uitauit</strong></span> 
     </span>
     <span class='ocr_line' id='line_1_31' title="bbox 174 2689 1831 2774; baseline 0 -23"><span class='ocrx_word' id='word_1_383' title='bbox 174 2702 206 2751; x_wconf 94' lang='lat' dir='ltr'><strong>ut</strong></span> <span class='ocrx_word' id='word_1_384' title='bbox 219 2702 284 2751; x_wconf 88' lang='lat' dir='ltr'><strong>sunt</strong></span> <span class='ocrx_word' id='word_1_385' title='bbox 295 2692 390 2756; x_wconf 88' lang='lat' dir='ltr'><strong>ardua,</strong></span> <span class='ocrx_word' id='word_1_386' title='bbox 405 2706 466 2774; x_wconf 86' lang='lat' dir='ltr'><strong>quac</strong></span> <span class='ocrx_word' id='word_1_387' title='bbox 481 2690 638 2761; x_wconf 84' lang='lat' dir='ltr'><strong>pleramque</strong></span> <span class='ocrx_word' id='word_1_388' title='bbox 647 2697 689 2745; x_wconf 88' lang='lat' dir='ltr'><strong>est</strong></span> <span class='ocrx_word' id='word_1_389' title='bbox 701 2689 803 2745; x_wconf 86' lang='lat' dir='ltr'><strong>veniale</strong></span> <span class='ocrx_word' id='word_1_390' title='bbox 814 2699 973 2762; x_wconf 81' lang='lat' dir='ltr'><strong>peceatum3</strong></span> <span class='ocrx_word' id='word_1_391' title='bbox 1028 2694 1102 2746; x_wconf 87' lang='lat' dir='ltr'><strong>inter</strong></span> <span class='ocrx_word' id='word_1_392' title='bbox 1118 2696 1220 2761; x_wconf 78' lang='lat' dir='ltr'><strong>septem</strong></span> <span class='ocrx_word' id='word_1_393' title='bbox 1228 2692 1393 2762; x_wconf 79' lang='lat' dir='ltr'><strong>putreaipalra</strong></span> <span class='ocrx_word' id='word_1_394' title='bbox 1404 2693 1565 2747; x_wconf 88' lang='lat' dir='ltr'><strong>nominetur.</strong></span> <span class='ocrx_word' id='word_1_395' title='bbox 1574 2694 1831 2754; x_wconf 61' lang='lat' dir='ltr'><strong>armamentum</strong></span> 
     </span>
     <span class='ocr_line' id='line_1_32' title="bbox 174 2759 1831 2847; baseline 0 -27"><span class='ocrx_word' id='word_1_396' title='bbox 174 2767 329 2836; x_wconf 80' lang='lat' dir='ltr'><strong>Desperatio</strong></span> <span class='ocrx_word' id='word_1_397' title='bbox 353 2761 525 2820; x_wconf 85' lang='lat' dir='ltr'><strong>beatitudinis</strong></span> <span class='ocrx_word' id='word_1_398' title='bbox 542 2759 750 2843; x_wconf 65' lang='lat' dir='ltr'><strong>consentienda,</strong></span> <span class='ocrx_word' id='word_1_399' title='bbox 766 2775 828 2832; x_wconf 82' lang='lat' dir='ltr'><strong>quae</strong></span> <span class='ocrx_word' id='word_1_400' title='bbox 852 2769 896 2818; x_wconf 88' lang='lat' dir='ltr'><strong>est</strong></span> <span class='ocrx_word' id='word_1_401' title='bbox 909 2777 976 2833; x_wconf 89' lang='lat' dir='ltr'><strong>gra-</strong></span> <span class='ocrx_word' id='word_1_402' title='bbox 1028 2763 1138 2846; x_wconf 78' lang='lat' dir='ltr'><strong>acedia,</strong></span> <span class='ocrx_word' id='word_1_403' title='bbox 1151 2763 1224 2832; x_wconf 77' lang='lat' dir='ltr'><strong>quod</strong></span> <span class='ocrx_word' id='word_1_404' title='bbox 1241 2762 1384 2846; x_wconf 77' lang='lat' dir='ltr'><strong>quemdam</strong></span> <span class='ocrx_word' id='word_1_405' title='bbox 1397 2767 1536 2846; x_wconf 35' lang='lat' dir='ltr'><strong>&#39;moran</strong></span> <span class='ocrx_word' id='word_1_406' title='bbox 1558 2765 1783 2848; x_wconf 31' lang='lat' dir='ltr'><strong>incutitlunt’mts,</strong></span> <span class='ocrx_word' id='word_1_407' title='bbox 1796 2767 1831 2821; x_wconf 85' lang='lat' dir='ltr'><strong>iit</strong></span> 
     </span>
     <span class='ocr_line' id='line_1_33' title="bbox 174 2833 1832 2989; baseline 0.001 -27"><span class='ocrx_word' id='word_1_408' title='bbox 174 2833 975 2975; x_wconf 60' lang='lat' dir='ltr'><strong>lltlddlttt‘lltttitlit&#39;libidinandi</strong></span> <span class='ocrx_word' id='word_1_409' title='bbox 1028 2834 1832 2989; x_wconf 41' lang='lat' dir='ltr'><strong>tantundemtatutndem&amp;</strong></span> 
     </span>
     <span class='ocr_line' id='line_1_34' title="bbox 174 2971 1828 3049; baseline 0 -15"><span class='ocrx_word' id='word_1_410' title='bbox 174 2992 350 3034; x_wconf 88' lang='lat' dir='ltr'><strong>communem</strong></span> <span class='ocrx_word' id='word_1_411' title='bbox 367 2976 502 3049; x_wconf 82' lang='lat' dir='ltr'><strong>justitiam</strong></span> <span class='ocrx_word' id='word_1_412' title='bbox 516 2993 525 3042; x_wconf 81' lang='lat'>3</span> <span class='ocrx_word' id='word_1_413' title='bbox 538 2976 659 3044; x_wconf 71' lang='lat' dir='ltr'><strong>eriagatrb</strong></span> <span class='ocrx_word' id='word_1_414' title='bbox 680 2975 777 3029; x_wconf 87' lang='lat' dir='ltr'><strong>mentis</strong></span> <span class='ocrx_word' id='word_1_415' title='bbox 797 2971 834 3030; x_wconf 89' lang='lat' dir='ltr'><strong>ad</strong></span> <span class='ocrx_word' id='word_1_416' title='bbox 848 2989 892 3031; x_wconf 88' lang='lat' dir='ltr'><strong>res</strong></span> <span class='ocrx_word' id='word_1_417' title='bbox 904 2974 974 3032; x_wconf 85' lang='lat' dir='ltr'><strong>alias</strong></span> <span class='ocrx_word' id='word_1_418' title='bbox 1027 2977 1149 3047; x_wconf 86' lang='lat' dir='ltr'><strong>psalmus</strong></span> <span class='ocrx_word' id='word_1_419' title='bbox 1160 2995 1168 3030; x_wconf 80' lang='lat' dir='ltr'><strong>r</strong></span> <span class='ocrx_word' id='word_1_420' title='bbox 1181 2978 1342 3032; x_wconf 71' lang='lat' dir='ltr'><strong>Dmmi&#39;tum</strong></span> <span class='ocrx_word' id='word_1_421' title='bbox 1355 2978 1450 3031; x_wconf 90' lang='lat' dir='ltr'><strong>anima</strong></span> <span class='ocrx_word' id='word_1_422' title='bbox 1458 2992 1584 3047; x_wconf 81' lang='lat' dir='ltr'><strong>meapra</strong></span> <span class='ocrx_word' id='word_1_423' title='bbox 1593 2977 1690 3045; x_wconf 70' lang='lat' dir='ltr'><strong>taam</strong></span> <span class='ocrx_word' id='word_1_424' title='bbox 1701 2980 1727 3033; x_wconf 85' lang='lat' dir='ltr'><strong>et</strong></span> <span class='ocrx_word' id='word_1_425' title='bbox 1738 2978 1828 3035; x_wconf 77' lang='lat' dir='ltr'><strong>olibi:</strong></span> 
     </span>
     <span class='ocr_line' id='line_1_35' title="bbox 174 3043 1831 3120; baseline 0 -17"><span class='ocrx_word' id='word_1_426' title='bbox 174 3048 371 3117; x_wconf 67' lang='lat' dir='ltr'><strong>illicitasque</strong></span> <span class='ocrx_word' id='word_1_427' title='bbox 398 3047 545 3103; x_wconf 87' lang='lat' dir='ltr'><strong>oblectent.</strong></span> <span class='ocrx_word' id='word_1_428' title='bbox 575 3049 659 3102; x_wconf 82' lang='lat' dir='ltr'><strong>Porro</strong></span> <span class='ocrx_word' id='word_1_429' title='bbox 680 3043 802 3100; x_wconf 86' lang='lat' dir='ltr'><strong>isidorus</strong></span> <span class='ocrx_word' id='word_1_430' title='bbox 822 3045 871 3100; x_wconf 94' lang='lat' dir='ltr'><strong>lib.</strong></span> <span class='ocrx_word' id='word_1_431' title='bbox 887 3060 914 3103; x_wconf 90' lang='grc' dir='ltr'><strong>ιι</strong></span> <span class='ocrx_word' id='word_1_432' title='bbox 939 3045 989 3103; x_wconf 64' lang='lat' dir='ltr'><strong>(io⁴</strong></span> <span class='ocrx_word' id='word_1_433' title='bbox 1028 3047 1136 3104; x_wconf 85' lang='lat' dir='ltr'><strong>Omnem</strong></span> <span class='ocrx_word' id='word_1_434' title='bbox 1154 3060 1240 3102; x_wconf 87' lang='lat' dir='ltr'><strong>escam</strong></span> <span class='ocrx_word' id='word_1_435' title='bbox 1257 3047 1411 3102; x_wconf 84' lang='lat' dir='ltr'><strong>obmutuota</strong></span> <span class='ocrx_word' id='word_1_436' title='bbox 1425 3050 1569 3103; x_wconf 88' lang='lat' dir='ltr'><strong>estauima</strong></span> <span class='ocrx_word' id='word_1_437' title='bbox 1582 3051 1831 3120; x_wconf 85' lang='lat' dir='ltr'><strong>eorum,etappr·o·</strong></span> 
     </span>
     <span class='ocr_line' id='line_1_36' title="bbox 176 3115 1831 3191; baseline 0 -16"><span class='ocrx_word' id='word_1_438' title='bbox 176 3120 292 3175; x_wconf 89' lang='lat' dir='ltr'><strong>Summo</strong></span> <span class='ocrx_word' id='word_1_439' title='bbox 305 3119 393 3183; x_wconf 88' lang='lat' dir='ltr'><strong>Bono,</strong></span> <span class='ocrx_word' id='word_1_440' title='bbox 408 3117 474 3173; x_wconf 89' lang='lat' dir='ltr'><strong>dicit</strong></span> <span class='ocrx_word' id='word_1_441' title='bbox 487 3115 634 3173; x_wconf 85' lang='lat' dir='ltr'><strong>detristitia</strong></span> <span class='ocrx_word' id='word_1_442' title='bbox 648 3115 712 3172; x_wconf 86' lang='lat' dir='ltr'><strong>oriri</strong></span> <span class='ocrx_word' id='word_1_443' title='bbox 724 3117 973 3188; x_wconf 84' lang='lat' dir='ltr'><strong>rancorem,pusil-</strong></span> <span class='ocrx_word' id='word_1_444' title='bbox 1024 3120 1227 3189; x_wconf 82' lang='lat' dir='ltr'><strong>piuquaucrunt</strong></span> <span class='ocrx_word' id='word_1_445' title='bbox 1240 3133 1324 3188; x_wconf 82' lang='lat' dir='ltr'><strong>usque</strong></span> <span class='ocrx_word' id='word_1_446' title='bbox 1334 3118 1371 3172; x_wconf 88' lang='lat' dir='ltr'><strong>od</strong></span> <span class='ocrx_word' id='word_1_447' title='bbox 1379 3123 1476 3188; x_wconf 86' lang='lat' dir='ltr'><strong>portas</strong></span> <span class='ocrx_word' id='word_1_448' title='bbox 1488 3121 1590 3174; x_wconf 75' lang='lat' dir='ltr'><strong>mortis.</strong></span> <span class='ocrx_word' id='word_1_449' title='bbox 1601 3122 1716 3175; x_wconf 77' lang='lat' dir='ltr'><strong>Tantum</strong></span> <span class='ocrx_word' id='word_1_450' title='bbox 1723 3122 1831 3191; x_wconf 74' lang='lat' dir='ltr'><strong>quippo</strong></span> 
     </span>
     <span class='ocr_line' id='line_1_37' title="bbox 175 3186 1831 3260; baseline 0.002 -16"><span class='ocrx_word' id='word_1_451' title='bbox 175 3188 367 3255; x_wconf 88' lang='lat' dir='ltr'><strong>lanimitatem,</strong></span> <span class='ocrx_word' id='word_1_452' title='bbox 381 3186 603 3255; x_wconf 86' lang='lat' dir='ltr'><strong>amaritudinem,</strong></span> <span class='ocrx_word' id='word_1_453' title='bbox 617 3186 847 3260; x_wconf 85' lang='lat' dir='ltr'><strong>desperationem.</strong></span> <span class='ocrx_word' id='word_1_454' title='bbox 862 3191 904 3244; x_wconf 92' lang='lat' dir='ltr'><strong>De</strong></span> <span class='ocrx_word' id='word_1_455' title='bbox 914 3203 973 3246; x_wconf 91' lang='lat' dir='ltr'><strong>aco·</strong></span> <span class='ocrx_word' id='word_1_456' title='bbox 1027 3189 1831 3259; x_wconf 76' lang='lat' dir='ltr'><strong>aliquandooftlipiturtocuitioonimabonrum,utomnem</strong></span> 
     </span>
     <span class='ocr_line' id='line_1_38' title="bbox 173 3258 1828 3331; baseline 0.002 -15"><span class='ocrx_word' id='word_1_457' title='bbox 173 3260 218 3316; x_wconf 88' lang='lat' dir='ltr'><strong>dia</strong></span> <span class='ocrx_word' id='word_1_458' title='bbox 230 3275 296 3317; x_wconf 86' lang='lat' dir='ltr'><strong>iero</strong></span> <span class='ocrx_word' id='word_1_459' title='bbox 314 3259 382 3316; x_wconf 90' lang='lat' dir='ltr'><strong>dicit</strong></span> <span class='ocrx_word' id='word_1_460' title='bbox 395 3259 475 3330; x_wconf 85' lang='lat' dir='ltr'><strong>(Gap.</strong></span> <span class='ocrx_word' id='word_1_461' title='bbox 491 3262 540 3324; x_wconf 76' lang='grc'><strong>37)</strong></span> <span class='ocrx_word' id='word_1_462' title='bbox 552 3258 616 3314; x_wconf 87' lang='lat' dir='ltr'><strong>oriri</strong></span> <span class='ocrx_word' id='word_1_463' title='bbox 628 3265 742 3329; x_wconf 87' lang='lat' dir='ltr'><strong>septem,</strong></span> <span class='ocrx_word' id='word_1_464' title='bbox 757 3275 818 3329; x_wconf 85' lang='lat' dir='ltr'><strong>qua</strong></span> <span class='ocrx_word' id='word_1_465' title='bbox 826 3264 888 3315; x_wconf 89' lang='lat' dir='ltr'><strong>sunt</strong></span> <span class='ocrx_word' id='word_1_466' title='bbox 902 3262 973 3316; x_wconf 91' lang='lat' dir='ltr'><strong>otio·</strong></span> <span class='ocrx_word' id='word_1_467' title='bbox 1026 3261 1164 3326; x_wconf 71' lang='lat' dir='ltr'><strong>esconia</strong></span> <span class='ocrx_word' id='word_1_468' title='bbox 1181 3266 1231 3326; x_wconf 89' lang='lat' dir='ltr'><strong>est,</strong></span> <span class='ocrx_word' id='word_1_469' title='bbox 1242 3276 1318 3316; x_wconf 91' lang='lat' dir='ltr'><strong>omne</strong></span> <span class='ocrx_word' id='word_1_470' title='bbox 1330 3260 1471 3331; x_wconf 74' lang='lat' dir='ltr'><strong>spirituale</strong></span> <span class='ocrx_word' id='word_1_471' title='bbox 1480 3262 1828 3329; x_wconf 77' lang='lat' dir='ltr'><strong>ecercutamatorrtrrmir,</strong></span> 
     </span>
     <span class='ocr_line' id='line_1_39' title="bbox 174 3331 1830 3403; baseline 0.003 -17"><span class='ocrx_word' id='word_1_472' title='bbox 174 3334 252 3396; x_wconf 77' lang='lat' dir='ltr'><strong>sitos,</strong></span> <span class='ocrx_word' id='word_1_473' title='bbox 276 3331 459 3394; x_wconf 87' lang='lat' dir='ltr'><strong>somnolentia,</strong></span> <span class='ocrx_word' id='word_1_474' title='bbox 480 3332 672 3400; x_wconf 82' lang='lat' dir='ltr'><strong>importunitas</strong></span> <span class='ocrx_word' id='word_1_475' title='bbox 685 3333 793 3394; x_wconf 88' lang='lat' dir='ltr'><strong>mentis,</strong></span> <span class='ocrx_word' id='word_1_476' title='bbox 814 3332 972 3401; x_wconf 81' lang='lat' dir='ltr'><strong>inquietudo</strong></span> <span class='ocrx_word' id='word_1_477' title='bbox 1026 3332 1830 3403; x_wconf 63' lang='lat' dir='ltr'><strong>utnecororemeslepere,necmeditar·i,neoopusmanatuit</strong></span> 
     </span>
     <span class='ocr_line' id='line_1_40' title="bbox 173 3401 1829 3475; baseline 0.004 -19"><span class='ocrx_word' id='word_1_478' title='bbox 173 3405 303 3473; x_wconf 83' lang='lat' dir='ltr'><strong>corporis,</strong></span> <span class='ocrx_word' id='word_1_479' title='bbox 318 3402 494 3465; x_wconf 71' lang='lat' dir='ltr'><strong>instabilitas,</strong></span> <span class='ocrx_word' id='word_1_480' title='bbox 509 3402 655 3456; x_wconf 75' lang='lat' dir='ltr'><strong>undositas</strong></span> <span class='ocrx_word' id='word_1_481' title='bbox 667 3444 674 3463; x_wconf 93' lang='lat'>‚</span> <span class='ocrx_word' id='word_1_482' title='bbox 687 3404 837 3457; x_wconf 80' lang='lat' dir='ltr'><strong>curiositas.</strong></span> <span class='ocrx_word' id='word_1_483' title='bbox 852 3407 889 3458; x_wconf 79' lang='lat' dir='ltr'><strong>nt</strong></span> <span class='ocrx_word' id='word_1_484' title='bbox 903 3401 972 3472; x_wconf 77' lang='lat' dir='ltr'><strong>baec,</strong></span> <span class='ocrx_word' id='word_1_485' title='bbox 1028 3402 1109 3458; x_wconf 79' lang='lat' dir='ltr'><strong>libert</strong></span> <span class='ocrx_word' id='word_1_486' title='bbox 1122 3419 1253 3459; x_wconf 74' lang='lat' dir='ltr'><strong>cancere.</strong></span> <span class='ocrx_word' id='word_1_487' title='bbox 1266 3407 1349 3459; x_wconf 87' lang='lat' dir='ltr'><strong>immo</strong></span> <span class='ocrx_word' id='word_1_488' title='bbox 1362 3405 1444 3459; x_wconf 89' lang='lat' dir='ltr'><strong>etiam</strong></span> <span class='ocrx_word' id='word_1_489' title='bbox 1455 3406 1677 3475; x_wconf 79' lang='lat' dir='ltr'><strong>appropinquant</strong></span> <span class='ocrx_word' id='word_1_490' title='bbox 1689 3419 1776 3475; x_wconf 76' lang='lat' dir='ltr'><strong>usaue</strong></span> <span class='ocrx_word' id='word_1_491' title='bbox 1788 3405 1829 3462; x_wconf 83' lang='lat' dir='ltr'><strong>ad</strong></span> 
     </span>
     <span class='ocr_line' id='line_1_41' title="bbox 173 3472 1830 3546; baseline 0.003 -18"><span class='ocrx_word' id='word_1_492' title='bbox 173 3472 299 3546; x_wconf 83' lang='lat' dir='ltr'><strong>inquitS.</strong></span> <span class='ocrx_word' id='word_1_493' title='bbox 307 3473 438 3542; x_wconf 87' lang='lat' dir='ltr'><strong>Thomas,</strong></span> <span class='ocrx_word' id='word_1_494' title='bbox 447 3473 614 3527; x_wconf 88' lang='lat' dir='ltr'><strong>reducuntur</strong></span> <span class='ocrx_word' id='word_1_495' title='bbox 623 3472 660 3527; x_wconf 86' lang='lat' dir='ltr'><strong>ad</strong></span> <span class='ocrx_word' id='word_1_496' title='bbox 668 3488 700 3528; x_wconf 91' lang='lat' dir='ltr'><strong>ea</strong></span> <span class='ocrx_word' id='word_1_497' title='bbox 709 3488 769 3542; x_wconf 80' lang='lat' dir='ltr'><strong>qua</strong></span> <span class='ocrx_word' id='word_1_498' title='bbox 776 3475 921 3542; x_wconf 77' lang='lat' dir='ltr'><strong>Gregorius</strong></span> <span class='ocrx_word' id='word_1_499' title='bbox 928 3489 973 3544; x_wconf 82' lang='lat' dir='ltr'><strong>po</strong></span> <span class='ocrx_word' id='word_1_500' title='bbox 1027 3479 1119 3544; x_wconf 85' lang='lat' dir='ltr'><strong>portas</strong></span> <span class='ocrx_word' id='word_1_501' title='bbox 1131 3477 1235 3537; x_wconf 74' lang='lat' dir='ltr'><strong>mone,</strong></span> <span class='ocrx_word' id='word_1_502' title='bbox 1245 3473 1275 3528; x_wconf 87' lang='lat' dir='ltr'><strong>id</strong></span> <span class='ocrx_word' id='word_1_503' title='bbox 1287 3478 1335 3537; x_wconf 90' lang='lat' dir='ltr'><strong>est,</strong></span> <span class='ocrx_word' id='word_1_504' title='bbox 1343 3475 1830 3545; x_wconf 76' lang='lat' dir='ltr'><strong>utetmmrpsiusuitoesostidiuniba·</strong></span> 
     </span>
     <span class='ocr_line' id='line_1_42' title="bbox 174 3544 1829 3626; baseline 0.004 -27"><span class='ocrx_word' id='word_1_505' title='bbox 174 3547 229 3611; x_wconf 86' lang='lat' dir='ltr'><strong>nit;</strong></span> <span class='ocrx_word' id='word_1_506' title='bbox 240 3560 303 3599; x_wconf 85' lang='lat' dir='ltr'><strong>uam</strong></span> <span class='ocrx_word' id='word_1_507' title='bbox 317 3545 481 3612; x_wconf 77' lang='lat' dir='ltr'><strong>amaritudo,</strong></span> <span class='ocrx_word' id='word_1_508' title='bbox 495 3559 579 3626; x_wconf 74' lang='lat' dir='ltr'><strong>quarn</strong></span> <span class='ocrx_word' id='word_1_509' title='bbox 591 3544 710 3599; x_wconf 83' lang='lat' dir='ltr'><strong>isidorus</strong></span> <span class='ocrx_word' id='word_1_510' title='bbox 716 3546 794 3613; x_wconf 90' lang='lat' dir='ltr'><strong>ponit</strong></span> <span class='ocrx_word' id='word_1_511' title='bbox 803 3546 872 3598; x_wconf 80' lang='lat' dir='ltr'><strong>oriri</strong></span> <span class='ocrx_word' id='word_1_512' title='bbox 881 3559 916 3598; x_wconf 84' lang='lat' dir='ltr'><strong>en</strong></span> <span class='ocrx_word' id='word_1_513' title='bbox 925 3547 975 3599; x_wconf 87' lang='lat' dir='ltr'><strong>tri·</strong></span> <span class='ocrx_word' id='word_1_514' title='bbox 1029 3544 1117 3599; x_wconf 82' lang='lat' dir='ltr'><strong>tentes</strong></span> <span class='ocrx_word' id='word_1_515' title='bbox 1130 3549 1215 3600; x_wconf 84' lang='lat' dir='ltr'><strong>morte</strong></span> <span class='ocrx_word' id='word_1_516' title='bbox 1227 3547 1304 3614; x_wconf 67' lang='lat' dir='ltr'><strong>finiri</strong></span> <span class='ocrx_word' id='word_1_517' title='bbox 1313 3545 1475 3608; x_wconf 83' lang='lat' dir='ltr'><strong>desiderent,</strong></span> <span class='ocrx_word' id='word_1_518' title='bbox 1492 3561 1552 3602; x_wconf 87' lang='lat' dir='ltr'><strong>cuin</strong></span> <span class='ocrx_word' id='word_1_519' title='bbox 1562 3550 1653 3601; x_wconf 84' lang='lat' dir='ltr'><strong>sancto</strong></span> <span class='ocrx_word' id='word_1_520' title='bbox 1665 3547 1716 3602; x_wconf 81' lang='lat' dir='ltr'><strong>tob</strong></span> <span class='ocrx_word' id='word_1_521' title='bbox 1729 3547 1829 3605; x_wconf 81' lang='lat' dir='ltr'><strong>dioen-</strong></span> 
     </span>
     <span class='ocr_line' id='line_1_43' title="bbox 173 3604 1827 3701; baseline 0.004 -31"><span class='ocrx_word' id='word_1_522' title='bbox 173 3618 250 3671; x_wconf 86' lang='lat' dir='ltr'><strong>stiti&#39;o</strong></span> <span class='ocrx_word' id='word_1_523' title='bbox 274 3617 377 3687; x_wconf 89' lang='lat' dir='ltr'><strong>(quam</strong></span> <span class='ocrx_word' id='word_1_524' title='bbox 391 3630 445 3669; x_wconf 94' lang='lat' dir='ltr'><strong>non</strong></span> <span class='ocrx_word' id='word_1_525' title='bbox 458 3616 510 3670; x_wconf 89' lang='lat' dir='ltr'><strong>nisi</strong></span> <span class='ocrx_word' id='word_1_526' title='bbox 524 3615 631 3671; x_wconf 88' lang='lat' dir='ltr'><strong>ratione</strong></span> <span class='ocrx_word' id='word_1_527' title='bbox 644 3613 788 3685; x_wconf 86' lang='lat' dir='ltr'><strong>distinguit</strong></span> <span class='ocrx_word' id='word_1_528' title='bbox 804 3613 839 3670; x_wconf 92' lang='lat' dir='ltr'><strong>ab</strong></span> <span class='ocrx_word' id='word_1_529' title='bbox 848 3614 974 3684; x_wconf 86' lang='lat' dir='ltr'><strong>acedia),</strong></span> <span class='ocrx_word' id='word_1_530' title='bbox 991 3604 1014 3668; x_wconf 87' lang='lat' dir='ltr'>C</span> <span class='ocrx_word' id='word_1_531' title='bbox 1028 3619 1066 3671; x_wconf 89' lang='lat' dir='ltr'><strong>tes</strong></span> <span class='ocrx_word' id='word_1_532' title='bbox 1082 3616 1318 3671; x_wconf 82' lang='lat' dir='ltr'><strong>:Tadetonimam</strong></span> <span class='ocrx_word' id='word_1_533' title='bbox 1328 3620 1487 3698; x_wconf 26' lang='lat' dir='ltr'><strong>meamuuita</strong></span> <span class='ocrx_word' id='word_1_534' title='bbox 1496 3633 1569 3672; x_wconf 83' lang='lat' dir='ltr'><strong>mea.</strong></span> <span class='ocrx_word' id='word_1_535' title='bbox 1583 3618 1651 3674; x_wconf 77' lang='lat' dir='ltr'><strong>Haec</strong></span> <span class='ocrx_word' id='word_1_536' title='bbox 1659 3617 1827 3701; x_wconf 79' lang='lat' dir='ltr'><strong>bernardus.</strong></span> 
     </span>
     <span class='ocr_line' id='line_1_44' title="bbox 174 3683 1830 3761; baseline 0.003 -19"><span class='ocrx_word' id='word_1_537' title='bbox 174 3692 214 3742; x_wconf 87' lang='lat' dir='ltr'><strong>est</strong></span> <span class='ocrx_word' id='word_1_538' title='bbox 228 3683 342 3757; x_wconf 82' lang='lat' dir='ltr'><strong>puidam</strong></span> <span class='ocrx_word' id='word_1_539' title='bbox 356 3688 469 3755; x_wconf 71' lang='lat' dir='ltr'><strong>effectius</strong></span> <span class='ocrx_word' id='word_1_540' title='bbox 484 3688 616 3742; x_wconf 86' lang='lat' dir='ltr'><strong>runcoris.</strong></span> <span class='ocrx_word' id='word_1_541' title='bbox 628 3685 754 3741; x_wconf 87' lang='lat' dir='ltr'><strong>Otiositas</strong></span> <span class='ocrx_word' id='word_1_542' title='bbox 768 3690 897 3742; x_wconf 83' lang='lat' dir='ltr'><strong>autumet</strong></span> <span class='ocrx_word' id='word_1_543' title='bbox 910 3701 976 3741; x_wconf 85' lang='lat' dir='ltr'><strong>som·</strong></span> <span class='ocrx_word' id='word_1_544' title='bbox 1065 3686 1183 3742; x_wconf 70' lang='grc' dir='ltr'><strong>οΕιὶιιο</strong></span> <span class='ocrx_word' id='word_1_545' title='bbox 1193 3686 1288 3744; x_wconf 90' lang='lat' dir='ltr'><strong>itidem</strong></span> <span class='ocrx_word' id='word_1_546' title='bbox 1303 3695 1450 3755; x_wconf 87' lang='lat' dir='ltr'><strong>sententie,</strong></span> <span class='ocrx_word' id='word_1_547' title='bbox 1461 3691 1495 3744; x_wconf 92' lang='lat' dir='ltr'><strong>D.</strong></span> <span class='ocrx_word' id='word_1_548' title='bbox 1512 3688 1634 3745; x_wconf 87' lang='lat' dir='ltr'><strong>Tliomas</strong></span> <span class='ocrx_word' id='word_1_549' title='bbox 1642 3688 1830 3761; x_wconf 81' lang='lat' dir='ltr'><strong>objectionem</strong></span> 
     </span>
     <span class='ocr_line' id='line_1_45' title="bbox 172 3758 1831 3841; baseline 0.004 -29"><span class='ocrx_word' id='word_1_550' title='bbox 172 3759 291 3813; x_wconf 88' lang='lat' dir='ltr'><strong>nolentia</strong></span> <span class='ocrx_word' id='word_1_551' title='bbox 300 3759 465 3814; x_wconf 81' lang='lat' dir='ltr'><strong>reducamur</strong></span> <span class='ocrx_word' id='word_1_552' title='bbox 476 3759 513 3812; x_wconf 87' lang='lat' dir='ltr'><strong>od</strong></span> <span class='ocrx_word' id='word_1_553' title='bbox 523 3761 655 3828; x_wconf 86' lang='lat' dir='ltr'><strong>torporem</strong></span> <span class='ocrx_word' id='word_1_554' title='bbox 668 3758 739 3811; x_wconf 81' lang='lat' dir='ltr'><strong>circa</strong></span> <span class='ocrx_word' id='word_1_555' title='bbox 748 3760 894 3826; x_wconf 81' lang='lat' dir='ltr'><strong>precepta,</strong></span> <span class='ocrx_word' id='word_1_556' title='bbox 903 3759 976 3814; x_wconf 86' lang='lat' dir='ltr'><strong>circa</strong></span> <span class='ocrx_word' id='word_1_557' title='bbox 1028 3764 1137 3824; x_wconf 84' lang='lat' dir='ltr'><strong>movet(</strong></span> <span class='ocrx_word' id='word_1_558' title='bbox 1147 3761 1207 3825; x_wconf 71' lang='grc' dir='ltr'><strong>Μ,</strong></span> <span class='ocrx_word' id='word_1_559' title='bbox 1219 3774 1247 3828; x_wconf 79' lang='lat' dir='ltr'><strong>a.</strong></span> <span class='ocrx_word' id='word_1_560' title='bbox 1262 3762 1306 3821; x_wconf 78' lang='lat'><strong>35,</strong></span> <span class='ocrx_word' id='word_1_561' title='bbox 1318 3774 1345 3814; x_wconf 89' lang='lat' dir='ltr'><strong>a.</strong></span> <span class='ocrx_word' id='word_1_562' title='bbox 1355 3763 1366 3812; x_wconf 89' lang='lat' dir='ltr'><strong>t</strong></span> <span class='ocrx_word' id='word_1_563' title='bbox 1378 3758 1416 3813; x_wconf 85' lang='lat' dir='ltr'><strong>ad</strong></span> <span class='ocrx_word' id='word_1_564' title='bbox 1425 3765 1441 3813; x_wconf 78' lang='lat'>²</span> <span class='ocrx_word' id='word_1_565' title='bbox 1449 3763 1476 3823; x_wconf 83' lang='lat' dir='ltr'><strong>l,</strong></span> <span class='ocrx_word' id='word_1_566' title='bbox 1490 3774 1543 3830; x_wconf 85' lang='lat' dir='ltr'><strong>qua</strong></span> <span class='ocrx_word' id='word_1_567' title='bbox 1553 3759 1636 3816; x_wconf 82' lang='lat' dir='ltr'><strong>rideri</strong></span> <span class='ocrx_word' id='word_1_568' title='bbox 1644 3758 1831 3841; x_wconf 77' lang='lat' dir='ltr'><strong>possitaetd’n</strong></span> 
     </span>
     <span class='ocr_line' id='line_1_46' title="bbox 173 3830 1831 3902; baseline 0.004 -18"><span class='ocrx_word' id='word_1_569' title='bbox 173 3831 385 3900; x_wconf 79' lang='lat' dir='ltr'><strong>quaestaliqur‘s</strong></span> <span class='ocrx_word' id='word_1_570' title='bbox 396 3830 976 3898; x_wconf 77' lang='lat' dir='ltr'><strong>otmsrn,omniaeaproetermittens,etsom·</strong></span> <span class='ocrx_word' id='word_1_571' title='bbox 1028 3844 1084 3885; x_wconf 91' lang='lat' dir='ltr'><strong>non</strong></span> <span class='ocrx_word' id='word_1_572' title='bbox 1100 3843 1160 3884; x_wconf 86' lang='lat' dir='ltr'><strong>esse</strong></span> <span class='ocrx_word' id='word_1_573' title='bbox 1183 3837 1323 3900; x_wconf 88' lang='lat' dir='ltr'><strong>peccatum</strong></span> <span class='ocrx_word' id='word_1_574' title='bbox 1348 3847 1354 3883; x_wconf 92' lang='lat'>:</span> <span class='ocrx_word' id='word_1_575' title='bbox 1370 3831 1561 3900; x_wconf 79' lang='lat' dir='ltr'><strong>quianullus,</strong></span> <span class='ocrx_word' id='word_1_576' title='bbox 1576 3830 1685 3902; x_wconf 83' lang='lat' dir='ltr'><strong>inquit,</strong></span> <span class='ocrx_word' id='word_1_577' title='bbox 1705 3831 1831 3900; x_wconf 64' lang='lat' dir='ltr'><strong>defectu</strong></span> 
     </span>
     <span class='ocr_line' id='line_1_47' title="bbox 172 3899 1830 3972; baseline 0.002 -16"><span class='ocrx_word' id='word_1_578' title='bbox 172 3903 295 3957; x_wconf 80' lang='lat' dir='ltr'><strong>nolentes</strong></span> <span class='ocrx_word' id='word_1_579' title='bbox 318 3918 350 3957; x_wconf 88' lang='lat' dir='ltr'><strong>eo</strong></span> <span class='ocrx_word' id='word_1_580' title='bbox 362 3901 530 3970; x_wconf 78' lang='lat' dir='ltr'><strong>negligenter</strong></span> <span class='ocrx_word' id='word_1_581' title='bbox 554 3901 678 3969; x_wconf 84' lang='lat' dir='ltr'><strong>implens.</strong></span> <span class='ocrx_word' id='word_1_582' title='bbox 702 3899 798 3955; x_wconf 85' lang='lat' dir='ltr'><strong>Ornnia</strong></span> <span class='ocrx_word' id='word_1_583' title='bbox 815 3902 906 3954; x_wconf 88' lang='lat' dir='ltr'><strong>autem</strong></span> <span class='ocrx_word' id='word_1_584' title='bbox 917 3901 975 3956; x_wconf 76' lang='lat' dir='ltr'><strong>alra</strong></span> <span class='ocrx_word' id='word_1_585' title='bbox 1028 3902 1185 3972; x_wconf 67' lang='grc' dir='ltr'><strong>οοηιοιαὶιλο,</strong></span> <span class='ocrx_word' id='word_1_586' title='bbox 1203 3903 1253 3971; x_wconf 81' lang='lat' dir='ltr'><strong>qui</strong></span> <span class='ocrx_word' id='word_1_587' title='bbox 1264 3903 1376 3956; x_wconf 84' lang='lat' dir='ltr'><strong>statutis</strong></span> <span class='ocrx_word' id='word_1_588' title='bbox 1385 3902 1457 3956; x_wconf 74' lang='lat' dir='ltr'><strong>lions</strong></span> <span class='ocrx_word' id='word_1_589' title='bbox 1468 3903 1585 3965; x_wconf 72' lang='lat' dir='ltr'><strong>uendit,</strong></span> <span class='ocrx_word' id='word_1_590' title='bbox 1599 3903 1680 3959; x_wconf 85' lang='lat' dir='ltr'><strong>babet</strong></span> <span class='ocrx_word' id='word_1_591' title='bbox 1693 3904 1830 3961; x_wconf 76' lang='lat' dir='ltr'><strong>rotnmrri</strong></span> 
     </span>
     <span class='ocr_line' id='line_1_48' title="bbox 172 4111 1828 4197; baseline 0.004 -28"><span class='ocrx_word' id='word_1_592' title='bbox 172 4115 207 4170; x_wconf 87' lang='lat' dir='ltr'><strong>D.</strong></span> <span class='ocrx_word' id='word_1_593' title='bbox 224 4113 340 4172; x_wconf 74' lang='lat' dir='ltr'><strong>Thomas</strong></span> <span class='ocrx_word' id='word_1_594' title='bbox 366 4113 400 4170; x_wconf 89' lang='lat' dir='ltr'><strong>de</strong></span> <span class='ocrx_word' id='word_1_595' title='bbox 421 4118 561 4170; x_wconf 83' lang='lat' dir='ltr'><strong>naturast</strong></span> <span class='ocrx_word' id='word_1_596' title='bbox 581 4111 715 4196; x_wconf 73' lang='lat' dir='ltr'><strong>gravimte</strong></span> <span class='ocrx_word' id='word_1_597' title='bbox 736 4113 838 4185; x_wconf 86' lang='lat' dir='ltr'><strong>peccati</strong></span> <span class='ocrx_word' id='word_1_598' title='bbox 861 4112 973 4184; x_wconf 78' lang='lat' dir='ltr'><strong>acedia,</strong></span> <span class='ocrx_word' id='word_1_599' title='bbox 1027 4116 1147 4171; x_wconf 67' lang='lat' dir='ltr'><strong>Maxime</strong></span> <span class='ocrx_word' id='word_1_600' title='bbox 1157 4116 1325 4171; x_wconf 74' lang='lat' dir='ltr'><strong>omdmdrca</strong></span> <span class='ocrx_word' id='word_1_601' title='bbox 1335 4116 1545 4197; x_wconf 76' lang='lat' dir='ltr'><strong>trorumseatam</strong></span> <span class='ocrx_word' id='word_1_602' title='bbox 1553 4117 1828 4188; x_wconf 76' lang='lat' dir='ltr'><strong>monacnumiuauie·</strong></span> 
     </span>
     <span class='ocr_line' id='line_1_49' title="bbox 172 4183 1746 4272; baseline 0.003 -33"><span class='ocrx_word' id='word_1_603' title='bbox 172 4185 284 4255; x_wconf 78' lang='lat' dir='ltr'><strong>eJusqus</strong></span> <span class='ocrx_word' id='word_1_604' title='bbox 296 4185 404 4242; x_wconf 86' lang='lat' dir='ltr'><strong>filiabus</strong></span> <span class='ocrx_word' id='word_1_605' title='bbox 430 4201 478 4241; x_wconf 89' lang='lat' dir='ltr'><strong>seu</strong></span> <span class='ocrx_word' id='word_1_606' title='bbox 500 4183 643 4242; x_wconf 77' lang='lat' dir='ltr'><strong>effectibus</strong></span> <span class='ocrx_word' id='word_1_607' title='bbox 665 4183 770 4241; x_wconf 87' lang='lat' dir='ltr'><strong>dictum</strong></span> <span class='ocrx_word' id='word_1_608' title='bbox 793 4185 848 4256; x_wconf 88' lang='lat' dir='ltr'><strong>sit;</strong></span> <span class='ocrx_word' id='word_1_609' title='bbox 867 4186 975 4243; x_wconf 89' lang='lat' dir='ltr'><strong>omissis</strong></span> <span class='ocrx_word' id='word_1_610' title='bbox 1028 4190 1078 4250; x_wconf 89' lang='lat' dir='ltr'><strong>tat,</strong></span> <span class='ocrx_word' id='word_1_611' title='bbox 1092 4191 1123 4242; x_wconf 89' lang='lat' dir='ltr'><strong>ut</strong></span> <span class='ocrx_word' id='word_1_612' title='bbox 1135 4186 1423 4255; x_wconf 59' lang='lat' dir='ltr'><strong>auctoritatatem.</strong></span> <span class='ocrx_word' id='word_1_613' title='bbox 1435 4188 1484 4242; x_wconf 90' lang='lat' dir='ltr'><strong>Cui</strong></span> <span class='ocrx_word' id='word_1_614' title='bbox 1498 4188 1704 4271; x_wconf 88' lang='lat' dir='ltr'><strong>argumentoita</strong></span> <span class='ocrx_word' id='word_1_615' title='bbox 1741 4262 1746 4272; x_wconf 36' lang='grc' dir='ltr'>Ι</span> 
     </span>
     <span class='ocr_line' id='line_1_50' title="bbox 172 4254 1831 4342; baseline 0.004 -33"><span class='ocrx_word' id='word_1_616' title='bbox 172 4254 291 4319; x_wconf 73' lang='lat' dir='ltr'><strong>caeteris,</strong></span> <span class='ocrx_word' id='word_1_617' title='bbox 306 4271 367 4326; x_wconf 80' lang='lat' dir='ltr'><strong>quie</strong></span> <span class='ocrx_word' id='word_1_618' title='bbox 377 4256 448 4328; x_wconf 86' lang='lat' dir='ltr'><strong>apud</strong></span> <span class='ocrx_word' id='word_1_619' title='bbox 460 4256 551 4329; x_wconf 82' lang='lat' dir='ltr'><strong>ipsum</strong></span> <span class='ocrx_word' id='word_1_620' title='bbox 563 4257 675 4330; x_wconf 77' lang='lat' dir='ltr'><strong>eiusque</strong></span> <span class='ocrx_word' id='word_1_621' title='bbox 689 4256 850 4329; x_wconf 85' lang='lat' dir='ltr'><strong>interpretes</strong></span> <span class='ocrx_word' id='word_1_622' title='bbox 867 4257 974 4314; x_wconf 87' lang='lat' dir='ltr'><strong>studio-</strong></span> <span class='ocrx_word' id='word_1_623' title='bbox 1027 4257 1091 4313; x_wconf 89' lang='lat' dir='ltr'><strong>det:</strong></span> <span class='ocrx_word' id='word_1_624' title='bbox 1108 4257 1254 4312; x_wconf 74' lang='lat' dir='ltr'><strong>Dumrdum</strong></span> <span class='ocrx_word' id='word_1_625' title='bbox 1269 4256 1341 4327; x_wconf 82' lang='lat' dir='ltr'><strong>quod</strong></span> <span class='ocrx_word' id='word_1_626' title='bbox 1352 4259 1637 4342; x_wconf 65' lang='lat' dir='ltr'><strong>possimosoppentus</strong></span> <span class='ocrx_word' id='word_1_627' title='bbox 1650 4260 1781 4324; x_wconf 72' lang='lat' dir='ltr'><strong>sensdiar,</strong></span> <span class='ocrx_word' id='word_1_628' title='bbox 1802 4265 1831 4321; x_wconf 86' lang='lat' dir='ltr'><strong>et</strong></span> 
     </span>
     <span class='ocr_line' id='line_1_51' title="bbox 171 4322 1829 4399; baseline 0.005 -20"><span class='ocrx_word' id='word_1_629' title='bbox 171 4337 219 4379; x_wconf 89' lang='lat' dir='ltr'><strong>sus</strong></span> <span class='ocrx_word' id='word_1_630' title='bbox 239 4322 326 4379; x_wconf 89' lang='lat' dir='ltr'><strong>lector</strong></span> <span class='ocrx_word' id='word_1_631' title='bbox 339 4326 470 4395; x_wconf 88' lang='lat' dir='ltr'><strong>requirat.</strong></span> <span class='ocrx_word' id='word_1_632' title='bbox 487 4328 623 4381; x_wconf 83' lang='lat' dir='ltr'><strong>Caeternm</strong></span> <span class='ocrx_word' id='word_1_633' title='bbox 636 4326 710 4399; x_wconf 89' lang='lat' dir='ltr'><strong>quod</strong></span> <span class='ocrx_word' id='word_1_634' title='bbox 722 4326 757 4383; x_wconf 86' lang='lat' dir='ltr'><strong>tio</strong></span> <span class='ocrx_word' id='word_1_635' title='bbox 775 4328 973 4399; x_wconf 84' lang='lat' dir='ltr'><strong>uitiisoapitali·</strong></span> <span class='ocrx_word' id='word_1_636' title='bbox 1026 4330 1090 4383; x_wconf 87' lang='lat' dir='ltr'><strong>inse</strong></span> <span class='ocrx_word' id='word_1_637' title='bbox 1099 4331 1524 4398; x_wconf 86' lang='lat' dir='ltr'><strong>possuntessepeocataaeniulra,</strong></span> <span class='ocrx_word' id='word_1_638' title='bbox 1535 4332 1829 4388; x_wconf 83' lang='lat' dir='ltr'><strong>etrnclrnantonimunt</strong></span> 
     </span>
     <span class='ocr_line' id='line_1_52' title="bbox 172 4391 1829 4471; baseline 0.007 -22"><span class='ocrx_word' id='word_1_639' title='bbox 172 4392 224 4450; x_wconf 88' lang='lat' dir='ltr'><strong>bus</strong></span> <span class='ocrx_word' id='word_1_640' title='bbox 237 4391 386 4448; x_wconf 79' lang='lat' dir='ltr'><strong>universim</strong></span> <span class='ocrx_word' id='word_1_641' title='bbox 405 4394 510 4449; x_wconf 91' lang='lat' dir='ltr'><strong>dictum</strong></span> <span class='ocrx_word' id='word_1_642' title='bbox 524 4402 567 4449; x_wconf 89' lang='lat' dir='ltr'><strong>est</strong></span> <span class='ocrx_word' id='word_1_643' title='bbox 577 4433 585 4462; x_wconf 94' lang='lat'><strong>,</strong></span> <span class='ocrx_word' id='word_1_644' title='bbox 597 4411 653 4451; x_wconf 91' lang='lat' dir='ltr'><strong>non</strong></span> <span class='ocrx_word' id='word_1_645' title='bbox 668 4396 770 4452; x_wconf 87' lang='lat' dir='ltr'><strong>ideirco</strong></span> <span class='ocrx_word' id='word_1_646' title='bbox 784 4413 843 4453; x_wconf 87' lang='lat' dir='ltr'><strong>sem</strong></span> <span class='ocrx_word' id='word_1_647' title='bbox 862 4412 892 4453; x_wconf 88' lang='lat' dir='ltr'><strong>or</strong></span> <span class='ocrx_word' id='word_1_648' title='bbox 913 4413 974 4455; x_wconf 88' lang='lat' dir='ltr'><strong>esso</strong></span> <span class='ocrx_word' id='word_1_649' title='bbox 1025 4398 1064 4452; x_wconf 81' lang='lat' dir='ltr'><strong>aa</strong></span> <span class='ocrx_word' id='word_1_650' title='bbox 1074 4402 1211 4466; x_wconf 90' lang='lat' dir='ltr'><strong>peccatum</strong></span> <span class='ocrx_word' id='word_1_651' title='bbox 1224 4400 1346 4455; x_wconf 85' lang='lat' dir='ltr'><strong>mortale.</strong></span> <span class='ocrx_word' id='word_1_652' title='bbox 1361 4402 1397 4455; x_wconf 84' lang='lat' dir='ltr'><strong>Et</strong></span> <span class='ocrx_word' id='word_1_653' title='bbox 1406 4403 1471 4471; x_wconf 82' lang='lat' dir='ltr'><strong>quia</strong></span> <span class='ocrx_word' id='word_1_654' title='bbox 1484 4403 1829 4471; x_wconf 79' lang='lat' dir='ltr'><strong>appetitussensr&#39;tiousba·</strong></span> 
     </span>
     <span class='ocr_line' id='line_1_53' title="bbox 171 4462 1830 4549; baseline 0.007 -32"><span class='ocrx_word' id='word_1_655' title='bbox 171 4462 310 4527; x_wconf 88' lang='lat' dir='ltr'><strong>mortalia,</strong></span> <span class='ocrx_word' id='word_1_656' title='bbox 323 4464 387 4534; x_wconf 87' lang='lat' dir='ltr'><strong>quia</strong></span> <span class='ocrx_word' id='word_1_657' title='bbox 400 4464 535 4533; x_wconf 83' lang='lat' dir='ltr'><strong>capitalia,</strong></span> <span class='ocrx_word' id='word_1_658' title='bbox 549 4463 597 4518; x_wconf 89' lang='lat' dir='ltr'><strong>sed</strong></span> <span class='ocrx_word' id='word_1_659' title='bbox 612 4464 737 4522; x_wconf 88' lang='lat' dir='ltr'><strong>ideodiol</strong></span> <span class='ocrx_word' id='word_1_660' title='bbox 751 4467 812 4538; x_wconf 89' lang='lat' dir='ltr'><strong>capi</strong></span> <span class='ocrx_word' id='word_1_661' title='bbox 850 4467 892 4535; x_wconf 86' lang='lat' dir='ltr'><strong>ia,</strong></span> <span class='ocrx_word' id='word_1_662' title='bbox 907 4469 973 4549; x_wconf 84' lang='lat' dir='ltr'><strong>quia</strong></span> <span class='ocrx_word' id='word_1_663' title='bbox 1026 4468 1069 4524; x_wconf 84' lang='lat' dir='ltr'><strong>bct</strong></span> <span class='ocrx_word' id='word_1_664' title='bbox 1082 4483 1214 4539; x_wconf 77' lang='lat' dir='ltr'><strong>mannum</strong></span> <span class='ocrx_word' id='word_1_665' title='bbox 1234 4471 1391 4540; x_wconf 70' lang='lat' dir='ltr'><strong>camarda,</strong></span> <span class='ocrx_word' id='word_1_666' title='bbox 1412 4475 1535 4542; x_wconf 75' lang='lat' dir='ltr'><strong>sequeitur</strong></span> <span class='ocrx_word' id='word_1_667' title='bbox 1547 4473 1620 4543; x_wconf 82' lang='lat' dir='ltr'><strong>quod</strong></span> <span class='ocrx_word' id='word_1_668' title='bbox 1639 4490 1689 4544; x_wconf 89' lang='lat' dir='ltr'><strong>per</strong></span> <span class='ocrx_word' id='word_1_669' title='bbox 1703 4475 1830 4544; x_wconf 75' lang='lat' dir='ltr'><strong>ultoriam</strong></span> 
     </span>
     <span class='ocr_line' id='line_1_54' title="bbox 171 4532 1829 4614; baseline 0.008 -26"><span class='ocrx_word' id='word_1_670' title='bbox 171 4532 324 4589; x_wconf 89' lang='lat' dir='ltr'><strong>multorum</strong></span> <span class='ocrx_word' id='word_1_671' title='bbox 336 4534 453 4589; x_wconf 90' lang='lat' dir='ltr'><strong>alloruni</strong></span> <span class='ocrx_word' id='word_1_672' title='bbox 472 4541 537 4589; x_wconf 89' lang='lat' dir='ltr'><strong>sunt</strong></span> <span class='ocrx_word' id='word_1_673' title='bbox 550 4534 633 4591; x_wconf 87' lang='lat' dir='ltr'><strong>veluti</strong></span> <span class='ocrx_word' id='word_1_674' title='bbox 653 4535 738 4606; x_wconf 84' lang='lat' dir='ltr'><strong>capita</strong></span> <span class='ocrx_word' id='word_1_675' title='bbox 752 4543 780 4592; x_wconf 89' lang='lat' dir='ltr'><strong>et</strong></span> <span class='ocrx_word' id='word_1_676' title='bbox 795 4537 896 4592; x_wconf 78' lang='lat' dir='ltr'><strong>scabiri</strong></span> <span class='ocrx_word' id='word_1_677' title='bbox 924 4554 973 4597; x_wconf 89' lang='lat' dir='ltr'><strong>nes</strong></span> <span class='ocrx_word' id='word_1_678' title='bbox 1025 4540 1185 4610; x_wconf 88' lang='lat' dir='ltr'><strong>corporalem</strong></span> <span class='ocrx_word' id='word_1_679' title='bbox 1199 4544 1449 4598; x_wconf 86' lang='lat' dir='ltr'><strong>transmutationem</strong></span> <span class='ocrx_word' id='word_1_680' title='bbox 1461 4544 1580 4614; x_wconf 66' lang='lat' dir='ltr'><strong>lmuwtt</strong></span> <span class='ocrx_word' id='word_1_681' title='bbox 1594 4545 1707 4600; x_wconf 81' lang='lat' dir='ltr'><strong>debilior</strong></span> <span class='ocrx_word' id='word_1_682' title='bbox 1725 4545 1764 4600; x_wconf 87' lang='lat' dir='ltr'><strong>od</strong></span> <span class='ocrx_word' id='word_1_683' title='bbox 1773 4545 1829 4613; x_wconf 60' lang='grc' dir='ltr'><strong>σὺ·-</strong></span> 
     </span>
     <span class='ocr_line' id='line_1_55' title="bbox 172 4603 1829 4686; baseline 0.009 -28"><span class='ocrx_word' id='word_1_684' title='bbox 172 4604 315 4672; x_wconf 84' lang='lat' dir='ltr'><strong>vitiorum,</strong></span> <span class='ocrx_word' id='word_1_685' title='bbox 330 4604 358 4662; x_wconf 92' lang='lat' dir='ltr'><strong>id</strong></span> <span class='ocrx_word' id='word_1_686' title='bbox 367 4604 451 4661; x_wconf 88' lang='lat' dir='ltr'><strong>eliam</strong></span> <span class='ocrx_word' id='word_1_687' title='bbox 462 4604 495 4660; x_wconf 90' lang='lat' dir='ltr'><strong>do</strong></span> <span class='ocrx_word' id='word_1_688' title='bbox 505 4603 598 4660; x_wconf 90' lang='lat' dir='ltr'><strong>acedia</strong></span> <span class='ocrx_word' id='word_1_689' title='bbox 608 4605 793 4677; x_wconf 86' lang='lat' dir='ltr'><strong>particulatim</strong></span> <span class='ocrx_word' id='word_1_690' title='bbox 806 4613 886 4662; x_wconf 88' lang='lat' dir='ltr'><strong>tenen</strong></span> <span class='ocrx_word' id='word_1_691' title='bbox 906 4625 969 4668; x_wconf 92' lang='lat' dir='ltr'><strong>um:</strong></span> <span class='ocrx_word' id='word_1_692' title='bbox 1023 4611 1097 4682; x_wconf 78' lang='lat' dir='ltr'><strong>ruod</strong></span> <span class='ocrx_word' id='word_1_693' title='bbox 1111 4616 1268 4681; x_wconf 66' lang='lat' dir='ltr'><strong>peccatum</strong></span> <span class='ocrx_word' id='word_1_694' title='bbox 1282 4617 1308 4668; x_wconf 88' lang='lat' dir='ltr'><strong>et</strong></span> <span class='ocrx_word' id='word_1_695' title='bbox 1321 4613 1380 4669; x_wconf 87' lang='lat' dir='ltr'><strong>ideo</strong></span> <span class='ocrx_word' id='word_1_696' title='bbox 1388 4619 1475 4685; x_wconf 87' lang='lat' dir='ltr'><strong>potest</strong></span> <span class='ocrx_word' id='word_1_697' title='bbox 1487 4618 1640 4686; x_wconf 79' lang='lat' dir='ltr'><strong>contingere</strong></span> <span class='ocrx_word' id='word_1_698' title='bbox 1653 4616 1726 4686; x_wconf 77' lang='lat' dir='ltr'><strong>quod</strong></span> <span class='ocrx_word' id='word_1_699' title='bbox 1736 4632 1829 4673; x_wconf 73' lang='lat' dir='ltr'><strong>matra·</strong></span> 
     </span>
     <span class='ocr_line' id='line_1_56' title="bbox 171 4675 1828 4759; baseline 0.01 -29"><span class='ocrx_word' id='word_1_700' title='bbox 171 4676 233 4748; x_wconf 88' lang='lat' dir='ltr'><strong>quia</strong></span> <span class='ocrx_word' id='word_1_701' title='bbox 248 4675 310 4732; x_wconf 89' lang='lat' dir='ltr'><strong>licet</strong></span> <span class='ocrx_word' id='word_1_702' title='bbox 320 4692 354 4732; x_wconf 88' lang='lat' dir='ltr'><strong>eii</strong></span> <span class='ocrx_word' id='word_1_703' title='bbox 368 4685 465 4733; x_wconf 86' lang='lat' dir='ltr'><strong>natura</strong></span> <span class='ocrx_word' id='word_1_704' title='bbox 478 4690 527 4732; x_wconf 87' lang='lat' dir='ltr'><strong>sua</strong></span> <span class='ocrx_word' id='word_1_705' title='bbox 541 4690 589 4732; x_wconf 91' lang='lat' dir='ltr'><strong>seu</strong></span> <span class='ocrx_word' id='word_1_706' title='bbox 603 4691 747 4750; x_wconf 82' lang='lat' dir='ltr'><strong>exgenere</strong></span> <span class='ocrx_word' id='word_1_707' title='bbox 763 4690 971 4739; x_wconf 86' lang='lat' dir='ltr'><strong>succenseatur</strong></span> <span class='ocrx_word' id='word_1_708' title='bbox 1024 4683 1090 4738; x_wconf 87' lang='lat' dir='ltr'><strong>dum</strong></span> <span class='ocrx_word' id='word_1_709' title='bbox 1107 4685 1216 4755; x_wconf 80' lang='lat' dir='ltr'><strong>aliquas</strong></span> <span class='ocrx_word' id='word_1_710' title='bbox 1237 4687 1398 4740; x_wconf 83' lang='lat' dir='ltr'><strong>mittationes</strong></span> <span class='ocrx_word' id='word_1_711' title='bbox 1410 4688 1557 4756; x_wconf 87' lang='lat' dir='ltr'><strong>corporales</strong></span> <span class='ocrx_word' id='word_1_712' title='bbox 1570 4690 1647 4742; x_wconf 87' lang='lat' dir='ltr'><strong>certis</strong></span> <span class='ocrx_word' id='word_1_713' title='bbox 1659 4688 1828 4759; x_wconf 77' lang='lat' dir='ltr'><strong>temporbru</strong></span> 
     </span>
     <span class='ocr_line' id='line_1_57' title="bbox 170 4747 1828 4874; baseline 0.008 -71"><span class='ocrx_word' id='word_1_714' title='bbox 170 4755 311 4874; x_wconf 56' lang='grc' dir='ltr'><strong>ξοεοιῑιιιιι</strong></span> <span class='ocrx_word' id='word_1_715' title='bbox 326 4748 517 4818; x_wconf 88' lang='lat' dir='ltr'><strong>mortiferum,</strong></span> <span class='ocrx_word' id='word_1_716' title='bbox 533 4747 910 4823; x_wconf 85' lang='lat' dir='ltr'><strong>venialetamenplerumque</strong></span> <span class='ocrx_word' id='word_1_717' title='bbox 927 4752 972 4810; x_wconf 87' lang='lat' dir='ltr'><strong>ef·</strong></span> <span class='ocrx_word' id='word_1_718' title='bbox 1020 4758 1223 4827; x_wconf 85' lang='lat' dir='ltr'><strong>pmoenientes,</strong></span> <span class='ocrx_word' id='word_1_719' title='bbox 1243 4757 1336 4826; x_wconf 78' lang='lat' dir='ltr'><strong>aliqua</strong></span> <span class='ocrx_word' id='word_1_720' title='bbox 1378 4762 1466 4812; x_wconf 86' lang='lat' dir='ltr'><strong>secuta</strong></span> <span class='ocrx_word' id='word_1_721' title='bbox 1488 4773 1535 4814; x_wconf 90' lang='lat' dir='ltr'><strong>nos</strong></span> <span class='ocrx_word' id='word_1_722' title='bbox 1549 4762 1635 4828; x_wconf 74' lang='lat' dir='ltr'><strong>mogus</strong></span> <span class='ocrx_word' id='word_1_723' title='bbox 1655 4761 1828 4829; x_wconf 76' lang='lat' dir='ltr'><strong>impugnent.</strong></span> 
     </span>
     <span class='ocr_line' id='line_1_58' title="bbox 190 4819 1830 4897; baseline 0.007 -21"><span class='ocrx_word' id='word_1_724' title='bbox 190 4820 271 4888; x_wconf 91' lang='lat' dir='ltr'><strong>citur,</strong></span> <span class='ocrx_word' id='word_1_725' title='bbox 290 4820 380 4893; x_wconf 87' lang='lat' dir='ltr'><strong>aliqua</strong></span> <span class='ocrx_word' id='word_1_726' title='bbox 395 4819 429 4877; x_wconf 91' lang='lat' dir='ltr'><strong>de</strong></span> <span class='ocrx_word' id='word_1_727' title='bbox 453 4819 669 4893; x_wconf 67' lang='lat' dir='ltr'><strong>praememoratis</strong></span> <span class='ocrx_word' id='word_1_728' title='bbox 687 4820 892 4880; x_wconf 88' lang='lat' dir='ltr'><strong>conditionibus</strong></span> <span class='ocrx_word' id='word_1_729' title='bbox 904 4823 971 4882; x_wconf 87' lang='lat' dir='ltr'><strong>deli·</strong></span> <span class='ocrx_word' id='word_1_730' title='bbox 1025 4827 1220 4884; x_wconf 84' lang='lat' dir='ltr'><strong>Onnisautem</strong></span> <span class='ocrx_word' id='word_1_731' title='bbox 1241 4842 1335 4897; x_wconf 81' lang='lat' dir='ltr'><strong>corpor</strong></span> <span class='ocrx_word' id='word_1_732' title='bbox 1364 4829 1527 4896; x_wconf 72' lang='lat' dir='ltr'><strong>udetectus</strong></span> <span class='ocrx_word' id='word_1_733' title='bbox 1541 4830 1574 4885; x_wconf 88' lang='lat' dir='ltr'><strong>de</strong></span> <span class='ocrx_word' id='word_1_734' title='bbox 1591 4830 1668 4886; x_wconf 87' lang='lat' dir='ltr'><strong>seed</strong></span> <span class='ocrx_word' id='word_1_735' title='bbox 1682 4832 1830 4888; x_wconf 73' lang='lat' dir='ltr'><strong>insidiam</strong></span> 
     </span>
     <span class='ocr_line' id='line_1_59' title="bbox 170 4890 1829 4973; baseline 0.008 -27"><span class='ocrx_word' id='word_1_736' title='bbox 170 4890 268 4947; x_wconf 76' lang='lat' dir='ltr'><strong>mente.</strong></span> <span class='ocrx_word' id='word_1_737' title='bbox 1024 4897 1160 4969; x_wconf 74' lang='lat' dir='ltr'><strong>disponit:</strong></span> <span class='ocrx_word' id='word_1_738' title='bbox 1175 4902 1201 4954; x_wconf 92' lang='lat' dir='ltr'><strong>et</strong></span> <span class='ocrx_word' id='word_1_739' title='bbox 1219 4898 1528 4969; x_wconf 77' lang='lat' dir='ltr'><strong>ideojejuuontescirua</strong></span> <span class='ocrx_word' id='word_1_740' title='bbox 1540 4903 1698 4966; x_wconf 61' lang='lat' dir='ltr'><strong>mmrdiem</strong></span> <span class='ocrx_word' id='word_1_741' title='bbox 1713 4902 1829 4973; x_wconf 75' lang='lat' dir='ltr'><strong>amuda</strong></span> 
     </span>
     <span class='ocr_line' id='line_1_60' title="bbox 205 4960 1830 5043; baseline 0.008 -26"><span class='ocrx_word' id='word_1_742' title='bbox 205 4965 218 5037; x_wconf 70' lang='lat'><strong>¹,</strong></span> <span class='ocrx_word' id='word_1_743' title='bbox 231 4960 302 5017; x_wconf 76' lang='lat' dir='ltr'><strong>Alibi</strong></span> <span class='ocrx_word' id='word_1_744' title='bbox 312 4960 378 5018; x_wconf 89' lang='lat' dir='ltr'><strong>dicit</strong></span> <span class='ocrx_word' id='word_1_745' title='bbox 390 4964 499 5028; x_wconf 73' lang='lat' dir='ltr'><strong>(collat.</strong></span> <span class='ocrx_word' id='word_1_746' title='bbox 516 4970 568 5020; x_wconf 77' lang='lat' dir='ltr'><strong>ic.</strong></span> <span class='ocrx_word' id='word_1_747' title='bbox 582 4969 630 5033; x_wconf 80' lang='lat'><strong>10)</strong></span> <span class='ocrx_word' id='word_1_748' title='bbox 646 4985 652 5021; x_wconf 91' lang='lat'>:</span> <span class='ocrx_word' id='word_1_749' title='bbox 670 4967 800 5022; x_wconf 69' lang='lat' dir='ltr'><strong>tristitiis</strong></span> <span class='ocrx_word' id='word_1_750' title='bbox 808 4967 914 5032; x_wconf 81' lang='lat' dir='ltr'><strong>acedia,</strong></span> <span class='ocrx_word' id='word_1_751' title='bbox 925 4983 970 5024; x_wconf 85' lang='lat' dir='ltr'><strong>ce-</strong></span> <span class='ocrx_word' id='word_1_752' title='bbox 1019 4968 1080 5038; x_wconf 73' lang='lat' dir='ltr'><strong>J&#39;am</strong></span> <span class='ocrx_word' id='word_1_753' title='bbox 1092 4971 1224 5040; x_wconf 88' lang='lat' dir='ltr'><strong>incipiunt</strong></span> <span class='ocrx_word' id='word_1_754' title='bbox 1236 4972 1336 5025; x_wconf 68' lang='lat' dir='ltr'><strong>emines</strong></span> <span class='ocrx_word' id='word_1_755' title='bbox 1349 4970 1483 5040; x_wconf 63' lang='lat' dir='ltr'><strong>miratum</strong></span> <span class='ocrx_word' id='word_1_756' title='bbox 1492 4973 1555 5036; x_wconf 86' lang='lat' dir='ltr'><strong>cibi,</strong></span> <span class='ocrx_word' id='word_1_757' title='bbox 1568 4976 1594 5028; x_wconf 91' lang='lat' dir='ltr'><strong>et</strong></span> <span class='ocrx_word' id='word_1_758' title='bbox 1606 4975 1700 5043; x_wconf 71' lang='lat' dir='ltr'><strong>urani</strong></span> <span class='ocrx_word' id='word_1_759' title='bbox 1708 4975 1744 5028; x_wconf 84' lang='lat' dir='ltr'><strong>ab</strong></span> <span class='ocrx_word' id='word_1_760' title='bbox 1752 4975 1830 5031; x_wconf 56' lang='lat' dir='ltr'><strong>asti</strong></span> 
     </span>
     <span class='ocr_line' id='line_1_61' title="bbox 169 5032 1830 5113; baseline 0.011 -30"><span class='ocrx_word' id='word_1_761' title='bbox 169 5032 805 5113; x_wconf 70' lang='lat' dir='ltr'><strong>nodosiorsuperbmsomttiari&#39;teroorijungatur.</strong></span> <span class='ocrx_word' id='word_1_762' title='bbox 816 5037 856 5094; x_wconf 92' lang='lat' dir='ltr'><strong>lili</strong></span> <span class='ocrx_word' id='word_1_763' title='bbox 869 5039 971 5098; x_wconf 86' lang='lat' dir='ltr'><strong>scilicet</strong></span> <span class='ocrx_word' id='word_1_764' title='bbox 1025 5040 1073 5095; x_wconf 85' lang='lat' dir='ltr'><strong>bris</strong></span> <span class='ocrx_word' id='word_1_765' title='bbox 1086 5043 1160 5105; x_wconf 74' lang='lat' dir='ltr'><strong>solis</strong></span> <span class='ocrx_word' id='word_1_766' title='bbox 1171 5044 1260 5111; x_wconf 81' lang='lat' dir='ltr'><strong>magis</strong></span> <span class='ocrx_word' id='word_1_767' title='bbox 1269 5041 1304 5096; x_wconf 89' lang='lat' dir='ltr'><strong>ab</strong></span> <span class='ocrx_word' id='word_1_768' title='bbox 1310 5042 1403 5097; x_wconf 78' lang='lat' dir='ltr'><strong>acedm</strong></span> <span class='ocrx_word' id='word_1_769' title='bbox 1411 5044 1618 5113; x_wconf 77' lang='lat' dir='ltr'><strong>impugnantur.</strong></span> <span class='ocrx_word' id='word_1_770' title='bbox 1634 5046 1702 5101; x_wconf 78' lang='lat' dir='ltr'><strong>liaec</strong></span> <span class='ocrx_word' id='word_1_771' title='bbox 1712 5046 1742 5102; x_wconf 89' lang='lat' dir='ltr'><strong>S.</strong></span> <span class='ocrx_word' id='word_1_772' title='bbox 1751 5043 1830 5102; x_wconf 85' lang='lat' dir='ltr'><strong>Tho·</strong></span> 
     </span>
     <span class='ocr_line' id='line_1_62' title="bbox 171 5102 1829 5185; baseline 0.01 -29"><span class='ocrx_word' id='word_1_773' title='bbox 171 5102 342 5184; x_wconf 31' lang='lat' dir='ltr'><strong>tristitie-de</strong></span> <span class='ocrx_word' id='word_1_774' title='bbox 349 5119 403 5185; x_wconf 78' lang='lat' dir='ltr'><strong>qua</strong></span> <span class='ocrx_word' id='word_1_775' title='bbox 413 5106 553 5185; x_wconf 82' lang='lat' dir='ltr'><strong>superiore</strong></span> <span class='ocrx_word' id='word_1_776' title='bbox 561 5107 630 5164; x_wconf 91' lang='lat' dir='ltr'><strong>libro</strong></span> <span class='ocrx_word' id='word_1_777' title='bbox 637 5118 732 5165; x_wconf 89' lang='lat' dir='ltr'><strong>actum</strong></span> <span class='ocrx_word' id='word_1_778' title='bbox 738 5113 796 5176; x_wconf 83' lang='lat' dir='ltr'><strong>est(</strong></span> <span class='ocrx_word' id='word_1_779' title='bbox 806 5110 969 5182; x_wconf 84' lang='lat' dir='ltr'><strong>Ubisupra),</strong></span> <span class='ocrx_word' id='word_1_780' title='bbox 1023 5125 1092 5167; x_wconf 89' lang='lat' dir='ltr'><strong>mas.</strong></span> <span class='ocrx_word' id='word_1_781' title='bbox 1107 5113 1227 5168; x_wconf 84' lang='lat' dir='ltr'><strong>ioannes</strong></span> <span class='ocrx_word' id='word_1_782' title='bbox 1242 5110 1377 5169; x_wconf 80' lang='lat' dir='ltr'><strong>climacus</strong></span> <span class='ocrx_word' id='word_1_783' title='bbox 1390 5117 1476 5185; x_wconf 88' lang='lat' dir='ltr'><strong>gradu</strong></span> <span class='ocrx_word' id='word_1_784' title='bbox 1490 5115 1694 5173; x_wconf 89' lang='lat' dir='ltr'><strong>decimotertio</strong></span> <span class='ocrx_word' id='word_1_785' title='bbox 1708 5131 1766 5172; x_wconf 91' lang='lat' dir='ltr'><strong>non</strong></span> <span class='ocrx_word' id='word_1_786' title='bbox 1779 5115 1829 5172; x_wconf 90' lang='lat' dir='ltr'><strong>in·</strong></span> 
     </span>
     <span class='ocr_line' id='line_1_63' title="bbox 170 5170 1828 5259; baseline 0.011 -33"><span class='ocrx_word' id='word_1_787' title='bbox 170 5170 489 5255; x_wconf 60' lang='lat' dir='ltr'><strong>liocest31mpatrentiae,</strong></span> <span class='ocrx_word' id='word_1_788' title='bbox 503 5190 564 5246; x_wconf 87' lang='lat' dir='ltr'><strong>quae</strong></span> <span class='ocrx_word' id='word_1_789' title='bbox 577 5186 605 5232; x_wconf 85' lang='lat' dir='ltr'><strong>ct</strong></span> <span class='ocrx_word' id='word_1_790' title='bbox 618 5178 674 5250; x_wconf 82' lang='lat' dir='ltr'><strong>ipsa</strong></span> <span class='ocrx_word' id='word_1_791' title='bbox 686 5180 790 5251; x_wconf 87' lang='lat' dir='ltr'><strong>species</strong></span> <span class='ocrx_word' id='word_1_792' title='bbox 801 5188 843 5236; x_wconf 85' lang='lat' dir='ltr'><strong>est</strong></span> <span class='ocrx_word' id='word_1_793' title='bbox 852 5182 970 5239; x_wconf 87' lang='lat' dir='ltr'><strong>tristitiae</strong></span> <span class='ocrx_word' id='word_1_794' title='bbox 1022 5182 1089 5239; x_wconf 88' lang='lat' dir='ltr'><strong>scite</strong></span> <span class='ocrx_word' id='word_1_795' title='bbox 1102 5183 1130 5240; x_wconf 91' lang='lat' dir='ltr'><strong>in</strong></span> <span class='ocrx_word' id='word_1_796' title='bbox 1154 5181 1280 5239; x_wconf 84' lang='lat' dir='ltr'><strong>camdem</strong></span> <span class='ocrx_word' id='word_1_797' title='bbox 1294 5185 1455 5241; x_wconf 87' lang='lat' dir='ltr'><strong>sententiam</strong></span> <span class='ocrx_word' id='word_1_798' title='bbox 1477 5203 1484 5240; x_wconf 76' lang='grc' dir='ltr'><strong>ε</strong></span> <span class='ocrx_word' id='word_1_799' title='bbox 1509 5188 1596 5251; x_wconf 78' lang='lat' dir='ltr'><strong>Mane,</strong></span> <span class='ocrx_word' id='word_1_800' title='bbox 1616 5186 1705 5258; x_wconf 83' lang='lat' dir='ltr'><strong>inquit</strong></span> <span class='ocrx_word' id='word_1_801' title='bbox 1715 5229 1723 5256; x_wconf 97' lang='lat'><strong>,</strong></span> <span class='ocrx_word' id='word_1_802' title='bbox 1735 5189 1828 5259; x_wconf 81' lang='lat' dir='ltr'><strong>pn&#39;ttin</strong></span> 
     </span>
     <span class='ocr_line' id='line_1_64' title="bbox 169 5244 1828 5324; baseline 0.013 -28"><span class='ocrx_word' id='word_1_803' title='bbox 169 5244 330 5314; x_wconf 77' lang='lat' dir='ltr'><strong>generaliter</strong></span> <span class='ocrx_word' id='word_1_804' title='bbox 342 5252 460 5316; x_wconf 78' lang='lat' dir='ltr'><strong>accepta·</strong></span> <span class='ocrx_word' id='word_1_805' title='bbox 479 5246 551 5317; x_wconf 88' lang='lat' dir='ltr'><strong>apud</strong></span> <span class='ocrx_word' id='word_1_806' title='bbox 567 5250 767 5307; x_wconf 87' lang='lat' dir='ltr'><strong>Damascenum</strong></span> <span class='ocrx_word' id='word_1_807' title='bbox 783 5290 791 5314; x_wconf 91' lang='lat'><strong>,</strong></span> <span class='ocrx_word' id='word_1_808' title='bbox 806 5259 835 5306; x_wconf 90' lang='lat' dir='ltr'><strong>et</strong></span> <span class='ocrx_word' id='word_1_809' title='bbox 843 5252 970 5310; x_wconf 89' lang='lat' dir='ltr'><strong>molestia</strong></span> <span class='ocrx_word' id='word_1_810' title='bbox 1023 5255 1180 5324; x_wconf 77' lang='lat' dir='ltr'><strong>languentes</strong></span> <span class='ocrx_word' id='word_1_811' title='bbox 1187 5255 1304 5311; x_wconf 79' lang='lat' dir='ltr'><strong>mediam</strong></span> <span class='ocrx_word' id='word_1_812' title='bbox 1311 5257 1415 5321; x_wconf 69' lang='lat' dir='ltr'><strong>adimi,</strong></span> <span class='ocrx_word' id='word_1_813' title='bbox 1424 5257 1517 5313; x_wconf 85' lang='lat' dir='ltr'><strong>acedia</strong></span> <span class='ocrx_word' id='word_1_814' title='bbox 1527 5274 1589 5314; x_wconf 85' lang='lat' dir='ltr'><strong>uero</strong></span> <span class='ocrx_word' id='word_1_815' title='bbox 1599 5260 1741 5317; x_wconf 79' lang='lat' dir='ltr'><strong>monuobos</strong></span> <span class='ocrx_word' id='word_1_816' title='bbox 1752 5261 1828 5316; x_wconf 77' lang='lat' dir='ltr'><strong>cir-oo</strong></span> 
     </span>
     <span class='ocr_line' id='line_1_65' title="bbox 168 5315 1236 5394; baseline 0.015 -26"><span class='ocrx_word' id='word_1_817' title='bbox 168 5321 337 5385; x_wconf 78' lang='lat' dir='ltr'><strong>nuncupata3</strong></span> <span class='ocrx_word' id='word_1_818' title='bbox 351 5316 392 5371; x_wconf 88' lang='lat' dir='ltr'><strong>rel</strong></span> <span class='ocrx_word' id='word_1_819' title='bbox 403 5315 520 5372; x_wconf 82' lang='lat' dir='ltr'><strong>tristitiae</strong></span> <span class='ocrx_word' id='word_1_820' title='bbox 532 5316 614 5391; x_wconf 85' lang='lat' dir='ltr'><strong>hujus</strong></span> <span class='ocrx_word' id='word_1_821' title='bbox 624 5321 970 5394; x_wconf 74' lang='lat' dir='ltr'><strong>saculi,qtiae,secimdum</strong></span> <span class='ocrx_word' id='word_1_822' title='bbox 1023 5327 1170 5382; x_wconf 77' lang='lat' dir='ltr'><strong>meridiem.</strong></span> <span class='ocrx_word' id='word_1_823' title='bbox 1233 5362 1236 5368; x_wconf 92' lang='lat'>·</span> 
     </span>
    </p>
   </div>
   <div class='ocr_carea' id='block_1_5' title="bbox 170 5384 1830 5469">
    <p class='ocr_par' dir='ltr' id='par_1_5' title="bbox 170 5384 1830 5469">
     <span class='ocr_line' id='line_1_66' title="bbox 170 5384 1830 5469; baseline 0.016 -31"><span class='ocrx_word' id='word_1_824' title='bbox 170 5384 610 5466; x_wconf 80' lang='lat' dir='ltr'><strong>Apostolum,lfertemoperotur</strong></span> <span class='ocrx_word' id='word_1_825' title='bbox 624 5393 666 5457; x_wconf 90' lang='lat' dir='ltr'><strong>(ll</strong></span> <span class='ocrx_word' id='word_1_826' title='bbox 682 5392 969 5465; x_wconf 62' lang='lat' dir='ltr'><strong>scrutiniatum</strong></span> <span class='ocrx_word' id='word_1_827' title='bbox 1059 5384 1289 5469; x_wconf 66' lang='lat' dir='ltr'><strong>discessiones,</strong></span> <span class='ocrx_word' id='word_1_828' title='bbox 1313 5398 1351 5456; x_wconf 91' lang='lat' dir='ltr'><strong>ait</strong></span> <span class='ocrx_word' id='word_1_829' title='bbox 1371 5399 1516 5459; x_wconf 88' lang='lat' dir='ltr'><strong>Ciaconius</strong></span> <span class='ocrx_word' id='word_1_830' title='bbox 1564 5411 1632 5461; x_wconf 89' lang='lat' dir='ltr'><strong>sunt</strong></span> <span class='ocrx_word' id='word_1_831' title='bbox 1655 5402 1830 5464; x_wconf 83' lang='lat' dir='ltr'><strong>ardentiores</strong></span> 
     </span>
    </p>
   </div>
   <div class='ocr_carea' id='block_1_6' title="bbox 169 5443 1904 5550">
    <p class='ocr_par' dir='ltr' id='par_1_6' title="bbox 169 5443 1904 5550">
     <span class='ocr_line' id='line_1_67' title="bbox 169 5443 1904 5550; baseline 0.014 -39"><span class='ocrx_word' id='word_1_832' title='bbox 169 5463 251 5512; x_wconf 87' lang='lat' dir='ltr'><strong>enam</strong></span> <span class='ocrx_word' id='word_1_833' title='bbox 261 5458 380 5529; x_wconf 87' lang='lat' dir='ltr'><strong>pertinet</strong></span> <span class='ocrx_word' id='word_1_834' title='bbox 391 5458 493 5515; x_wconf 86' lang='lat' dir='ltr'><strong>acedia.</strong></span> <span class='ocrx_word' id='word_1_835' title='bbox 507 5462 690 5520; x_wconf 87' lang='lat' dir='ltr'><strong>Norterrr&#39;rnest</strong></span> <span class='ocrx_word' id='word_1_836' title='bbox 702 5465 815 5519; x_wconf 82' lang='lat' dir='ltr'><strong>tristitia</strong></span> <span class='ocrx_word' id='word_1_837' title='bbox 826 5467 969 5524; x_wconf 80' lang='lat' dir='ltr'><strong>sonandum</strong></span> <span class='ocrx_word' id='word_1_838' title='bbox 1023 5476 1118 5532; x_wconf 79' lang='lat' dir='ltr'><strong>aestus,</strong></span> <span class='ocrx_word' id='word_1_839' title='bbox 1128 5469 1176 5540; x_wconf 86' lang='lat' dir='ltr'><strong>qui</strong></span> <span class='ocrx_word' id='word_1_840' title='bbox 1191 5469 1270 5526; x_wconf 91' lang='lat' dir='ltr'><strong>statis</strong></span> <span class='ocrx_word' id='word_1_841' title='bbox 1279 5471 1450 5544; x_wconf 86' lang='lat' dir='ltr'><strong>temporibus</strong></span> <span class='ocrx_word' id='word_1_842' title='bbox 1471 5473 1497 5530; x_wconf 94' lang='lat' dir='ltr'><strong>in</strong></span> <span class='ocrx_word' id='word_1_843' title='bbox 1523 5443 1643 5532; x_wconf 75' lang='lat' dir='ltr'><strong>febribus</strong></span> <span class='ocrx_word' id='word_1_844' title='bbox 1656 5474 1827 5550; x_wconf 66' lang='lat' dir='ltr'><strong>mdodicis,</strong></span> <span class='ocrx_word' id='word_1_845' title='bbox 1900 5468 1904 5475; x_wconf 75' lang='grc'><strong>’</strong></span> 
     </span>
    </p>
   </div>
   <div class='ocr_carea' id='block_1_7' title="bbox 167 5528 1829 5907">
    <p class='ocr_par' dir='ltr' id='par_1_7' title="bbox 168 5528 1829 5692">
     <span class='ocr_line' id='line_1_68' title="bbox 169 5528 1829 5615; baseline 0.015 -33"><span class='ocrx_word' id='word_1_846' title='bbox 169 5528 263 5592; x_wconf 80' lang='lat' dir='ltr'><strong>Deum,</strong></span> <span class='ocrx_word' id='word_1_847' title='bbox 299 5545 343 5584; x_wconf 84' lang='lat' dir='ltr'><strong>uo</strong></span> <span class='ocrx_word' id='word_1_848' title='bbox 356 5535 450 5585; x_wconf 90' lang='lat' dir='ltr'><strong>contro</strong></span> <span class='ocrx_word' id='word_1_849' title='bbox 468 5534 614 5588; x_wconf 87' lang='lat' dir='ltr'><strong>tristitiom</strong></span> <span class='ocrx_word' id='word_1_850' title='bbox 627 5535 814 5605; x_wconf 66' lang='lat' dir='ltr'><strong>bidussecuti</strong></span> <span class='ocrx_word' id='word_1_851' title='bbox 824 5536 968 5608; x_wconf 69' lang='lat' dir='ltr'><strong>dictatur,</strong></span> <span class='ocrx_word' id='word_1_852' title='bbox 1024 5538 1190 5612; x_wconf 84' lang='lat' dir='ltr'><strong>quotidianis</strong></span> <span class='ocrx_word' id='word_1_853' title='bbox 1211 5540 1357 5612; x_wconf 73' lang='lat' dir='ltr'><strong>riddioet,</strong></span> <span class='ocrx_word' id='word_1_854' title='bbox 1372 5551 1419 5601; x_wconf 90' lang='lat' dir='ltr'><strong>aut</strong></span> <span class='ocrx_word' id='word_1_855' title='bbox 1436 5545 1572 5615; x_wconf 89' lang='lat' dir='ltr'><strong>tertianis,</strong></span> <span class='ocrx_word' id='word_1_856' title='bbox 1598 5555 1745 5606; x_wconf 84' lang='lat' dir='ltr'><strong>recurrunt</strong></span> <span class='ocrx_word' id='word_1_857' title='bbox 1766 5546 1829 5607; x_wconf 65' lang='lat' dir='ltr'><strong>ede</strong></span> 
     </span>
     <span class='ocr_line' id='line_1_69' title="bbox 168 5546 1715 5692; baseline 0.016 -40"><span class='ocrx_word' id='word_1_858' title='bbox 168 5597 247 5655; x_wconf 89' lang='lat' dir='ltr'><strong>aits.</strong></span> <span class='ocrx_word' id='word_1_859' title='bbox 264 5546 394 5657; x_wconf 55' lang='lat' dir='ltr'><strong>‘simmae</strong></span> <span class='ocrx_word' id='word_1_860' title='bbox 405 5602 539 5686; x_wconf 82' lang='lat' dir='ltr'><strong>Quamob</strong></span> <span class='ocrx_word' id='word_1_861' title='bbox 551 5619 661 5661; x_wconf 89' lang='lat' dir='ltr'><strong>causam</strong></span> <span class='ocrx_word' id='word_1_862' title='bbox 677 5606 759 5662; x_wconf 88' lang='lat' dir='ltr'><strong>etiam</strong></span> <span class='ocrx_word' id='word_1_863' title='bbox 775 5608 810 5661; x_wconf 92' lang='lat' dir='ltr'><strong>D.</strong></span> <span class='ocrx_word' id='word_1_864' title='bbox 819 5606 969 5683; x_wconf 82' lang='lat' dir='ltr'><strong>Gregorius</strong></span> <span class='ocrx_word' id='word_1_865' title='bbox 1023 5610 1124 5684; x_wconf 86' lang='lat' dir='ltr'><strong>quibus</strong></span> <span class='ocrx_word' id='word_1_866' title='bbox 1137 5612 1224 5669; x_wconf 88' lang='lat' dir='ltr'><strong>mults</strong></span> <span class='ocrx_word' id='word_1_867' title='bbox 1237 5613 1378 5672; x_wconf 89' lang='lat' dir='ltr'><strong>Cornelius</strong></span> <span class='ocrx_word' id='word_1_868' title='bbox 1388 5615 1715 5692; x_wconf 78' lang='lat' dir='ltr'><strong>Celsuslib.111cap.s.</strong></span> 
     </span>
    </p>

    <p class='ocr_par' dir='ltr' id='par_1_8' title="bbox 167 5671 1828 5907">
     <span class='ocr_line' id='line_1_70' title="bbox 167 5671 1828 5758; baseline 0.016 -34"><span class='ocrx_word' id='word_1_869' title='bbox 167 5671 249 5751; x_wconf 67' lang='lat' dir='ltr'><strong>it-t,</strong></span> <span class='ocrx_word' id='word_1_870' title='bbox 263 5687 289 5741; x_wconf 84' lang='lat' dir='ltr'><strong>q.</strong></span> <span class='ocrx_word' id='word_1_871' title='bbox 304 5678 350 5754; x_wconf 71' lang='lat' dir='ltr'><strong>us,</strong></span> <span class='ocrx_word' id='word_1_872' title='bbox 363 5679 441 5755; x_wconf 57' lang='lat' dir='ltr'><strong>aa,</strong></span> <span class='ocrx_word' id='word_1_873' title='bbox 453 5674 512 5757; x_wconf 68' lang='lat' dir='ltr'><strong>bib.</strong></span> <span class='ocrx_word' id='word_1_874' title='bbox 527 5689 553 5731; x_wconf 92' lang='grc' dir='ltr'><strong>ιι</strong></span> <span class='ocrx_word' id='word_1_875' title='bbox 564 5677 598 5758; x_wconf 79' lang='lat' dir='ltr'><strong>de</strong></span> <span class='ocrx_word' id='word_1_876' title='bbox 609 5679 719 5734; x_wconf 87' lang='lat' dir='ltr'><strong>Summo</strong></span> <span class='ocrx_word' id='word_1_877' title='bbox 730 5680 803 5734; x_wconf 84' lang='lat' dir='ltr'><strong>Bono</strong></span> <span class='ocrx_word' id='word_1_878' title='bbox 815 5695 836 5735; x_wconf 89' lang='lat' dir='ltr'><strong>c.</strong></span> <span class='ocrx_word' id='word_1_879' title='bbox 849 5685 898 5748; x_wconf 78' lang='lat' dir='ltr'><strong>tt)</strong></span> <span class='ocrx_word' id='word_1_880' title='bbox 909 5696 969 5739; x_wconf 90' lang='lat' dir='ltr'><strong>aco-</strong></span> <span class='ocrx_word' id='word_1_881' title='bbox 1058 5689 1070 5714; x_wconf 77' lang='lat'><strong>⁶</strong></span> <span class='ocrx_word' id='word_1_882' title='bbox 1091 5685 1270 5751; x_wconf 74' lang='lat' dir='ltr'><strong>Damonem,</strong></span> <span class='ocrx_word' id='word_1_883' title='bbox 1286 5686 1343 5743; x_wconf 85' lang='lat' dir='ltr'><strong>sive</strong></span> <span class='ocrx_word' id='word_1_884' title='bbox 1365 5685 1535 5746; x_wconf 80' lang='lat' dir='ltr'><strong>daemonium</strong></span> <span class='ocrx_word' id='word_1_885' title='bbox 1549 5688 1733 5748; x_wconf 87' lang='lat' dir='ltr'><strong>meridianum</strong></span> <span class='ocrx_word' id='word_1_886' title='bbox 1751 5691 1828 5750; x_wconf 80' lang='lat' dir='ltr'><strong>varta</strong></span> 
     </span>
     <span class='ocr_line' id='line_1_71' title="bbox 168 5737 1824 5837; baseline 0.016 -42"><span class='ocrx_word' id='word_1_887' title='bbox 168 5737 241 5796; x_wconf 86' lang='lat' dir='ltr'><strong>diam</strong></span> <span class='ocrx_word' id='word_1_888' title='bbox 256 5751 355 5800; x_wconf 89' lang='lat' dir='ltr'><strong>merito</strong></span> <span class='ocrx_word' id='word_1_889' title='bbox 366 5751 504 5801; x_wconf 81' lang='lat' dir='ltr'><strong>uisuuam</strong></span> <span class='ocrx_word' id='word_1_890' title='bbox 512 5756 645 5803; x_wconf 88' lang='lat' dir='ltr'><strong>nominat.</strong></span> <span class='ocrx_word' id='word_1_891' title='bbox 662 5749 748 5804; x_wconf 86' lang='lat' dir='ltr'><strong>Porro</strong></span> <span class='ocrx_word' id='word_1_892' title='bbox 761 5749 882 5809; x_wconf 89' lang='lat' dir='ltr'><strong>isidorus</strong></span> <span class='ocrx_word' id='word_1_893' title='bbox 891 5752 970 5809; x_wconf 89' lang='lat' dir='ltr'><strong>tristi·</strong></span> <span class='ocrx_word' id='word_1_894' title='bbox 1023 5764 1166 5828; x_wconf 83' lang='lat' dir='ltr'><strong>exponunt</strong></span> <span class='ocrx_word' id='word_1_895' title='bbox 1176 5759 1288 5829; x_wconf 89' lang='lat' dir='ltr'><strong>Patres,</strong></span> <span class='ocrx_word' id='word_1_896' title='bbox 1307 5757 1542 5830; x_wconf 87' lang='lat' dir='ltr'><strong>quemadmodum</strong></span> <span class='ocrx_word' id='word_1_897' title='bbox 1566 5768 1593 5817; x_wconf 90' lang='lat' dir='ltr'><strong>et</strong></span> <span class='ocrx_word' id='word_1_898' title='bbox 1613 5761 1666 5818; x_wconf 87' lang='lat' dir='ltr'><strong>alia</strong></span> <span class='ocrx_word' id='word_1_899' title='bbox 1685 5762 1824 5837; x_wconf 59' lang='lat' dir='ltr'><strong>periotdm</strong></span> 
     </span>
     <span class='ocr_line' id='line_1_72' title="bbox 167 5810 1827 5907; baseline 0.016 -37"><span class='ocrx_word' id='word_1_900' title='bbox 167 5810 237 5870; x_wconf 81' lang='lat' dir='ltr'><strong>tiana</strong></span> <span class='ocrx_word' id='word_1_901' title='bbox 250 5813 285 5874; x_wconf 85' lang='lat' dir='ltr'><strong>ab</strong></span> <span class='ocrx_word' id='word_1_902' title='bbox 301 5815 394 5875; x_wconf 83' lang='lat' dir='ltr'><strong>tmdia</strong></span> <span class='ocrx_word' id='word_1_903' title='bbox 417 5815 521 5876; x_wconf 88' lang='lat' dir='ltr'><strong>ratione</strong></span> <span class='ocrx_word' id='word_1_904' title='bbox 531 5819 728 5878; x_wconf 85' lang='lat' dir='ltr'><strong>tautummodo</strong></span> <span class='ocrx_word' id='word_1_905' title='bbox 749 5819 893 5897; x_wconf 89' lang='lat' dir='ltr'><strong>distinguit</strong></span> <span class='ocrx_word' id='word_1_906' title='bbox 914 5826 970 5884; x_wconf 86' lang='lat' dir='ltr'><strong>:si</strong></span> <span class='ocrx_word' id='word_1_907' title='bbox 1024 5824 1081 5884; x_wconf 88' lang='lat' dir='ltr'><strong>sire</strong></span> <span class='ocrx_word' id='word_1_908' title='bbox 1092 5826 1191 5886; x_wconf 84' lang='lat' dir='ltr'><strong>demna</strong></span> <span class='ocrx_word' id='word_1_909' title='bbox 1202 5827 1283 5887; x_wconf 89' lang='lat' dir='ltr'><strong>nobis</strong></span> <span class='ocrx_word' id='word_1_910' title='bbox 1297 5829 1500 5904; x_wconf 84' lang='lat' dir='ltr'><strong>impendentia,</strong></span> <span class='ocrx_word' id='word_1_911' title='bbox 1512 5846 1575 5907; x_wconf 78' lang='lat' dir='ltr'><strong>quae</strong></span> <span class='ocrx_word' id='word_1_912' title='bbox 1587 5831 1614 5890; x_wconf 92' lang='lat' dir='ltr'><strong>in</strong></span> <span class='ocrx_word' id='word_1_913' title='bbox 1629 5831 1676 5891; x_wconf 92' lang='lat' dir='ltr'><strong>illo</strong></span> <span class='ocrx_word' id='word_1_914' title='bbox 1688 5834 1827 5895; x_wconf 68' lang='lat' dir='ltr'><strong>mamis</strong></span> 
     </span>
    </p>
   </div>
   <div class='ocr_carea' id='block_1_8' title="bbox 0 0 1928 6150">
    <p class='ocr_par' dir='ltr' id='par_1_9' title="bbox 0 0 1928 6150">
     <span class='ocr_line' id='line_1_73' title="bbox 0 0 1928 6150; baseline 0 0"><span class='ocrx_word' id='word_1_915' title='bbox 0 0 1928 6150; x_wconf 95' lang='lat' dir='ltr'><strong> </strong></span> 
     </span>
    </p>
   </div>
  </div>
 </body>
</html>
