<?xml version="1.0" encoding="UTF-8"?>
<!DOCTYPE html PUBLIC "-//W3C//DTD XHTML 1.0 Transitional//EN"
    "http://www.w3.org/TR/xhtml1/DTD/xhtml1-transitional.dtd">
<html xmlns="http://www.w3.org/1999/xhtml" xml:lang="en" lang="en">
 <head>
  <title>
</title>
<meta http-equiv="Content-Type" content="text/html;charset=utf-8" />
  <meta name='ocr-system' content='tesseract 3.04.00' />
  <meta name='ocr-capabilities' content='ocr_page ocr_carea ocr_par ocr_line ocrx_word'/>
</head>
<body>
  <div class='ocr_page' id='page_1' title='image "./patrologiaecurs29unkngoog/patrologiaecurs29unkngoog_0490.png"; bbox 0 0 3848 6158; ppageno 0'>
   <div class='ocr_carea' id='block_1_1' title="bbox 81 262 133 317">
    <p class='ocr_par' dir='ltr' id='par_1_1' title="bbox 81 262 133 317">
     <span class='ocr_line' id='line_1_1' title="bbox 81 262 133 317; baseline 0.038 -2"><span class='ocrx_word' id='word_1_1' title='bbox 81 262 133 317; x_wconf 76' lang='lat'><strong><em>965</em></strong></span> 
     </span>
    </p>
   </div>
   <div class='ocr_carea' id='block_1_2' title="bbox 534 257 1288 317">
    <p class='ocr_par' dir='ltr' id='par_1_2' title="bbox 534 257 1288 317">
     <span class='ocr_line' id='line_1_2' title="bbox 534 257 1288 317; baseline 0.003 -4"><span class='ocrx_word' id='word_1_2' title='bbox 534 257 705 317; x_wconf 75' lang='lat' dir='ltr'><strong><em>(IOLLthO</em></strong></span> <span class='ocrx_word' id='word_1_3' title='bbox 725 260 793 316; x_wconf 81' lang='lat' dir='ltr'><strong><em>xll&#39;.</em></strong></span> <span class='ocrx_word' id='word_1_4' title='bbox 813 288 849 300; x_wconf 92' lang='lat'><strong><em>-—</em></strong></span> <span class='ocrx_word' id='word_1_5' title='bbox 869 260 913 313; x_wconf 87' lang='lat' dir='ltr'><strong><em>DE</em></strong></span> <span class='ocrx_word' id='word_1_6' title='bbox 932 258 1102 315; x_wconf 76' lang='lat' dir='ltr'><strong><em>sellettatl</em></strong></span> <span class='ocrx_word' id='word_1_7' title='bbox 1121 260 1288 315; x_wconf 78' lang='lat' dir='ltr'><strong><em>SClENTlh.</em></strong></span> 
     </span>
    </p>
   </div>
   <div class='ocr_carea' id='block_1_3' title="bbox 1691 272 1748 325">
    <p class='ocr_par' dir='ltr' id='par_1_3' title="bbox 1691 272 1748 325">
     <span class='ocr_line' id='line_1_3' title="bbox 1691 272 1748 325; baseline 0.018 -1"><span class='ocrx_word' id='word_1_8' title='bbox 1691 272 1748 325; x_wconf 78' lang='lat' dir='ltr'><strong><em>uolt</em></strong></span> 
     </span>
    </p>
   </div>
   <div class='ocr_carea' id='block_1_4' title="bbox 81 382 1742 463">
    <p class='ocr_par' dir='ltr' id='par_1_4' title="bbox 81 382 1742 463">
     <span class='ocr_line' id='line_1_4' title="bbox 81 382 1742 463; baseline 0.005 -22"><span class='ocrx_word' id='word_1_9' title='bbox 81 400 157 441; x_wconf 85' lang='lat' dir='ltr'><strong><em>nure</em></strong></span> <span class='ocrx_word' id='word_1_10' title='bbox 174 388 257 441; x_wconf 83' lang='lat' dir='ltr'><strong><em>Decem</em></strong></span> <span class='ocrx_word' id='word_1_11' title='bbox 273 384 294 457; x_wconf 90' lang='lat' dir='ltr'><strong><em>(l</em></strong></span> <span class='ocrx_word' id='word_1_12' title='bbox 317 384 374 441; x_wconf 65' lang='lat' dir='ltr'><strong><em>Corn</em></strong></span> <span class='ocrx_word' id='word_1_13' title='bbox 398 386 455 450; x_wconf 84' lang='grc' dir='ltr'><strong>ιιι).</strong></span> <span class='ocrx_word' id='word_1_14' title='bbox 475 383 544 452; x_wconf 83' lang='lat' dir='ltr'><strong><em>Quae</em></strong></span> <span class='ocrx_word' id='word_1_15' title='bbox 562 383 641 447; x_wconf 90' lang='lat' dir='ltr'><strong><em>ratio,</em></strong></span> <span class='ocrx_word' id='word_1_16' title='bbox 660 392 692 441; x_wconf 93' lang='lat' dir='ltr'><strong><em>ut</em></strong></span> <span class='ocrx_word' id='word_1_17' title='bbox 715 384 888 453; x_wconf 89' lang='lat' dir='ltr'><strong><em>dictumest,</em></strong></span> <span class='ocrx_word' id='word_1_18' title='bbox 902 388 928 451; x_wconf 79' lang='grc' dir='ltr'>Λ</span> <span class='ocrx_word' id='word_1_19' title='bbox 943 382 1024 440; x_wconf 89' lang='lat' dir='ltr'><strong><em>etiam</em></strong></span> <span class='ocrx_word' id='word_1_20' title='bbox 1039 382 1074 439; x_wconf 92' lang='lat' dir='ltr'><strong><em>ad</em></strong></span> <span class='ocrx_word' id='word_1_21' title='bbox 1092 384 1166 439; x_wconf 89' lang='lat' dir='ltr'><strong><em>illam</em></strong></span> <span class='ocrx_word' id='word_1_22' title='bbox 1183 382 1217 440; x_wconf 90' lang='lat' dir='ltr'><strong><em>de</em></strong></span> <span class='ocrx_word' id='word_1_23' title='bbox 1236 399 1289 455; x_wconf 90' lang='lat' dir='ltr'><strong><em>qua</em></strong></span> <span class='ocrx_word' id='word_1_24' title='bbox 1301 386 1411 458; x_wconf 75' lang='lat' dir='ltr'><strong>angelus</strong></span> <span class='ocrx_word' id='word_1_25' title='bbox 1424 386 1458 442; x_wconf 82' lang='lat' dir='ltr'><strong><em>ael</em></strong></span> <span class='ocrx_word' id='word_1_26' title='bbox 1472 388 1611 445; x_wconf 75' lang='lat' dir='ltr'><strong><em>haurielem</em></strong></span> <span class='ocrx_word' id='word_1_27' title='bbox 1627 391 1665 446; x_wconf 91' lang='lat' dir='ltr'><strong><em>ait</em></strong></span> <span class='ocrx_word' id='word_1_28' title='bbox 1679 408 1742 463; x_wconf 90' lang='lat' dir='ltr'><strong><em>per-</em></strong></span> 
     </span>
    </p>
   </div>
   <div class='ocr_carea' id='block_1_5' title="bbox 79 478 887 1772">
    <p class='ocr_par' dir='ltr' id='par_1_5' title="bbox 79 478 887 1772">
     <span class='ocr_line' id='line_1_5' title="bbox 81 478 883 553; baseline -0.002 -16"><span class='ocrx_word' id='word_1_29' title='bbox 81 481 218 537; x_wconf 89' lang='lat' dir='ltr'><strong><em>momlem</em></strong></span> <span class='ocrx_word' id='word_1_30' title='bbox 230 478 353 535; x_wconf 88' lang='lat' dir='ltr'><strong><em>continet</em></strong></span> <span class='ocrx_word' id='word_1_31' title='bbox 363 478 543 534; x_wconf 90' lang='lat' dir='ltr'><strong><em>intellectum.</em></strong></span> <span class='ocrx_word' id='word_1_32' title='bbox 558 481 626 534; x_wconf 83' lang='lat' dir='ltr'><strong>Item</strong></span> <span class='ocrx_word' id='word_1_33' title='bbox 638 479 791 551; x_wconf 89' lang='lat' dir='ltr'><strong><em>prophetia,</em></strong></span> <span class='ocrx_word' id='word_1_34' title='bbox 801 495 883 553; x_wconf 92' lang='lat' dir='ltr'><strong><em>qnam</em></strong></span> 
     </span>
     <span class='ocr_line' id='line_1_6' title="bbox 82 572 886 646; baseline 0 -17"><span class='ocrx_word' id='word_1_35' title='bbox 82 574 163 631; x_wconf 91' lang='lat' dir='ltr'><strong><em>tertio</em></strong></span> <span class='ocrx_word' id='word_1_36' title='bbox 187 572 336 645; x_wconf 75' lang='lat' dir='ltr'><strong>Apostolus</strong></span> <span class='ocrx_word' id='word_1_37' title='bbox 359 572 449 629; x_wconf 90' lang='lat' dir='ltr'><strong><em>intulit</em></strong></span> <span class='ocrx_word' id='word_1_38' title='bbox 472 572 545 640; x_wconf 83' lang='lat' dir='ltr'><strong><em>loco,</em></strong></span> <span class='ocrx_word' id='word_1_39' title='bbox 569 587 709 645; x_wconf 80' lang='lat' dir='ltr'><strong><em>anagogen</em></strong></span> <span class='ocrx_word' id='word_1_40' title='bbox 723 581 814 641; x_wconf 89' lang='lat' dir='ltr'><strong><em>sonat,</em></strong></span> <span class='ocrx_word' id='word_1_41' title='bbox 838 589 886 646; x_wconf 87' lang='lat' dir='ltr'><strong><em>per</em></strong></span> 
     </span>
     <span class='ocr_line' id='line_1_7' title="bbox 82 664 886 739; baseline 0 -16"><span class='ocrx_word' id='word_1_42' title='bbox 82 682 165 739; x_wconf 93' lang='lat' dir='ltr'><strong><em>quam</em></strong></span> <span class='ocrx_word' id='word_1_43' title='bbox 182 666 217 723; x_wconf 91' lang='lat' dir='ltr'><strong><em>ad</em></strong></span> <span class='ocrx_word' id='word_1_44' title='bbox 230 665 371 723; x_wconf 77' lang='lat' dir='ltr'><strong><em>invisibilia</em></strong></span> <span class='ocrx_word' id='word_1_45' title='bbox 388 682 420 721; x_wconf 87' lang='lat' dir='ltr'><strong><em>ae</em></strong></span> <span class='ocrx_word' id='word_1_46' title='bbox 437 664 529 722; x_wconf 80' lang='lat' dir='ltr'><strong><em>futura</em></strong></span> <span class='ocrx_word' id='word_1_47' title='bbox 549 681 641 723; x_wconf 89' lang='lat' dir='ltr'><strong><em>sermo</em></strong></span> <span class='ocrx_word' id='word_1_48' title='bbox 662 667 833 727; x_wconf 80' lang='lat' dir='ltr'><strong><em>transfertur.</em></strong></span> <span class='ocrx_word' id='word_1_49' title='bbox 856 677 886 723; x_wconf 91' lang='lat' dir='ltr'><strong><em>ut</em></strong></span> 
     </span>
     <span class='ocr_line' id='line_1_8' title="bbox 83 760 886 830; baseline -0.001 -12"><span class='ocrx_word' id='word_1_50' title='bbox 83 770 126 819; x_wconf 85' lang='lat' dir='ltr'><strong><em>esi</em></strong></span> <span class='ocrx_word' id='word_1_51' title='bbox 143 760 229 818; x_wconf 83' lang='lat' dir='ltr'><strong><em>illud:</em></strong></span> <span class='ocrx_word' id='word_1_52' title='bbox 246 762 374 820; x_wconf 74' lang='lat' dir='ltr'><strong><em>Nolumus</em></strong></span> <span class='ocrx_word' id='word_1_53' title='bbox 395 766 485 816; x_wconf 86' lang='lat' dir='ltr'><strong><em>nutem</em></strong></span> <span class='ocrx_word' id='word_1_54' title='bbox 505 776 550 816; x_wconf 87' lang='lat' dir='ltr'><strong><em>ros</em></strong></span> <span class='ocrx_word' id='word_1_55' title='bbox 565 763 702 829; x_wconf 83' lang='lat' dir='ltr'><strong><em>iquornrc,</em></strong></span> <span class='ocrx_word' id='word_1_56' title='bbox 725 766 837 830; x_wconf 69' lang='lat' dir='ltr'><strong><em>tratres,</em></strong></span> <span class='ocrx_word' id='word_1_57' title='bbox 852 764 886 817; x_wconf 87' lang='lat' dir='ltr'><strong><em>eie</em></strong></span> 
     </span>
     <span class='ocr_line' id='line_1_9' title="bbox 84 856 887 927; baseline 0.001 -16"><span class='ocrx_word' id='word_1_58' title='bbox 84 856 291 917; x_wconf 87' lang='lat' dir='ltr'><strong><em>dormientibus,</em></strong></span> <span class='ocrx_word' id='word_1_59' title='bbox 303 858 393 909; x_wconf 91' lang='lat' dir='ltr'><strong><em>utnon</em></strong></span> <span class='ocrx_word' id='word_1_60' title='bbox 407 857 610 917; x_wconf 74' lang='lat' dir='ltr'><strong><em>contristemini,</em></strong></span> <span class='ocrx_word' id='word_1_61' title='bbox 621 858 690 909; x_wconf 82' lang='lat' dir='ltr'><strong><em>sieut</em></strong></span> <span class='ocrx_word' id='word_1_62' title='bbox 700 862 725 911; x_wconf 87' lang='lat' dir='ltr'><strong><em>ct</em></strong></span> <span class='ocrx_word' id='word_1_63' title='bbox 738 858 829 911; x_wconf 83' lang='lat' dir='ltr'><strong><em>caeteri</em></strong></span> <span class='ocrx_word' id='word_1_64' title='bbox 838 860 887 927; x_wconf 87' lang='lat' dir='ltr'><strong><em>qui</em></strong></span> 
     </span>
     <span class='ocr_line' id='line_1_10' title="bbox 82 948 886 1019; baseline 0.002 -16"><span class='ocrx_word' id='word_1_65' title='bbox 82 963 154 1019; x_wconf 86' lang='lat' dir='ltr'><strong><em>spem</em></strong></span> <span class='ocrx_word' id='word_1_66' title='bbox 170 964 220 1002; x_wconf 79' lang='lat' dir='ltr'><strong><em>reon</em></strong></span> <span class='ocrx_word' id='word_1_67' title='bbox 234 948 340 1001; x_wconf 84' lang='lat' dir='ltr'><strong><em>hubmtl.</em></strong></span> <span class='ocrx_word' id='word_1_68' title='bbox 350 948 381 1003; x_wconf 88' lang='lat' dir='ltr'><strong><em>Si</em></strong></span> <span class='ocrx_word' id='word_1_69' title='bbox 389 950 456 1002; x_wconf 88' lang='lat' dir='ltr'><strong><em>cnim</em></strong></span> <span class='ocrx_word' id='word_1_70' title='bbox 465 948 595 1003; x_wconf 89' lang='lat' dir='ltr'><strong><em>credimus</em></strong></span> <span class='ocrx_word' id='word_1_71' title='bbox 607 950 680 1019; x_wconf 87' lang='lat' dir='ltr'><strong><em>quod</em></strong></span> <span class='ocrx_word' id='word_1_72' title='bbox 689 950 886 1005; x_wconf 82' lang='lat' dir='ltr'><strong><em>Christusmor-</em></strong></span> 
     </span>
     <span class='ocr_line' id='line_1_11' title="bbox 83 1042 884 1113; baseline 0 -16"><span class='ocrx_word' id='word_1_73' title='bbox 83 1046 146 1097; x_wconf 82' lang='lat' dir='ltr'><strong><em>terres</em></strong></span> <span class='ocrx_word' id='word_1_74' title='bbox 160 1047 198 1096; x_wconf 84' lang='lat' dir='ltr'><strong><em>cst</em></strong></span> <span class='ocrx_word' id='word_1_75' title='bbox 212 1045 239 1095; x_wconf 90' lang='lat' dir='ltr'><strong><em>et</em></strong></span> <span class='ocrx_word' id='word_1_76' title='bbox 252 1042 411 1107; x_wconf 73' lang='lat' dir='ltr'><strong><em>restorcteit,</em></strong></span> <span class='ocrx_word' id='word_1_77' title='bbox 427 1044 468 1095; x_wconf 85' lang='lat' dir='ltr'><strong><em>itu</em></strong></span> <span class='ocrx_word' id='word_1_78' title='bbox 480 1046 585 1097; x_wconf 78' lang='lat' dir='ltr'><strong><em>ellicus</em></strong></span> <span class='ocrx_word' id='word_1_79' title='bbox 596 1058 638 1097; x_wconf 85' lang='lat' dir='ltr'><strong><em>cos</em></strong></span> <span class='ocrx_word' id='word_1_80' title='bbox 651 1045 700 1113; x_wconf 89' lang='lat' dir='ltr'><strong><em>qui</em></strong></span> <span class='ocrx_word' id='word_1_81' title='bbox 708 1043 884 1107; x_wconf 80' lang='lat' dir='ltr'><strong><em>darneicettnt,</em></strong></span> 
     </span>
     <span class='ocr_line' id='line_1_12' title="bbox 79 1135 886 1205; baseline 0.005 -18"><span class='ocrx_word' id='word_1_82' title='bbox 79 1150 131 1205; x_wconf 87' lang='lat' dir='ltr'><strong><em>per</em></strong></span> <span class='ocrx_word' id='word_1_83' title='bbox 144 1139 233 1191; x_wconf 84' lang='lat' dir='ltr'><strong><em>icsecm</em></strong></span> <span class='ocrx_word' id='word_1_84' title='bbox 243 1135 358 1189; x_wconf 75' lang='lat' dir='ltr'><strong><em>adducet</em></strong></span> <span class='ocrx_word' id='word_1_85' title='bbox 368 1150 425 1189; x_wconf 80' lang='lat' dir='ltr'><strong><em>uren</em></strong></span> <span class='ocrx_word' id='word_1_86' title='bbox 438 1150 476 1189; x_wconf 92' lang='lat' dir='ltr'><strong><em>eo.</em></strong></span> <span class='ocrx_word' id='word_1_87' title='bbox 493 1137 547 1190; x_wconf 87' lang='lat' dir='ltr'><strong><em>lior</em></strong></span> <span class='ocrx_word' id='word_1_88' title='bbox 559 1137 630 1189; x_wconf 86' lang='lat' dir='ltr'><strong><em>cttien</em></strong></span> <span class='ocrx_word' id='word_1_89' title='bbox 643 1136 717 1191; x_wconf 80' lang='lat' dir='ltr'><strong><em>cubis</em></strong></span> <span class='ocrx_word' id='word_1_90' title='bbox 731 1136 844 1193; x_wconf 77' lang='lat' dir='ltr'><strong><em>dicimus</em></strong></span> <span class='ocrx_word' id='word_1_91' title='bbox 857 1140 886 1191; x_wconf 88' lang='lat' dir='ltr'><strong><em>in</em></strong></span> 
     </span>
     <span class='ocr_line' id='line_1_13' title="bbox 80 1230 884 1301; baseline 0.005 -18"><span class='ocrx_word' id='word_1_92' title='bbox 80 1230 159 1284; x_wconf 76' lang='lat' dir='ltr'><strong><em>eteebo</em></strong></span> <span class='ocrx_word' id='word_1_93' title='bbox 173 1231 289 1292; x_wconf 79' lang='lat' dir='ltr'><strong><em>Domitii,</em></strong></span> <span class='ocrx_word' id='word_1_94' title='bbox 303 1232 367 1299; x_wconf 87' lang='lat' dir='ltr'><strong><em>quia</em></strong></span> <span class='ocrx_word' id='word_1_95' title='bbox 375 1245 421 1285; x_wconf 88' lang='lat' dir='ltr'><strong><em>etos</em></strong></span> <span class='ocrx_word' id='word_1_96' title='bbox 429 1232 608 1299; x_wconf 85' lang='lat' dir='ltr'><strong><em>qut&#39;eicirnns,</em></strong></span> <span class='ocrx_word' id='word_1_97' title='bbox 618 1232 884 1301; x_wconf 88' lang='lat' dir='ltr'><strong><em>qeo&#39;ecsiden&#39;sumus,</em></strong></span> 
     </span>
     <span class='ocr_line' id='line_1_14' title="bbox 81 1324 884 1395; baseline 0.004 -18"><span class='ocrx_word' id='word_1_98' title='bbox 81 1325 110 1377; x_wconf 90' lang='lat' dir='ltr'><strong><em>iu</em></strong></span> <span class='ocrx_word' id='word_1_99' title='bbox 119 1324 237 1379; x_wconf 86' lang='lat' dir='ltr'><strong><em>adrentu</em></strong></span> <span class='ocrx_word' id='word_1_100' title='bbox 249 1326 355 1379; x_wconf 78' lang='lat' dir='ltr'><strong><em>theatini</em></strong></span> <span class='ocrx_word' id='word_1_101' title='bbox 358 1340 409 1379; x_wconf 91' lang='lat' dir='ltr'><strong><em>nou</em></strong></span> <span class='ocrx_word' id='word_1_102' title='bbox 415 1328 608 1395; x_wconf 75' lang='lat' dir='ltr'><strong><em>praecedemus</em></strong></span> <span class='ocrx_word' id='word_1_103' title='bbox 615 1340 657 1379; x_wconf 86' lang='lat' dir='ltr'><strong><em>eos</em></strong></span> <span class='ocrx_word' id='word_1_104' title='bbox 665 1326 884 1395; x_wconf 85' lang='lat' dir='ltr'><strong><em>qur&#39;dormicucnt</em></strong></span> 
     </span>
     <span class='ocr_line' id='line_1_15' title="bbox 81 1419 880 1488; baseline 0.001 -17"><span class='ocrx_word' id='word_1_105' title='bbox 81 1420 211 1487; x_wconf 87' lang='lat' dir='ltr'><strong><em>quoniam</em></strong></span> <span class='ocrx_word' id='word_1_106' title='bbox 221 1420 277 1487; x_wconf 89' lang='lat' dir='ltr'><strong><em>ipsc</em></strong></span> <span class='ocrx_word' id='word_1_107' title='bbox 292 1420 420 1473; x_wconf 78' lang='lat' dir='ltr'><strong><em>Dominus</em></strong></span> <span class='ocrx_word' id='word_1_108' title='bbox 433 1421 462 1472; x_wconf 89' lang='lat' dir='ltr'><strong><em>in</em></strong></span> <span class='ocrx_word' id='word_1_109' title='bbox 469 1419 550 1487; x_wconf 81' lang='lat' dir='ltr'><strong><em>jttssn</em></strong></span> <span class='ocrx_word' id='word_1_110' title='bbox 562 1423 587 1471; x_wconf 89' lang='lat' dir='ltr'><strong><em>et</em></strong></span> <span class='ocrx_word' id='word_1_111' title='bbox 601 1422 628 1471; x_wconf 90' lang='lat' dir='ltr'><strong><em>iet</em></strong></span> <span class='ocrx_word' id='word_1_112' title='bbox 643 1433 702 1472; x_wconf 86' lang='lat' dir='ltr'><strong><em>rocc</em></strong></span> <span class='ocrx_word' id='word_1_113' title='bbox 716 1419 880 1488; x_wconf 77' lang='lat' dir='ltr'><strong><em>orcmtnpeli,</em></strong></span> 
     </span>
     <span class='ocr_line' id='line_1_16' title="bbox 81 1512 883 1583; baseline 0.001 -17"><span class='ocrx_word' id='word_1_114' title='bbox 81 1514 106 1567; x_wconf 87' lang='lat' dir='ltr'><strong><em>et</em></strong></span> <span class='ocrx_word' id='word_1_115' title='bbox 122 1513 149 1565; x_wconf 91' lang='lat' dir='ltr'><strong><em>in</em></strong></span> <span class='ocrx_word' id='word_1_116' title='bbox 170 1512 235 1565; x_wconf 79' lang='lat' dir='ltr'><strong><em>triba</em></strong></span> <span class='ocrx_word' id='word_1_117' title='bbox 256 1515 307 1567; x_wconf 80' lang='lat' dir='ltr'><strong><em>ilci</em></strong></span> <span class='ocrx_word' id='word_1_118' title='bbox 324 1512 463 1567; x_wconf 87' lang='lat' dir='ltr'><strong><em>descendet</em></strong></span> <span class='ocrx_word' id='word_1_119' title='bbox 481 1513 514 1565; x_wconf 83' lang='lat' dir='ltr'><strong><em>clo</em></strong></span> <span class='ocrx_word' id='word_1_120' title='bbox 532 1512 611 1579; x_wconf 85' lang='lat' dir='ltr'><strong><em>ceelo;</em></strong></span> <span class='ocrx_word' id='word_1_121' title='bbox 625 1519 651 1567; x_wconf 86' lang='lat' dir='ltr'><strong><em>et</em></strong></span> <span class='ocrx_word' id='word_1_122' title='bbox 669 1517 770 1567; x_wconf 88' lang='lat' dir='ltr'><strong><em>mortui</em></strong></span> <span class='ocrx_word' id='word_1_123' title='bbox 788 1517 837 1583; x_wconf 87' lang='lat' dir='ltr'><strong><em>qui</em></strong></span> <span class='ocrx_word' id='word_1_124' title='bbox 853 1516 883 1569; x_wconf 89' lang='lat' dir='ltr'><strong><em>in</em></strong></span> 
     </span>
     <span class='ocr_line' id='line_1_17' title="bbox 81 1603 883 1675; baseline 0 -16"><span class='ocrx_word' id='word_1_125' title='bbox 81 1603 410 1673; x_wconf 78' lang='lat' dir='ltr'><strong><em>Christosunt,rcsurpcut</em></strong></span> <span class='ocrx_word' id='word_1_126' title='bbox 417 1608 506 1674; x_wconf 86' lang='lat' dir='ltr'><strong><em>primi</em></strong></span> <span class='ocrx_word' id='word_1_127' title='bbox 515 1603 536 1675; x_wconf 90' lang='lat' dir='ltr'><strong><em>(l</em></strong></span> <span class='ocrx_word' id='word_1_128' title='bbox 548 1605 635 1659; x_wconf 74' lang='lat' dir='ltr'><strong><em>Thess¹</em></strong></span> <span class='ocrx_word' id='word_1_129' title='bbox 652 1609 701 1671; x_wconf 85' lang='lat' dir='ltr'><strong><em>tv).</em></strong></span> <span class='ocrx_word' id='word_1_130' title='bbox 714 1606 772 1674; x_wconf 86' lang='lat' dir='ltr'><strong><em>Qua</em></strong></span> <span class='ocrx_word' id='word_1_131' title='bbox 788 1604 883 1661; x_wconf 83' lang='lat' dir='ltr'><strong><em>exhor-</em></strong></span> 
     </span>
     <span class='ocr_line' id='line_1_18' title="bbox 80 1697 883 1772; baseline 0.005 -21"><span class='ocrx_word' id='word_1_132' title='bbox 80 1698 192 1754; x_wconf 90' lang='lat' dir='ltr'><strong><em>tationis</em></strong></span> <span class='ocrx_word' id='word_1_133' title='bbox 211 1700 302 1771; x_wconf 88' lang='lat' dir='ltr'><strong><em>specie</em></strong></span> <span class='ocrx_word' id='word_1_134' title='bbox 316 1714 452 1772; x_wconf 75' lang='lat' dir='ltr'><strong><em>anagoges</em></strong></span> <span class='ocrx_word' id='word_1_135' title='bbox 470 1698 556 1769; x_wconf 79' lang='lat' dir='ltr'><strong><em>ligura</em></strong></span> <span class='ocrx_word' id='word_1_136' title='bbox 576 1697 731 1770; x_wconf 78' lang='lat' dir='ltr'><strong><em>praefertur.</em></strong></span> <span class='ocrx_word' id='word_1_137' title='bbox 751 1700 883 1755; x_wconf 75' lang='lat' dir='ltr'><strong><em>Doctrina</em></strong></span> 
     </span>
    </p>
   </div>
   <div class='ocr_carea' id='block_1_6' title="bbox 936 478 1747 1771">
    <p class='ocr_par' dir='ltr' id='par_1_6' title="bbox 936 478 1747 1771">
     <span class='ocr_line' id='line_1_19' title="bbox 939 478 1744 553; baseline 0.011 -21"><span class='ocrx_word' id='word_1_138' title='bbox 939 478 1031 534; x_wconf 80' lang='lat' dir='ltr'><strong><em>restire</em></strong></span> <span class='ocrx_word' id='word_1_139' title='bbox 1045 480 1173 549; x_wconf 88' lang='lat' dir='ltr'><strong><em>possitis:</em></strong></span> <span class='ocrx_word' id='word_1_140' title='bbox 1190 482 1244 547; x_wconf 83' lang='lat' dir='ltr'><strong><em>Qui</em></strong></span> <span class='ocrx_word' id='word_1_141' title='bbox 1261 484 1349 536; x_wconf 82' lang='lat' dir='ltr'><strong><em>ertatem</em></strong></span> <span class='ocrx_word' id='word_1_142' title='bbox 1364 482 1436 537; x_wconf 89' lang='lat' dir='ltr'><strong><em>docti</em></strong></span> <span class='ocrx_word' id='word_1_143' title='bbox 1456 484 1571 549; x_wconf 74' lang='lat' dir='ltr'><strong><em>stamini.</em></strong></span> <span class='ocrx_word' id='word_1_144' title='bbox 1588 486 1744 553; x_wconf 76' lang='lat' dir='ltr'><strong><em>[nlpclneut.</em></strong></span> 
     </span>
     <span class='ocr_line' id='line_1_20' title="bbox 938 572 1743 645; baseline 0.009 -18"><span class='ocrx_word' id='word_1_145' title='bbox 938 572 1312 643; x_wconf 76' lang='lat' dir='ltr'><strong><em>sicutspleeuiorfirmnmeuti</em></strong></span> <span class='ocrx_word' id='word_1_146' title='bbox 1318 580 1357 633; x_wconf 82' lang='lat' dir='ltr'><strong><em>:ct</em></strong></span> <span class='ocrx_word' id='word_1_147' title='bbox 1367 576 1602 645; x_wconf 72' lang='lat' dir='ltr'><strong><em>qniodjustitinm</em></strong></span> <span class='ocrx_word' id='word_1_148' title='bbox 1612 579 1743 635; x_wconf 87' lang='lat' dir='ltr'><strong><em>ereutieott</em></strong></span> 
     </span>
     <span class='ocr_line' id='line_1_21' title="bbox 940 667 1742 739; baseline 0.011 -18"><span class='ocrx_word' id='word_1_149' title='bbox 940 667 1046 735; x_wconf 87' lang='lat' dir='ltr'><strong><em>nudtos,</em></strong></span> <span class='ocrx_word' id='word_1_150' title='bbox 1060 672 1139 738; x_wconf 86' lang='lat' dir='ltr'><strong><em>qnasi</em></strong></span> <span class='ocrx_word' id='word_1_151' title='bbox 1150 670 1234 723; x_wconf 71' lang='lat' dir='ltr'><strong><em>sicilie</em></strong></span> <span class='ocrx_word' id='word_1_152' title='bbox 1250 672 1278 723; x_wconf 92' lang='lat' dir='ltr'><strong><em>iu</em></strong></span> <span class='ocrx_word' id='word_1_153' title='bbox 1295 674 1440 739; x_wconf 82' lang='lat' dir='ltr'><strong><em>perpetuus</em></strong></span> <span class='ocrx_word' id='word_1_154' title='bbox 1451 675 1617 727; x_wconf 72' lang='lat' dir='ltr'><strong><em>atuaticos</em></strong></span> <span class='ocrx_word' id='word_1_155' title='bbox 1629 675 1742 739; x_wconf 79' lang='lat' dir='ltr'><strong><em>(hairici,</em></strong></span> 
     </span>
     <span class='ocr_line' id='line_1_22' title="bbox 940 760 1747 833; baseline 0.007 -16"><span class='ocrx_word' id='word_1_156' title='bbox 940 762 996 831; x_wconf 81' lang='lat' dir='ltr'><strong><em>xrs)</em></strong></span> <span class='ocrx_word' id='word_1_157' title='bbox 1009 780 1017 828; x_wconf 72' lang='grc' dir='ltr'><strong>ς</strong></span> <span class='ocrx_word' id='word_1_158' title='bbox 1032 770 1059 817; x_wconf 91' lang='lat' dir='ltr'><strong><em>et</em></strong></span> <span class='ocrx_word' id='word_1_159' title='bbox 1079 760 1105 816; x_wconf 91' lang='lat' dir='ltr'><strong><em>in</em></strong></span> <span class='ocrx_word' id='word_1_160' title='bbox 1119 762 1174 817; x_wconf 89' lang='lat' dir='ltr'><strong><em>alio</em></strong></span> <span class='ocrx_word' id='word_1_161' title='bbox 1192 761 1324 833; x_wconf 88' lang='lat' dir='ltr'><strong><em>propheta</em></strong></span> <span class='ocrx_word' id='word_1_162' title='bbox 1340 780 1347 817; x_wconf 93' lang='lat'>:</span> <span class='ocrx_word' id='word_1_163' title='bbox 1364 772 1377 797; x_wconf 80' lang='lat'>⁸</span> <span class='ocrx_word' id='word_1_164' title='bbox 1391 765 1543 819; x_wconf 83' lang='lat' dir='ltr'><strong><em>litumenate</em></strong></span> <span class='ocrx_word' id='word_1_165' title='bbox 1564 767 1636 821; x_wconf 88' lang='lat' dir='ltr'><strong><em>cobis</em></strong></span> <span class='ocrx_word' id='word_1_166' title='bbox 1656 768 1747 823; x_wconf 87' lang='lat' dir='ltr'><strong><em>iumen</em></strong></span> 
     </span>
     <span class='ocr_line' id='line_1_23' title="bbox 938 857 1744 933; baseline 0.009 -22"><span class='ocrx_word' id='word_1_167' title='bbox 938 858 1057 911; x_wconf 84' lang='lat' dir='ltr'><strong><em>scientiae</em></strong></span> <span class='ocrx_word' id='word_1_168' title='bbox 1079 857 1144 912; x_wconf 78' lang='lat' dir='ltr'><strong><em>claim</em></strong></span> <span class='ocrx_word' id='word_1_169' title='bbox 1168 862 1271 928; x_wconf 88' lang='lat' dir='ltr'><strong><em>tempus</em></strong></span> <span class='ocrx_word' id='word_1_170' title='bbox 1289 861 1327 914; x_wconf 85' lang='lat' dir='ltr'><strong><em>cst</em></strong></span> <span class='ocrx_word' id='word_1_171' title='bbox 1346 858 1415 925; x_wconf 80' lang='lat' dir='ltr'><strong><em>(Osa.</em></strong></span> <span class='ocrx_word' id='word_1_172' title='bbox 1437 862 1480 925; x_wconf 88' lang='grc' dir='ltr'><strong>ιι).</strong></span> <span class='ocrx_word' id='word_1_173' title='bbox 1499 862 1633 917; x_wconf 82' lang='lat' dir='ltr'><strong><em>Tonantes</em></strong></span> <span class='ocrx_word' id='word_1_174' title='bbox 1654 861 1744 933; x_wconf 90' lang='lat' dir='ltr'><strong><em>itaque</em></strong></span> 
     </span>
     <span class='ocr_line' id='line_1_24' title="bbox 940 949 1744 1023; baseline 0.007 -18"><span class='ocrx_word' id='word_1_175' title='bbox 940 949 1015 1005; x_wconf 92' lang='lat' dir='ltr'><strong><em>illam</em></strong></span> <span class='ocrx_word' id='word_1_176' title='bbox 1034 965 1116 1022; x_wconf 91' lang='lat' dir='ltr'><strong><em>qnam</em></strong></span> <span class='ocrx_word' id='word_1_177' title='bbox 1131 949 1230 1005; x_wconf 87' lang='lat' dir='ltr'><strong><em>habere</em></strong></span> <span class='ocrx_word' id='word_1_178' title='bbox 1250 966 1299 1006; x_wconf 89' lang='lat' dir='ltr'><strong><em>ros</em></strong></span> <span class='ocrx_word' id='word_1_179' title='bbox 1315 952 1403 1007; x_wconf 82' lang='lat' dir='ltr'><strong><em>scirtio</em></strong></span> <span class='ocrx_word' id='word_1_180' title='bbox 1423 950 1594 1023; x_wconf 86' lang='lat' dir='ltr'><strong><em>diligentiam</em></strong></span> <span class='ocrx_word' id='word_1_181' title='bbox 1610 954 1744 1023; x_wconf 89' lang='lat' dir='ltr'><strong><em>lectionis,</em></strong></span> 
     </span>
     <span class='ocr_line' id='line_1_25' title="bbox 940 1042 1742 1121; baseline 0.006 -22"><span class='ocrx_word' id='word_1_182' title='bbox 940 1042 1015 1099; x_wconf 90' lang='lat' dir='ltr'><strong><em>omni</em></strong></span> <span class='ocrx_word' id='word_1_183' title='bbox 1029 1043 1119 1099; x_wconf 91' lang='lat' dir='ltr'><strong><em>studio</em></strong></span> <span class='ocrx_word' id='word_1_184' title='bbox 1127 1043 1252 1099; x_wconf 80' lang='lat' dir='ltr'><strong><em>festinate</em></strong></span> <span class='ocrx_word' id='word_1_185' title='bbox 1268 1044 1413 1109; x_wconf 88' lang='lat' dir='ltr'><strong><em>actualem,</em></strong></span> <span class='ocrx_word' id='word_1_186' title='bbox 1423 1044 1510 1113; x_wconf 86' lang='lat' dir='ltr'><strong><em>idest,</em></strong></span> <span class='ocrx_word' id='word_1_187' title='bbox 1522 1046 1649 1113; x_wconf 81' lang='lat' dir='ltr'><strong><em>ethicam,</em></strong></span> <span class='ocrx_word' id='word_1_188' title='bbox 1660 1064 1742 1121; x_wconf 90' lang='lat' dir='ltr'><strong><em>quam</em></strong></span> 
     </span>
     <span class='ocr_line' id='line_1_26' title="bbox 940 1134 1741 1211; baseline 0.005 -22"><span class='ocrx_word' id='word_1_189' title='bbox 940 1135 1059 1207; x_wconf 88' lang='lat' dir='ltr'><strong><em>primum</em></strong></span> <span class='ocrx_word' id='word_1_190' title='bbox 1089 1134 1124 1191; x_wconf 92' lang='lat' dir='ltr'><strong><em>ad</em></strong></span> <span class='ocrx_word' id='word_1_191' title='bbox 1151 1136 1288 1208; x_wconf 82' lang='lat' dir='ltr'><strong><em>integrum</em></strong></span> <span class='ocrx_word' id='word_1_192' title='bbox 1301 1138 1534 1209; x_wconf 87' lang='lat' dir='ltr'><strong><em>comprehendere</em></strong></span> <span class='ocrx_word' id='word_1_193' title='bbox 1561 1140 1741 1211; x_wconf 80' lang='lat' dir='ltr'><strong><em>disciplinam.</em></strong></span> 
     </span>
     <span class='ocr_line' id='line_1_27' title="bbox 941 1228 1741 1302; baseline 0.008 -18"><span class='ocrx_word' id='word_1_194' title='bbox 941 1229 1054 1301; x_wconf 75' lang='lat' dir='ltr'><strong><em>Absque</em></strong></span> <span class='ocrx_word' id='word_1_195' title='bbox 1074 1228 1125 1285; x_wconf 88' lang='lat' dir='ltr'><strong><em>hac</em></strong></span> <span class='ocrx_word' id='word_1_196' title='bbox 1146 1245 1265 1301; x_wconf 88' lang='lat' dir='ltr'><strong><em>namque</em></strong></span> <span class='ocrx_word' id='word_1_197' title='bbox 1289 1228 1332 1284; x_wconf 92' lang='lat' dir='ltr'><strong><em>illa</em></strong></span> <span class='ocrx_word' id='word_1_198' title='bbox 1354 1245 1436 1302; x_wconf 89' lang='lat' dir='ltr'><strong><em>quam</em></strong></span> <span class='ocrx_word' id='word_1_199' title='bbox 1455 1230 1574 1287; x_wconf 78' lang='lat' dir='ltr'><strong><em>diximus</em></strong></span> <span class='ocrx_word' id='word_1_200' title='bbox 1595 1233 1741 1290; x_wconf 89' lang='lat' dir='ltr'><strong><em>theoretica</em></strong></span> 
     </span>
     <span class='ocr_line' id='line_1_28' title="bbox 938 1320 1744 1399; baseline 0.002 -20"><span class='ocrx_word' id='word_1_201' title='bbox 938 1323 1042 1394; x_wconf 91' lang='lat' dir='ltr'><strong><em>puritas</em></strong></span> <span class='ocrx_word' id='word_1_202' title='bbox 1054 1337 1109 1377; x_wconf 91' lang='lat' dir='ltr'><strong><em>non</em></strong></span> <span class='ocrx_word' id='word_1_203' title='bbox 1123 1329 1214 1392; x_wconf 89' lang='lat' dir='ltr'><strong><em>potest</em></strong></span> <span class='ocrx_word' id='word_1_204' title='bbox 1226 1320 1405 1393; x_wconf 71' lang='lat' dir='ltr'><strong><em>apprehendi,</em></strong></span> <span class='ocrx_word' id='word_1_205' title='bbox 1420 1337 1505 1393; x_wconf 91' lang='lat' dir='ltr'><strong><em>quam</em></strong></span> <span class='ocrx_word' id='word_1_206' title='bbox 1518 1322 1546 1379; x_wconf 93' lang='lat' dir='ltr'><strong><em>hi</em></strong></span> <span class='ocrx_word' id='word_1_207' title='bbox 1564 1331 1680 1387; x_wconf 90' lang='lat' dir='ltr'><strong><em>tantum,</em></strong></span> <span class='ocrx_word' id='word_1_208' title='bbox 1697 1341 1744 1399; x_wconf 70' lang='lat' dir='ltr'><strong><em>quq</em></strong></span> 
     </span>
     <span class='ocr_line' id='line_1_29' title="bbox 936 1413 1742 1488; baseline 0.004 -18"><span class='ocrx_word' id='word_1_209' title='bbox 936 1413 1742 1488; x_wconf 76' lang='lat' dir='ltr'><strong><em>nonaliommdocentinmverhis,sedpropriorumauctuum</em></strong></span> 
     </span>
     <span class='ocr_line' id='line_1_30' title="bbox 938 1506 1739 1579; baseline 0.009 -20"><span class='ocrx_word' id='word_1_210' title='bbox 938 1507 1038 1563; x_wconf 84' lang='lat' dir='ltr'><strong><em>uirtute</em></strong></span> <span class='ocrx_word' id='word_1_211' title='bbox 1049 1506 1162 1578; x_wconf 88' lang='lat' dir='ltr'><strong><em>perlecti</em></strong></span> <span class='ocrx_word' id='word_1_212' title='bbox 1174 1513 1248 1573; x_wconf 92' lang='lat' dir='ltr'><strong><em>sunt,</em></strong></span> <span class='ocrx_word' id='word_1_213' title='bbox 1261 1514 1324 1577; x_wconf 92' lang='lat' dir='ltr'><strong><em>post</em></strong></span> <span class='ocrx_word' id='word_1_214' title='bbox 1338 1508 1423 1563; x_wconf 91' lang='lat' dir='ltr'><strong><em>multa</em></strong></span> <span class='ocrx_word' id='word_1_215' title='bbox 1439 1522 1552 1579; x_wconf 91' lang='lat' dir='ltr'><strong><em>operum</em></strong></span> <span class='ocrx_word' id='word_1_216' title='bbox 1570 1524 1602 1564; x_wconf 91' lang='lat' dir='ltr'><strong><em>ac</em></strong></span> <span class='ocrx_word' id='word_1_217' title='bbox 1615 1510 1739 1566; x_wconf 92' lang='lat' dir='ltr'><strong><em>laborum</em></strong></span> 
     </span>
     <span class='ocr_line' id='line_1_31' title="bbox 939 1600 1743 1674; baseline 0.001 -17"><span class='ocrx_word' id='word_1_218' title='bbox 939 1601 1083 1673; x_wconf 83' lang='lat' dir='ltr'><strong><em>stipendia,</em></strong></span> <span class='ocrx_word' id='word_1_219' title='bbox 1100 1601 1152 1672; x_wconf 75' lang='lat' dir='ltr'><strong><em>iam</em></strong></span> <span class='ocrx_word' id='word_1_220' title='bbox 1167 1600 1242 1672; x_wconf 86' lang='lat' dir='ltr'><strong><em>qnasi</em></strong></span> <span class='ocrx_word' id='word_1_221' title='bbox 1259 1602 1284 1655; x_wconf 92' lang='lat' dir='ltr'><strong><em>in</em></strong></span> <span class='ocrx_word' id='word_1_222' title='bbox 1308 1600 1424 1674; x_wconf 82' lang='lat' dir='ltr'><strong><em>praemio</em></strong></span> <span class='ocrx_word' id='word_1_223' title='bbox 1444 1610 1659 1673; x_wconf 71' lang='lat' dir='ltr'><strong><em>eoumquuntur.</em></strong></span> <span class='ocrx_word' id='word_1_224' title='bbox 1681 1606 1743 1659; x_wconf 84' lang='lat' dir='ltr'><strong><em>Non</em></strong></span> 
     </span>
     <span class='ocr_line' id='line_1_32' title="bbox 937 1695 1743 1771; baseline -0.004 -18"><span class='ocrx_word' id='word_1_225' title='bbox 937 1698 1009 1754; x_wconf 90' lang='lat' dir='ltr'><strong><em>enim</em></strong></span> <span class='ocrx_word' id='word_1_226' title='bbox 1024 1714 1039 1754; x_wconf 90' lang='lat' dir='ltr'><strong><em>a</em></strong></span> <span class='ocrx_word' id='word_1_227' title='bbox 1052 1698 1227 1754; x_wconf 86' lang='lat' dir='ltr'><strong><em>meditatione</em></strong></span> <span class='ocrx_word' id='word_1_228' title='bbox 1242 1698 1308 1771; x_wconf 80' lang='lat' dir='ltr'><strong><em>legis</em></strong></span> <span class='ocrx_word' id='word_1_229' title='bbox 1319 1698 1531 1770; x_wconf 77' lang='lat' dir='ltr'><strong><em>intelligentiam,</em></strong></span> <span class='ocrx_word' id='word_1_230' title='bbox 1548 1697 1596 1753; x_wconf 90' lang='lat' dir='ltr'><strong><em>sed</em></strong></span> <span class='ocrx_word' id='word_1_231' title='bbox 1607 1695 1640 1752; x_wconf 86' lang='lat' dir='ltr'><strong><em>dc</em></strong></span> <span class='ocrx_word' id='word_1_232' title='bbox 1651 1695 1743 1752; x_wconf 89' lang='lat' dir='ltr'><strong><em>iroctn</em></strong></span> 
     </span>
    </p>
   </div>
   <div class='ocr_carea' id='block_1_7' title="bbox 80 1792 1742 1866">
    <p class='ocr_par' dir='ltr' id='par_1_7' title="bbox 80 1792 1742 1866">
     <span class='ocr_line' id='line_1_33' title="bbox 80 1792 1742 1866; baseline 0.002 -22"><span class='ocrx_word' id='word_1_233' title='bbox 80 1806 145 1848; x_wconf 79' lang='lat' dir='ltr'><strong><em>tero</em></strong></span> <span class='ocrx_word' id='word_1_234' title='bbox 155 1793 305 1865; x_wconf 91' lang='lat' dir='ltr'><strong><em>simplicem</em></strong></span> <span class='ocrx_word' id='word_1_235' title='bbox 316 1792 436 1851; x_wconf 77' lang='lat' dir='ltr'><strong><em>historice</em></strong></span> <span class='ocrx_word' id='word_1_236' title='bbox 445 1792 623 1865; x_wconf 81' lang='lat' dir='ltr'><strong><em>expositionis</em></strong></span> <span class='ocrx_word' id='word_1_237' title='bbox 632 1792 757 1849; x_wconf 88' lang='lat' dir='ltr'><strong><em>ordinem</em></strong></span> <span class='ocrx_word' id='word_1_238' title='bbox 780 1793 884 1864; x_wconf 87' lang='lat' dir='ltr'><strong><em>pandit,</em></strong></span> <span class='ocrx_word' id='word_1_239' title='bbox 902 1794 925 1857; x_wconf 86' lang='lat' dir='ltr'>B</span> <span class='ocrx_word' id='word_1_240' title='bbox 941 1792 1031 1866; x_wconf 89' lang='lat' dir='ltr'><strong><em>operis</em></strong></span> <span class='ocrx_word' id='word_1_241' title='bbox 1051 1792 1230 1863; x_wconf 85' lang='lat' dir='ltr'><strong><em>acquirentes,</em></strong></span> <span class='ocrx_word' id='word_1_242' title='bbox 1254 1809 1317 1848; x_wconf 91' lang='lat' dir='ltr'><strong><em>cum</em></strong></span> <span class='ocrx_word' id='word_1_243' title='bbox 1340 1792 1554 1865; x_wconf 68' lang='lat' dir='ltr'><strong><em>psalmographo</em></strong></span> <span class='ocrx_word' id='word_1_244' title='bbox 1575 1800 1694 1847; x_wconf 82' lang='lat' dir='ltr'><strong><em>canton:</em></strong></span> <span class='ocrx_word' id='word_1_245' title='bbox 1718 1795 1742 1848; x_wconf 72' lang='lat' dir='ltr'><strong><em>,l</em></strong></span> 
     </span>
    </p>
   </div>
   <div class='ocr_carea' id='block_1_8' title="bbox 79 1886 887 3171">
    <p class='ocr_par' dir='ltr' id='par_1_8' title="bbox 80 1886 887 2783">
     <span class='ocr_line' id='line_1_34' title="bbox 83 1886 884 1958; baseline 0.005 -19"><span class='ocrx_word' id='word_1_246' title='bbox 83 1886 109 1940; x_wconf 95' lang='lat' dir='ltr'><strong><em>in</em></strong></span> <span class='ocrx_word' id='word_1_247' title='bbox 128 1902 181 1958; x_wconf 90' lang='lat' dir='ltr'><strong><em>qua</em></strong></span> <span class='ocrx_word' id='word_1_248' title='bbox 196 1887 285 1943; x_wconf 91' lang='lat' dir='ltr'><strong><em>nullus</em></strong></span> <span class='ocrx_word' id='word_1_249' title='bbox 309 1888 441 1943; x_wconf 87' lang='lat' dir='ltr'><strong><em>occultior</em></strong></span> <span class='ocrx_word' id='word_1_250' title='bbox 461 1887 625 1953; x_wconf 86' lang='lat' dir='ltr'><strong><em>intellectus,</em></strong></span> <span class='ocrx_word' id='word_1_251' title='bbox 648 1887 700 1942; x_wconf 91' lang='lat' dir='ltr'><strong><em>nisi</em></strong></span> <span class='ocrx_word' id='word_1_252' title='bbox 724 1888 769 1958; x_wconf 91' lang='lat' dir='ltr'><strong><em>qui</em></strong></span> <span class='ocrx_word' id='word_1_253' title='bbox 795 1888 884 1943; x_wconf 84' lang='lat' dir='ltr'><strong><em>uerbis</em></strong></span> 
     </span>
     <span class='ocr_line' id='line_1_35' title="bbox 82 1977 885 2043; baseline 0.004 -13"><span class='ocrx_word' id='word_1_254' title='bbox 82 1986 203 2041; x_wconf 88' lang='lat' dir='ltr'><strong><em>resonat,</em></strong></span> <span class='ocrx_word' id='word_1_255' title='bbox 229 1978 394 2043; x_wconf 84' lang='lat' dir='ltr'><strong><em>continetur,</em></strong></span> <span class='ocrx_word' id='word_1_256' title='bbox 420 1980 491 2033; x_wconf 88' lang='lat' dir='ltr'><strong><em>sient</em></strong></span> <span class='ocrx_word' id='word_1_257' title='bbox 510 1986 551 2032; x_wconf 89' lang='lat' dir='ltr'><strong><em>est</em></strong></span> <span class='ocrx_word' id='word_1_258' title='bbox 565 1977 653 2033; x_wconf 87' lang='lat' dir='ltr'><strong><em>illud:</em></strong></span> <span class='ocrx_word' id='word_1_259' title='bbox 680 1980 794 2033; x_wconf 71' lang='lat' dir='ltr'><strong><em>Tradidi</em></strong></span> <span class='ocrx_word' id='word_1_260' title='bbox 814 1983 885 2034; x_wconf 90' lang='lat' dir='ltr'><strong><em>enim</em></strong></span> 
     </span>
     <span class='ocr_line' id='line_1_36' title="bbox 82 2071 886 2141; baseline 0.006 -18"><span class='ocrx_word' id='word_1_261' title='bbox 82 2072 155 2123; x_wconf 86' lang='lat' dir='ltr'><strong><em>cobis</em></strong></span> <span class='ocrx_word' id='word_1_262' title='bbox 171 2073 197 2123; x_wconf 88' lang='lat' dir='ltr'><strong><em>in</em></strong></span> <span class='ocrx_word' id='word_1_263' title='bbox 209 2073 305 2139; x_wconf 85' lang='lat' dir='ltr'><strong><em>prioris</em></strong></span> <span class='ocrx_word' id='word_1_264' title='bbox 318 2071 389 2140; x_wconf 86' lang='lat' dir='ltr'><strong><em>qceod</em></strong></span> <span class='ocrx_word' id='word_1_265' title='bbox 401 2076 427 2125; x_wconf 88' lang='lat' dir='ltr'><strong><em>ct</em></strong></span> <span class='ocrx_word' id='word_1_266' title='bbox 439 2074 537 2141; x_wconf 78' lang='lat' dir='ltr'><strong><em>aceqti,</em></strong></span> <span class='ocrx_word' id='word_1_267' title='bbox 549 2074 676 2141; x_wconf 76' lang='lat' dir='ltr'><strong><em>pecaniam</em></strong></span> <span class='ocrx_word' id='word_1_268' title='bbox 689 2073 810 2128; x_wconf 74' lang='lat' dir='ltr'><strong><em>Christus</em></strong></span> <span class='ocrx_word' id='word_1_269' title='bbox 819 2090 886 2128; x_wconf 82' lang='lat' dir='ltr'><strong><em>otor-</em></strong></span> 
     </span>
     <span class='ocr_line' id='line_1_37' title="bbox 82 2165 886 2236; baseline 0.006 -20"><span class='ocrx_word' id='word_1_270' title='bbox 82 2167 145 2216; x_wconf 83' lang='lat' dir='ltr'><strong><em>tuus</em></strong></span> <span class='ocrx_word' id='word_1_271' title='bbox 159 2169 198 2217; x_wconf 85' lang='lat' dir='ltr'><strong><em>cst</em></strong></span> <span class='ocrx_word' id='word_1_272' title='bbox 208 2180 257 2232; x_wconf 88' lang='lat' dir='ltr'><strong><em>pro</em></strong></span> <span class='ocrx_word' id='word_1_273' title='bbox 274 2167 389 2233; x_wconf 68' lang='lat' dir='ltr'><strong><em>parcentis·</em></strong></span> <span class='ocrx_word' id='word_1_274' title='bbox 405 2168 511 2225; x_wconf 85' lang='lat' dir='ltr'><strong><em>nostris,</em></strong></span> <span class='ocrx_word' id='word_1_275' title='bbox 523 2165 666 2219; x_wconf 75' lang='lat' dir='ltr'><strong><em>secumdum</em></strong></span> <span class='ocrx_word' id='word_1_276' title='bbox 682 2168 845 2236; x_wconf 84' lang='lat' dir='ltr'><strong><em>Scripturas.</em></strong></span> <span class='ocrx_word' id='word_1_277' title='bbox 861 2172 886 2221; x_wconf 88' lang='lat' dir='ltr'><strong><em>et</em></strong></span> 
     </span>
     <span class='ocr_line' id='line_1_38' title="bbox 81 2258 884 2330; baseline 0.007 -21"><span class='ocrx_word' id='word_1_278' title='bbox 81 2258 145 2325; x_wconf 87' lang='lat' dir='ltr'><strong><em>quia</em></strong></span> <span class='ocrx_word' id='word_1_279' title='bbox 156 2258 276 2326; x_wconf 85' lang='lat' dir='ltr'><strong><em>sepultus</em></strong></span> <span class='ocrx_word' id='word_1_280' title='bbox 287 2262 335 2320; x_wconf 88' lang='lat' dir='ltr'><strong><em>est,</em></strong></span> <span class='ocrx_word' id='word_1_281' title='bbox 344 2263 370 2312; x_wconf 90' lang='lat' dir='ltr'><strong><em>et</em></strong></span> <span class='ocrx_word' id='word_1_282' title='bbox 383 2262 448 2327; x_wconf 82' lang='lat' dir='ltr'><strong><em>qeo&#39;ct</em></strong></span> <span class='ocrx_word' id='word_1_283' title='bbox 462 2261 611 2313; x_wconf 82' lang='lat' dir='ltr'><strong><em>resurrecti</em></strong></span> <span class='ocrx_word' id='word_1_284' title='bbox 621 2261 703 2314; x_wconf 88' lang='lat' dir='ltr'><strong><em>tertia</em></strong></span> <span class='ocrx_word' id='word_1_285' title='bbox 717 2260 772 2321; x_wconf 86' lang='lat' dir='ltr'><strong><em>dic,</em></strong></span> <span class='ocrx_word' id='word_1_286' title='bbox 782 2266 808 2315; x_wconf 86' lang='lat' dir='ltr'><strong><em>ct</em></strong></span> <span class='ocrx_word' id='word_1_287' title='bbox 819 2263 884 2330; x_wconf 87' lang='lat' dir='ltr'><strong><em>quin</em></strong></span> 
     </span>
     <span class='ocr_line' id='line_1_39' title="bbox 81 2353 885 2425; baseline 0.009 -21"><span class='ocrx_word' id='word_1_288' title='bbox 81 2353 154 2405; x_wconf 74' lang='lat' dir='ltr'><strong><em>risus</em></strong></span> <span class='ocrx_word' id='word_1_289' title='bbox 169 2356 208 2405; x_wconf 83' lang='lat' dir='ltr'><strong><em>cst</em></strong></span> <span class='ocrx_word' id='word_1_290' title='bbox 231 2353 325 2421; x_wconf 78' lang='lat' dir='ltr'><strong><em>Cepluc</em></strong></span> <span class='ocrx_word' id='word_1_291' title='bbox 344 2357 367 2421; x_wconf 79' lang='lat' dir='ltr'><strong><em>il</em></strong></span> <span class='ocrx_word' id='word_1_292' title='bbox 388 2356 447 2410; x_wconf 77' lang='lat' dir='ltr'><strong><em>ior.</em></strong></span> <span class='ocrx_word' id='word_1_293' title='bbox 465 2354 527 2425; x_wconf 78' lang='lat' dir='ltr'><strong><em>nt).</em></strong></span> <span class='ocrx_word' id='word_1_294' title='bbox 544 2357 577 2408; x_wconf 77' lang='lat' dir='ltr'><strong><em>he</em></strong></span> <span class='ocrx_word' id='word_1_295' title='bbox 593 2373 599 2407; x_wconf 80' lang='lat' dir='ltr'>z</span> <span class='ocrx_word' id='word_1_296' title='bbox 614 2357 689 2409; x_wconf 81' lang='lat' dir='ltr'><strong><em>llisit</em></strong></span> <span class='ocrx_word' id='word_1_297' title='bbox 703 2360 773 2411; x_wconf 75' lang='lat' dir='ltr'><strong><em>Dans</em></strong></span> <span class='ocrx_word' id='word_1_298' title='bbox 787 2358 885 2411; x_wconf 86' lang='lat' dir='ltr'><strong><em>Filium</em></strong></span> 
     </span>
     <span class='ocr_line' id='line_1_40' title="bbox 81 2446 887 2519; baseline 0.005 -21"><span class='ocrx_word' id='word_1_299' title='bbox 81 2459 157 2499; x_wconf 81' lang='lat' dir='ltr'><strong><em>statem</em></strong></span> <span class='ocrx_word' id='word_1_300' title='bbox 175 2446 279 2511; x_wconf 76' lang='lat' dir='ltr'><strong><em>feretum</em></strong></span> <span class='ocrx_word' id='word_1_301' title='bbox 292 2462 327 2499; x_wconf 86' lang='lat' dir='ltr'><strong><em>eac</em></strong></span> <span class='ocrx_word' id='word_1_302' title='bbox 341 2446 463 2511; x_wconf 83' lang='lat' dir='ltr'><strong><em>netciicre,</em></strong></span> <span class='ocrx_word' id='word_1_303' title='bbox 479 2450 581 2514; x_wconf 76' lang='lat' dir='ltr'><strong><em>{ucleun</em></strong></span> <span class='ocrx_word' id='word_1_304' title='bbox 594 2448 644 2503; x_wconf 92' lang='lat' dir='ltr'><strong><em>suh</em></strong></span> <span class='ocrx_word' id='word_1_305' title='bbox 658 2449 724 2517; x_wconf 85' lang='lat' dir='ltr'><strong><em>leqc,</em></strong></span> <span class='ocrx_word' id='word_1_306' title='bbox 734 2454 765 2503; x_wconf 93' lang='lat' dir='ltr'><strong><em>ut</em></strong></span> <span class='ocrx_word' id='word_1_307' title='bbox 779 2464 819 2503; x_wconf 91' lang='lat' dir='ltr'><strong><em>cos</em></strong></span> <span class='ocrx_word' id='word_1_308' title='bbox 837 2452 887 2519; x_wconf 88' lang='lat' dir='ltr'><strong><em>qui</em></strong></span> 
     </span>
     <span class='ocr_line' id='line_1_41' title="bbox 81 2538 882 2611; baseline 0.009 -20"><span class='ocrx_word' id='word_1_309' title='bbox 81 2538 133 2591; x_wconf 87' lang='lat' dir='ltr'><strong><em>secb</em></strong></span> <span class='ocrx_word' id='word_1_310' title='bbox 144 2538 200 2605; x_wconf 84' lang='lat' dir='ltr'><strong><em>lcpc</em></strong></span> <span class='ocrx_word' id='word_1_311' title='bbox 211 2542 291 2593; x_wconf 85' lang='lat' dir='ltr'><strong><em>eraut</em></strong></span> <span class='ocrx_word' id='word_1_312' title='bbox 302 2540 443 2595; x_wconf 86' lang='lat' dir='ltr'><strong><em>redimeret</em></strong></span> <span class='ocrx_word' id='word_1_313' title='bbox 455 2542 552 2611; x_wconf 82' lang='lat' dir='ltr'><strong><em>(Galat.</em></strong></span> <span class='ocrx_word' id='word_1_314' title='bbox 565 2540 617 2609; x_wconf 88' lang='lat' dir='ltr'><strong><em>tv).</em></strong></span> <span class='ocrx_word' id='word_1_315' title='bbox 630 2541 694 2597; x_wconf 83' lang='lat' dir='ltr'><strong><em>Sive</em></strong></span> <span class='ocrx_word' id='word_1_316' title='bbox 702 2540 769 2597; x_wconf 90' lang='lat' dir='ltr'><strong><em>illud</em></strong></span> <span class='ocrx_word' id='word_1_317' title='bbox 783 2543 882 2605; x_wconf 73' lang='lat' dir='ltr'><strong><em>:Aeedh</em></strong></span> 
     </span>
     <span class='ocr_line' id='line_1_42' title="bbox 80 2632 775 2707; baseline 0.009 -22"><span class='ocrx_word' id='word_1_318' title='bbox 80 2632 171 2691; x_wconf 84' lang='lat' dir='ltr'><strong><em>lsrael.</em></strong></span> <span class='ocrx_word' id='word_1_319' title='bbox 188 2634 317 2687; x_wconf 82' lang='lat' dir='ltr'><strong><em>Dominus</em></strong></span> <span class='ocrx_word' id='word_1_320' title='bbox 332 2638 394 2688; x_wconf 84' lang='lat' dir='ltr'><strong><em>treats</em></strong></span> <span class='ocrx_word' id='word_1_321' title='bbox 404 2639 473 2690; x_wconf 79' lang='lat' dir='ltr'><strong><em>Dares</em></strong></span> <span class='ocrx_word' id='word_1_322' title='bbox 488 2634 775 2707; x_wconf 66' lang='lat' dir='ltr'><strong><em>ttttttsestilicttt.v1).</em></strong></span> 
     </span>
     <span class='ocr_line' id='line_1_43' title="bbox 384 2728 581 2783; baseline 0 -2"><span class='ocrx_word' id='word_1_323' title='bbox 384 2728 509 2783; x_wconf 75' lang='lat' dir='ltr'><strong>CAPUT</strong></span> <span class='ocrx_word' id='word_1_324' title='bbox 531 2728 581 2783; x_wconf 81' lang='lat' dir='ltr'><strong><em>tx.</em></strong></span> 
     </span>
    </p>

    <p class='ocr_par' dir='ltr' id='par_1_9' title="bbox 116 2818 847 2891">
     <span class='ocr_line' id='line_1_44' title="bbox 116 2818 847 2891; baseline 0.005 -20"><span class='ocrx_word' id='word_1_325' title='bbox 116 2818 192 2884; x_wconf 74' lang='lat' dir='ltr'><strong><em>[neoti</em></strong></span> <span class='ocrx_word' id='word_1_326' title='bbox 201 2820 233 2873; x_wconf 91' lang='lat' dir='ltr'><strong><em>dc</em></strong></span> <span class='ocrx_word' id='word_1_327' title='bbox 242 2820 347 2875; x_wconf 89' lang='lat' dir='ltr'><strong><em>actuali</em></strong></span> <span class='ocrx_word' id='word_1_328' title='bbox 352 2823 464 2876; x_wconf 85' lang='lat' dir='ltr'><strong><em>scientio</em></strong></span> <span class='ocrx_word' id='word_1_329' title='bbox 472 2823 632 2891; x_wconf 71' lang='lat' dir='ltr'><strong><em>propaletur</em></strong></span> <span class='ocrx_word' id='word_1_330' title='bbox 640 2822 678 2875; x_wconf 91' lang='lat' dir='ltr'><strong><em>od</em></strong></span> <span class='ocrx_word' id='word_1_331' title='bbox 686 2820 847 2891; x_wconf 85' lang='lat' dir='ltr'><strong><em>spiritalem.</em></strong></span> 
     </span>
    </p>

    <p class='ocr_par' dir='ltr' id='par_1_10' title="bbox 79 2910 884 3171">
     <span class='ocr_line' id='line_1_45' title="bbox 117 2910 884 2985; baseline 0.01 -23"><span class='ocrx_word' id='word_1_332' title='bbox 117 2910 291 2980; x_wconf 81' lang='lat' dir='ltr'><strong><em>Quapropter</em></strong></span> <span class='ocrx_word' id='word_1_333' title='bbox 303 2912 325 2965; x_wconf 89' lang='lat' dir='ltr'><strong><em>si</em></strong></span> <span class='ocrx_word' id='word_1_334' title='bbox 338 2912 417 2967; x_wconf 84' lang='lat' dir='ltr'><strong><em>robis</em></strong></span> <span class='ocrx_word' id='word_1_335' title='bbox 431 2928 495 2969; x_wconf 91' lang='lat' dir='ltr'><strong><em>cura</em></strong></span> <span class='ocrx_word' id='word_1_336' title='bbox 508 2920 550 2969; x_wconf 87' lang='lat' dir='ltr'><strong><em>est</em></strong></span> <span class='ocrx_word' id='word_1_337' title='bbox 571 2911 604 2968; x_wconf 91' lang='lat' dir='ltr'><strong><em>ad</em></strong></span> <span class='ocrx_word' id='word_1_338' title='bbox 617 2914 746 2985; x_wconf 89' lang='lat' dir='ltr'><strong><em>spiritalis</em></strong></span> <span class='ocrx_word' id='word_1_339' title='bbox 764 2912 884 2970; x_wconf 75' lang='lat' dir='ltr'><strong><em>scientim</em></strong></span> 
     </span>
     <span class='ocr_line' id='line_1_46' title="bbox 81 2999 880 3073; baseline 0.006 -18"><span class='ocrx_word' id='word_1_340' title='bbox 81 2999 185 3067; x_wconf 88' lang='lat' dir='ltr'><strong><em>lumen,</em></strong></span> <span class='ocrx_word' id='word_1_341' title='bbox 200 3017 254 3057; x_wconf 93' lang='lat' dir='ltr'><strong><em>non</em></strong></span> <span class='ocrx_word' id='word_1_342' title='bbox 274 3004 360 3058; x_wconf 90' lang='lat' dir='ltr'><strong><em>inanis</em></strong></span> <span class='ocrx_word' id='word_1_343' title='bbox 371 3003 505 3073; x_wconf 77' lang='lat' dir='ltr'><strong><em>jactantiae</em></strong></span> <span class='ocrx_word' id='word_1_344' title='bbox 522 3006 598 3070; x_wconf 84' lang='lat' dir='ltr'><strong><em>citio,</em></strong></span> <span class='ocrx_word' id='word_1_345' title='bbox 618 3006 666 3061; x_wconf 88' lang='lat' dir='ltr'><strong><em>sed</em></strong></span> <span class='ocrx_word' id='word_1_346' title='bbox 678 3006 880 3063; x_wconf 90' lang='lat' dir='ltr'><strong><em>emundationis</em></strong></span> 
     </span>
     <span class='ocr_line' id='line_1_47' title="bbox 79 3094 878 3171; baseline 0.009 -23"><span class='ocrx_word' id='word_1_347' title='bbox 79 3094 168 3165; x_wconf 76' lang='lat' dir='ltr'><strong><em>gratia</em></strong></span> <span class='ocrx_word' id='word_1_348' title='bbox 186 3095 336 3164; x_wconf 81' lang='lat' dir='ltr'><strong><em>peruenire,</em></strong></span> <span class='ocrx_word' id='word_1_349' title='bbox 356 3096 427 3151; x_wconf 89' lang='lat' dir='ltr'><strong><em>illins</em></strong></span> <span class='ocrx_word' id='word_1_350' title='bbox 450 3097 568 3167; x_wconf 89' lang='lat' dir='ltr'><strong><em>primum</em></strong></span> <span class='ocrx_word' id='word_1_351' title='bbox 583 3098 756 3156; x_wconf 91' lang='lat' dir='ltr'><strong><em>beatitudinis</em></strong></span> <span class='ocrx_word' id='word_1_352' title='bbox 774 3101 878 3171; x_wconf 89' lang='lat' dir='ltr'><strong><em>copidi-</em></strong></span> 
     </span>
    </p>
   </div>
   <div class='ocr_carea' id='block_1_9' title="bbox 933 1885 1814 3172">
    <p class='ocr_par' dir='ltr' id='par_1_11' title="bbox 939 1885 1744 2615">
     <span class='ocr_line' id='line_1_48' title="bbox 939 1885 1744 1951; baseline -0.005 -8"><span class='ocrx_word' id='word_1_353' title='bbox 939 1890 1075 1943; x_wconf 83' lang='lat' dir='ltr'><strong><em>runndatis</em></strong></span> <span class='ocrx_word' id='word_1_354' title='bbox 1093 1891 1145 1943; x_wconf 90' lang='lat' dir='ltr'><strong><em>tuis</em></strong></span> <span class='ocrx_word' id='word_1_355' title='bbox 1158 1889 1302 1951; x_wconf 70' lang='lat' dir='ltr'><strong><em>intellecti</em></strong></span> <span class='ocrx_word' id='word_1_356' title='bbox 1325 1889 1402 1943; x_wconf 79' lang='lat' dir='ltr'><strong><em>serien.</em></strong></span> <span class='ocrx_word' id='word_1_357' title='bbox 1424 1886 1550 1947; x_wconf 76' lang='lat' dir='ltr'><strong><em>cxrtttl.</em></strong></span> <span class='ocrx_word' id='word_1_358' title='bbox 1573 1886 1608 1939; x_wconf 82' lang='lat' dir='ltr'><strong><em>Et</em></strong></span> <span class='ocrx_word' id='word_1_359' title='bbox 1624 1885 1744 1940; x_wconf 78' lang='lat' dir='ltr'><strong><em>excoctis</em></strong></span> 
     </span>
     <span class='ocr_line' id='line_1_49' title="bbox 939 1977 1743 2051; baseline -0.006 -15"><span class='ocrx_word' id='word_1_360' title='bbox 939 1981 1111 2051; x_wconf 85' lang='lat' dir='ltr'><strong><em>passionibus</em></strong></span> <span class='ocrx_word' id='word_1_361' title='bbox 1131 1979 1275 2045; x_wconf 81' lang='lat' dir='ltr'><strong><em>uniuersis,</em></strong></span> <span class='ocrx_word' id='word_1_362' title='bbox 1299 1978 1462 2034; x_wconf 85' lang='lat' dir='ltr'><strong><em>helttcialitcr</em></strong></span> <span class='ocrx_word' id='word_1_363' title='bbox 1482 1977 1600 2032; x_wconf 89' lang='lat' dir='ltr'><strong><em>dicunt:</em></strong></span> <span class='ocrx_word' id='word_1_364' title='bbox 1625 1979 1743 2032; x_wconf 66' lang='lat' dir='ltr'><strong><em>lucillam</em></strong></span> 
     </span>
     <span class='ocr_line' id='line_1_50' title="bbox 940 2073 1743 2144; baseline -0.001 -15"><span class='ocrx_word' id='word_1_365' title='bbox 940 2080 965 2129; x_wconf 90' lang='lat' dir='ltr'><strong><em>et</em></strong></span> <span class='ocrx_word' id='word_1_366' title='bbox 977 2076 1128 2144; x_wconf 76' lang='lat' dir='ltr'><strong><em>iutellipaeu</em></strong></span> <span class='ocrx_word' id='word_1_367' title='bbox 1140 2078 1168 2128; x_wconf 92' lang='lat' dir='ltr'><strong><em>in</em></strong></span> <span class='ocrx_word' id='word_1_368' title='bbox 1182 2078 1226 2128; x_wconf 82' lang='lat' dir='ltr'><strong><em>uio.</em></strong></span> <span class='ocrx_word' id='word_1_369' title='bbox 1241 2076 1411 2128; x_wconf 81' lang='lat' dir='ltr'><strong><em>immundata</em></strong></span> <span class='ocrx_word' id='word_1_370' title='bbox 1426 2074 1533 2141; x_wconf 75' lang='lat' dir='ltr'><strong><em>(l&#39;sulue.</em></strong></span> <span class='ocrx_word' id='word_1_371' title='bbox 1551 2075 1590 2141; x_wconf 80' lang='lat' dir='ltr'><strong><em>c).</em></strong></span> <span class='ocrx_word' id='word_1_372' title='bbox 1608 2073 1655 2127; x_wconf 85' lang='lat' dir='ltr'><strong><em>lile</em></strong></span> <span class='ocrx_word' id='word_1_373' title='bbox 1669 2075 1743 2129; x_wconf 91' lang='lat' dir='ltr'><strong><em>enim</em></strong></span> 
     </span>
     <span class='ocr_line' id='line_1_51' title="bbox 939 2166 1742 2241; baseline -0.005 -18"><span class='ocrx_word' id='word_1_374' title='bbox 939 2167 1055 2238; x_wconf 88' lang='lat' dir='ltr'><strong><em>psallens</em></strong></span> <span class='ocrx_word' id='word_1_375' title='bbox 1070 2166 1195 2238; x_wconf 78' lang='lat' dir='ltr'><strong><em>intelligit</em></strong></span> <span class='ocrx_word' id='word_1_376' title='bbox 1210 2182 1271 2239; x_wconf 78' lang='lat' dir='ltr'><strong><em>qum</em></strong></span> <span class='ocrx_word' id='word_1_377' title='bbox 1283 2175 1429 2231; x_wconf 89' lang='lat' dir='ltr'><strong><em>canuotur,</em></strong></span> <span class='ocrx_word' id='word_1_378' title='bbox 1444 2166 1489 2236; x_wconf 92' lang='lat' dir='ltr'><strong><em>qui</em></strong></span> <span class='ocrx_word' id='word_1_379' title='bbox 1510 2167 1536 2220; x_wconf 91' lang='lat' dir='ltr'><strong><em>in</em></strong></span> <span class='ocrx_word' id='word_1_380' title='bbox 1550 2167 1592 2241; x_wconf 81' lang='lat' dir='ltr'><strong><em>¹ria</em></strong></span> <span class='ocrx_word' id='word_1_381' title='bbox 1609 2167 1742 2221; x_wconf 89' lang='lat' dir='ltr'><strong><em>itnmacn-</em></strong></span> 
     </span>
     <span class='ocr_line' id='line_1_52' title="bbox 940 2258 1744 2333; baseline 0.001 -19"><span class='ocrx_word' id='word_1_382' title='bbox 940 2259 994 2317; x_wconf 88' lang='lat' dir='ltr'><strong><em>lata</em></strong></span> <span class='ocrx_word' id='word_1_383' title='bbox 1008 2276 1102 2333; x_wconf 79' lang='lat' dir='ltr'><strong><em>gressu</em></strong></span> <span class='ocrx_word' id='word_1_384' title='bbox 1116 2260 1174 2331; x_wconf 91' lang='lat' dir='ltr'><strong><em>puri</em></strong></span> <span class='ocrx_word' id='word_1_385' title='bbox 1188 2260 1280 2316; x_wconf 90' lang='lat' dir='ltr'><strong><em>cordis</em></strong></span> <span class='ocrx_word' id='word_1_386' title='bbox 1292 2260 1425 2315; x_wconf 79' lang='lat' dir='ltr'><strong><em>incutitur.</em></strong></span> <span class='ocrx_word' id='word_1_387' title='bbox 1439 2262 1471 2313; x_wconf 81' lang='lat' dir='ltr'><strong><em>Fa</em></strong></span> <span class='ocrx_word' id='word_1_388' title='bbox 1483 2259 1584 2315; x_wconf 91' lang='lat' dir='ltr'><strong><em>idcirco</em></strong></span> <span class='ocrx_word' id='word_1_389' title='bbox 1592 2258 1614 2313; x_wconf 89' lang='lat' dir='ltr'><strong><em>si</em></strong></span> <span class='ocrx_word' id='word_1_390' title='bbox 1622 2260 1744 2316; x_wconf 62' lang='lat' dir='ltr'><strong><em>scieritis*</em></strong></span> 
     </span>
     <span class='ocr_line' id='line_1_53' title="bbox 943 2351 1742 2425; baseline -0.001 -17"><span class='ocrx_word' id='word_1_391' title='bbox 943 2354 1054 2425; x_wconf 89' lang='lat' dir='ltr'><strong><em>spiritali</em></strong></span> <span class='ocrx_word' id='word_1_392' title='bbox 1068 2370 1176 2410; x_wconf 91' lang='lat' dir='ltr'><strong><em>sacrum</em></strong></span> <span class='ocrx_word' id='word_1_393' title='bbox 1187 2353 1213 2407; x_wconf 91' lang='lat' dir='ltr'><strong><em>in</em></strong></span> <span class='ocrx_word' id='word_1_394' title='bbox 1226 2352 1309 2408; x_wconf 93' lang='lat' dir='ltr'><strong><em>corde</em></strong></span> <span class='ocrx_word' id='word_1_395' title='bbox 1326 2362 1417 2408; x_wconf 83' lang='lat' dir='ltr'><strong><em>uestro</em></strong></span> <span class='ocrx_word' id='word_1_396' title='bbox 1439 2351 1521 2407; x_wconf 84' lang='lat' dir='ltr'><strong><em>vultis</em></strong></span> <span class='ocrx_word' id='word_1_397' title='bbox 1536 2351 1742 2407; x_wconf 88' lang='lat' dir='ltr'><strong><em>tabernaculum</em></strong></span> 
     </span>
     <span class='ocr_line' id='line_1_54' title="bbox 941 2445 1742 2522; baseline -0.002 -19"><span class='ocrx_word' id='word_1_398' title='bbox 941 2463 1102 2522; x_wconf 88' lang='lat' dir='ltr'><strong><em>praeparare,</em></strong></span> <span class='ocrx_word' id='word_1_399' title='bbox 1115 2448 1149 2503; x_wconf 89' lang='lat' dir='ltr'><strong><em>ab</em></strong></span> <span class='ocrx_word' id='word_1_400' title='bbox 1161 2447 1286 2501; x_wconf 80' lang='lat' dir='ltr'><strong><em>anartium</em></strong></span> <span class='ocrx_word' id='word_1_401' title='bbox 1302 2463 1349 2502; x_wconf 85' lang='lat' dir='ltr'><strong><em>ros</em></strong></span> <span class='ocrx_word' id='word_1_402' title='bbox 1363 2445 1492 2502; x_wconf 77' lang='lat' dir='ltr'><strong><em>vitiorum</em></strong></span> <span class='ocrx_word' id='word_1_403' title='bbox 1503 2446 1665 2519; x_wconf 77' lang='lat' dir='ltr'><strong><em>contagione</em></strong></span> <span class='ocrx_word' id='word_1_404' title='bbox 1679 2462 1742 2515; x_wconf 80' lang='lat' dir='ltr'><strong><em>pnr-</em></strong></span> 
     </span>
     <span class='ocr_line' id='line_1_55' title="bbox 940 2539 1743 2615; baseline -0.002 -18"><span class='ocrx_word' id='word_1_405' title='bbox 940 2550 1011 2615; x_wconf 82' lang='lat' dir='ltr'><strong><em>gate,</em></strong></span> <span class='ocrx_word' id='word_1_406' title='bbox 1032 2550 1059 2599; x_wconf 89' lang='lat' dir='ltr'><strong><em>et</em></strong></span> <span class='ocrx_word' id='word_1_407' title='bbox 1084 2542 1156 2597; x_wconf 83' lang='lat' dir='ltr'><strong><em>curis</em></strong></span> <span class='ocrx_word' id='word_1_408' title='bbox 1179 2539 1272 2597; x_wconf 81' lang='lat' dir='ltr'><strong><em>saecttli</em></strong></span> <span class='ocrx_word' id='word_1_409' title='bbox 1294 2540 1435 2611; x_wconf 69' lang='lat' dir='ltr'><strong><em>praesentis</em></strong></span> <span class='ocrx_word' id='word_1_410' title='bbox 1449 2540 1549 2595; x_wconf 84' lang='lat' dir='ltr'><strong><em>extrita.</em></strong></span> <span class='ocrx_word' id='word_1_411' title='bbox 1571 2539 1743 2610; x_wconf 84' lang='lat' dir='ltr'><strong><em>Impossibile</em></strong></span> 
     </span>
    </p>

    <p class='ocr_par' dir='ltr' id='par_1_12' title="bbox 933 2610 1814 3172">
     <span class='ocr_line' id='line_1_56' title="bbox 939 2610 1814 2705; baseline -0.008 -14"><span class='ocrx_word' id='word_1_412' title='bbox 939 2650 1056 2705; x_wconf 89' lang='lat' dir='ltr'><strong><em>namque</em></strong></span> <span class='ocrx_word' id='word_1_413' title='bbox 1070 2643 1111 2689; x_wconf 90' lang='lat' dir='ltr'><strong><em>est</em></strong></span> <span class='ocrx_word' id='word_1_414' title='bbox 1125 2634 1248 2689; x_wconf 90' lang='lat' dir='ltr'><strong><em>animam</em></strong></span> <span class='ocrx_word' id='word_1_415' title='bbox 1267 2648 1328 2703; x_wconf 79' lang='lat' dir='ltr'><strong><em>qnae</em></strong></span> <span class='ocrx_word' id='word_1_416' title='bbox 1342 2630 1489 2688; x_wconf 89' lang='lat' dir='ltr'><strong><em>mundanis</em></strong></span> <span class='ocrx_word' id='word_1_417' title='bbox 1504 2632 1544 2686; x_wconf 86' lang='lat' dir='ltr'><strong><em>tel</em></strong></span> <span class='ocrx_word' id='word_1_418' title='bbox 1558 2632 1675 2687; x_wconf 85' lang='lat' dir='ltr'><strong><em>tenuiter</em></strong></span> <span class='ocrx_word' id='word_1_419' title='bbox 1688 2632 1742 2687; x_wconf 86' lang='lat' dir='ltr'><strong><em>dis·</em></strong></span> <span class='ocrx_word' id='word_1_420' title='bbox 1802 2610 1814 2629; x_wconf 76' lang='lat'><em>⁰</em></span> 
     </span>
     <span class='ocr_line' id='line_1_57' title="bbox 939 2723 1739 2796; baseline -0.008 -13"><span class='ocrx_word' id='word_1_421' title='bbox 939 2727 1107 2784; x_wconf 89' lang='lat' dir='ltr'><strong><em>tentionibus</em></strong></span> <span class='ocrx_word' id='word_1_422' title='bbox 1130 2731 1290 2796; x_wconf 89' lang='lat' dir='ltr'><strong><em>occupatur,</em></strong></span> <span class='ocrx_word' id='word_1_423' title='bbox 1312 2725 1415 2778; x_wconf 87' lang='lat' dir='ltr'><strong><em>donttm</em></strong></span> <span class='ocrx_word' id='word_1_424' title='bbox 1436 2723 1555 2778; x_wconf 76' lang='lat' dir='ltr'><strong><em>scientiae</em></strong></span> <span class='ocrx_word' id='word_1_425' title='bbox 1578 2723 1739 2794; x_wconf 90' lang='lat' dir='ltr'><strong><em>promereri,</em></strong></span> 
     </span>
     <span class='ocr_line' id='line_1_58' title="bbox 939 2818 1741 2893; baseline -0.002 -18"><span class='ocrx_word' id='word_1_426' title='bbox 939 2822 981 2879; x_wconf 90' lang='lat' dir='ltr'><strong><em>rel</em></strong></span> <span class='ocrx_word' id='word_1_427' title='bbox 995 2820 1189 2893; x_wconf 79' lang='lat' dir='ltr'><strong><em>generatricem</em></strong></span> <span class='ocrx_word' id='word_1_428' title='bbox 1204 2818 1385 2891; x_wconf 75' lang='lat' dir='ltr'><strong><em>spirituclinm</em></strong></span> <span class='ocrx_word' id='word_1_429' title='bbox 1399 2833 1541 2886; x_wconf 84' lang='lat' dir='ltr'><strong><em>sensuum,</em></strong></span> <span class='ocrx_word' id='word_1_430' title='bbox 1557 2826 1603 2872; x_wconf 83' lang='lat' dir='ltr'><strong><em>atti</em></strong></span> <span class='ocrx_word' id='word_1_431' title='bbox 1617 2825 1741 2873; x_wconf 88' lang='lat' dir='ltr'><strong><em>tenacem</em></strong></span> 
     </span>
     <span class='ocr_line' id='line_1_59' title="bbox 938 2910 1740 2982; baseline -0.007 -10"><span class='ocrx_word' id='word_1_432' title='bbox 938 2929 1077 2972; x_wconf 88' lang='lat' dir='ltr'><strong><em>sacrarum</em></strong></span> <span class='ocrx_word' id='word_1_433' title='bbox 1096 2913 1245 2969; x_wconf 85' lang='lat' dir='ltr'><strong><em>lectionum</em></strong></span> <span class='ocrx_word' id='word_1_434' title='bbox 1269 2912 1336 2965; x_wconf 83' lang='lat' dir='ltr'><strong><em>fieri.</em></strong></span> <span class='ocrx_word' id='word_1_435' title='bbox 1357 2910 1506 2967; x_wconf 82' lang='lat' dir='ltr'><strong><em>Observata</em></strong></span> <span class='ocrx_word' id='word_1_436' title='bbox 1525 2910 1607 2981; x_wconf 82' lang='lat' dir='ltr'><strong><em>igitur</em></strong></span> <span class='ocrx_word' id='word_1_437' title='bbox 1627 2912 1653 2965; x_wconf 91' lang='lat' dir='ltr'><strong><em>iu</em></strong></span> <span class='ocrx_word' id='word_1_438' title='bbox 1682 2910 1740 2982; x_wconf 88' lang='lat' dir='ltr'><strong><em>pri-</em></strong></span> 
     </span>
     <span class='ocr_line' id='line_1_60' title="bbox 937 2998 1741 3078; baseline -0.006 -13"><span class='ocrx_word' id='word_1_439' title='bbox 937 3011 1002 3078; x_wconf 89' lang='lat' dir='ltr'><strong><em>mis,</em></strong></span> <span class='ocrx_word' id='word_1_440' title='bbox 1020 3018 1047 3065; x_wconf 92' lang='lat' dir='ltr'><strong><em>et</em></strong></span> <span class='ocrx_word' id='word_1_441' title='bbox 1067 3007 1187 3064; x_wconf 79' lang='lat' dir='ltr'><strong><em>maxime</em></strong></span> <span class='ocrx_word' id='word_1_442' title='bbox 1201 3014 1241 3069; x_wconf 92' lang='lat' dir='ltr'><strong><em>tu,</em></strong></span> <span class='ocrx_word' id='word_1_443' title='bbox 1260 2998 1417 3070; x_wconf 79' lang='lat' dir='ltr'><strong><em>bloannes,</em></strong></span> <span class='ocrx_word' id='word_1_444' title='bbox 1432 3003 1474 3058; x_wconf 83' lang='lat' dir='ltr'><strong><em>cai</em></strong></span> <span class='ocrx_word' id='word_1_445' title='bbox 1490 3003 1578 3073; x_wconf 68' lang='lat' dir='ltr'><strong><em>magis</em></strong></span> <span class='ocrx_word' id='word_1_446' title='bbox 1597 3004 1632 3059; x_wconf 92' lang='lat' dir='ltr'><strong><em>ad</em></strong></span> <span class='ocrx_word' id='word_1_447' title='bbox 1647 3013 1741 3069; x_wconf 86' lang='lat' dir='ltr'><strong><em>custo,</em></strong></span> 
     </span>
     <span class='ocr_line' id='line_1_61' title="bbox 933 3096 1737 3172; baseline -0.007 -13"><span class='ocrx_word' id='word_1_448' title='bbox 933 3101 1031 3159; x_wconf 87' lang='lat' dir='ltr'><strong><em>diendo</em></strong></span> <span class='ocrx_word' id='word_1_449' title='bbox 1050 3100 1108 3157; x_wconf 83' lang='lat' dir='ltr'><strong><em>hacc</em></strong></span> <span class='ocrx_word' id='word_1_450' title='bbox 1130 3114 1192 3172; x_wconf 85' lang='lat' dir='ltr'><strong><em>quae</em></strong></span> <span class='ocrx_word' id='word_1_451' title='bbox 1205 3099 1327 3154; x_wconf 91' lang='lat' dir='ltr'><strong><em>dicturus</em></strong></span> <span class='ocrx_word' id='word_1_452' title='bbox 1350 3112 1424 3163; x_wconf 81' lang='lat' dir='ltr'><strong><em>stem,</em></strong></span> <span class='ocrx_word' id='word_1_453' title='bbox 1443 3104 1510 3152; x_wconf 81' lang='lat' dir='ltr'><strong><em>aetas</em></strong></span> <span class='ocrx_word' id='word_1_454' title='bbox 1531 3096 1622 3153; x_wconf 83' lang='lat' dir='ltr'><strong><em>adltuc</em></strong></span> <span class='ocrx_word' id='word_1_455' title='bbox 1642 3097 1737 3153; x_wconf 88' lang='lat' dir='ltr'><strong><em>adole-</em></strong></span> 
     </span>
    </p>
   </div>
   <div class='ocr_carea' id='block_1_10' title="bbox 79 3179 1739 3263">
    <p class='ocr_par' dir='ltr' id='par_1_13' title="bbox 79 3179 1739 3263">
     <span class='ocr_line' id='line_1_62' title="bbox 79 3179 1739 3263; baseline 0.001 -20"><span class='ocrx_word' id='word_1_456' title='bbox 79 3194 136 3243; x_wconf 87' lang='lat' dir='ltr'><strong><em>tate</em></strong></span> <span class='ocrx_word' id='word_1_457' title='bbox 155 3186 350 3255; x_wconf 83' lang='lat' dir='ltr'><strong><em>flammamini,</em></strong></span> <span class='ocrx_word' id='word_1_458' title='bbox 372 3188 406 3245; x_wconf 86' lang='lat' dir='ltr'><strong><em>de</em></strong></span> <span class='ocrx_word' id='word_1_459' title='bbox 420 3205 472 3262; x_wconf 94' lang='lat' dir='ltr'><strong><em>qua</em></strong></span> <span class='ocrx_word' id='word_1_460' title='bbox 493 3190 595 3245; x_wconf 89' lang='lat' dir='ltr'><strong><em>dictum</em></strong></span> <span class='ocrx_word' id='word_1_461' title='bbox 615 3201 673 3248; x_wconf 85' lang='lat' dir='ltr'><strong><em>est:</em></strong></span> <span class='ocrx_word' id='word_1_462' title='bbox 690 3196 767 3249; x_wconf 80' lang='lat' dir='ltr'><strong><em>liudi</em></strong></span> <span class='ocrx_word' id='word_1_463' title='bbox 783 3195 884 3247; x_wconf 90' lang='lat' dir='ltr'><strong><em>mundo</em></strong></span> <span class='ocrx_word' id='word_1_464' title='bbox 899 3179 921 3243; x_wconf 89' lang='lat' dir='ltr'>C</span> <span class='ocrx_word' id='word_1_465' title='bbox 936 3192 1056 3249; x_wconf 89' lang='lat' dir='ltr'><strong><em>scentior</em></strong></span> <span class='ocrx_word' id='word_1_466' title='bbox 1068 3190 1244 3263; x_wconf 76' lang='lat' dir='ltr'><strong><em>suffragatur,</em></strong></span> <span class='ocrx_word' id='word_1_467' title='bbox 1258 3206 1293 3245; x_wconf 93' lang='lat' dir='ltr'><strong><em>ne</em></strong></span> <span class='ocrx_word' id='word_1_468' title='bbox 1308 3188 1429 3244; x_wconf 89' lang='lat' dir='ltr'><strong><em>studium</em></strong></span> <span class='ocrx_word' id='word_1_469' title='bbox 1448 3188 1570 3245; x_wconf 86' lang='lat' dir='ltr'><strong><em>lectionis</em></strong></span> <span class='ocrx_word' id='word_1_470' title='bbox 1581 3204 1613 3246; x_wconf 91' lang='lat' dir='ltr'><strong><em>ac</em></strong></span> <span class='ocrx_word' id='word_1_471' title='bbox 1633 3187 1739 3246; x_wconf 87' lang='lat' dir='ltr'><strong><em>deside-</em></strong></span> 
     </span>
    </p>
   </div>
   <div class='ocr_carea' id='block_1_11' title="bbox 79 3279 885 3357">
    <p class='ocr_par' dir='ltr' id='par_1_14' title="bbox 79 3279 885 3357">
     <span class='ocr_line' id='line_1_63' title="bbox 79 3279 885 3357; baseline 0.006 -22"><span class='ocrx_word' id='word_1_472' title='bbox 79 3279 166 3343; x_wconf 87' lang='lat' dir='ltr'><strong><em>cordc,</em></strong></span> <span class='ocrx_word' id='word_1_473' title='bbox 188 3284 317 3350; x_wconf 86' lang='lat' dir='ltr'><strong><em>qnoniam</em></strong></span> <span class='ocrx_word' id='word_1_474' title='bbox 335 3284 391 3352; x_wconf 87' lang='lat' dir='ltr'><strong><em>ipsi</em></strong></span> <span class='ocrx_word' id='word_1_475' title='bbox 406 3287 486 3339; x_wconf 66' lang='lat' dir='ltr'><strong><em>metm</em></strong></span> <span class='ocrx_word' id='word_1_476' title='bbox 507 3284 634 3340; x_wconf 79' lang='lat' dir='ltr'><strong><em>ridebunt</em></strong></span> <span class='ocrx_word' id='word_1_477' title='bbox 658 3286 767 3357; x_wconf 85' lang='lat' dir='ltr'><strong><em>(llotth.</em></strong></span> <span class='ocrx_word' id='word_1_478' title='bbox 789 3286 837 3355; x_wconf 81' lang='lat' dir='ltr'><strong><em>t·);</em></strong></span> <span class='ocrx_word' id='word_1_479' title='bbox 854 3295 885 3341; x_wconf 93' lang='lat' dir='ltr'><strong><em>ut</em></strong></span> 
     </span>
    </p>
   </div>
   <div class='ocr_carea' id='block_1_12' title="bbox 936 3282 1741 3345">
    <p class='ocr_par' dir='ltr' id='par_1_15' title="bbox 936 3282 1741 3345">
     <span class='ocr_line' id='line_1_64' title="bbox 936 3282 1741 3345; baseline 0 -6"><span class='ocrx_word' id='word_1_480' title='bbox 936 3286 971 3340; x_wconf 89' lang='lat' dir='ltr'><strong><em>rii</em></strong></span> <span class='ocrx_word' id='word_1_481' title='bbox 1001 3286 1040 3340; x_wconf 92' lang='lat' dir='ltr'><strong><em>tui</em></strong></span> <span class='ocrx_word' id='word_1_482' title='bbox 1075 3285 1151 3339; x_wconf 88' lang='lat' dir='ltr'><strong><em>labar</em></strong></span> <span class='ocrx_word' id='word_1_483' title='bbox 1178 3297 1245 3336; x_wconf 85' lang='lat' dir='ltr'><strong><em>rana</em></strong></span> <span class='ocrx_word' id='word_1_484' title='bbox 1273 3283 1389 3337; x_wconf 84' lang='lat' dir='ltr'><strong><em>clatione</em></strong></span> <span class='ocrx_word' id='word_1_485' title='bbox 1416 3291 1572 3345; x_wconf 61' lang='grc' dir='ltr'><strong><em>ιιεεειιιι,ι</em></strong></span> <span class='ocrx_word' id='word_1_486' title='bbox 1591 3290 1620 3337; x_wconf 91' lang='lat' dir='ltr'><strong><em>ut</em></strong></span> <span class='ocrx_word' id='word_1_487' title='bbox 1639 3282 1741 3339; x_wconf 89' lang='lat' dir='ltr'><strong><em>iudicas</em></strong></span> 
     </span>
    </p>
   </div>
   <div class='ocr_carea' id='block_1_13' title="bbox 627 3435 1186 3494">
    <p class='ocr_par' dir='ltr' id='par_1_16' title="bbox 627 3435 1186 3494">
     <span class='ocr_line' id='line_1_65' title="bbox 627 3435 1186 3494; baseline -0.007 -1"><span class='ocrx_word' id='word_1_488' title='bbox 627 3438 754 3493; x_wconf 76' lang='lat' dir='ltr'><strong><em>alahor</em></strong></span> <span class='ocrx_word' id='word_1_489' title='bbox 774 3440 886 3494; x_wconf 73' lang='lat' dir='ltr'><strong><em>cam</em></strong></span> <span class='ocrx_word' id='word_1_490' title='bbox 906 3435 1186 3493; x_wconf 75' lang='lat' dir='ltr'><strong>COMMENTARIUS.</strong></span> 
     </span>
    </p>
   </div>
   <div class='ocr_carea' id='block_1_14' title="bbox 77 3559 885 5615">
    <p class='ocr_par' dir='ltr' id='par_1_17' title="bbox 78 3559 884 3983">
     <span class='ocr_line' id='line_1_66' title="bbox 114 3559 881 3634; baseline 0.009 -21"><span class='ocrx_word' id='word_1_491' title='bbox 114 3566 127 3593; x_wconf 82' lang='lat'>⁸</span> <span class='ocrx_word' id='word_1_492' title='bbox 140 3559 253 3631; x_wconf 78' lang='lat' dir='ltr'><strong><em>Vulgata</em></strong></span> <span class='ocrx_word' id='word_1_493' title='bbox 269 3562 373 3616; x_wconf 78' lang='lat' dir='ltr'><strong><em>versio:</em></strong></span> <span class='ocrx_word' id='word_1_494' title='bbox 387 3563 602 3619; x_wconf 77' lang='lat' dir='ltr'><strong><em>Seretinatcrobis</em></strong></span> <span class='ocrx_word' id='word_1_495' title='bbox 612 3566 639 3617; x_wconf 88' lang='lat' dir='ltr'><strong><em>in</em></strong></span> <span class='ocrx_word' id='word_1_496' title='bbox 645 3565 767 3634; x_wconf 79' lang='lat' dir='ltr'><strong><em>justitia,</em></strong></span> <span class='ocrx_word' id='word_1_497' title='bbox 783 3570 809 3619; x_wconf 87' lang='lat' dir='ltr'><strong><em>ct</em></strong></span> <span class='ocrx_word' id='word_1_498' title='bbox 826 3582 881 3620; x_wconf 86' lang='lat' dir='ltr'><strong><em>erre-</em></strong></span> 
     </span>
     <span class='ocr_line' id='line_1_67' title="bbox 80 3630 882 3705; baseline 0.009 -22"><span class='ocrx_word' id='word_1_499' title='bbox 80 3630 882 3705; x_wconf 66' lang='lat' dir='ltr'><strong><em>titeinoccmisericordamittetoeatecobisnoeaic:tempus</em></strong></span> 
     </span>
     <span class='ocr_line' id='line_1_68' title="bbox 78 3703 883 3776; baseline 0.01 -23"><span class='ocrx_word' id='word_1_500' title='bbox 78 3704 168 3753; x_wconf 88' lang='lat' dir='ltr'><strong><em>autem</em></strong></span> <span class='ocrx_word' id='word_1_501' title='bbox 179 3703 336 3771; x_wconf 82' lang='lat' dir='ltr'><strong><em>repeireudi</em></strong></span> <span class='ocrx_word' id='word_1_502' title='bbox 349 3707 501 3767; x_wconf 85' lang='lat' dir='ltr'><strong><em>Dominum,</em></strong></span> <span class='ocrx_word' id='word_1_503' title='bbox 516 3720 576 3759; x_wconf 80' lang='lat' dir='ltr'><strong><em>mene</em></strong></span> <span class='ocrx_word' id='word_1_504' title='bbox 588 3709 701 3769; x_wconf 74' lang='lat' dir='ltr'><strong><em>cerruit,</em></strong></span> <span class='ocrx_word' id='word_1_505' title='bbox 716 3709 766 3776; x_wconf 88' lang='lat' dir='ltr'><strong><em>qui</em></strong></span> <span class='ocrx_word' id='word_1_506' title='bbox 780 3707 883 3761; x_wconf 81' lang='lat' dir='ltr'><strong><em>docebit</em></strong></span> 
     </span>
     <span class='ocr_line' id='line_1_69' title="bbox 78 3771 882 3847; baseline 0.011 -23"><span class='ocrx_word' id='word_1_507' title='bbox 78 3784 124 3824; x_wconf 78' lang='lat' dir='ltr'><strong><em>tus</em></strong></span> <span class='ocrx_word' id='word_1_508' title='bbox 132 3771 270 3839; x_wconf 78' lang='lat' dir='ltr'><strong><em>justitiam</em></strong></span> <span class='ocrx_word' id='word_1_509' title='bbox 280 3777 337 3830; x_wconf 78' lang='lat' dir='ltr'><strong><em>lici.</em></strong></span> <span class='ocrx_word' id='word_1_510' title='bbox 356 3775 417 3830; x_wconf 82' lang='lat' dir='ltr'><strong><em>Dic.</em></strong></span> <span class='ocrx_word' id='word_1_511' title='bbox 439 3776 626 3847; x_wconf 74' lang='lat' dir='ltr'><strong><em>Hieronymus</em></strong></span> <span class='ocrx_word' id='word_1_512' title='bbox 640 3796 647 3830; x_wconf 77' lang='grc' dir='ltr'><strong>ι</strong></span> <span class='ocrx_word' id='word_1_513' title='bbox 664 3780 717 3832; x_wconf 82' lang='lat' dir='ltr'><strong><em>Pau</em></strong></span> <span class='ocrx_word' id='word_1_514' title='bbox 728 3794 766 3839; x_wconf 84' lang='lat' dir='ltr'><strong><em>eo,</em></strong></span> <span class='ocrx_word' id='word_1_515' title='bbox 780 3777 882 3847; x_wconf 87' lang='lat' dir='ltr'><strong><em>inquit,</em></strong></span> 
     </span>
     <span class='ocr_line' id='line_1_70' title="bbox 79 3843 884 3913; baseline 0.012 -19"><span class='ocrx_word' id='word_1_516' title='bbox 79 3843 150 3909; x_wconf 77' lang='lat' dir='ltr'><strong><em>prod</em></strong></span> <span class='ocrx_word' id='word_1_517' title='bbox 170 3859 217 3897; x_wconf 84' lang='lat' dir='ltr'><strong><em>eros</em></strong></span> <span class='ocrx_word' id='word_1_518' title='bbox 232 3846 372 3899; x_wconf 75' lang='lat' dir='ltr'><strong><em>dicineus:</em></strong></span> <span class='ocrx_word' id='word_1_519' title='bbox 389 3848 480 3901; x_wconf 85' lang='lat' dir='ltr'><strong><em>Metita</em></strong></span> <span class='ocrx_word' id='word_1_520' title='bbox 498 3848 528 3898; x_wconf 89' lang='lat' dir='ltr'><strong><em>in</em></strong></span> <span class='ocrx_word' id='word_1_521' title='bbox 541 3862 584 3900; x_wconf 87' lang='lat' dir='ltr'><strong><em>ore</em></strong></span> <span class='ocrx_word' id='word_1_522' title='bbox 597 3850 799 3913; x_wconf 80' lang='lat' dir='ltr'><strong><em>misericordie,</em></strong></span> <span class='ocrx_word' id='word_1_523' title='bbox 814 3851 884 3904; x_wconf 74' lang='lat' dir='ltr'><strong><em>LXX</em></strong></span> 
     </span>
     <span class='ocr_line' id='line_1_71' title="bbox 79 3915 809 3983; baseline 0.004 -18"><span class='ocrx_word' id='word_1_524' title='bbox 79 3915 285 3975; x_wconf 83' lang='lat' dir='ltr'><strong><em>tmctstnlerunt,</em></strong></span> <span class='ocrx_word' id='word_1_525' title='bbox 302 3915 474 3968; x_wconf 83' lang='lat' dir='ltr'><strong><em>l&#39;ieuiemietc</em></strong></span> <span class='ocrx_word' id='word_1_526' title='bbox 484 3916 604 3979; x_wconf 76' lang='lat' dir='ltr'><strong><em>sancctum</em></strong></span> <span class='ocrx_word' id='word_1_527' title='bbox 615 3918 679 3968; x_wconf 73' lang='lat' dir='ltr'><strong><em>esto</em></strong></span> <span class='ocrx_word' id='word_1_528' title='bbox 686 3918 755 3981; x_wconf 80' lang='lat' dir='ltr'><strong><em>(Ost.</em></strong></span> <span class='ocrx_word' id='word_1_529' title='bbox 768 3924 809 3983; x_wconf 83' lang='lat' dir='ltr'><strong><em>x).</em></strong></span> 
     </span>
    </p>

    <p class='ocr_par' dir='ltr' id='par_1_18' title="bbox 77 3982 885 5615">
     <span class='ocr_line' id='line_1_72' title="bbox 114 3982 883 4056; baseline 0.001 -17"><span class='ocrx_word' id='word_1_530' title='bbox 114 3984 127 4018; x_wconf 78' lang='lat'><strong><em>¹²</em></strong></span> <span class='ocrx_word' id='word_1_531' title='bbox 141 3986 278 4039; x_wconf 85' lang='lat' dir='ltr'><strong><em>ioannem</em></strong></span> <span class='ocrx_word' id='word_1_532' title='bbox 287 3982 446 4037; x_wconf 88' lang='lat' dir='ltr'><strong><em>Cassianum</em></strong></span> <span class='ocrx_word' id='word_1_533' title='bbox 458 3982 615 4052; x_wconf 88' lang='lat' dir='ltr'><strong><em>alloquitur,</em></strong></span> <span class='ocrx_word' id='word_1_534' title='bbox 627 3984 671 4039; x_wconf 91' lang='lat' dir='ltr'><strong><em>cui</em></strong></span> <span class='ocrx_word' id='word_1_535' title='bbox 679 3985 771 4039; x_wconf 85' lang='lat' dir='ltr'><strong><em>adltuc</em></strong></span> <span class='ocrx_word' id='word_1_536' title='bbox 779 3986 883 4056; x_wconf 80' lang='lat' dir='ltr'><strong><em>Jurcni,</em></strong></span> 
     </span>
     <span class='ocr_line' id='line_1_73' title="bbox 78 4050 885 4125; baseline 0.004 -17"><span class='ocrx_word' id='word_1_537' title='bbox 78 4060 106 4109; x_wconf 84' lang='lat' dir='ltr'><strong><em>et</em></strong></span> <span class='ocrx_word' id='word_1_538' title='bbox 117 4052 145 4109; x_wconf 93' lang='lat' dir='ltr'><strong><em>in</em></strong></span> <span class='ocrx_word' id='word_1_539' title='bbox 157 4055 227 4110; x_wconf 90' lang='lat' dir='ltr'><strong><em>sacri</em></strong></span> <span class='ocrx_word' id='word_1_540' title='bbox 240 4052 326 4108; x_wconf 91' lang='lat' dir='ltr'><strong><em>studii</em></strong></span> <span class='ocrx_word' id='word_1_541' title='bbox 341 4060 369 4105; x_wconf 92' lang='lat' dir='ltr'><strong><em>et</em></strong></span> <span class='ocrx_word' id='word_1_542' title='bbox 381 4052 515 4107; x_wconf 86' lang='lat' dir='ltr'><strong><em>doctrinae</em></strong></span> <span class='ocrx_word' id='word_1_543' title='bbox 537 4050 669 4107; x_wconf 86' lang='lat' dir='ltr'><strong><em>tirociniis</em></strong></span> <span class='ocrx_word' id='word_1_544' title='bbox 682 4056 786 4125; x_wconf 73' lang='lat' dir='ltr'><strong><em>agenti,</em></strong></span> <span class='ocrx_word' id='word_1_545' title='bbox 802 4064 885 4125; x_wconf 88' lang='lat' dir='ltr'><strong><em>atque</em></strong></span> 
     </span>
     <span class='ocr_line' id='line_1_74' title="bbox 77 4122 884 4195; baseline 0.006 -18"><span class='ocrx_word' id='word_1_546' title='bbox 77 4122 112 4179; x_wconf 93' lang='lat' dir='ltr'><strong><em>ad</em></strong></span> <span class='ocrx_word' id='word_1_547' title='bbox 133 4140 225 4181; x_wconf 90' lang='lat' dir='ltr'><strong><em>rerum</em></strong></span> <span class='ocrx_word' id='word_1_548' title='bbox 240 4123 394 4178; x_wconf 86' lang='lat' dir='ltr'><strong><em>divinarum</em></strong></span> <span class='ocrx_word' id='word_1_549' title='bbox 409 4122 588 4195; x_wconf 81' lang='lat' dir='ltr'><strong><em>cognitionem</em></strong></span> <span class='ocrx_word' id='word_1_550' title='bbox 608 4124 754 4187; x_wconf 88' lang='lat' dir='ltr'><strong><em>anhelanti,</em></strong></span> <span class='ocrx_word' id='word_1_551' title='bbox 768 4126 884 4182; x_wconf 88' lang='lat' dir='ltr'><strong><em>tacitur-</em></strong></span> 
     </span>
     <span class='ocr_line' id='line_1_75' title="bbox 77 4192 885 4261; baseline 0.005 -12"><span class='ocrx_word' id='word_1_552' title='bbox 77 4194 195 4249; x_wconf 89' lang='lat' dir='ltr'><strong><em>nitatem</em></strong></span> <span class='ocrx_word' id='word_1_553' title='bbox 209 4202 237 4247; x_wconf 92' lang='lat' dir='ltr'><strong><em>et</em></strong></span> <span class='ocrx_word' id='word_1_554' title='bbox 251 4192 400 4261; x_wconf 88' lang='lat' dir='ltr'><strong><em>silentium,</em></strong></span> <span class='ocrx_word' id='word_1_555' title='bbox 417 4202 448 4250; x_wconf 91' lang='lat' dir='ltr'><strong><em>ut</em></strong></span> <span class='ocrx_word' id='word_1_556' title='bbox 463 4194 580 4250; x_wconf 80' lang='lat' dir='ltr'><strong><em>manime</em></strong></span> <span class='ocrx_word' id='word_1_557' title='bbox 600 4196 768 4252; x_wconf 86' lang='lat' dir='ltr'><strong><em>conveniens</em></strong></span> <span class='ocrx_word' id='word_1_558' title='bbox 781 4211 814 4253; x_wconf 91' lang='lat' dir='ltr'><strong><em>ac</em></strong></span> <span class='ocrx_word' id='word_1_559' title='bbox 834 4212 885 4253; x_wconf 89' lang='lat' dir='ltr'><strong><em>na-</em></strong></span> 
     </span>
     <span class='ocr_line' id='line_1_76' title="bbox 78 4262 885 4336; baseline 0.006 -17"><span class='ocrx_word' id='word_1_560' title='bbox 78 4263 239 4329; x_wconf 89' lang='lat' dir='ltr'><strong><em>cessarium,</em></strong></span> <span class='ocrx_word' id='word_1_561' title='bbox 262 4262 383 4319; x_wconf 89' lang='lat' dir='ltr'><strong><em>studiose</em></strong></span> <span class='ocrx_word' id='word_1_562' title='bbox 402 4265 586 4321; x_wconf 90' lang='lat' dir='ltr'><strong><em>commendat.</em></strong></span> <span class='ocrx_word' id='word_1_563' title='bbox 605 4267 671 4336; x_wconf 86' lang='lat' dir='ltr'><strong><em>Quis</em></strong></span> <span class='ocrx_word' id='word_1_564' title='bbox 686 4282 750 4322; x_wconf 86' lang='lat' dir='ltr'><strong><em>vero</em></strong></span> <span class='ocrx_word' id='word_1_565' title='bbox 762 4268 885 4325; x_wconf 85' lang='lat' dir='ltr'><strong><em>crederet</em></strong></span> 
     </span>
     <span class='ocr_line' id='line_1_77' title="bbox 79 4333 883 4411; baseline 0.01 -24"><span class='ocrx_word' id='word_1_566' title='bbox 79 4333 239 4389; x_wconf 90' lang='lat' dir='ltr'><strong><em>Cassianum</em></strong></span> <span class='ocrx_word' id='word_1_567' title='bbox 254 4334 282 4390; x_wconf 94' lang='lat' dir='ltr'><strong><em>id</em></strong></span> <span class='ocrx_word' id='word_1_568' title='bbox 290 4333 414 4406; x_wconf 88' lang='lat' dir='ltr'><strong><em>deseipso</em></strong></span> <span class='ocrx_word' id='word_1_569' title='bbox 429 4334 603 4407; x_wconf 91' lang='lat' dir='ltr'><strong><em>proditurum</em></strong></span> <span class='ocrx_word' id='word_1_570' title='bbox 618 4346 646 4393; x_wconf 85' lang='lat' dir='ltr'><strong><em>et</em></strong></span> <span class='ocrx_word' id='word_1_571' title='bbox 671 4339 783 4411; x_wconf 89' lang='lat' dir='ltr'><strong><em>scriptis</em></strong></span> <span class='ocrx_word' id='word_1_572' title='bbox 809 4354 883 4395; x_wconf 93' lang='lat' dir='ltr'><strong><em>man·</em></strong></span> 
     </span>
     <span class='ocr_line' id='line_1_78' title="bbox 80 4402 883 4473; baseline 0.01 -14"><span class='ocrx_word' id='word_1_573' title='bbox 80 4402 210 4460; x_wconf 90' lang='lat' dir='ltr'><strong><em>daturum</em></strong></span> <span class='ocrx_word' id='word_1_574' title='bbox 223 4404 318 4473; x_wconf 86' lang='lat' dir='ltr'><strong><em>inisse,</em></strong></span> <span class='ocrx_word' id='word_1_575' title='bbox 333 4405 427 4462; x_wconf 89' lang='lat' dir='ltr'><strong><em>nisiad</em></strong></span> <span class='ocrx_word' id='word_1_576' title='bbox 442 4404 651 4464; x_wconf 81' lang='lat' dir='ltr'><strong><em>aedificationem</em></strong></span> <span class='ocrx_word' id='word_1_577' title='bbox 661 4410 883 4467; x_wconf 87' lang='lat' dir='ltr'><strong><em>instructionem·</em></strong></span> 
     </span>
     <span class='ocr_line' id='line_1_79' title="bbox 79 4476 883 4556; baseline 0.011 -26"><span class='ocrx_word' id='word_1_578' title='bbox 79 4491 134 4546; x_wconf 89' lang='lat' dir='ltr'><strong><em>quc</em></strong></span> <span class='ocrx_word' id='word_1_579' title='bbox 161 4476 302 4548; x_wconf 89' lang='lat' dir='ltr'><strong><em>juniorum</em></strong></span> <span class='ocrx_word' id='word_1_580' title='bbox 327 4476 523 4533; x_wconf 87' lang='lat' dir='ltr'><strong><em>monachorum</em></strong></span> <span class='ocrx_word' id='word_1_581' title='bbox 551 4480 700 4551; x_wconf 85' lang='lat' dir='ltr'><strong><em>judicasset</em></strong></span> <span class='ocrx_word' id='word_1_582' title='bbox 729 4482 883 4556; x_wconf 79' lang='lat' dir='ltr'><strong><em>expedire?</em></strong></span> 
     </span>
     <span class='ocr_line' id='line_1_80' title="bbox 80 4546 882 4621; baseline 0.011 -20"><span class='ocrx_word' id='word_1_583' title='bbox 80 4546 312 4617; x_wconf 88' lang='lat' dir='ltr'><strong><em>quemadmodum</em></strong></span> <span class='ocrx_word' id='word_1_584' title='bbox 332 4548 386 4604; x_wconf 85' lang='lat' dir='ltr'><strong><em>div.</em></strong></span> <span class='ocrx_word' id='word_1_585' title='bbox 401 4550 585 4621; x_wconf 71' lang='lat' dir='ltr'><strong><em>augustinum</em></strong></span> <span class='ocrx_word' id='word_1_586' title='bbox 600 4552 727 4608; x_wconf 80' lang='lat' dir='ltr'><strong><em>Ecclesiae</em></strong></span> <span class='ocrx_word' id='word_1_587' title='bbox 740 4553 882 4610; x_wconf 77' lang='lat' dir='ltr'><strong><em>donarem</em></strong></span> 
     </span>
     <span class='ocr_line' id='line_1_81' title="bbox 79 4616 883 4694; baseline 0.011 -23"><span class='ocrx_word' id='word_1_588' title='bbox 79 4616 207 4673; x_wconf 81' lang='lat' dir='ltr'><strong><em>eximium</em></strong></span> <span class='ocrx_word' id='word_1_589' title='bbox 225 4618 320 4675; x_wconf 89' lang='lat' dir='ltr'><strong><em>delleta</em></strong></span> <span class='ocrx_word' id='word_1_590' title='bbox 339 4620 492 4691; x_wconf 79' lang='lat' dir='ltr'><strong><em>Jurentutis</em></strong></span> <span class='ocrx_word' id='word_1_591' title='bbox 506 4635 564 4676; x_wconf 81' lang='lat' dir='ltr'><strong><em>suae</em></strong></span> <span class='ocrx_word' id='word_1_592' title='bbox 582 4630 610 4676; x_wconf 88' lang='lat' dir='ltr'><strong><em>et</em></strong></span> <span class='ocrx_word' id='word_1_593' title='bbox 630 4623 799 4694; x_wconf 73' lang='lat' dir='ltr'><strong><em>ignorantias</em></strong></span> <span class='ocrx_word' id='word_1_594' title='bbox 817 4640 883 4681; x_wconf 86' lang='lat' dir='ltr'><strong><em>snas</em></strong></span> 
     </span>
     <span class='ocr_line' id='line_1_82' title="bbox 79 4686 883 4769; baseline 0.011 -27"><span class='ocrx_word' id='word_1_595' title='bbox 79 4686 107 4769; x_wconf 82' lang='lat' dir='ltr'><strong><em>in</em></strong></span> <span class='ocrx_word' id='word_1_596' title='bbox 123 4688 199 4745; x_wconf 89' lang='lat' dir='ltr'><strong><em>libris</em></strong></span> <span class='ocrx_word' id='word_1_597' title='bbox 214 4689 436 4755; x_wconf 78' lang='lat' dir='ltr'><strong><em>confessionum,</em></strong></span> <span class='ocrx_word' id='word_1_598' title='bbox 449 4690 484 4747; x_wconf 93' lang='lat' dir='ltr'><strong><em>ad</em></strong></span> <span class='ocrx_word' id='word_1_599' title='bbox 497 4691 548 4747; x_wconf 87' lang='lat' dir='ltr'><strong><em>Dei</em></strong></span> <span class='ocrx_word' id='word_1_600' title='bbox 562 4691 689 4763; x_wconf 78' lang='lat' dir='ltr'><strong><em>gloriam,</em></strong></span> <span class='ocrx_word' id='word_1_601' title='bbox 704 4695 743 4748; x_wconf 90' lang='lat' dir='ltr'><strong><em>sui</em></strong></span> <span class='ocrx_word' id='word_1_602' title='bbox 754 4694 883 4751; x_wconf 87' lang='lat' dir='ltr'><strong><em>humilia-</em></strong></span> 
     </span>
     <span class='ocr_line' id='line_1_83' title="bbox 79 4760 884 4835; baseline 0.009 -22"><span class='ocrx_word' id='word_1_603' title='bbox 79 4765 184 4816; x_wconf 83' lang='lat' dir='ltr'><strong><em>tionem</em></strong></span> <span class='ocrx_word' id='word_1_604' title='bbox 208 4769 236 4815; x_wconf 87' lang='lat' dir='ltr'><strong><em>et</em></strong></span> <span class='ocrx_word' id='word_1_605' title='bbox 260 4762 377 4817; x_wconf 90' lang='lat' dir='ltr'><strong><em>aliorum</em></strong></span> <span class='ocrx_word' id='word_1_606' title='bbox 409 4760 563 4826; x_wconf 82' lang='lat' dir='ltr'><strong><em>utilitatem,</em></strong></span> <span class='ocrx_word' id='word_1_607' title='bbox 594 4778 720 4818; x_wconf 86' lang='lat' dir='ltr'><strong><em>enarrare</em></strong></span> <span class='ocrx_word' id='word_1_608' title='bbox 741 4766 884 4835; x_wconf 83' lang='lat' dir='ltr'><strong><em>palamque</em></strong></span> 
     </span>
     <span class='ocr_line' id='line_1_84' title="bbox 77 4828 884 4902; baseline 0.004 -16"><span class='ocrx_word' id='word_1_609' title='bbox 77 4828 246 4900; x_wconf 89' lang='lat' dir='ltr'><strong><em>deplorando</em></strong></span> <span class='ocrx_word' id='word_1_610' title='bbox 266 4832 385 4901; x_wconf 87' lang='lat' dir='ltr'><strong><em>protiteri</em></strong></span> <span class='ocrx_word' id='word_1_611' title='bbox 403 4848 458 4888; x_wconf 91' lang='lat' dir='ltr'><strong><em>non</em></strong></span> <span class='ocrx_word' id='word_1_612' title='bbox 474 4833 580 4902; x_wconf 89' lang='lat' dir='ltr'><strong><em>puduit.</em></strong></span> <span class='ocrx_word' id='word_1_613' title='bbox 599 4836 686 4890; x_wconf 87' lang='lat' dir='ltr'><strong><em>Porro</em></strong></span> <span class='ocrx_word' id='word_1_614' title='bbox 705 4834 831 4890; x_wconf 86' lang='lat' dir='ltr'><strong><em>eamdem</em></strong></span> <span class='ocrx_word' id='word_1_615' title='bbox 843 4838 884 4891; x_wconf 90' lang='lat' dir='ltr'><strong><em>si-</em></strong></span> 
     </span>
     <span class='ocr_line' id='line_1_85' title="bbox 78 4899 880 4975; baseline 0.007 -20"><span class='ocrx_word' id='word_1_616' title='bbox 78 4899 155 4956; x_wconf 90' lang='lat' dir='ltr'><strong><em>lentii</em></strong></span> <span class='ocrx_word' id='word_1_617' title='bbox 171 4899 259 4971; x_wconf 80' lang='lat' dir='ltr'><strong><em>legem</em></strong></span> <span class='ocrx_word' id='word_1_618' title='bbox 271 4902 399 4958; x_wconf 88' lang='lat' dir='ltr'><strong><em>Cassiano</em></strong></span> <span class='ocrx_word' id='word_1_619' title='bbox 408 4904 544 4959; x_wconf 91' lang='lat' dir='ltr'><strong><em>monacho</em></strong></span> <span class='ocrx_word' id='word_1_620' title='bbox 554 4902 673 4975; x_wconf 90' lang='lat' dir='ltr'><strong><em>(nostro,</em></strong></span> <span class='ocrx_word' id='word_1_621' title='bbox 688 4913 719 4959; x_wconf 90' lang='lat' dir='ltr'><strong><em>nt</em></strong></span> <span class='ocrx_word' id='word_1_622' title='bbox 731 4920 802 4971; x_wconf 87' lang='lat' dir='ltr'><strong><em>reor,</em></strong></span> <span class='ocrx_word' id='word_1_623' title='bbox 813 4908 880 4961; x_wconf 83' lang='lat' dir='ltr'><strong><em>cas-</em></strong></span> 
     </span>
     <span class='ocr_line' id='line_1_86' title="bbox 77 4970 879 5057; baseline 0.007 -30"><span class='ocrx_word' id='word_1_624' title='bbox 77 4970 178 5038; x_wconf 87' lang='lat' dir='ltr'><strong><em>siano),</em></strong></span> <span class='ocrx_word' id='word_1_625' title='bbox 205 4980 299 5043; x_wconf 87' lang='lat' dir='ltr'><strong><em>utpote</em></strong></span> <span class='ocrx_word' id='word_1_626' title='bbox 322 4988 373 5028; x_wconf 91' lang='lat' dir='ltr'><strong><em>sno</em></strong></span> <span class='ocrx_word' id='word_1_627' title='bbox 395 4974 533 5045; x_wconf 90' lang='lat' dir='ltr'><strong><em>quondam</em></strong></span> <span class='ocrx_word' id='word_1_628' title='bbox 554 4990 568 5029; x_wconf 90' lang='lat' dir='ltr'><strong><em>a</em></strong></span> <span class='ocrx_word' id='word_1_629' title='bbox 589 4974 626 5031; x_wconf 93' lang='lat' dir='ltr'><strong><em>ud</em></strong></span> <span class='ocrx_word' id='word_1_630' title='bbox 651 4974 879 5057; x_wconf 67' lang='lat' dir='ltr'><strong><em>chrysostomum</em></strong></span> 
     </span>
     <span class='ocr_line' id='line_1_87' title="bbox 78 4990 882 5127; baseline 0.009 -30"><span class='ocrx_word' id='word_1_631' title='bbox 78 5038 206 5099; x_wconf 75' lang='lat' dir='ltr'><strong><em>familiari</em></strong></span> <span class='ocrx_word' id='word_1_632' title='bbox 231 5042 342 5125; x_wconf 67' lang='lat' dir='ltr'><strong><em>collegae</em></strong></span> <span class='ocrx_word' id='word_1_633' title='bbox 362 5051 391 5099; x_wconf 89' lang='lat' dir='ltr'><strong><em>et</em></strong></span> <span class='ocrx_word' id='word_1_634' title='bbox 414 4990 611 5116; x_wconf 54' lang='lat' dir='ltr'><strong><em>condiscipnfo,</em></strong></span> <span class='ocrx_word' id='word_1_635' title='bbox 633 5047 814 5127; x_wconf 69' lang='lat' dir='ltr'><strong><em>gravissimus</em></strong></span> <span class='ocrx_word' id='word_1_636' title='bbox 836 5047 882 5104; x_wconf 90' lang='lat' dir='ltr'><strong><em>ille</em></strong></span> 
     </span>
     <span class='ocr_line' id='line_1_88' title="bbox 79 5111 882 5185; baseline 0.007 -18"><span class='ocrx_word' id='word_1_637' title='bbox 79 5111 208 5185; x_wconf 87' lang='lat' dir='ltr'><strong><em>idemque</em></strong></span> <span class='ocrx_word' id='word_1_638' title='bbox 222 5114 412 5171; x_wconf 83' lang='lat' dir='ltr'><strong><em>sanctissimus</em></strong></span> <span class='ocrx_word' id='word_1_639' title='bbox 424 5114 546 5171; x_wconf 87' lang='lat' dir='ltr'><strong><em>isidorus</em></strong></span> <span class='ocrx_word' id='word_1_640' title='bbox 560 5116 708 5173; x_wconf 81' lang='lat' dir='ltr'><strong><em>Pelusiotae</em></strong></span> <span class='ocrx_word' id='word_1_641' title='bbox 719 5118 790 5173; x_wconf 88' lang='lat' dir='ltr'><strong><em>serio</em></strong></span> <span class='ocrx_word' id='word_1_642' title='bbox 801 5132 882 5173; x_wconf 92' lang='lat' dir='ltr'><strong><em>com·</em></strong></span> 
     </span>
     <span class='ocr_line' id='line_1_89' title="bbox 78 5184 881 5259; baseline 0.007 -21"><span class='ocrx_word' id='word_1_643' title='bbox 78 5184 219 5255; x_wconf 80' lang='lat' dir='ltr'><strong><em>mandarit</em></strong></span> <span class='ocrx_word' id='word_1_644' title='bbox 233 5186 302 5251; x_wconf 81' lang='lat' dir='ltr'><strong><em>(bib.</em></strong></span> <span class='ocrx_word' id='word_1_645' title='bbox 316 5201 337 5253; x_wconf 89' lang='grc' dir='ltr'><strong>ι,</strong></span> <span class='ocrx_word' id='word_1_646' title='bbox 354 5188 432 5257; x_wconf 85' lang='lat' dir='ltr'><strong><em>epist.</em></strong></span> <span class='ocrx_word' id='word_1_647' title='bbox 447 5191 501 5242; x_wconf 74' lang='lat'><strong><em>809</em></strong></span> <span class='ocrx_word' id='word_1_648' title='bbox 515 5188 580 5243; x_wconf 90' lang='lat' dir='ltr'><strong><em>edit.</em></strong></span> <span class='ocrx_word' id='word_1_649' title='bbox 594 5188 739 5259; x_wconf 73' lang='lat' dir='ltr'><strong><em>hillinus),</em></strong></span> <span class='ocrx_word' id='word_1_650' title='bbox 753 5187 819 5244; x_wconf 91' lang='lat' dir='ltr'><strong><em>dnm</em></strong></span> <span class='ocrx_word' id='word_1_651' title='bbox 835 5190 881 5244; x_wconf 91' lang='lat' dir='ltr'><strong><em>ni-</em></strong></span> 
     </span>
     <span class='ocr_line' id='line_1_90' title="bbox 77 5254 878 5340; baseline 0.006 -31"><span class='ocrx_word' id='word_1_652' title='bbox 77 5254 163 5337; x_wconf 77' lang='lat' dir='ltr'><strong><em>miam</em></strong></span> <span class='ocrx_word' id='word_1_653' title='bbox 184 5255 243 5327; x_wconf 84' lang='lat' dir='ltr'><strong><em>ejus</em></strong></span> <span class='ocrx_word' id='word_1_654' title='bbox 265 5257 434 5312; x_wconf 87' lang='lat' dir='ltr'><strong><em>dicacitatem</em></strong></span> <span class='ocrx_word' id='word_1_655' title='bbox 458 5264 486 5313; x_wconf 86' lang='lat' dir='ltr'><strong><em>et</em></strong></span> <span class='ocrx_word' id='word_1_656' title='bbox 511 5259 609 5340; x_wconf 71' lang='lat' dir='ltr'><strong><em>linguae</em></strong></span> <span class='ocrx_word' id='word_1_657' title='bbox 632 5258 878 5330; x_wconf 86' lang='lat' dir='ltr'><strong><em>intemperantiam,</em></strong></span> 
     </span>
     <span class='ocr_line' id='line_1_91' title="bbox 78 5326 879 5397; baseline 0.007 -16"><span class='ocrx_word' id='word_1_658' title='bbox 78 5340 108 5381; x_wconf 86' lang='lat' dir='ltr'><strong><em>en</em></strong></span> <span class='ocrx_word' id='word_1_659' title='bbox 120 5326 180 5397; x_wconf 91' lang='lat' dir='ltr'><strong><em>ipso</em></strong></span> <span class='ocrx_word' id='word_1_660' title='bbox 196 5330 343 5394; x_wconf 65' lang='lat' dir='ltr'><strong><em>praesrtim</em></strong></span> <span class='ocrx_word' id='word_1_661' title='bbox 358 5328 421 5385; x_wconf 77' lang='lat' dir='ltr'><strong><em>ritae</em></strong></span> <span class='ocrx_word' id='word_1_662' title='bbox 440 5337 598 5386; x_wconf 77' lang='lat' dir='ltr'><strong><em>morrastuae</em></strong></span> <span class='ocrx_word' id='word_1_663' title='bbox 612 5328 748 5396; x_wconf 88' lang='lat' dir='ltr'><strong><em>tirocinio,</em></strong></span> <span class='ocrx_word' id='word_1_664' title='bbox 773 5332 879 5387; x_wconf 85' lang='lat' dir='ltr'><strong><em>notavit</em></strong></span> 
     </span>
     <span class='ocr_line' id='line_1_92' title="bbox 78 5396 878 5472; baseline 0.008 -21"><span class='ocrx_word' id='word_1_665' title='bbox 78 5402 106 5451; x_wconf 90' lang='lat' dir='ltr'><strong><em>et</em></strong></span> <span class='ocrx_word' id='word_1_666' title='bbox 120 5398 243 5453; x_wconf 87' lang='lat' dir='ltr'><strong><em>coercuit</em></strong></span> <span class='ocrx_word' id='word_1_667' title='bbox 256 5396 299 5453; x_wconf 91' lang='lat' dir='ltr'><strong><em>his</em></strong></span> <span class='ocrx_word' id='word_1_668' title='bbox 310 5399 344 5454; x_wconf 92' lang='lat' dir='ltr'><strong><em>ad</em></strong></span> <span class='ocrx_word' id='word_1_669' title='bbox 358 5413 422 5455; x_wconf 86' lang='lat' dir='ltr'><strong><em>enm</em></strong></span> <span class='ocrx_word' id='word_1_670' title='bbox 436 5399 561 5472; x_wconf 88' lang='lat' dir='ltr'><strong><em>scriptis:</em></strong></span> <span class='ocrx_word' id='word_1_671' title='bbox 577 5404 613 5457; x_wconf 79' lang='lat' dir='ltr'><strong><em>Te</em></strong></span> <span class='ocrx_word' id='word_1_672' title='bbox 625 5401 754 5457; x_wconf 83' lang='lat' dir='ltr'><strong><em>cadeceaen</em></strong></span> <span class='ocrx_word' id='word_1_673' title='bbox 776 5407 802 5458; x_wconf 88' lang='lat' dir='ltr'><strong><em>et</em></strong></span> <span class='ocrx_word' id='word_1_674' title='bbox 819 5418 878 5457; x_wconf 86' lang='lat' dir='ltr'><strong><em>cor-</em></strong></span> 
     </span>
     <span class='ocr_line' id='line_1_93' title="bbox 77 5468 878 5543; baseline 0.009 -22"><span class='ocrx_word' id='word_1_675' title='bbox 77 5471 201 5538; x_wconf 82' lang='lat' dir='ltr'><strong><em>ruptioni</em></strong></span> <span class='ocrx_word' id='word_1_676' title='bbox 211 5468 354 5531; x_wconf 72' lang='lat' dir='ltr'><strong><em>ahmeinan</em></strong></span> <span class='ocrx_word' id='word_1_677' title='bbox 361 5472 445 5525; x_wconf 79' lang='lat' dir='ltr'><strong><em>utem</em></strong></span> <span class='ocrx_word' id='word_1_678' title='bbox 452 5473 558 5541; x_wconf 73' lang='lat' dir='ltr'><strong><em>lttqum</em></strong></span> <span class='ocrx_word' id='word_1_679' title='bbox 565 5474 693 5543; x_wconf 86' lang='lat' dir='ltr'><strong><em>atquead</em></strong></span> <span class='ocrx_word' id='word_1_680' title='bbox 701 5476 878 5529; x_wconf 82' lang='lat' dir='ltr'><strong><em>moetosticum</em></strong></span> 
     </span>
     <span class='ocr_line' id='line_1_94' title="bbox 77 5540 879 5615; baseline 0.007 -22"><span class='ocrx_word' id='word_1_681' title='bbox 77 5540 198 5594; x_wconf 86' lang='lat' dir='ltr'><strong><em>studium</em></strong></span> <span class='ocrx_word' id='word_1_682' title='bbox 208 5556 287 5595; x_wconf 78' lang='lat' dir='ltr'><strong><em>aetus</em></strong></span> <span class='ocrx_word' id='word_1_683' title='bbox 297 5541 461 5598; x_wconf 76' lang='lat' dir='ltr'><strong><em>coctinedtsse</em></strong></span> <span class='ocrx_word' id='word_1_684' title='bbox 467 5544 560 5607; x_wconf 86' lang='lat' dir='ltr'><strong><em>audio,</em></strong></span> <span class='ocrx_word' id='word_1_685' title='bbox 570 5548 652 5615; x_wconf 86' lang='lat' dir='ltr'><strong><em>atquc</em></strong></span> <span class='ocrx_word' id='word_1_686' title='bbox 665 5546 774 5599; x_wconf 84' lang='lat' dir='ltr'><strong><em>interim</em></strong></span> <span class='ocrx_word' id='word_1_687' title='bbox 788 5548 879 5599; x_wconf 88' lang='lat' dir='ltr'><strong><em>terencn</em></strong></span> 
     </span>
    </p>
   </div>
   <div class='ocr_carea' id='block_1_15' title="bbox 74 5613 880 5899">
    <p class='ocr_par' dir='ltr' id='par_1_19' title="bbox 74 5613 880 5899">
     <span class='ocr_line' id='line_1_95' title="bbox 98 5613 880 5684; baseline 0.006 -20"><span class='ocrx_word' id='word_1_688' title='bbox 98 5624 215 5666; x_wconf 86' lang='lat' dir='ltr'><strong><em>rocaccm</em></strong></span> <span class='ocrx_word' id='word_1_689' title='bbox 233 5627 265 5666; x_wconf 90' lang='lat' dir='ltr'><strong><em>ac</em></strong></span> <span class='ocrx_word' id='word_1_690' title='bbox 281 5613 447 5683; x_wconf 86' lang='lat' dir='ltr'><strong><em>petulantem</em></strong></span> <span class='ocrx_word' id='word_1_691' title='bbox 467 5615 589 5684; x_wconf 81' lang='lat' dir='ltr'><strong><em>linquam</em></strong></span> <span class='ocrx_word' id='word_1_692' title='bbox 613 5616 711 5671; x_wconf 84' lang='lat' dir='ltr'><strong><em>ieobcre</em></strong></span> <span class='ocrx_word' id='word_1_693' title='bbox 732 5630 764 5669; x_wconf 90' lang='lat' dir='ltr'><strong><em>ac</em></strong></span> <span class='ocrx_word' id='word_1_694' title='bbox 783 5619 880 5670; x_wconf 87' lang='lat' dir='ltr'><strong><em>tcenerc</em></strong></span> 
     </span>
     <span class='ocr_line' id='line_1_96' title="bbox 74 5624 879 5756; baseline 0.005 -20"><span class='ocrx_word' id='word_1_695' title='bbox 74 5624 161 5751; x_wconf 55' lang='lat' dir='ltr'><strong><em>tami.</em></strong></span> <span class='ocrx_word' id='word_1_696' title='bbox 177 5684 253 5751; x_wconf 71' lang='grc' dir='ltr'><strong>Οιιοιι</strong></span> <span class='ocrx_word' id='word_1_697' title='bbox 263 5686 371 5753; x_wconf 87' lang='lat' dir='ltr'><strong><em>quidem</em></strong></span> <span class='ocrx_word' id='word_1_698' title='bbox 384 5683 456 5739; x_wconf 75' lang='lat' dir='ltr'><strong><em>atad</em></strong></span> <span class='ocrx_word' id='word_1_699' title='bbox 469 5686 546 5741; x_wconf 88' lang='lat' dir='ltr'><strong><em>aliud</em></strong></span> <span class='ocrx_word' id='word_1_700' title='bbox 559 5691 598 5741; x_wconf 87' lang='lat' dir='ltr'><strong><em>est</em></strong></span> <span class='ocrx_word' id='word_1_701' title='bbox 609 5704 693 5756; x_wconf 86' lang='lat' dir='ltr'><strong><em>quarn</em></strong></span> <span class='ocrx_word' id='word_1_702' title='bbox 706 5700 815 5741; x_wconf 83' lang='lat' dir='ltr'><strong><em>munem</em></strong></span> <span class='ocrx_word' id='word_1_703' title='bbox 828 5689 879 5755; x_wconf 72' lang='lat' dir='ltr'><strong><em>tir-</em></strong></span> 
     </span>
     <span class='ocr_line' id='line_1_97' title="bbox 75 5756 880 5829; baseline 0.01 -24"><span class='ocrx_word' id='word_1_704' title='bbox 75 5765 152 5807; x_wconf 83' lang='lat' dir='ltr'><strong><em>enum</em></strong></span> <span class='ocrx_word' id='word_1_705' title='bbox 168 5758 250 5824; x_wconf 86' lang='lat' dir='ltr'><strong><em>atque</em></strong></span> <span class='ocrx_word' id='word_1_706' title='bbox 270 5756 390 5811; x_wconf 84' lang='lat' dir='ltr'><strong><em>hostibus</em></strong></span> <span class='ocrx_word' id='word_1_707' title='bbox 409 5756 572 5811; x_wconf 77' lang='lat' dir='ltr'><strong><em>inauusuor</em></strong></span> <span class='ocrx_word' id='word_1_708' title='bbox 588 5763 739 5819; x_wconf 81' lang='lat' dir='ltr'><strong><em>aestruere,</em></strong></span> <span class='ocrx_word' id='word_1_709' title='bbox 759 5759 880 5829; x_wconf 81' lang='lat' dir='ltr'><strong><em>ipsisque</em></strong></span> 
     </span>
     <span class='ocr_line' id='line_1_98' title="bbox 75 5826 880 5899; baseline 0.007 -20"><span class='ocrx_word' id='word_1_710' title='bbox 75 5826 185 5892; x_wconf 79' lang='lat' dir='ltr'><strong><em>poton</em></strong></span> <span class='ocrx_word' id='word_1_711' title='bbox 199 5826 237 5881; x_wconf 87' lang='lat' dir='ltr'><strong><em>ud</em></strong></span> <span class='ocrx_word' id='word_1_712' title='bbox 246 5827 398 5895; x_wconf 83' lang='lat' dir='ltr'><strong><em>inpressum</em></strong></span> <span class='ocrx_word' id='word_1_713' title='bbox 412 5831 535 5896; x_wconf 83' lang='lat' dir='ltr'><strong><em>aperterm</em></strong></span> <span class='ocrx_word' id='word_1_714' title='bbox 548 5828 709 5899; x_wconf 83' lang='lat' dir='ltr'><strong><em>relinquere.</em></strong></span> <span class='ocrx_word' id='word_1_715' title='bbox 723 5830 801 5897; x_wconf 83' lang='lat' dir='ltr'><strong><em>Qeeui</em></strong></span> <span class='ocrx_word' id='word_1_716' title='bbox 815 5832 842 5885; x_wconf 86' lang='lat' dir='ltr'><strong><em>si</em></strong></span> <span class='ocrx_word' id='word_1_717' title='bbox 853 5833 880 5884; x_wconf 89' lang='lat' dir='ltr'><strong><em>et</em></strong></span> 
     </span>
    </p>
   </div>
   <div class='ocr_carea' id='block_1_16' title="bbox 931 3558 1740 5900">
    <p class='ocr_par' dir='ltr' id='par_1_20' title="bbox 931 3558 1740 5900">
     <span class='ocr_line' id='line_1_99' title="bbox 937 3558 1740 3633; baseline 0.001 -15"><span class='ocrx_word' id='word_1_718' title='bbox 937 3579 1044 3619; x_wconf 89' lang='lat' dir='ltr'><strong><em>murum</em></strong></span> <span class='ocrx_word' id='word_1_719' title='bbox 1054 3563 1088 3617; x_wconf 88' lang='lat' dir='ltr'><strong><em>nb</em></strong></span> <span class='ocrx_word' id='word_1_720' title='bbox 1100 3565 1174 3617; x_wconf 80' lang='lat' dir='ltr'><strong><em>aterni</em></strong></span> <span class='ocrx_word' id='word_1_721' title='bbox 1187 3561 1308 3632; x_wconf 75' lang='lat' dir='ltr'><strong><em>periculo</em></strong></span> <span class='ocrx_word' id='word_1_722' title='bbox 1318 3558 1430 3615; x_wconf 78' lang='lat' dir='ltr'><strong><em>liberum</em></strong></span> <span class='ocrx_word' id='word_1_723' title='bbox 1442 3575 1549 3615; x_wconf 79' lang='lat' dir='ltr'><strong><em>serrare</em></strong></span> <span class='ocrx_word' id='word_1_724' title='bbox 1560 3564 1644 3633; x_wconf 82' lang='lat' dir='ltr'><strong><em>cupis,</em></strong></span> <span class='ocrx_word' id='word_1_725' title='bbox 1658 3568 1740 3633; x_wconf 89' lang='lat' dir='ltr'><strong><em>utque</em></strong></span> 
     </span>
     <span class='ocr_line' id='line_1_100' title="bbox 938 3634 1737 3705; baseline 0 -16"><span class='ocrx_word' id='word_1_726' title='bbox 938 3636 1056 3691; x_wconf 86' lang='lat' dir='ltr'><strong><em>hostibus</em></strong></span> <span class='ocrx_word' id='word_1_727' title='bbox 1076 3640 1101 3689; x_wconf 90' lang='lat' dir='ltr'><strong><em>tc</em></strong></span> <span class='ocrx_word' id='word_1_728' title='bbox 1121 3638 1229 3705; x_wconf 76' lang='lat' dir='ltr'><strong><em>firmum</em></strong></span> <span class='ocrx_word' id='word_1_729' title='bbox 1243 3648 1274 3686; x_wconf 89' lang='lat' dir='ltr'><strong><em>ae</em></strong></span> <span class='ocrx_word' id='word_1_730' title='bbox 1288 3634 1426 3687; x_wconf 72' lang='lat' dir='ltr'><strong><em>rubentum</em></strong></span> <span class='ocrx_word' id='word_1_731' title='bbox 1447 3634 1592 3695; x_wconf 89' lang='lat' dir='ltr'><strong><em>ostendere,</em></strong></span> <span class='ocrx_word' id='word_1_732' title='bbox 1608 3635 1737 3702; x_wconf 84' lang='lat' dir='ltr'><strong><em>linquam,</em></strong></span> 
     </span>
     <span class='ocr_line' id='line_1_101' title="bbox 937 3706 1739 3776; baseline 0 -15"><span class='ocrx_word' id='word_1_733' title='bbox 937 3722 1020 3776; x_wconf 83' lang='lat' dir='ltr'><strong><em>quaen</em></strong></span> <span class='ocrx_word' id='word_1_734' title='bbox 1032 3709 1147 3761; x_wconf 79' lang='lat' dir='ltr'><strong><em>ennar&#39;ene</em></strong></span> <span class='ocrx_word' id='word_1_735' title='bbox 1155 3706 1265 3776; x_wconf 78' lang='lat' dir='ltr'><strong><em>poteris,</em></strong></span> <span class='ocrx_word' id='word_1_736' title='bbox 1279 3706 1308 3757; x_wconf 89' lang='lat' dir='ltr'><strong><em>iu</em></strong></span> <span class='ocrx_word' id='word_1_737' title='bbox 1321 3708 1453 3773; x_wconf 85' lang='lat' dir='ltr'><strong><em>potestate</em></strong></span> <span class='ocrx_word' id='word_1_738' title='bbox 1464 3708 1532 3770; x_wconf 89' lang='lat' dir='ltr'><strong><em>tenc,</em></strong></span> <span class='ocrx_word' id='word_1_739' title='bbox 1544 3721 1624 3773; x_wconf 88' lang='lat' dir='ltr'><strong><em>aqua</em></strong></span> <span class='ocrx_word' id='word_1_740' title='bbox 1639 3711 1665 3760; x_wconf 89' lang='lat' dir='ltr'><strong><em>ct</em></strong></span> <span class='ocrx_word' id='word_1_741' title='bbox 1675 3708 1739 3761; x_wconf 86' lang='lat' dir='ltr'><strong><em>cele·</em></strong></span> 
     </span>
     <span class='ocr_line' id='line_1_102' title="bbox 935 3774 1738 3846; baseline 0 -15"><span class='ocrx_word' id='word_1_742' title='bbox 935 3793 977 3833; x_wconf 90' lang='lat' dir='ltr'><strong><em>ecs</em></strong></span> <span class='ocrx_word' id='word_1_743' title='bbox 990 3782 1015 3833; x_wconf 89' lang='lat' dir='ltr'><strong><em>et</em></strong></span> <span class='ocrx_word' id='word_1_744' title='bbox 1023 3780 1140 3846; x_wconf 80' lang='lat' dir='ltr'><strong><em>terpentes</em></strong></span> <span class='ocrx_word' id='word_1_745' title='bbox 1150 3778 1238 3829; x_wconf 75' lang='lat' dir='ltr'><strong><em>euicta</em></strong></span> <span class='ocrx_word' id='word_1_746' title='bbox 1247 3777 1412 3841; x_wconf 82' lang='lat' dir='ltr'><strong><em>coutinqecnt.</em></strong></span> <span class='ocrx_word' id='word_1_747' title='bbox 1427 3776 1494 3829; x_wconf 81' lang='lat' dir='ltr'><strong><em>llaec</em></strong></span> <span class='ocrx_word' id='word_1_748' title='bbox 1507 3774 1637 3829; x_wconf 85' lang='lat' dir='ltr'><strong><em>isidorus.</em></strong></span> <span class='ocrx_word' id='word_1_749' title='bbox 1653 3776 1738 3844; x_wconf 76' lang='lat' dir='ltr'><strong><em>Cuius</em></strong></span> 
     </span>
     <span class='ocr_line' id='line_1_103' title="bbox 937 3842 1736 3914; baseline -0.001 -12"><span class='ocrx_word' id='word_1_750' title='bbox 937 3848 1048 3903; x_wconf 90' lang='lat' dir='ltr'><strong><em>salutari</em></strong></span> <span class='ocrx_word' id='word_1_751' title='bbox 1064 3848 1214 3904; x_wconf 82' lang='lat' dir='ltr'><strong><em>rnonitione-</em></strong></span> <span class='ocrx_word' id='word_1_752' title='bbox 1222 3845 1380 3900; x_wconf 77' lang='lat' dir='ltr'><strong><em>Cassianum</em></strong></span> <span class='ocrx_word' id='word_1_753' title='bbox 1390 3842 1462 3898; x_wconf 92' lang='lat' dir='ltr'><strong><em>haud</em></strong></span> <span class='ocrx_word' id='word_1_754' title='bbox 1470 3858 1566 3912; x_wconf 89' lang='lat' dir='ltr'><strong><em>pamm</em></strong></span> <span class='ocrx_word' id='word_1_755' title='bbox 1577 3842 1736 3914; x_wconf 86' lang='lat' dir='ltr'><strong><em>proiecisse,</em></strong></span> 
     </span>
     <span class='ocr_line' id='line_1_104' title="bbox 939 3914 1738 3998; baseline -0.004 -25"><span class='ocrx_word' id='word_1_756' title='bbox 939 3935 970 3974; x_wconf 91' lang='lat' dir='ltr'><strong><em>uc</em></strong></span> <span class='ocrx_word' id='word_1_757' title='bbox 985 3918 1103 3989; x_wconf 80' lang='lat' dir='ltr'><strong><em>littguam</em></strong></span> <span class='ocrx_word' id='word_1_758' title='bbox 1123 3917 1254 3998; x_wconf 89' lang='lat' dir='ltr'><strong><em>deinceps</em></strong></span> <span class='ocrx_word' id='word_1_759' title='bbox 1275 3916 1302 3969; x_wconf 93' lang='lat' dir='ltr'><strong><em>in</em></strong></span> <span class='ocrx_word' id='word_1_760' title='bbox 1317 3930 1365 3971; x_wconf 88' lang='lat' dir='ltr'><strong><em>sua</em></strong></span> <span class='ocrx_word' id='word_1_761' title='bbox 1386 3921 1519 3985; x_wconf 89' lang='lat' dir='ltr'><strong><em>potestate</em></strong></span> <span class='ocrx_word' id='word_1_762' title='bbox 1533 3914 1664 3981; x_wconf 89' lang='lat' dir='ltr'><strong><em>tenuisse,</em></strong></span> <span class='ocrx_word' id='word_1_763' title='bbox 1678 3931 1738 3970; x_wconf 93' lang='lat' dir='ltr'><strong><em>ma-</em></strong></span> 
     </span>
     <span class='ocr_line' id='line_1_105' title="bbox 974 3985 1737 4058; baseline 0 -17"><span class='ocrx_word' id='word_1_764' title='bbox 974 4002 1076 4058; x_wconf 90' lang='lat' dir='ltr'><strong><em>umque</em></strong></span> <span class='ocrx_word' id='word_1_765' title='bbox 1092 3988 1132 4043; x_wconf 87' lang='lat' dir='ltr'><strong><em>ori</em></strong></span> <span class='ocrx_word' id='word_1_766' title='bbox 1146 3986 1344 4042; x_wconf 81' lang='lat' dir='ltr'><strong><em>scrosrlcntinm</em></strong></span> <span class='ocrx_word' id='word_1_767' title='bbox 1362 3985 1500 4048; x_wconf 83' lang='lat' dir='ltr'><strong><em>indixisse,</em></strong></span> <span class='ocrx_word' id='word_1_768' title='bbox 1513 3986 1553 4040; x_wconf 87' lang='lat' dir='ltr'><strong><em>rel</em></strong></span> <span class='ocrx_word' id='word_1_769' title='bbox 1568 4000 1600 4041; x_wconf 81' lang='lat' dir='ltr'><strong><em>en</em></strong></span> <span class='ocrx_word' id='word_1_770' title='bbox 1615 3986 1737 4042; x_wconf 88' lang='lat' dir='ltr'><strong><em>hoceol-</em></strong></span> 
     </span>
     <span class='ocr_line' id='line_1_106' title="bbox 950 4055 1736 4129; baseline -0.001 -18"><span class='ocrx_word' id='word_1_771' title='bbox 950 4058 1059 4129; x_wconf 78' lang='lat' dir='ltr'><strong><em>igimns,</em></strong></span> <span class='ocrx_word' id='word_1_772' title='bbox 1078 4055 1152 4126; x_wconf 94' lang='lat' dir='ltr'><strong><em>quod</em></strong></span> <span class='ocrx_word' id='word_1_773' title='bbox 1173 4057 1239 4109; x_wconf 88' lang='lat' dir='ltr'><strong><em>alias</em></strong></span> <span class='ocrx_word' id='word_1_774' title='bbox 1260 4056 1342 4109; x_wconf 88' lang='lat' dir='ltr'><strong><em>etiam</em></strong></span> <span class='ocrx_word' id='word_1_775' title='bbox 1364 4055 1528 4120; x_wconf 82' lang='lat' dir='ltr'><strong><em>notavimus,</em></strong></span> <span class='ocrx_word' id='word_1_776' title='bbox 1544 4057 1617 4126; x_wconf 91' lang='lat' dir='ltr'><strong><em>quod</em></strong></span> <span class='ocrx_word' id='word_1_777' title='bbox 1630 4055 1686 4111; x_wconf 88' lang='lat' dir='ltr'><strong><em>iere</em></strong></span> <span class='ocrx_word' id='word_1_778' title='bbox 1708 4057 1736 4110; x_wconf 89' lang='lat' dir='ltr'><strong><em>in</em></strong></span> 
     </span>
     <span class='ocr_line' id='line_1_107' title="bbox 938 4123 1737 4182; baseline -0.003 0"><span class='ocrx_word' id='word_1_779' title='bbox 938 4125 1068 4182; x_wconf 88' lang='lat' dir='ltr'><strong><em>omnihus</em></strong></span> <span class='ocrx_word' id='word_1_780' title='bbox 1079 4126 1120 4180; x_wconf 92' lang='lat' dir='ltr'><strong><em>his</em></strong></span> <span class='ocrx_word' id='word_1_781' title='bbox 1131 4123 1327 4179; x_wconf 79' lang='lat' dir='ltr'><strong><em>collationibus</em></strong></span> <span class='ocrx_word' id='word_1_782' title='bbox 1339 4125 1430 4178; x_wconf 88' lang='lat' dir='ltr'><strong><em>solum</em></strong></span> <span class='ocrx_word' id='word_1_783' title='bbox 1451 4124 1618 4179; x_wconf 81' lang='lat' dir='ltr'><strong><em>Gennanum</em></strong></span> <span class='ocrx_word' id='word_1_784' title='bbox 1631 4127 1737 4182; x_wconf 90' lang='lat' dir='ltr'><strong><em>socium</em></strong></span> 
     </span>
     <span class='ocr_line' id='line_1_108' title="bbox 939 4192 1736 4263; baseline 0 -10"><span class='ocrx_word' id='word_1_785' title='bbox 939 4213 1021 4253; x_wconf 92' lang='lat' dir='ltr'><strong><em>suum</em></strong></span> <span class='ocrx_word' id='word_1_786' title='bbox 1036 4211 1100 4251; x_wconf 91' lang='lat' dir='ltr'><strong><em>cnm</em></strong></span> <span class='ocrx_word' id='word_1_787' title='bbox 1121 4195 1174 4251; x_wconf 91' lang='lat' dir='ltr'><strong><em>illis</em></strong></span> <span class='ocrx_word' id='word_1_788' title='bbox 1194 4192 1318 4249; x_wconf 86' lang='lat' dir='ltr'><strong><em>Patribus</em></strong></span> <span class='ocrx_word' id='word_1_789' title='bbox 1337 4194 1502 4250; x_wconf 89' lang='lat' dir='ltr'><strong><em>collocutum</em></strong></span> <span class='ocrx_word' id='word_1_790' title='bbox 1527 4206 1736 4263; x_wconf 87' lang='lat' dir='ltr'><strong><em>commemorat,</em></strong></span> 
     </span>
     <span class='ocr_line' id='line_1_109' title="bbox 939 4264 1734 4339; baseline 0 -15"><span class='ocrx_word' id='word_1_791' title='bbox 939 4284 1002 4325; x_wconf 89' lang='lat' dir='ltr'><strong><em>cum</em></strong></span> <span class='ocrx_word' id='word_1_792' title='bbox 1024 4266 1083 4339; x_wconf 90' lang='lat' dir='ltr'><strong><em>ipsc</em></strong></span> <span class='ocrx_word' id='word_1_793' title='bbox 1099 4265 1200 4321; x_wconf 89' lang='lat' dir='ltr'><strong><em>interea</em></strong></span> <span class='ocrx_word' id='word_1_794' title='bbox 1215 4278 1335 4337; x_wconf 83' lang='lat' dir='ltr'><strong><em>praesens</em></strong></span> <span class='ocrx_word' id='word_1_795' title='bbox 1349 4273 1376 4321; x_wconf 87' lang='lat' dir='ltr'><strong><em>et</em></strong></span> <span class='ocrx_word' id='word_1_796' title='bbox 1389 4264 1539 4321; x_wconf 86' lang='lat' dir='ltr'><strong><em>taciturnos</em></strong></span> <span class='ocrx_word' id='word_1_797' title='bbox 1552 4282 1599 4323; x_wconf 90' lang='lat' dir='ltr'><strong><em>cos</em></strong></span> <span class='ocrx_word' id='word_1_798' title='bbox 1617 4268 1734 4335; x_wconf 92' lang='lat' dir='ltr'><strong><em>audiret,</em></strong></span> 
     </span>
     <span class='ocr_line' id='line_1_110' title="bbox 939 4336 1735 4409; baseline 0.001 -14"><span class='ocrx_word' id='word_1_799' title='bbox 939 4353 1091 4408; x_wconf 89' lang='lat' dir='ltr'><strong><em>eorumque</em></strong></span> <span class='ocrx_word' id='word_1_800' title='bbox 1104 4336 1175 4394; x_wconf 91' lang='lat' dir='ltr'><strong><em>dicta</em></strong></span> <span class='ocrx_word' id='word_1_801' title='bbox 1189 4345 1217 4393; x_wconf 91' lang='lat' dir='ltr'><strong><em>ct</em></strong></span> <span class='ocrx_word' id='word_1_802' title='bbox 1229 4350 1357 4407; x_wconf 84' lang='lat' dir='ltr'><strong><em>responsa</em></strong></span> <span class='ocrx_word' id='word_1_803' title='bbox 1370 4338 1511 4393; x_wconf 79' lang='lat' dir='ltr'><strong><em>memoriae</em></strong></span> <span class='ocrx_word' id='word_1_804' title='bbox 1519 4338 1735 4409; x_wconf 86' lang='lat' dir='ltr'><strong><em>commendaret,</em></strong></span> 
     </span>
     <span class='ocr_line' id='line_1_111' title="bbox 938 4409 1736 4539; baseline 0.003 -2"><span class='ocrx_word' id='word_1_805' title='bbox 938 4420 1106 4537; x_wconf 55' lang='lat' dir='ltr'><strong><em>iiiiii?</em></strong></span> <span class='ocrx_word' id='word_1_806' title='bbox 1120 4409 1736 4539; x_wconf 65' lang='lat' dir='ltr'><strong><em>“ltllll&#39;altl&#39;&#39;tttlhttltltilaaa</em></strong></span> 
     </span>
     <span class='ocr_line' id='line_1_112' title="bbox 937 4495 1734 4623; baseline -0.001 -15"><span class='ocrx_word' id='word_1_807' title='bbox 937 4553 1077 4621; x_wconf 87' lang='lat' dir='ltr'><strong><em>omnibus,</em></strong></span> <span class='ocrx_word' id='word_1_808' title='bbox 1087 4496 1207 4608; x_wconf 55' lang='grc' dir='ltr'><strong>ιιιρξιὶιιιι</strong></span> <span class='ocrx_word' id='word_1_809' title='bbox 1216 4495 1416 4623; x_wconf 66' lang='lat' dir='ltr'><strong><em>junioribusget</em></strong></span> <span class='ocrx_word' id='word_1_810' title='bbox 1429 4566 1512 4607; x_wconf 83' lang='lat' dir='ltr'><strong><em>sacrae</em></strong></span> <span class='ocrx_word' id='word_1_811' title='bbox 1528 4523 1659 4609; x_wconf 63' lang='lat' dir='ltr'><strong><em>doc&#39;trinae</em></strong></span> <span class='ocrx_word' id='word_1_812' title='bbox 1672 4569 1734 4609; x_wconf 88' lang='lat' dir='ltr'><strong><em>ean-</em></strong></span> 
     </span>
     <span class='ocr_line' id='line_1_113' title="bbox 937 4621 1735 4693; baseline -0.003 -14"><span class='ocrx_word' id='word_1_813' title='bbox 937 4624 1047 4689; x_wconf 90' lang='lat' dir='ltr'><strong><em>didatis,</em></strong></span> <span class='ocrx_word' id='word_1_814' title='bbox 1061 4623 1211 4680; x_wconf 82' lang='lat' dir='ltr'><strong><em>excolendo</em></strong></span> <span class='ocrx_word' id='word_1_815' title='bbox 1229 4629 1258 4679; x_wconf 86' lang='lat' dir='ltr'><strong><em>et</em></strong></span> <span class='ocrx_word' id='word_1_816' title='bbox 1279 4621 1462 4687; x_wconf 85' lang='lat' dir='ltr'><strong><em>observando,</em></strong></span> <span class='ocrx_word' id='word_1_817' title='bbox 1482 4622 1582 4693; x_wconf 82' lang='lat' dir='ltr'><strong><em>dignus</em></strong></span> <span class='ocrx_word' id='word_1_818' title='bbox 1595 4630 1669 4677; x_wconf 85' lang='lat' dir='ltr'><strong><em>certe</em></strong></span> <span class='ocrx_word' id='word_1_819' title='bbox 1689 4623 1735 4692; x_wconf 90' lang='lat' dir='ltr'><strong><em>qui</em></strong></span> 
     </span>
     <span class='ocr_line' id='line_1_114' title="bbox 937 4690 1735 4761; baseline -0.003 -12"><span class='ocrx_word' id='word_1_820' title='bbox 937 4694 1077 4752; x_wconf 85' lang='lat' dir='ltr'><strong><em>nonnullis</em></strong></span> <span class='ocrx_word' id='word_1_821' title='bbox 1089 4696 1137 4751; x_wconf 85' lang='lat' dir='ltr'><strong><em>SS.</em></strong></span> <span class='ocrx_word' id='word_1_822' title='bbox 1159 4697 1268 4750; x_wconf 82' lang='lat' dir='ltr'><strong><em>Patrem</em></strong></span> <span class='ocrx_word' id='word_1_823' title='bbox 1288 4692 1432 4749; x_wconf 84' lang='lat' dir='ltr'><strong><em>sententiis</em></strong></span> <span class='ocrx_word' id='word_1_824' title='bbox 1450 4700 1476 4747; x_wconf 88' lang='lat' dir='ltr'><strong><em>et</em></strong></span> <span class='ocrx_word' id='word_1_825' title='bbox 1490 4690 1620 4761; x_wconf 80' lang='lat' dir='ltr'><strong><em>exemplis</em></strong></span> <span class='ocrx_word' id='word_1_826' title='bbox 1637 4691 1735 4748; x_wconf 88' lang='lat' dir='ltr'><strong><em>eodem</em></strong></span> 
     </span>
     <span class='ocr_line' id='line_1_115' title="bbox 937 4762 1734 4847; baseline -0.003 -28"><span class='ocrx_word' id='word_1_827' title='bbox 937 4765 1121 4847; x_wconf 83' lang='lat' dir='ltr'><strong><em>spectantibus</em></strong></span> <span class='ocrx_word' id='word_1_828' title='bbox 1134 4764 1314 4835; x_wconf 76' lang='lat' dir='ltr'><strong><em>amplificetur</em></strong></span> <span class='ocrx_word' id='word_1_829' title='bbox 1328 4772 1356 4818; x_wconf 90' lang='lat' dir='ltr'><strong><em>et</em></strong></span> <span class='ocrx_word' id='word_1_830' title='bbox 1369 4762 1534 4825; x_wconf 68' lang='lat' dir='ltr'><strong><em>illustratura</em></strong></span> <span class='ocrx_word' id='word_1_831' title='bbox 1547 4775 1609 4817; x_wconf 87' lang='lat' dir='ltr'><strong><em>cunt</em></strong></span> <span class='ocrx_word' id='word_1_832' title='bbox 1623 4775 1734 4833; x_wconf 73' lang='lat' dir='ltr'><strong><em>praeser-</em></strong></span> 
     </span>
     <span class='ocr_line' id='line_1_116' title="bbox 936 4830 1733 4901; baseline 0 -12"><span class='ocrx_word' id='word_1_833' title='bbox 936 4846 987 4890; x_wconf 84' lang='lat' dir='ltr'><strong><em>tem</em></strong></span> <span class='ocrx_word' id='word_1_834' title='bbox 1009 4836 1076 4889; x_wconf 90' lang='lat' dir='ltr'><strong><em>alias</em></strong></span> <span class='ocrx_word' id='word_1_835' title='bbox 1099 4842 1258 4889; x_wconf 86' lang='lat' dir='ltr'><strong><em>oecurrente</em></strong></span> <span class='ocrx_word' id='word_1_836' title='bbox 1277 4831 1337 4901; x_wconf 87' lang='lat' dir='ltr'><strong><em>ejus</em></strong></span> <span class='ocrx_word' id='word_1_837' title='bbox 1359 4830 1497 4885; x_wconf 89' lang='lat' dir='ltr'><strong><em>mentione</em></strong></span> <span class='ocrx_word' id='word_1_838' title='bbox 1511 4838 1538 4886; x_wconf 90' lang='lat' dir='ltr'><strong><em>et</em></strong></span> <span class='ocrx_word' id='word_1_839' title='bbox 1556 4832 1733 4890; x_wconf 90' lang='lat' dir='ltr'><strong><em>commenda-</em></strong></span> 
     </span>
     <span class='ocr_line' id='line_1_117' title="bbox 938 4900 1732 4970; baseline -0.001 -10"><span class='ocrx_word' id='word_1_840' title='bbox 938 4906 1021 4970; x_wconf 89' lang='lat' dir='ltr'><strong><em>tione,</em></strong></span> <span class='ocrx_word' id='word_1_841' title='bbox 1037 4920 1098 4959; x_wconf 92' lang='lat' dir='ltr'><strong><em>eam</em></strong></span> <span class='ocrx_word' id='word_1_842' title='bbox 1110 4904 1300 4959; x_wconf 86' lang='lat' dir='ltr'><strong><em>tractationem</em></strong></span> <span class='ocrx_word' id='word_1_843' title='bbox 1315 4901 1342 4955; x_wconf 94' lang='lat' dir='ltr'><strong><em>in</em></strong></span> <span class='ocrx_word' id='word_1_844' title='bbox 1356 4900 1429 4956; x_wconf 91' lang='lat' dir='ltr'><strong><em>hunc</em></strong></span> <span class='ocrx_word' id='word_1_845' title='bbox 1443 4901 1533 4957; x_wconf 86' lang='lat' dir='ltr'><strong><em>locttm</em></strong></span> <span class='ocrx_word' id='word_1_846' title='bbox 1550 4902 1732 4962; x_wconf 86' lang='lat' dir='ltr'><strong><em>retulerimus.</em></strong></span> 
     </span>
     <span class='ocr_line' id='line_1_118' title="bbox 933 4972 1733 5047; baseline 0 -16"><span class='ocrx_word' id='word_1_847' title='bbox 933 4976 1013 5045; x_wconf 80' lang='lat' dir='ltr'><strong><em>Quod</em></strong></span> <span class='ocrx_word' id='word_1_848' title='bbox 1031 4976 1114 5047; x_wconf 78' lang='lat' dir='ltr'><strong><em>igitur</em></strong></span> <span class='ocrx_word' id='word_1_849' title='bbox 1137 4973 1172 5029; x_wconf 90' lang='lat' dir='ltr'><strong><em>ad</em></strong></span> <span class='ocrx_word' id='word_1_850' title='bbox 1192 4972 1339 5029; x_wconf 88' lang='lat' dir='ltr'><strong><em>sententias</em></strong></span> <span class='ocrx_word' id='word_1_851' title='bbox 1361 4975 1472 5029; x_wconf 76' lang='lat' dir='ltr'><strong><em>Patrium</em></strong></span> <span class='ocrx_word' id='word_1_852' title='bbox 1494 4974 1602 5042; x_wconf 90' lang='lat' dir='ltr'><strong><em>attinet,</em></strong></span> <span class='ocrx_word' id='word_1_853' title='bbox 1622 4992 1687 5033; x_wconf 94' lang='lat' dir='ltr'><strong><em>cum</em></strong></span> <span class='ocrx_word' id='word_1_854' title='bbox 1705 4978 1733 5032; x_wconf 92' lang='lat' dir='ltr'><strong><em>in</em></strong></span> 
     </span>
     <span class='ocr_line' id='line_1_119' title="bbox 934 5042 1733 5114; baseline -0.003 -12"><span class='ocrx_word' id='word_1_855' title='bbox 934 5047 987 5102; x_wconf 92' lang='lat' dir='ltr'><strong><em>hoc</em></strong></span> <span class='ocrx_word' id='word_1_856' title='bbox 1025 5058 1104 5100; x_wconf 82' lang='lat' dir='ltr'><strong><em>eriere</em></strong></span> <span class='ocrx_word' id='word_1_857' title='bbox 1124 5044 1275 5099; x_wconf 80' lang='lat' dir='ltr'><strong><em>innumerae</em></strong></span> <span class='ocrx_word' id='word_1_858' title='bbox 1294 5042 1387 5100; x_wconf 86' lang='lat' dir='ltr'><strong><em>aiicrri</em></strong></span> <span class='ocrx_word' id='word_1_859' title='bbox 1404 5054 1526 5114; x_wconf 87' lang='lat' dir='ltr'><strong><em>possent,</em></strong></span> <span class='ocrx_word' id='word_1_860' title='bbox 1547 5045 1620 5101; x_wconf 92' lang='lat' dir='ltr'><strong><em>nulla</em></strong></span> <span class='ocrx_word' id='word_1_861' title='bbox 1641 5054 1733 5102; x_wconf 87' lang='lat' dir='ltr'><strong><em>tamen</em></strong></span> 
     </span>
     <span class='ocr_line' id='line_1_120' title="bbox 935 5062 1734 5198; baseline -0.003 -25"><span class='ocrx_word' id='word_1_862' title='bbox 935 5062 1074 5173; x_wconf 44' lang='lat' dir='ltr'><strong><em>bulciaco</em></strong></span> <span class='ocrx_word' id='word_1_863' title='bbox 1092 5114 1326 5171; x_wconf 83' lang='lat' dir='ltr'><strong><em>accommodatior</em></strong></span> <span class='ocrx_word' id='word_1_864' title='bbox 1350 5123 1378 5171; x_wconf 87' lang='lat' dir='ltr'><strong><em>ct</em></strong></span> <span class='ocrx_word' id='word_1_865' title='bbox 1399 5116 1563 5172; x_wconf 89' lang='lat' dir='ltr'><strong><em>cumulatior</em></strong></span> <span class='ocrx_word' id='word_1_866' title='bbox 1583 5132 1667 5198; x_wconf 89' lang='lat' dir='ltr'><strong><em>quam</em></strong></span> <span class='ocrx_word' id='word_1_867' title='bbox 1685 5116 1734 5173; x_wconf 91' lang='lat' dir='ltr'><strong><em>da-</em></strong></span> 
     </span>
     <span class='ocr_line' id='line_1_121' title="bbox 933 5186 1733 5259; baseline -0.005 -14"><span class='ocrx_word' id='word_1_868' title='bbox 933 5189 1018 5245; x_wconf 89' lang='lat' dir='ltr'><strong><em>ctrina</em></strong></span> <span class='ocrx_word' id='word_1_869' title='bbox 1033 5188 1156 5244; x_wconf 76' lang='lat' dir='ltr'><strong><em>meletias.</em></strong></span> <span class='ocrx_word' id='word_1_870' title='bbox 1177 5186 1264 5243; x_wconf 84' lang='lat' dir='ltr'><strong><em>Patris</em></strong></span> <span class='ocrx_word' id='word_1_871' title='bbox 1281 5188 1367 5242; x_wconf 88' lang='lat' dir='ltr'><strong><em>nostri</em></strong></span> <span class='ocrx_word' id='word_1_872' title='bbox 1386 5186 1535 5255; x_wconf 80' lang='lat' dir='ltr'><strong><em>benedieti,</em></strong></span> <span class='ocrx_word' id='word_1_873' title='bbox 1555 5203 1612 5259; x_wconf 90' lang='lat' dir='ltr'><strong><em>qut,</em></strong></span> <span class='ocrx_word' id='word_1_874' title='bbox 1630 5187 1733 5243; x_wconf 85' lang='lat' dir='ltr'><strong><em>deseri-</em></strong></span> 
     </span>
     <span class='ocr_line' id='line_1_122' title="bbox 933 5258 1730 5332; baseline -0.001 -17"><span class='ocrx_word' id='word_1_875' title='bbox 933 5268 978 5332; x_wconf 89' lang='lat' dir='ltr'><strong><em>pta</em></strong></span> <span class='ocrx_word' id='word_1_876' title='bbox 992 5267 1020 5315; x_wconf 88' lang='lat' dir='ltr'><strong><em>et</em></strong></span> <span class='ocrx_word' id='word_1_877' title='bbox 1031 5258 1188 5331; x_wconf 81' lang='lat' dir='ltr'><strong><em>praescripta</em></strong></span> <span class='ocrx_word' id='word_1_878' title='bbox 1199 5258 1358 5313; x_wconf 82' lang='lat' dir='ltr'><strong><em>monanicn</em></strong></span> <span class='ocrx_word' id='word_1_879' title='bbox 1367 5258 1529 5314; x_wconf 77' lang='lat' dir='ltr'><strong><em>obedientiae</em></strong></span> <span class='ocrx_word' id='word_1_880' title='bbox 1540 5272 1649 5319; x_wconf 88' lang='lat' dir='ltr'><strong><em>norma,</em></strong></span> <span class='ocrx_word' id='word_1_881' title='bbox 1662 5258 1730 5315; x_wconf 89' lang='lat' dir='ltr'><strong><em>nibil</em></strong></span> 
     </span>
     <span class='ocr_line' id='line_1_123' title="bbox 933 5327 1734 5457; baseline 0.002 -72"><span class='ocrx_word' id='word_1_882' title='bbox 933 5331 1007 5457; x_wconf 60' lang='lat' dir='ltr'><strong><em>Erine</em></strong></span> <span class='ocrx_word' id='word_1_883' title='bbox 1021 5329 1116 5386; x_wconf 89' lang='lat' dir='ltr'><strong><em>hahuit</em></strong></span> <span class='ocrx_word' id='word_1_884' title='bbox 1129 5344 1212 5403; x_wconf 90' lang='lat' dir='ltr'><strong><em>quam</em></strong></span> <span class='ocrx_word' id='word_1_885' title='bbox 1230 5336 1260 5384; x_wconf 89' lang='lat' dir='ltr'><strong><em>ut</em></strong></span> <span class='ocrx_word' id='word_1_886' title='bbox 1278 5327 1426 5399; x_wconf 88' lang='lat' dir='ltr'><strong><em>discipulos</em></strong></span> <span class='ocrx_word' id='word_1_887' title='bbox 1445 5344 1520 5394; x_wconf 85' lang='lat' dir='ltr'><strong><em>suos,</em></strong></span> <span class='ocrx_word' id='word_1_888' title='bbox 1536 5329 1623 5394; x_wconf 88' lang='lat' dir='ltr'><strong><em>idest,</em></strong></span> <span class='ocrx_word' id='word_1_889' title='bbox 1638 5344 1734 5387; x_wconf 72' lang='lat' dir='ltr'><strong><em>coeno</em></strong></span> 
     </span>
     <span class='ocr_line' id='line_1_124' title="bbox 953 5398 1731 5469; baseline 0.001 -12"><span class='ocrx_word' id='word_1_890' title='bbox 953 5402 1017 5469; x_wconf 87' lang='lat' dir='ltr'><strong><em>itas,</em></strong></span> <span class='ocrx_word' id='word_1_891' title='bbox 1030 5402 1064 5457; x_wconf 92' lang='lat' dir='ltr'><strong><em>ad</em></strong></span> <span class='ocrx_word' id='word_1_892' title='bbox 1077 5400 1271 5457; x_wconf 88' lang='lat' dir='ltr'><strong><em>taciturnitatis</em></strong></span> <span class='ocrx_word' id='word_1_893' title='bbox 1279 5408 1306 5454; x_wconf 89' lang='lat' dir='ltr'><strong><em>ct</em></strong></span> <span class='ocrx_word' id='word_1_894' title='bbox 1315 5398 1411 5455; x_wconf 86' lang='lat' dir='ltr'><strong><em>silentii</em></strong></span> <span class='ocrx_word' id='word_1_895' title='bbox 1426 5398 1547 5456; x_wconf 86' lang='lat' dir='ltr'><strong><em>studium</em></strong></span> <span class='ocrx_word' id='word_1_896' title='bbox 1568 5408 1595 5455; x_wconf 86' lang='lat' dir='ltr'><strong><em>et</em></strong></span> <span class='ocrx_word' id='word_1_897' title='bbox 1606 5415 1731 5458; x_wconf 90' lang='lat' dir='ltr'><strong><em>amorem</em></strong></span> 
     </span>
     <span class='ocr_line' id='line_1_125' title="bbox 933 5470 1731 5542; baseline 0.004 -15"><span class='ocrx_word' id='word_1_898' title='bbox 933 5472 1070 5539; x_wconf 81' lang='lat' dir='ltr'><strong><em>invitaret,</em></strong></span> <span class='ocrx_word' id='word_1_899' title='bbox 1093 5472 1130 5527; x_wconf 87' lang='lat' dir='ltr'><strong><em>ito</em></strong></span> <span class='ocrx_word' id='word_1_900' title='bbox 1151 5470 1301 5527; x_wconf 76' lang='lat' dir='ltr'><strong><em>exhortans</em></strong></span> <span class='ocrx_word' id='word_1_901' title='bbox 1314 5470 1392 5540; x_wconf 84' lang='lat' dir='ltr'><strong><em>(Gap.</em></strong></span> <span class='ocrx_word' id='word_1_902' title='bbox 1409 5470 1573 5542; x_wconf 76' lang='lat' dir='ltr'><strong><em>ultaquhrle</em></strong></span> <span class='ocrx_word' id='word_1_903' title='bbox 1595 5474 1731 5530; x_wconf 80' lang='lat' dir='ltr'><strong><em>Faciemus</em></strong></span> 
     </span>
     <span class='ocr_line' id='line_1_126' title="bbox 932 5541 1734 5614; baseline 0.009 -18"><span class='ocrx_word' id='word_1_904' title='bbox 932 5544 1005 5614; x_wconf 86' lang='lat' dir='ltr'><strong><em>quod</em></strong></span> <span class='ocrx_word' id='word_1_905' title='bbox 1016 5545 1058 5597; x_wconf 90' lang='lat' dir='ltr'><strong><em>ait</em></strong></span> <span class='ocrx_word' id='word_1_906' title='bbox 1067 5544 1215 5613; x_wconf 83' lang='lat' dir='ltr'><strong><em>prophete:</em></strong></span> <span class='ocrx_word' id='word_1_907' title='bbox 1226 5542 1300 5604; x_wconf 79' lang='lat' dir='ltr'><strong><em>hiri,</em></strong></span> <span class='ocrx_word' id='word_1_908' title='bbox 1315 5541 1463 5597; x_wconf 77' lang='lat' dir='ltr'><strong><em>custodum</em></strong></span> <span class='ocrx_word' id='word_1_909' title='bbox 1471 5545 1531 5597; x_wconf 84' lang='lat' dir='ltr'><strong><em>oiets</em></strong></span> <span class='ocrx_word' id='word_1_910' title='bbox 1543 5558 1625 5607; x_wconf 79' lang='lat' dir='ltr'><strong><em>incus,</em></strong></span> <span class='ocrx_word' id='word_1_911' title='bbox 1635 5551 1667 5600; x_wconf 90' lang='lat' dir='ltr'><strong><em>ut</em></strong></span> <span class='ocrx_word' id='word_1_912' title='bbox 1679 5562 1734 5603; x_wconf 91' lang='lat' dir='ltr'><strong><em>non</em></strong></span> 
     </span>
     <span class='ocr_line' id='line_1_127' title="bbox 931 5614 1730 5685; baseline 0.004 -14"><span class='ocrx_word' id='word_1_913' title='bbox 931 5615 1088 5685; x_wconf 84' lang='lat' dir='ltr'><strong><em>cielinquom</em></strong></span> <span class='ocrx_word' id='word_1_914' title='bbox 1101 5615 1131 5668; x_wconf 91' lang='lat' dir='ltr'><strong><em>in</em></strong></span> <span class='ocrx_word' id='word_1_915' title='bbox 1153 5614 1246 5681; x_wconf 81' lang='lat' dir='ltr'><strong><em>iinpeto</em></strong></span> <span class='ocrx_word' id='word_1_916' title='bbox 1260 5629 1330 5668; x_wconf 89' lang='lat' dir='ltr'><strong><em>ntea.</em></strong></span> <span class='ocrx_word' id='word_1_917' title='bbox 1346 5615 1428 5669; x_wconf 87' lang='lat' dir='ltr'><strong><em>Paseai</em></strong></span> <span class='ocrx_word' id='word_1_918' title='bbox 1443 5616 1486 5668; x_wconf 85' lang='lat' dir='ltr'><strong><em>ori</em></strong></span> <span class='ocrx_word' id='word_1_919' title='bbox 1498 5630 1555 5671; x_wconf 85' lang='lat' dir='ltr'><strong><em>meo</em></strong></span> <span class='ocrx_word' id='word_1_920' title='bbox 1567 5618 1730 5675; x_wconf 84' lang='lat' dir='ltr'><strong><em>custodium:</em></strong></span> 
     </span>
     <span class='ocr_line' id='line_1_128' title="bbox 932 5686 1728 5753; baseline -0.003 -12"><span class='ocrx_word' id='word_1_921' title='bbox 932 5686 1062 5753; x_wconf 76' lang='lat' dir='ltr'><strong><em>ahmeinai,</em></strong></span> <span class='ocrx_word' id='word_1_922' title='bbox 1085 5689 1111 5741; x_wconf 94' lang='lat' dir='ltr'><strong><em>et</em></strong></span> <span class='ocrx_word' id='word_1_923' title='bbox 1130 5686 1289 5740; x_wconf 84' lang='lat' dir='ltr'><strong><em>humiliatus</em></strong></span> <span class='ocrx_word' id='word_1_924' title='bbox 1308 5699 1378 5747; x_wconf 88' lang='lat' dir='ltr'><strong><em>suen,</em></strong></span> <span class='ocrx_word' id='word_1_925' title='bbox 1399 5690 1425 5741; x_wconf 90' lang='lat' dir='ltr'><strong><em>et</em></strong></span> <span class='ocrx_word' id='word_1_926' title='bbox 1446 5687 1512 5741; x_wconf 89' lang='lat' dir='ltr'><strong><em>silui</em></strong></span> <span class='ocrx_word' id='word_1_927' title='bbox 1523 5705 1540 5741; x_wconf 90' lang='lat' dir='ltr'><strong><em>n</em></strong></span> <span class='ocrx_word' id='word_1_928' title='bbox 1555 5688 1629 5744; x_wconf 86' lang='lat' dir='ltr'><strong><em>bonis</em></strong></span> <span class='ocrx_word' id='word_1_929' title='bbox 1648 5688 1728 5753; x_wconf 87' lang='lat' dir='ltr'><strong><em>(Psai.</em></strong></span> 
     </span>
     <span class='ocr_line' id='line_1_129' title="bbox 931 5756 1732 5829; baseline -0.005 -16"><span class='ocrx_word' id='word_1_930' title='bbox 931 5757 1078 5829; x_wconf 80' lang='lat' dir='ltr'><strong><em>xxnt&#39;au).</em></strong></span> <span class='ocrx_word' id='word_1_931' title='bbox 1099 5759 1147 5813; x_wconf 84' lang='lat' dir='ltr'><strong><em>liic</em></strong></span> <span class='ocrx_word' id='word_1_932' title='bbox 1164 5756 1280 5812; x_wconf 83' lang='lat' dir='ltr'><strong><em>ostendit</em></strong></span> <span class='ocrx_word' id='word_1_933' title='bbox 1297 5757 1443 5828; x_wconf 86' lang='lat' dir='ltr'><strong><em>Propheta,</em></strong></span> <span class='ocrx_word' id='word_1_934' title='bbox 1461 5760 1515 5813; x_wconf 86' lang='lat' dir='ltr'><strong><em>sin</em></strong></span> <span class='ocrx_word' id='word_1_935' title='bbox 1531 5760 1605 5815; x_wconf 87' lang='lat' dir='ltr'><strong><em>bonis</em></strong></span> <span class='ocrx_word' id='word_1_936' title='bbox 1620 5758 1732 5827; x_wconf 80' lang='lat' dir='ltr'><strong><em>eloquiis</em></strong></span> 
     </span>
     <span class='ocr_line' id='line_1_130' title="bbox 932 5828 1732 5900; baseline -0.003 -17"><span class='ocrx_word' id='word_1_937' title='bbox 932 5829 1067 5885; x_wconf 78' lang='lat' dir='ltr'><strong><em>uttetdum</em></strong></span> <span class='ocrx_word' id='word_1_938' title='bbox 1074 5828 1732 5900; x_wconf 83' lang='lat' dir='ltr'><strong><em>pmptcrtaciturnitutetndebettacercmoauchus,</em></strong></span> 
     </span>
    </p>
   </div>
   <div class='ocr_carea' id='block_1_17' title="bbox 0 0 1928 6152">
    <p class='ocr_par' dir='ltr' id='par_1_21' title="bbox 0 0 1928 6152">
     <span class='ocr_line' id='line_1_131' title="bbox 0 0 1928 6152; baseline 0 0"><span class='ocrx_word' id='word_1_939' title='bbox 0 0 1928 6152; x_wconf 95' lang='lat' dir='ltr'><strong><em> </em></strong></span> 
     </span>
    </p>
   </div>
  </div>
 </body>
</html>
