3848 6158
140 213 195 267 249
394 211 438 267 ΒΕ
457 209 694 269 coeaooioitbii
713 214 838 272 INSTlT.
857 215 921 273 ua.
942 216 977 273 V.
995 219 1095 275 -DE
1113 218 1247 277 SPlRITU
1266 221 1500 282 assimilaltur
1745 234 1799 289 aab

138 333 258 406 eoeperit
275 332 420 391 interesset
440 336 517 406 Quos
534 333 657 407 prolecto
672 338 851 408 corporaliter
864 338 943 397 dese·
956 346 984 408 Α
996 341 1090 400 etitate
1107 350 1135 399 et
1153 340 1274 416 perlecta
1289 344 1399 403 scientia
1418 346 1576 419 praeditum,
1590 365 1647 407 non
1660 351 1752 413 solum
1768 355 1799 413 iri

138 425 227 484 mnae
243 424 312 481 nihil
336 425 472 498 proderit,
492 427 515 484 si
534 428 616 486 eorde
630 444 678 486 cos
696 431 810 504 incipiat
823 432 940 503 intueri,
994 436 1094 493 actuali
1110 436 1176 505 vita,
1194 436 1244 493 sed
1262 438 1347 495 etiam
1365 440 1465 498 notitia
1479 442 1695 514 scripturarum,
1712 462 1797 518 quam

136 533 172 575 ac
186 516 351 574 memoriam
366 534 450 590 quain
462 521 562 576 saeculo
577 519 639 577 haic
652 523 814 580 renuntians
827 525 942 598 quisquc
996 529 1021 586 ei
1035 544 1092 587 non
1106 537 1164 586 tam
1179 528 1303 587 studium
1319 531 1453 602 lectionis,
1474 536 1514 591 rel
1532 535 1685 593 litteratura
1700 538 1796 597 mundi

137 611 213 670 velut
225 619 355 668 mortuus
368 611 515 679 abdicavit,
528 615 693 672 reviviscens
706 616 834 674 eamdem
846 634 941 677 rursus
995 623 1159 692 contulerat,
1175 638 1258 695 quam
1270 625 1327 680 sola
1341 626 1446 697 puritas
1464 627 1556 685 cordis
1574 629 1733 703 :siquidem
1748 631 1796 691 vix

137 703 294 764 admiserit.
317 706 385 762 Haec
404 707 514 763 volvens
536 707 563 763 in
584 707 668 765 corde
688 725 757 778 suo,
774 727 831 768 non
849 712 940 769 solum
994 715 1078 789 ipsius
1093 732 1202 790 quoquc
1214 718 1319 775 Graecae
1337 718 1438 794 lingua
1454 737 1585 794 perpauca
1598 721 1680 780 verba
1697 724 1739 781 vel
1753 723 1796 783 in-

136 794 242 853 nnllam
260 793 398 850 resolvere
411 794 555 866 epistolam
569 795 710 866 definivit,
731 798 779 856 ted
799 815 834 856 110
852 800 941 874 ipsum
995 810 1117 884 telligcre
1127 820 1228 882 posset,
1241 812 1282 870 vel
1290 813 1426 887 proloqui.
1439 815 1492 873 llic
1501 831 1566 874 cum
1576 816 1796 890 explanationem

137 887 252 961 quidem
272 885 434 945 fmiffllum
450 888 601 962 redemti,
618 905 653 948 ¹¹⁹
665 892 881 951 wilioeleorum
895 893 941 967 (ιιιὶ
995 903 1136 977 cujusdam
1154 903 1358 963 obsmrissimae
1371 908 1530 978 questionis
1550 909 1715 982 inquireret,
1733 927 1795 986 sep·

137 982 304 1056 scripserant
322 981 363 1038 vel
382 982 494 1039 nomina
515 983 700 1054 recensendo,
721 986 762 1042 vel
782 987 873 1045 vultos
895 1002 942 1046 ro-
995 1005 1051 1052 tem
1064 996 1160 1055 diebus
1174 999 1346 1056 acnoctihos
1358 999 1386 1056 in
1400 1002 1715 1075 orationciniatigabilis
1728 1018 1794 1076 pet·
1874 988 1879 995 ¹

138 1073 279 1135 corderado
296 1090 313 1132 a
328 1074 441 1146 spiritus
461 1075 503 1132 sai
525 1077 672 1136 intentione
691 1087 819 1136 cessaret.
843 1084 938 1156 ltaque
991 1089 1073 1157 stitit,
1081 1089 1793 1167 donecsolutionempropositaequaestioniellomino

138 1177 171 1226 ut
181 1185 246 1228 eum
260 1170 442 1226 constrictum
455 1181 623 1243 susceperat,
634 1171 689 1245 igni
703 1173 814 1231 tradidit
826 1190 939 1234 conme-
991 1182 1130 1239 revelante
1143 1192 1331 1255 cognosceret.

138 1265 272 1323 mandam
284 1287 290 1323 :
304 1268 357 1336 lte,
368 1265 506 1340 inquiens,
517 1268 698 1340 cogitationes
709 1269 815 1343 patriae,
828 1274 938 1344 pariter,
1146 1283 1150 1289 '
1256 1277 1378 1334 CAPUT
1396 1279 1530 1334 XXXlV.

137 1358 364 1426 concremamini,
385 1372 436 1414 nec
454 1374 499 1415 me
519 1360 648 1428 ulterius,
667 1360 703 1418 ad
721 1360 765 1418 illa
787 1378 848 1434 qoae
867 1363 937 1439 iugi,
992 1373 1031 1426 lle
1048 1372 1180 1426 seiilentio
1198 1372 1317 1442 ejusden
1339 1374 1494 1442 sociaque
1516 1372 1607 1428 doniit
1627 1388 1680 1442 quo
1701 1374 1793 1431 studio

137 1465 266 1508 manare
278 1452 399 1508 tentetis,
1027 1443 1169 1497 motioohus
1178 1446 1264 1513 possit
1275 1446 1384 1514 assequi
1392 1445 1533 1501 seientiam
1542 1445 1757 1513 Scnpluraiiim.

397 1546 518 1604 CAPUT
538 1548 677 1605 χχχιιι,
1025 1534 1080 1589 Hic
1096 1549 1161 1607 ergo
1182 1535 1346 1607 quibusdam
1364 1535 1495 1593 iratribus
1514 1535 1715 1593 admirantibus
1733 1544 1792 1595 lam

136 1641 175 1695 p,
200 1637 364 1696 ,awanam
386 1644 555 1711 mmm-3,
576 1659 658 1713 quam
681 1643 762 1701 agga,
788 1645 937 1703 mmm,
991 1627 1154 1709 praeclarum
1170 1628 1291 1686 scientim
1305 1630 1364 1702 ejus
1377 1629 1481 1696 lumen,
1495 1637 1523 1685 et
1536 1630 1572 1685 ab
1588 1629 1686 1686 eodem
1704 1644 1791 1702 quos·

398 1713 501 1769 mondo
514 1717 671 1784 promendi.
949 1740 974 1802 B
989 1719 1055 1776 dani
1066 1721 1269 1793 scripturarum
1280 1737 1375 1779 sensus
1386 1721 1596 1794 inquirentibus,
1607 1723 1662 1778 ait:
1673 1715 1791 1781 ”Mona

172 1805 299 1865 Vidimus
309 1807 395 1865 edam
405 1811 419 1842 ⁸
430 1806 558 1866 abbatem
569 1808 747 1869 Theodorum
756 1826 866 1869 summa
878 1827 937 1869 san-
989 1812 1073 1870 chum
1090 1814 1125 1871 ad
1143 1815 1346 1887 scripturarum
1360 1813 1490 1872 notitidm
1507 1815 1661 1888 pertingere
1677 1816 1791 1888 cupien-

680 1953 808 2010 atham
827 1955 942 2012 GAZAEI
961 1953 1242 2013 COMMENTARIUS.

171 2075 381 2133 'demorantur
390 2074 445 2133 duo
454 2075 604 2146 Theodori,
612 2078 696 2136 ambo
705 2081 865 2137 monasticae
874 2080 937 2138 rilae
989 2082 1259 2152 aebrasipnoroalic
1267 2083 1415 2151 ooitplelur,
1430 2095 1546 2151 qtiaitoa
1598 2086 1639 2136 los
1649 2081 1788 2152 paruulos,

133 2143 218 2227 lando
232 2153 260 2201 et
274 2147 416 2229 mncdtate
430 2147 692 2231 insignes,qooi·um
703 2150 771 2207 alter
783 2151 940 2221 discipulus.
989 2158 1015 2207 et
1023 2169 1093 2223 pene
1104 2154 1230 2231 lactentes
1243 2154 1357 2207 inscitiae
1366 2155 1441 2206 nocte
1450 2097 1636 2207 οἰνιιιιιιέἒιιί
1646 2151 1789 2209 Reclamat

136 2213 191 2271 init
201 2225 352 2273 nonsancti
363 2223 487 2282 Antonii,
500 2227 531 2275 ut
541 2228 636 2276 vitiose
649 2220 722 2293 apud
732 2222 883 2281 Boronium
897 2222 935 2281 le-
989 2223 1088 2280 Petrus
1106 2223 1295 2294 apostolorum
1317 2221 1441 2292 princeps
1459 2221 1575 2277 dicens:
1596 2224 1651 2277 Hoc
1666 2224 1789 2292 primam

137 2285 256 2357 gitatin
269 2286 462 2361 blartyrologio
475 2291 538 2356 (ild
553 2291 716 2364 tlaauci.);
729 2291 776 2348 sed
789 2290 935 2351 Ammonis
989 2295 1176 2364 iiilelliqeiites
1187 2293 1258 2364 quod
1269 2295 1355 2348 omnis
1362 2291 1505 2363 piophelic
1519 2293 1666 2363 scapiono
1710 2294 1789 2362 opilo

135 2356 323 2441 anachoretae,
339 2365 368 2414 ut
379 2367 521 2442 patettum
535 2376 567 2417 cr
581 2363 635 2418 vita
648 2362 770 2434 ejusdem
789 2363 932 2420 Antoniis
988 2366 1209 2435 interpretatione
1227 2380 1280 2420 acii
1293 2367 1339 2434 ιη
1355 2379 1406 2418 noa
1424 2365 1494 2418 onim
1513 2364 1649 2418 voluntale
1669 2307 1788 2419 ginand

133 2428 165 2484 S.
183 2428 337 2485 Athanasio
355 2444 461 2487 conseri
482 2441 521 2498 ta,
535 2439 596 2489 tum
616 2447 649 2489 er
669 2432 788 2490 Palladio
807 2433 851 2504 (hi
864 2437 930 2491 Laii.
985 2435 1070 2490 allata
1081 2441 1120 2492 est
1138 2435 1285 2506 ollqiiaiido
1295 2435 1451 2506 prophetia,
1464 2433 1512 2488 sed
1524 2435 1632 2504 Spiritu
1644 2438 1733 2489 sonato
1747 2435 1790 2490 in·

133 2514 162 2580 e.
180 2503 223 2579 8),
240 2499 397 2556 Sozomeno
412 2501 460 2574 (ι’
478 2543 484 2558 .
501 2517 513 2558 ι
528 2506 600 2559 Hisl.
618 2519 640 2560 c.
659 2508 705 2570 ll)
721 2511 749 2560 et
761 2504 824 2561 aliis
841 2524 848 2558 ι
864 2506 932 2562 alter
985 2507 1087 2574 spirali
1105 2506 1187 2562 locuti
1203 2510 1267 2562 sciit
1286 2507 1374 2560 soracti
1388 2507 1438 2559 Dei
1453 2504 1570 2561 hoiniiies
1591 2505 1631 2572 (ll
1647 2507 1721 2560 Peli.
1741 2502 1781 2575 1).

132 2566 284 2641 discipulus
294 2572 323 2628 S.
338 2570 489 2641 rachomit,
499 2573 527 2629 in
536 2579 613 2645 cujus
623 2574 677 2630 rita
688 2576 746 2648 eius
760 2575 842 2632 etiam
856 2583 930 2647 gesta
984 2575 1130 2632 Reclamat
1138 2584 1165 2632 et
1173 2584 1282 2632 mactus
1293 2575 1338 2631 ille
1347 2574 1489 2631 eunuchus
1498 2575 1598 2648 reginae
1609 2575 1781 2647 AEthiopum,

131 2648 292 2722 narrantum,
305 2649 334 2697 et
347 2643 376 2697 in
387 2642 458 2700 Vitis
471 2648 594 2701 Patrum.
607 2646 673 2718 Agit
685 2645 720 2702 de
732 2645 830 2702 eodcm
840 2647 869 2703 S.
883 2646 931 2703 ili-
985 2646 1103 2727 quicum
1111 2646 1191 2702 isaiae
1200 2646 1371 2717 prophetiam
1381 2645 1490 2714 legerit,
1501 2646 1685 2717 interrogatus
1694 2661 1709 2703 a
1719 2644 1782 2703 Phi·

133 2710 178 2768 lus
192 2727 221 2767 in
235 2710 283 2767 lib.
299 2711 334 2769 de
348 2713 491 2771 Oratione.
507 2715 570 2773 Utri
585 2730 649 2773 vero
663 2716 807 2773 tribuenda
818 2717 854 2772 sit
867 2731 932 2773 sen-
985 2716 1059 2789 lippo
1081 2719 1216 2773 :Putasne
1235 2717 1366 2786 intelligis
1388 2732 1448 2786 qao
1467 2716 1553 2786 lepis?
1585 2716 1713 2772 rudentes
1735 2731 1782 2773 re-

131 2782 218 2838 tentio
250 2797 316 2839 uam
329 2783 471 2841 bicreicrt
484 2786 710 2852 Cassianusnon
723 2787 932 2858 satiscomper-
985 2785 1097 2857 spondit
1112 2806 1118 2841 :
1131 2788 1308 2857 thaomodo
1316 2801 1434 2858 possein
1450 2788 1476 2842 si
1487 2803 1538 2842 aori
1552 2733 1655 2860 odiqois
1668 2786 1783 2843 ostende

132 2852 234 2909 tumba
272 2856 930 2929 o:putotamenposterioripotiustribuendam3
983 2860 1023 2912 rit
1035 2858 1106 2912 milii
1116 2860 1186 2924 (ilat.
1203 2858 1468 2925 viir)?1leclamant
1480 2865 1508 2913 et
1519 2859 1567 2914 SS.
1585 2860 1678 2914 Patres
1690 2857 1783 2914 Eccle-

131 2923 206 2995 qnod
222 2923 268 2981 hic
277 2924 412 3008 doctrinae
423 2929 601 2998 ctsapientiae
610 2928 695 2995 dono,
710 2928 784 3054 quod
798 2927 841 2985 bic
855 2943 932 2986 com·
984 2927 1032 2984 siae
1046 2932 1178 2984 Doctores
1191 2929 1272 2999 (Vide
1282 2931 1428 2985 Bdrmtt'dm
1439 2932 1503 2984 lom.
1516 2931 1528 2984 l
1539 2929 1656 2998 Atinal„
1668 2944 1713 2983 an.
1731 2933 1781 2995 ³43

131 2993 289 3063 mandatur,
305 2998 406 3053 clarior
419 2999 562 3065 crsdteiit,
577 3007 605 3056 ct
618 3001 646 3056 S.
662 3002 716 3055 Pac
736 2998 812 3056 omio
827 2999 853 3054 in
868 3015 931 3057 mo·
985 2999 1110 3056 Bellarm.
1129 3001 1206 3055 l.1ii
1227 2999 1260 3055 de
1283 3000 1368 3057 Verbo
1387 3001 1438 3056 Dei
1451 3016 1473 3055 c.
1494 3003 1526 3066 ι).
1545 2998 1733 3081 Hieronymus
1753 2997 1782 3053 in

130 3066 248 3122 mosterii
269 3067 454 3126 Tabennensis
470 3070 602 3143 regimine
618 3069 789 3126 successerit.
808 3069 890 3128 Unde
905 3078 932 3127 et
985 3070 1083 3126 celebri
1099 3069 1145 3126 illa
1160 3069 1318 3152 epistolaad
1332 3070 1563 3141 diutinumque
1577 3070 1673 3125 Bibliis
1688 3067 1783 3141 praeli·

131 3135 219 3193 abhas
230 3136 277 3193 hic
290 3147 413 3195 iocatur.
425 3141 471 3197 Sic
484 3141 559 3197 cnim
571 3140 606 3196 de
619 3156 652 3196 eo
667 3140 764 3197 scribit
774 3140 932 3198 Gennadius
985 3140 1067 3212 gitur,
1090 3141 1136 3200 ubi
1156 3141 1262 3213 singula
1279 3140 1426 3212 Scripturas
1446 3140 1586 3196 solumina
1609 3154 1781 3212 percurrens,

132 3206 313 3280 descriptor.
332 3210 407 3266 Eccl.
429 3226 489 3283 cap.
504 3219 521 3267 a
540 3228 548 3266 ι
568 3212 719 3268 Theodorus
732 3212 870 3268 Paeboiaii
881 3213 928 3267 oh·
985 3210 1107 3267 ostendit
1121 3211 1149 3267 in
1164 3211 1292 3268 omnihus
1305 3213 1408 3268 multas
1422 3217 1451 3268 et
1462 3225 1575 3293 magnas
1589 3224 1647 3266 esso
1658 3209 1783 3266 diiiicul-

135 3278 209 3333 butis
219 3295 347 3336 sumnam
361 3284 477 3352 incipitis
490 3285 642 3345 sanctitate,
656 3286 681 3337 et
693 3282 815 3337 danubio
831 3287 931 3353 specto·
984 3289 1065 3349 tates,
1079 3290 1107 3337 ct
1117 3283 1235 3363 graviter
1247 3297 1294 3338 eos
1307 3281 1457 3353 redarguit,
1469 3298 1516 3352 qui
1532 3295 1589 3337 suae
1601 3281 1721 3338 solertim
1734 3288 1782 3339 aut

133 3348 199 3403 bilis
212 3352 240 3404 in
255 3351 300 3407 lib.
317 3352 350 3407 de
362 3353 554 3411 collationibus
568 3355 679 3408 Petrum
690 3368 708 3407 a
721 3353 848 3409 damiano
861 3353 932 3410 edito
985 3352 1125 3408 sanctitati
1137 3351 1262 3418 lidentcs,
1273 3352 1331 3408 sine
1343 3353 1456 3410 doctore
1469 3360 1517 3408 aut
1528 3352 1675 3424 interprete
1689 3365 1783 3409 sacros

131 3420 288 3477 amittinode
301 3424 509 3487 coinmmdmar,
524 3425 573 3493 qai
579 3428 642 3494 post
654 3426 743 3494 ipsum
757 3423 814 3494 ejus
827 3438 932 3479 maias·
946 3391 970 3456 C
986 3421 1071 3478 libros
1095 3423 1194 3495 legere,
1214 3430 1332 3479 tractare
1353 3430 1380 3479 et
1402 3423 1510 3492 assequi
1529 3437 1557 3478 se
1615 3437 1658 3479 sse
1679 3438 1782 3494 praesu·

129 3493 203 3546 teria
217 3494 245 3547 ia
259 3508 361 3548 sumam
373 3497 546 3564 perfectionis
561 3496 636 3565 apice
647 3500 752 3550 strenue
762 3494 929 3564 gubernavit.
984 3500 1077 3549 munt.
1090 3495 1119 3551 S.
1134 3493 1297 3551 Ambrosius
1308 3493 1335 3550 in
1346 3493 1460 3566 epistola
1468 3497 1513 3560 tl,
1526 3493 1561 3549 ad
1568 3438 1760 3550 &astantium
1774 3511 1780 3549 :

128 3564 171 3618 iae
183 3565 362 3621 conseminat
374 3568 488 3629 unitate,
508 3570 534 3621 el
547 3565 580 3620 de
595 3564 773 3636 pammeido
791 3567 929 3637 depropa-
983 3566 1069 3627 hiare,
1080 3563 1180 3637 inquit,
1193 3571 1232 3620 est
1243 3567 1383 3637 Scriptura
1392 3565 1496 3628 debinc,
1507 3565 1607 3620 haberis
1616 3568 1645 3620 t'n
1654 3580 1681 3621 se
1690 3578 1781 3621 satana

129 3634 184 3688 sito
195 3634 283 3690 medas
295 3639 322 3692 el
334 3636 422 3691 stridis·
432 3637 629 3692 eshotctoiias
643 3641 669 3693 cl
682 3637 812 3705 elepantos
823 3637 861 3691 od
872 3636 930 3692 clia
981 3636 1535 3708 pmhindosaltitndiaeinproptieticomm
1540 3638 1779 3706 maiqmalumetc.

128 3707 294 3760 monasterio
305 3706 395 3776 plores
403 3707 528 3777 epistolas
539 3709 656 3777 scripsit,
666 3707 930 3764 etmircnilisolancs
984 3708 1020 3761 D.
1040 3707 1252 3780 chrysostomus
1267 3726 1274 3762 ε
1291 3710 1382 3778 Neque
1400 3709 1481 3771 enim,
1497 3707 1596 3779 inquit,
1609 3709 1651 3763 cel
1663 3707 1780 3777 syllaba,

128 3777 399 3846 iarllomlaoquicoil.
410 3777 642 3834 llaecGennadius
651 3778 732 3848 (illst.
743 3780 852 3849 lbipor.
862 3777 930 3835 libr
982 3776 1024 3832 cel
1037 3778 1159 3849 apiculae
1173 3782 1212 3834 est
1229 3781 1260 3834 iii
1271 3781 1356 3835 eoois
1368 3781 1488 3842 Litlen's,
1506 3781 1536 3834 ia
1548 3779 1623 3848 cujas
1640 3777 1781 3848 profundo

127 3860 189 3917 cop.
208 3850 263 3912 lt).
279 3849 318 3902 Ex
331 3848 432 3917 quihus
446 3848 545 3920 colligo
558 3847 631 3904 hunc
647 3847 739 3920 ipsum
753 3846 929 3905 lheodorum
982 3851 1080 3904 remisit
1091 3850 1205 3919 grandis
1215 3852 1353 3921 quispiam
1362 3851 1504 3905 thesauine
1514 3868 1522 3903 :
1531 3850 1644 3919 proinde
1653 3848 1729 3902 aobis
1739 3862 1782 3901 ne

128 3931 200 3985 esee,
213 3918 293 3989 cujus
308 3927 350 3974 est
364 3917 409 3975 illa
421 3917 587 3994 ‘doctissima
601 3918 750 3990 disputatio
769 3917 929 3975 Collationis
983 3934 1053 3974 cesse
1065 3921 1205 3975 ealdioinc
1217 3923 1306 3990 prolia
1316 3922 1457 3983 ducamur,
1466 3925 1491 3974 et
1503 3921 1610 3988 Spiritu
1619 3920 1710 3970 sancto
1720 3917 1782 3970 illa-

127 3994 215 4045 sealae
235 3992 274 4045 De
297 4005 357 4046 inec
378 3990 543 4047 Saietoram.
563 3989 624 4058 Qua
648 3989 682 4046 de
703 4003 732 4043 re
754 3987 814 4045 vide
835 3996 928 4047 notata
982 3992 1066 4044 strati
1083 3991 1188 4061 eloquia
1208 3991 1303 4045 diuina
1321 3992 1449 4046 adeamus
1465 3988 1572 4061 (licinii.
1592 3991 1623 4041 21
1643 3989 1672 4041 in
1686 3987 1778 4042 lienes.

128 4055 243 4116 ibidem.
985 4060 1054 4115 Vide
1065 4062 1147 4115 eliam
1158 4062 1227 4116 hom.
1242 4066 1277 4116 ⁴0
1289 4063 1320 4116 in
1329 4064 1425 4126 loona.
1436 4062 1472 4114 D.
1489 4057 1658 4131 augustinus
1671 4056 1717 4111 lih.
1729 4070 1779 4112 xri
1874 4092 1882 4108 .

165 4120 929 4201 ‘llaecsententia,utterosit,sanaindigetinterpreta-
983 4128 1780 4202 Coasess.cap.14:illico,inquit,pro!aaditaseloquiocum

132 4198 216 4257 tione.
234 4201 350 4258 Videtur
361 4202 435 4259 caim
451 4201 540 4272 prima
553 4201 641 4257 fronte
652 4199 725 4258 duos
740 4214 847 4255 errores
858 4214 928 4256 con-
982 4203 1098 4261 tuorum,
1116 4214 1241 4270 quornm
1256 4216 1320 4262 ecoe,
1337 4203 1399 4252 cine
1414 4214 1462 4254 nos
1478 4200 1628 4268 superficies
1643 4197 1780 4253 blandiens

130 4269 220 4329 tinere
239 4291 246 4327 ε
265 4276 293 4328 l⁰
312 4273 483 4344 scripturam
503 4286 608 4328 sacram
628 4287 677 4344 per
695 4286 724 4327 sc
737 4269 805 4326 satis
818 4268 927 4327 facilem
980 4270 1102 4339 motulis
1113 4289 1121 4324 :
1134 4270 1181 4325 sed
1191 4271 1263 4324 inira
1272 4269 1708 4342 morunditasffleusiaenamirc
1716 4283 1781 4340 pro-

127 4347 291 4413 coopertam
303 4359 373 4411 esse,
388 4359 438 4399 nec
449 4343 649 4399 commentario
663 4351 691 4398 et
703 4341 929 4412 interpretatione
981 4340 1108 4407 funditas
1119 4359 1127 4395 :
1138 4341 1280 4396 mererent
1291 4339 1544 4408 intenderemeom3
1554 4339 1778 4406 homorbonmbi

125 4410 263 4486 indigere3
277 4419 307 4469 2⁰
322 4415 437 4485 proinde
450 4414 588 4470 monacho
602 4422 649 4470 aut
660 4413 746 4471 cuiuis
757 4411 792 4468 ad
805 4411 929 4484 Scriptu-
981 4415 1007 4466 et
1021 4415 1119 4467 trecor
1129 4413 1240 4467 amoris.
1252 4415 1323 4468 item
1332 4409 1417 4466 alibi:
1434 4414 1522 4468 Tanto
1534 4416 1582 4475 est,
1593 4410 1691 4495 inquit,
1701 4410 1780 4469 Chri·

10 4486 13 4491 ’
125 4498 223 4541 reruni
241 4485 430 4558 cognitionem
453 4483 604 4556 pertingere
622 4484 756 4556 cupienti,
779 4499 835 4540 non
857 4498 927 4553 opus
980 4484 1134 4538 sicanorum
1146 4483 1323 4555 protumidas
1336 4483 1499 4549 litteratum,
1514 4487 1547 4539 ol
1562 4486 1591 4538 ia
1605 4498 1643 4538 cis
1661 4482 1781 4554 quotidie

124 4568 189 4611 essa
209 4555 264 4611 alio
282 4556 396 4613 doctore
415 4563 464 4612 aut
481 4550 642 4626 interprete,
666 4570 717 4611 nec
738 4552 926 4612 adhibendum
978 4555 1141 4624 prodentia,
1156 4556 1184 4610 si
1195 4571 1239 4610 eos
1251 4555 1322 4610 solas
1334 4555 1368 4609 oh
1382 4556 1490 4611 incunte
1503 4559 1675 4625 atcteasque
1686 4555 1724 4609 ad
1734 4554 1779 4610 dc·

123 4623 252 4682 audium
265 4640 298 4683 aa
313 4626 459 4683 lectionem
473 4625 754 4692 commentariorum
771 4625 818 4683 scd
834 4633 927 4697 postu·
981 4626 1111 4696 crepitant
1123 4630 1285 4690 senectutem
1290 4627 1408 4682 mammo
1421 4629 1485 4690 otio,
1495 4642 1598 4682 summo
1611 4627 1709 4693 stadio,
1722 4640 1780 4680 ine-

122 4695 237 4754 landam
250 4705 278 4753 et
288 4698 498 4770 exspectandam
510 4713 526 4753 a
537 4699 595 4753 Deo
605 4697 701 4753 earu'm
712 4695 925 4768 intelligentiam
980 4695 1047 4751 liora
1057 4698 1167 4766 iopeoio
1179 4713 1289 4753 conarer
1302 4698 1438 4753 addiscere
1451 4716 1459 4752 ε
1473 4712 1528 4751 noa
1541 4696 1613 4765 qnod
1624 4696 1661 4750 ad
1674 4711 1706 4749 ec
1719 4708 1779 4763 quie

122 4781 176 4839 per
197 4768 347 4837 orationes,
367 4768 557 4842 purgationem
576 4767 681 4835 cordis,
699 4775 750 4824 etc.
776 4786 783 4821 ε
806 4782 925 4848 quorum
938 4772 964 4836 ιι
978 4770 1128 4823 accesscin‘a
1142 4773 1205 4822 sunt
1219 4769 1313 4831 solati,
1328 4772 1403 4823 tauta
1415 4768 1590 4838 pennantur
1603 4764 1776 4844 difficultatm

122 4845 276 4909 utrumque
288 4837 391 4897 salsum
406 4847 456 4904 est,
475 4848 503 4894 et
516 4854 673 4905 erroneum,
687 4847 715 4895 et
730 4837 923 4895 hereticorum
978 4838 1025 4893 sed
1034 4854 1093 4893 cam
1105 4840 1218 4908 qaisqae
1230 4838 1270 4891 ibi·
1279 4838 1359 4907 adem
1371 4838 1497 4896 emunit,
1509 4836 1568 4888 siae
1579 4848 1634 4903 qao
1644 4847 1691 4902 pie
1700 4835 1780 4888 recte

120 4909 215 4966 noemi
227 4910 362 4980 temporis
374 4910 495 4983 dogmati
507 4910 677 4983 proximum,
689 4908 735 4982 qui
751 4908 924 4990 scripturam
978 4924 1029 4978 que
1035 4911 1209 4970 connititur,
1219 4912 1274 4962 tam
1283 4909 1381 4968 multa,
1392 4911 1500 4973 lamque
1507 4902 1702 4973 multiplicibus
1709 4917 1778 4973 mps-

13 4992 23 5003 '
118 4994 233 5039 umam
261 4982 337 5038 omni
363 4996 394 5037 ei
418 4990 495 5055 parte
516 4979 625 5037 facilem
650 4989 679 5036 et
698 4979 812 5047 claram,
837 4993 925 5036 immo
980 4981 1107 5034 latiorum
1121 4979 1283 5033 umbraculis
1296 4973 1567 5047 qiucuiatettiqenda
1578 4972 1777 5044 proficientibus

120 5052 256 5109 omnibus
269 5053 319 5110 SS.
340 5053 454 5110 Patrurn
472 5051 679 5108 commentariis
698 5049 843 5107 clariorem
863 5065 925 5108 esse
979 5053 1091 5112 restam,
1106 5053 1237 5118 tarneque
1248 5062 1299 5102 non
1311 5047 1395 5102 solam
1405 5047 1434 5100 ia
1442 5045 1644 5129 addiscerem
1656 5046 1777 5128 etiam-in

118 5123 304 5181 contendunt.
326 5123 406 5192 Quod
422 5123 458 5181 ad
478 5124 602 5206 primum
621 5122 729 5191 attinet,
745 5120 810 5178 huic
832 5129 925 5191 aperte
979 5117 1327 5189 i·ebns,quointelli'qeado
1336 5122 1407 5181 suat,
1420 5117 1776 5186 latctoltitodosapientce,

118 5194 257 5251 reclamat
277 5211 327 5263 pro
347 5193 409 5252 heta
427 5210 530 5270 regius,
544 5195 591 5267 qui
604 5193 638 5252 de
653 5194 719 5267 legis
737 5202 764 5250 et
777 5193 925 5265 scripturae
978 5194 1010 5246 ul
1018 5192 1215 5255 annosissimis,
1222 5190 1394 5252 acutissimis,
1402 5188 1779 5273 flagrantissimisonpiditole

117 5264 223 5324 divinae
237 5211 398 5322 diffinitam
416 5274 445 5323 et
460 5265 628 5323 obscuritate
641 5266 807 5322 luculentum
822 5279 855 5319 ac
866 5260 923 5319 fie-
978 5262 1100 5318 distaida·
1109 5263 1156 5318 hoc
1167 5264 1313 5332 coatiapol,
1324 5261 1395 5332 qaod
1404 5259 1497 5316 eaden
1508 5259 1650 5330 Scriptura
1659 5259 1776 5329 quodam

116 5336 663 5466 ‘'dicibili““imi‘llm‘pilm'
678 5334 927 5462 ttillfltdll
980 5331 1777 5474 {bailllillallil'llllllliliadbll‘ll

119 5424 142 5462 ie
287 5423 807 5473 ,emacienmz
1081 5446 1202 5460 ..

122 5483 199 5537 mom
213 5482 342 5537 illianino
354 5496 434 5567 super
445 5426 552 5537 senefia
571 5484 657 5542 luam,
672 5483 698 5534 el
714 5479 776 5533 doce
788 5476 924 5546 majesti-
979 5475 1129 5547 Gregorius
1143 5476 1223 5530 etiam
1238 5477 1264 5529 in
1277 5420 1406 5532 camffim
1420 5473 1586 5531 sententiam
1599 5491 1606 5529 :
1620 5475 1708 5530 llalto
1720 5472 1778 5541 qui·

123 5550 257 5617 dotationes
276 5556 349 5608 locs.
369 5554 404 5608 ht
421 5567 533 5608 rursum
555 5569 561 5605 :
583 5551 678 5608 lleeela
695 5549 781 5604 oculos
800 5562 880 5611 ineos,
899 5549 925 5602 el
979 5546 1052 5609 dein,
1063 5545 1161 5618 inquit,
1177 5547 1313 5607 inillat'ta
1324 5551 1418 5616 operto
1430 5548 1502 5607 sunl,
1515 5550 1546 5601 at
1557 5548 1668 5617 pascant
1677 5556 1779 5615 ponn-

125 5623 296 5679 oootideraho
304 5622 445 5679 mirabilia
454 5623 488 5678 dc
498 5623 553 5693 lepc
565 5625 625 5677 lito.
637 5622 705 5691 Quae
716 5619 796 5676 verba
805 5626 927 5675 hamane
979 5617 1164 5688 los3quaedam
1172 5633 1233 5673 uero
1243 5614 1776 5679 obscurioibiaseneattis,uteaerceont

123 5691 163 5747 Ι).
176 5692 361 5767 Hieronymus
374 5694 402 5750 in
412 5693 491 5767 epist.
503 5698 541 5751 ad
551 5692 693 5750 Paulinum
707 5690 741 5748 dc
754 5688 926 5746 institutione
979 5690 1075 5756 sortes,
1143 5695 1218 5746 tenos
1226 5705 1286 5745 aim
1301 5689 1390 5744 labore
1401 5688 1535 5744 intellecto
1545 5688 1608 5757 plns
1620 5689 1699 5755 prato
1710 5686 1774 5739 sint.

122 5764 254 5823 monachi
268 5767 371 5837 (Epist.
393 5767 449 5838 it),
465 5764 506 5822 sic
518 5763 559 5824 eit
575 5780 583 5820 τ
598 5765 630 5823 Si
639 5768 732 5821 toaleis
742 5762 875 5835 propheto
889 5763 928 5816 lc·
980 5760 1086 5819 Notaui
1097 5777 1114 5817 a
1127 5767 1217 5819 amen
1230 5763 1260 5818 ia
1274 5776 1304 5817 eo
1318 5762 1359 5818 ilo
1371 5760 1462 5817 clausa
1476 5757 1778 5822 mimidomensis
