3848 6158
120 213 172 270 5db
496 207 665 265 collatio
685 210 729 265 ΙΙΙ.
748 239 784 252 -
802 211 847 266 bu
866 213 989 271 TRIBUS
1006 213 1398 273 anubabbtiatioitinbs.
1574 223 1583 229 ”
1728 225 1781 282 tib

118 336 204 410 gressi
214 336 307 409 (Neai.
317 332 401 407 xii).
413 332 512 392 Unde·
522 332 708 392 ieiunandum
728 333 809 393 nobis
825 344 878 407 est,
894 345 926 395 iit
939 343 967 406 Α
979 340 1087 396 tiatioui
1106 338 1181 396 aliud
1196 339 1284 412 majus
1301 340 1423 414 adiunxit
1438 344 1673 400 :mstrcdidero
1683 361 1779 418 coepisc

119 448 137 488 a
155 431 252 505 paucis
264 444 295 486 ac
312 428 461 486 rarissimis
477 441 623 487 mmamiis
634 427 761 502 exempla
780 429 923 501 virtutum,
977 450 1075 499 meum,
1088 435 1249 500 iitcrdeum,
1265 435 1495 494 cboritobmoecc
1506 453 1559 493 acii
1571 438 1780 503 induciomari

119 525 184 598 quia
208 521 360 581 meandum
383 521 460 578 illam
486 536 571 595 quam
592 520 714 580 dirimas
739 521 868 596 figuram,
895 524 925 581 in
978 540 1048 582 soni.
1065 530 1107 584 Ac
1128 528 1151 584 si
1169 528 1228 585 aliis
1249 528 1339 585 vebis
1362 528 1492 588 dixisset:
1515 531 1543 589 Si
1565 531 1781 593 distribuero‘ri

118 617 266 692 Evangelio
284 632 394 689 quoque
406 614 487 673 multi
506 615 605 686 temti,
621 618 699 690 pauci
719 623 813 674 autem
826 617 926 676 dicun·
979 620 1054 677 cibos
1073 636 1223 694 paupemm
1240 636 1338 680 omnes
1354 621 1498 682 facultates
1515 639 1601 694 meas,
1626 626 1779 684 sectandum

119 712 248 771 turelecti
263 710 380 786 (ilotti.
395 726 438 768 u
448 709 658 779 scurrilitati
670 726 738 785 ergo
751 711 830 769 nobis
839 711 925 785 prod·
978 716 1168 790 evangelicum
1182 715 1249 774 illud
1276 717 1449 788 mandatum,
1474 734 1529 792 quo
1548 717 1647 777 dicitur
1660 722 1777 786 (Metti.

118 807 174 865 erit
196 805 396 864 abrenuntiatio
423 804 586 878 corporalis,
614 810 643 862 ct
668 804 763 863 localis
787 804 926 879 quodam·
978 810 1049 877 iiix)
1062 829 1071 865 .·
1085 802 1411 882 '’Sioisperscctissesee,
1428 813 1505 883 code,
1517 815 1601 870 cecide
1611 817 1701 870 omnio
1720 830 1781 886 quc

117 899 205 959 niodo
224 915 257 959 er
276 903 394 974 AEgvpto
409 896 624 973 transmigratio,
638 898 668 970 {si
690 898 924 958 renuntiationem
978 902 1068 966 bibe,
1082 905 1108 957 et
1118 902 1154 957 du
1163 904 1342 974 posipm‘bes,
1354 906 1494 962 ebobio
1507 907 1779 973 tbemsemiiieele,

117 993 219 1063 cordis,
234 1009 297 1069 quae
311 992 458 1052 sublimior
465 999 501 1065 get
514 991 607 1050 utilior
623 999 675 1062 est,
690 1007 746 1050 non
761 992 926 1053 valuerimus
978 1000 1004 1050 et
1018 999 1087 1060 cera,
1105 1011 1213 1066 sepum
1234 1013 1291 1065 mer
1305 997 1341 1054 ita
1354 997 1457 1055 scilicet
1469 999 1673 1069 abrenuntians,
1693 1008 1725 1058 ut
1746 1015 1781 1059 ax

115 1089 247 1147 similiter
260 1087 392 1146 obtinere.
405 1088 449 1142 De
462 1084 508 1143 ille
521 1085 594 1143 enirn
606 1102 689 1160 quam
706 1086 824 1145 dirimas
840 1087 921 1147 abre·
978 1087 1020 1145 liis
1030 1088 1094 1144 niliil
1112 1089 1218 1161 penitus
1229 1088 1295 1146 mibi
1314 1104 1467 1159 reservem
1490 1101 1518 1149 et
1542 1092 1607 1150 huic
1627 1093 1780 1167 erogationi

115 1185 296 1242 nuntiatione
317 1180 463 1256 corporali,
486 1180 525 1238 ita
545 1180 733 1254 pronuntiarit
752 1181 920 1253 Apostolos:
974 1181 1139 1254 martyrium
1165 1188 1194 1238 et
1216 1182 1386 1240 mustionem
1410 1198 1481 1241 mea·
1502 1185 1592 1243 carnia
1610 1186 1777 1259 adjimxero,

113 1276 920 1349 Sidistaiboerocmeestoeultotesmeosiiieibospoeperiim,
975 1273 1057 1331 itaut
1071 1289 1171 1347 corpus
1189 1289 1282 1332 meum
1301 1274 1408 1332 uadem
1430 1291 1481 1350 pro
1497 1276 1609 1335 Christo
1619 1296 1627 1349 ;
1642 1286 1670 1335 et
1686 1287 1780 1338 tamen

117 1375 144 1429 et
164 1371 304 1427 tradidero
325 1384 421 1442 coeptis
441 1385 540 1433 meum,
559 1373 592 1425 ee
613 1370 739 1438 osdeom3
762 1371 922 1428 cleritatem
976 1368 1016 1426 iel
1035 1368 1189 1442 impatiens,
1215 1369 1257 1426 vel
1281 1368 1442 1438 iracundus,
1464 1369 1506 1428 iel
1528 1369 1646 1436 invidus,
1667 1371 1710 1428 rel
1728 1387 1778 1430 sn·

118 1468 208 1522 omem
226 1477 280 1520 sieri
291 1463 420 1527 bobum,
434 1461 507 1518 nibil
518 1462 586 1517 mibi·
595 1462 707 1533 prodest
719 1466 745 1530 (i
761 1464 819 1521 cos.
832 1466 920 1535 xiii).
975 1463 1074 1535 perbus
1087 1464 1152 1531 sini,
1165 1462 1207 1520 iel
1220 1462 1338 1520 aliorum
1351 1462 1510 1521 inflammer
1517 1462 1634 1537 injuriis,
1646 1464 1688 1520 iel
1700 1479 1776 1536 quei·

119 1555 202 1629 Quod
211 1553 307 1612 beatius
321 1554 468 1628 Apostolus
482 1568 634 1627 numquam
648 1552 772 1625 dixisset,
788 1556 843 1614 uisi
856 1557 921 1628 quia
975 1572 1035 1613 ram
1053 1571 1117 1629 qun
1134 1571 1196 1614 mea
1207 1564 1281 1626 sunt,
1297 1557 1337 1615 sel
1350 1571 1381 1613 ea
1395 1571 1458 1630 que
1472 1556 1543 1615 mala
1560 1564 1625 1615 sunt
1645 1558 1776 1631 cogitem,

119 1647 242 1707 iutimiin
253 1648 282 1704 in
297 1647 394 1720 spiritu
405 1644 575 1721 praevidebat
586 1654 617 1704 iit
635 1645 731 1721 aliqui,
746 1647 924 1708 facultatibus
976 1650 1153 1707 ieiuniiersa
1162 1665 1224 1724 quae
1235 1650 1303 1707 miii
1319 1659 1434 1724 possunt
1446 1649 1540 1708 inferri
1563 1665 1620 1708 non
1642 1652 1778 1725 patienter

118 1741 253 1801 universis
265 1742 295 1799 iii
306 1755 458 1815 pauperum
471 1740 602 1800 elimenta
619 1739 761 1815 dispersb,
779 1741 813 1801 ad
829 1743 922 1816 perie-
936 1751 960 1815 Β
976 1743 1146 1818 libenterque
1159 1745 1328 1813 sustineam
1345 1743 1411 1801 nibil
1423 1744 1492 1801 mibi
1504 1744 1626 1818 proderit
1637 1744 1789 1819 citerioris¹

118 1838 239 1894 ctionem
256 1836 444 1911 evangelicam
456 1839 492 1906 :et
513 1835 656 1893 charitatis
675 1834 792 1894 arduum
810 1839 923 1897 culmen
977 1836 1098 1895 hominis
1117 1836 1318 1895 abrenuntiatio
1345 1847 1427 1911 atque
1456 1837 1624 1908 combustio,
1649 1838 1779 1896 interiore

119 1929 259 2004 pervenire
275 1944 332 1989 non
352 1937 484 2002 pessent;
508 1931 573 2003 quia
596 1930 702 1987 scilicet
719 1930 831 2003 pristina
856 1932 923 1992 sitia
976 1929 1149 1988 adhucritiis
1172 1930 1293 2004 pristinis
1314 1931 1448 2003 insoluto,
1470 1946 1505 1989 eo
1526 1931 1601 2004 quod
1624 1932 1777 2005 simplicem

119 2037 285 2096 morumque
305 2023 542 2094 incontinentiam,
561 2023 751 2098 ieleuperbia
769 2025 810 2083 ecl
830 2026 922 2100 impa-
975 2025 1157 2085 substantiam
1179 2027 1275 2084 mundi
1299 2025 1382 2100 hujus
1401 2027 1497 2101 primae
1517 2025 1701 2084 conversionis
1725 2025 1779 2084 ler-

119 2114 214 2172 tientia
225 2113 393 2184 dominante,
413 2115 442 2172 iii
456 2115 514 2174 suis
531 2115 663 2174 cordibus
683 2118 846 2185 retinentes,
866 2133 920 2177 ne·
972 2136 1041 2180 iore
1050 2129 1314 2194 contemnensque
1327 2135 1377 2179 uec
1390 2120 1462 2178 bona
1475 2136 1544 2190 esse,
1560 2120 1704 2189 necmda,
1726 2119 1776 2178 aed

121 2222 259 2281 quaquam
274 2221 304 2265 se
317 2206 352 2264 ab
363 2207 415 2265 illia
427 2222 575 2283 expurgare
594 2218 734 2279 curarent,
749 2218 777 2268 et
790 2209 828 2269 ob
841 2210 870 2268 id
884 2210 920 2270 ed
973 2214 1063 2273 media
1074 2213 1212 2284 delinitur,
1226 2214 1316 2271 vitiosi
1330 2212 1422 2271 cordis
1432 2214 1529 2270 noxias
1541 2211 1683 2271 facultates
1698 2211 1778 2270 sinii·

123 2300 283 2359 charitatem
295 2302 359 2372 Dei,
371 2316 432 2375 quse
442 2317 592 2378 numquam
605 2303 687 2373 eadit,
700 2303 817 2361 minime
827 2319 921 2378 perse
974 2311 1036 2368 liter
1047 2309 1163 2384 abjicere
1175 2323 1234 2365 non
1247 2307 1379 2376 meeum,
1390 2322 1442 2364 nec
1452 2307 1585 2381 attingere
1598 2305 1776 2363 Dominicain

118 2395 218 2452 uirent.
234 2396 288 2469 Qui
300 2395 394 2470 utique
407 2395 550 2455 inien'ores
567 2396 661 2456 eflecti
676 2397 731 2455 licc
742 2398 864 2457 secundo
877 2414 920 2457 re-
973 2400 1144 2471 olieritatsn,
1155 2416 1218 2474 que
1233 2403 1351 2473 pubem,
1363 2415 1425 2473 quie
1438 2401 1555 2470 beatique
1573 2404 1622 2463 est,
1641 2413 1704 2471 quae
1721 2413 1775 2455 sica

118 2489 298 2547 nuntiationis
310 2490 406 2564 gradu,
417 2490 506 2549 multo
525 2491 618 2549 minas
635 2491 712 2549 illuni
724 2492 851 2562 tertium,
871 2493 919 2567 qui
973 2495 1128 2561 emulator,
1137 2511 1191 2552 sion
1205 2496 1328 2564 inerter,
1339 2509 1392 2549 icosi
1404 2495 1541 2561 ceree,
1556 2509 1610 2549 aen
1618 2494 1777 2564 eqdpeipe·

117 2581 297 2655 promtdubio
313 2591 355 2642 est
378 2584 534 2655 sublimior,
558 2585 775 2659 apprehendunt.
798 2586 920 2661 Diligen·
972 2588 1775 2659 rom,iiosiquoeritqsicsisoseiit,siosieopitctmolem,qec

116 2673 171 2732 tius
183 2681 276 2731 tamen
293 2677 375 2733 etiam
398 2677 452 2734 boc
470 2685 564 2735 mente
578 2677 745 2752 perpendite,
768 2679 843 2752 quod
861 2693 919 2737 non
971 2685 1063 2738 esseio
1072 2683 1187 2751 sotici,
1197 2681 1408 2736 mammetiiiet
1420 2679 1449 2750 (Ι
1461 2681 1518 2738 cer.
1530 2684 1608 2745 iiiii),
1635 2687 1776 2751 postremo

117 2765 276 2840 simpliciter
287 2767 395 2839 dixerit,
408 2771 441 2828 Si
451 2771 613 2828 dbtmbueso
620 2774 765 2842 mmbetes
776 2788 864 2842 mecm
874 2773 919 2831 ii·
972 2779 1058 2850 quae⁶
1078 2782 1244 2832 sectatorem
1265 2788 1347 2831 suum
1359 2787 1512 2846 numquam
1526 2771 1623 2831 eadere
1635 2772 1774 2846 siuitsup-

117 2858 228 2918 deremr
240 2862 314 2920 enim
325 2862 361 2920 de
373 2863 421 2921 illo
432 2862 504 2922 lorte
517 2864 623 2923 dixisse
634 2866 682 2940 qui
696 2866 815 2926 necdum
833 2882 918 2924 eran·
971 2868 1137 2942 plantatione
1150 2866 1261 2940 peccati.

117 2955 232 3027 gelicum
245 2956 364 3030 impleus
377 2956 539 3016 mandatam
559 2958 787 3029 adhueomuiuo,
810 2960 864 3019 sibi
885 2977 918 3019 eii
1266 2969 1389 3027 CAPUT
1406 2970 1486 3025 Vlll.

118 3047 166 3118 eis,
178 3049 248 3107 sicit
260 3051 384 3108 nonnulli
397 3051 555 3124 tepidorimi
577 3051 693 3123 iaciunt,
708 3052 813 3127 aliquid
833 3069 920 3112 resei-
971 3065 1390 3141 pepmpffssdmtritfflnqpiaui
1397 3049 1778 3135 amtermimoepeteerieaido

117 3152 223 3211 iasset3
233 3143 294 3214 sed,
315 3145 346 3203 Si
359 3145 529 3213 tatemere,
554 3145 653 3220 inquit,
664 3148 761 3204 'omues
778 3149 922 3216 facultates
937 3142 960 3207 C
1283 3140 1324 3194 vil
1332 3138 1453 3207 soedflsti·

119 3251 191 3294 meos
203 3240 232 3294 sii
244 3239 313 3295 eibos
325 3254 487 3310 puerperam,
498 3236 526 3296 id
535 3246 587 3308 cat,
595 3237 701 3320 edumei
711 3237 832 3312 perfecte
842 3239 919 3298 abre·
1008 3238 1147 3298 Festinato
1156 3240 1238 3313 igitur
1247 3239 1378 3299 debemus
1389 3239 1463 3296 omni
1474 3238 1611 3308 instantia,
1621 3245 1653 3294 ut
1665 3238 1778 3295 interior

117 3331 280 3390 nuntiavero
290 3332 395 3390 divitiis
409 3332 467 3390 istis
477 3331 603 3391 terreni.
614 3331 685 3389 lluic
697 3346 808 3405 quoquc
817 3346 938 3400 rennn·¹
975 3348 1085 3406 quoque
1098 3341 1193 3389 noster
1206 3333 1290 3390 homo
1310 3332 1437 3389 vitiorum
1460 3347 1575 3389 suorum
1588 3330 1777 3406 divitiasquas

668 3421 798 3478 ALlllilil
817 3421 930 3479 Gazmt
949 3421 1226 3480 cotilllllllllilbs.

154 3509 279 3580 ‘ldest
293 3520 349 3568 sata
384 3511 482 3583 ndum,
497 3509 710 3586 providendum,
725 3509 919 3583 laborandum,
975 3519 1031 3576 tus,
1044 3517 1118 3567 tauta
1134 3507 1275 3566 eharitatis
1295 3506 1461 3581 perfectione
1479 3506 1621 3581 preditus,
1640 3507 1705 3580 quin
1725 3506 1776 3565 sibi

119 3587 153 3636 ut
170 3582 294 3653 superius
313 3586 405 3640 colat.
422 3590 509 3658 icap.
535 3589 579 3648 17,
600 3590 631 3640 et
649 3596 745 3641 rursus
763 3578 832 3639 iuna
855 3596 918 3657 cap.
971 3581 1076 3640 dictum
1088 3588 1184 3654 putare
1197 3578 1295 3636 debeat
1307 3576 1505 3664 illudApostoJi
1519 3581 1591 3664 :Qei'
1606 3584 1672 3644 stoi,
1683 3580 1775 3636 videet

171 3651 242 3708 uenti
258 3673 265 3707 z
281 3657 419 3711 Festinoie
436 3657 524 3727 igitur
536 3655 669 3713 debemus.
972 3670 1006 3710 sie
1024 3655 1106 3710 eodot
1129 3653 1163 3722 (l
1181 3652 1241 3709 cor.
1259 3657 1307 3720 x).
1327 3651 1411 3724 Cuius
1469 3651 1546 3707 ricula
1568 3668 1576 3707 i
1627 3667 1640 3709 s
1667 3664 1776 3723 quoque

182 3722 295 3780 Pulclire
317 3726 344 3781 iu
359 3725 430 3783 banc
447 3725 621 3795 sententiam,
674 3741 700 3785 re
719 3724 838 3802 religiosi
859 3731 918 3781 eta-
990 3724 1154 3782 micctiorea
1170 3738 1202 3779 ac
1265 3722 1421 3780 lectionesa
1442 3723 1549 3780 monuit
1568 3723 1574 3735 '
1595 3738 1639 3780 em
1662 3730 1777 3794 aposto-

118 3801 163 3878 tos
177 3795 343 3924 praeciguum
358 3797 647 3901 estnlundamentnm,
664 3841 679 3882 .·
693 3795 921 3882 liiemnymusiii
982 3795 1146 3879 asscribens
1159 3792 1194 3850 ad
1239 3795 1327 3879 alatas
1338 3809 1398 3865 cap.
1412 3809 1456 3877 vij
1471 3797 1590 3896 Factres,
1604 3797 1777 3876 ‘eiprcoceie-

119 3870 256 3939 epistile
286 3869 507 3953 Demetriadem.
523 3868 682 3951 Apostolus,
695 3877 798 3941 iuquit,
811 3868 920 3949 tostiqss
969 3872 1053 3951 petiis
1064 3867 1238 3950 mcilbomo
1249 3865 1776 3949 multipendelscto,eosqesapriituolea

117 3936 921 4076 mititat‘lliitt‘tbtlttittitlt
972 3936 1215 4063 ii‘tlliilti
1227 3938 1521 4063 ‘'titt‘ttttit.
1536 3935 1775 4076 'illdata

116 4079 154 4135 od
163 4052 440 4163 celestiu'siibeolore.
449 4075 922 4161 Nedisdilipetiqerediloestdiepee
973 4075 1089 4133 charitas
1102 4024 1256 4149 nussijnqua'm
1269 4076 1332 4132 sinit
1344 4084 1509 4158 sectatorem
1523 4091 1572 4186 sep
1589 4087 1775 4156 possesserem

115 4147 922 4290 titiitttttttllitlttl'titttttiilt
973 4146 1802 4300 ili,tibiatittlltbtfftiitalibi.

116 4290 343 4372 ⁰²²¹⁸1N⁰n⁶⁰9⁰r
358 4304 410 4345 noia
423 4292 541 4362 mpero,-
557 4293 635 4346 teum
648 4294 688 4347 est
706 4291 805 4361 eligere
826 4291 852 4345 si
867 4302 921 4373 'uo-
974 4296 1040 4344 ritas
1054 4302 1110 4372 non
1124 4300 1205 4360 agere
1225 4300 1378 4370 perperam,
1402 4301 1458 4343 non
1478 4285 1568 4370 ipllari
1581 4286 1610 4370 (l
1622 4288 1777 4359 cccxiii),

118 4362 204 4416 leeris
218 4376 247 4414 iii
256 4365 429 4432 agonemque
441 4363 585 4419 oetoeeiie
596 4363 730 4418 menori.
746 4364 783 4417 nt
797 4360 920 4417 mecede-
973 4368 1039 4429 etc,
1053 4358 1153 4432 quibus
1165 4356 1254 4414 verbu
1269 4357 1442 4441 ‘dignabatur
1454 4357 1521 4441 quid
1539 4356 1640 4415 efficiat
1652 4365 1777 4429 praestet·

115 4445 296 4502 remusqiuim
306 4432 920 4507 smieetersopi'eatiastttoeetoit'endeque
973 4445 1027 4504 que
1055 4429 1183 4498 ebaritas,
1209 4436 1340 4502 tantisper
1364 4426 1431 4486 dum
1458 4437 1528 4487 inest
1551 4445 1583 4486 ac
1609 4429 1775 4502 possidetur.

117 4503 207 4560 bobes.
225 4504 341 4560 Cui'isto
358 4506 575 4576 psempieuturi
595 4519 687 4576 nempe
700 4505 920 4570 illimijdi'ctsim
973 4499 1219 4574 Nequereroinde
1232 4515 1299 4558 cons
1354 4507 1456 4559 cnseat
1472 4516 1535 4559 euni
1550 4501 1596 4575 qui
1612 4501 1775 4559 charitatem

117 4578 158 4632 est
172 4594 180 4629 ε
195 4575 227 4630 Si
234 4575 274 4629 uis
286 4576 921 4647 esseperfectiss,notipei·temboiioremtisorom
974 4571 1066 4643 babet,
1079 4589 1136 4631 uon
1148 4586 1320 4647 possemper
1340 4573 1536 4642 emicabant
1556 4572 1707 4646 quidquam
1726 4586 1776 4628 rie·
1872 4605 1876 4612 ·

117 4645 209 4710 vende,
221 4645 268 4701 sed
278 4647 377 4701 misnia.
394 4646 686 4717 commemoratores,
702 4647 922 4718 quidseqeitic?
975 4644 1064 4717 quiter
1074 4659 1169 4730 agere·
1189 4643 1239 4702 sed
1257 4644 1310 4702 boc
1330 4652 1441 4718 prestat
1462 4643 1593 4713 charitas,
1615 4644 1682 4701 dum
1696 4641 1774 4698 habe

119 4717 197 4774 Ml
208 4718 383 4788 paoperibus,
398 4719 457 4776 Neri
467 4717 609 4781 diucius,
620 4732 675 4772 ueri
680 4718 853 4789 propinquis,
867 4731 920 4772 rica
973 4723 1028 4784 tur,
1040 4731 1076 4773 ue
1089 4686 1171 4774 nmul
1181 4715 1291 4772 animus
1305 4731 1354 4787 per
1367 4714 1521 4786 superbiam
1540 4714 1713 4792 intumescat,
1728 4718 1776 4766 aut

119 4787 157 4842 od
171 4788 320 4852 luceriam,
331 4788 379 4844 sed
386 4790 577 4845 necessitatem.
588 4789 731 4844 Hactenus
742 4790 779 4843 1).
791 4786 921 4860 Hierony·
1007 4801 1116 4860 rperam
1124 4785 1191 4869 quid
1202 4795 1265 4869 agat
1279 4804 1287 4839 ι
1307 4800 1361 4856 qpa
1373 4799 1410 4864 eii
1421 4791 1497 4863 perte
1517 4782 1637 4836 multum
1652 4778 1776 4861 dilierta

119 4872 194 4940 mus.
204 4861 289 4915 Porro
309 4859 430 4931 lepidum
445 4867 499 4927 est,
509 4857 583 4932 qnod
599 4857 634 4916 de
643 4857 765 4941 quodam
775 4856 920 4914 monacho*
934 4825 960 4889 D
973 4803 1164 4940 &descientia
1178 4854 1345 4935 reliquisque
1359 4855 1411 4936 lici
1422 4849 1515 4933 donis,
1540 4848 1774 4934 quandoquidem,

119 4928 346 5012 legiturlsmrot.
359 4932 377 4987 l.
396 4932 544 4988 {illistam
560 4946 582 4986 c.
601 4929 661 5000 ia),
676 4945 723 5000 qui
745 4928 796 4985 linc
809 4936 920 4987 senten·
974 4936 1006 4984 ut
1022 4934 1063 4982 ait
1088 4924 1248 4998 Apostolus,
1274 4926 1392 4981 Scissum
1415 4922 1500 4990 semi,
1518 4922 1637 4977 oberatos
1663 4921 1717 4977 cede
1765 4927 1777 4978 t

116 5007 155 5057 ua
181 5001 333 5129 eimqeelica
361 5016 517 5074 persuasus,
547 5000 647 5057 librum
674 5000 811 5075 Evangelii
838 5013 921 5073 quein
974 5000 1003 5064 (l
1016 4999 1078 5055 Cor.
1092 5000 1179 5061 iiiii).
1193 4991 1347 5067 Atqueboc
1359 5007 1441 5049 sensu
1455 4991 1687 5067 accipiendumqu
1736 4993 1776 5050 ait

116 5071 253 5129 columba
290 5073 338 5128 bat
349 5071 484 5140 vendidit,
501 5080 530 5128 et
542 5071 659 5145 pretium
668 5071 836 5146 pauperibus
856 5085 920 5128 ero·
973 5071 1011 5125 D.
1024 5065 1221 5151 imeperlibro
1231 5063 1312 5150 tertio
1327 5063 1362 5121 de
1373 5063 1437 5151 Vita
1450 5064 1664 5150 Contemplatiia
1685 5064 1775 5149 capite

153 5142 213 5199 iit:
239 5145 311 5200 Eum
324 5143 425 5216 ipsum,
449 5143 584 5217 inquiens,
611 5142 712 5200 libmm
733 5140 852 5213 vendidi,
874 5141 920 5215 qui
974 5136 1774 5222 decimotertio,ebontutenlieepuuctemcnsepecobslstes,

139 5214 205 5271 'citz
227 5215 319 5271 Vende
338 5217 428 5272 esicio
449 5231 509 5286 qiic
531 5215 621 5284 bobes,
643 5218 670 5270 et
686 5215 723 5270 do
854 5214 920 5269 'base
973 5211 1169 5281 nadlsqiseci'tio
1181 5209 1375 5267 cmmoditatis
1386 5223 1440 5264 esse
1455 5208 1614 5275 obsecrarem,⁸
1630 5221 1684 5263 uon
1699 5208 1775 5280 Tquia

116 5285 201 5342 Plura
223 5285 251 5341 in
271 5287 396 5344 eamdem
418 5285 583 5343 sententiam
603 5229 923 5343 nomiimumleoo
974 5280 1140 5366 commutari
1151 5295 1208 5339 non
1226 5278 1353 5355 possitiu
1371 5279 1489 5337 deterius
1503 5279 1550 5353 qui
1561 5278 1651 5363 ‚minei
1672 5280 1776 5352 accepit

119 5356 189 5428 (lib.
210 5371 258 5414 vii
275 5360 364 5415 lesiit.
384 5374 407 5414 e.
430 5358 487 5431 te).
971 5354 1150 5412 charitatem:
1174 5352 1222 5411 sed
1243 5350 1384 5424 quomodo
1409 5350 1522 5408 bamma
1541 5352 1641 5409 dicitur
1662 5365 1773 5408 sursum

152 5427 249 5499 ‘Quid
263 5428 366 5501 igitur?
385 5430 433 5499 qui
456 5429 587 5488 charitate
596 5427 740 5503 'praeditus
762 5435 813 5498 eet,
833 5441 920 5485 num·
971 5440 1080 5498 semper
1093 5423 1171 5491 ferri,
1185 5440 1251 5508 cum
1264 5432 1358 5481 tamen
1373 5423 1460 5506 possit
1472 5423 1617 5508 eistingui.
1630 5422 1694 5493 quia
1706 5422 1773 5479 dum

120 5512 330 5628 limiti?
380 5504 452 5628 “a‘'
465 5501 588 5630 “ill
601 5500 919 5629 ¹⁸²³t¹i⁵⁸¹¹¹tt·i‘·‘¹¹¹⁰
970 5494 1775 5625 i’ltliltllitl0‘tittl‘lti³'talitali

119 5585 592 5728 (wgluirfflapssuiz'qsqqieitcu
603 5581 632 5701 g}
645 5587 755 5702 conge
764 5647 786 5713 ),
799 5584 918 5711 affl:
970 5584 1089 5767 disEungi
1101 5646 1129 5695 et
1137 5581 1290 5704 dimoiffl,⁸
1301 5650 1335 5695 eo
1347 5607 1451 5720 edilicet
1464 5582 1567 5712 &metti
1582 5647 1680 5709 genere
1697 5632 1772 5708 quod

118 5720 147 5771 et
160 5723 328 5788 experientia
340 5715 497 5789 quotidiana
507 5715 652 5774 manifesto
672 5714 811 5783 refutant,
834 5726 918 5770 nemo
971 5726 988 5768 a
1028 5716 1189 5782 ecseparat,
1205 5723 1303 5782 nempe
1326 5706 1447 5765 mortali.

115 5783 193 5843 enini
210 5794 252 5844 est
265 5787 293 5844 in
312 5786 363 5844 bac
375 5787 431 5845 rita
445 5787 554 5845 mortali
571 5795 648 5847 tanta
661 5785 806 5845 stabilitate
819 5782 918 5841 suliul-
