3848 6158
117 284 175 340 stt·

631 274 802 335 conlatio
821 276 867 333 xl.
885 304 923 319 -
940 276 986 333 DE
1004 274 1254 333 enutacttottn.

1718 284 1771 341 tto

116 406 245 465 ostendit.
261 408 332 464 llam
353 419 419 461 cum
441 402 538 471 vellet,
562 402 671 475 expleto
696 400 770 459 omni
787 400 914 475 catalogo
929 404 956 467 Α
971 398 1183 474 psalmographo
1201 420 1208 457 ε
1223 404 1323 459 Timete
1335 404 1489 467 Dominum,
1504 418 1593 459 omues
1604 408 1691 461 sancti
1701 406 1770 476 eius

117 500 302 575 spiritualium
320 498 536 567 charismatum,
558 496 692 554 virtutum
714 498 774 571 ejus
791 495 916 553 membra

116 591 279 661 describere,
292 591 330 648 ita
343 590 474 664 praetatus
486 599 527 648 est
541 609 548 646 :
560 594 597 647 nt
605 592 694 647 adhuc
703 606 787 663 supra
801 589 917 647 modum

116 688 327 743 eccelleulrorem
339 689 411 741 uram
419 686 498 741 cobis
507 687 668 743 demonstro.
680 687 712 744 si
718 686 819 757 linquis
829 686 916 741 homi-

116 797 183 837 num
197 782 295 853 loquar
306 787 332 838 et
345 783 509 851 eupatorem,
521 785 547 837 et
559 783 585 835 si
597 781 715 837 habuero
730 781 914 853 prophetiam,

117 880 144 931 et
156 878 275 931 arceram
286 878 416 945 musterus
426 878 528 944 omitia,
548 878 574 931 et
584 890 687 931 omnen
700 875 851 941 seientiam,
862 874 917 929 etsi

117 970 235 1025 habuero
248 985 351 1025 omaus
360 970 451 1040 tidem,
463 972 504 1025 itu
513 975 545 1026 ut
556 974 658 1026 montes
668 970 844 1037 trarrsseram,
859 967 916 1023 etsi

119 1062 282 1119 distribuero
294 1064 400 1119 iucibos
413 1078 566 1134 pauperum
576 1078 665 1119 omnes
676 1064 820 1131 simultates
830 1076 914 1124 meas,

117 1160 143 1212 et
151 1159 177 1212 si
189 1158 328 1213 tradidero
337 1173 430 1228 carptas
442 1173 529 1212 meum
541 1160 582 1211 itu
590 1158 751 1220 utcrdeam,
757 1157 916 1211 charitatem

392 1292 400 1313 ,
415 1251 486 1305 uihii
499 1252 570 1305 mihi
579 1251 691 1321 prodest
704 1250 725 1321 (l
739 1250 797 1307 Cor.
822 1262 870 1304 ιιιι
890 1252 916 1303 et

117 1340 196 1403 xrn).
210 1338 313 1397 Videtis
324 1356 389 1415 ergo
403 1340 470 1398 nihil
486 1342 648 1413 pretiosius,
664 1340 731 1397 nilril
747 1338 913 1412 perlectius,

116 1429 241 1503 nihilque
251 1434 405 1503 sublimius,
418 1442 446 1490 et
458 1433 499 1507 (ut
510 1434 546 1491 ita
561 1435 686 1499 dixerim)
701 1432 771 1489 nihil
783 1432 915 1489 charitate

117 1526 259 1598 perennius
274 1526 395 1583 inveniri.
413 1530 476 1585 Siue
496 1528 568 1584 euim
585 1529 737 1601 prophetia
750 1528 916 1583 accuraban-

969 496 1035 563 quia
1047 493 1116 549 nihil
1128 494 1202 550 deest
1216 496 1371 551 tr'meutibus
1383 511 1443 551 eum
1455 496 1540 563 (Psoi.
1561 502 1683 564 xxrttt).
1699 498 1772 568 Quid

970 588 1045 643 euim
1056 586 1109 644 hoc
1121 589 1223 645 timore
1238 588 1390 646 Dominum
1402 590 1519 657 metuit,
1533 588 1694 662 perfectioni
1711 591 1770 665 ejus

970 688 1076 737 certum
1099 681 1218 738 estnihil
1233 680 1338 739 deesse.
1353 686 1424 740 llam
1444 682 1480 740 de
1495 684 1541 740 illo
1557 684 1658 742 timore
1671 685 1771 758 poenali

968 774 1109 832 evidenter
1119 776 1241 833 loannes
1251 778 1392 850 apostolus
1399 778 1467 835 dicit
1481 798 1488 833 τ
1500 781 1556 848 Qui
1567 782 1653 849 umet,
1664 796 1719 835 uon
1732 786 1771 839 est

967 871 1102 939 perfectus
1116 872 1145 925 ia
1158 872 1301 936 charitate,
1311 876 1375 943 quia
1390 874 1583 944 timorpeeuaru
1596 874 1675 929 turbet
1683 874 1769 945 (toan.

969 966 1023 1029 ιι).
1035 963 1121 1019 hlulta
1141 963 1224 1036 igitur
1241 963 1371 1021 distantia
1384 974 1426 1021 est
1444 966 1513 1022 inter
1536 966 1621 1023 istum
1639 966 1771 1027 timorun

970 1054 1014 1109 cui
1026 1054 1091 1110 nihil
1101 1054 1187 1124 deest,
1203 1055 1252 1127 qui
1269 1056 1412 1127 sapientiae
1429 1058 1604 1131 scientiaeque
1623 1060 1770 1120 thesaurus

969 1154 1026 1213 cst;
1040 1153 1068 1204 et
1080 1147 1157 1203 illum
1173 1136 1374 1219 imperfectum,
1387 1150 1434 1221 qni
1456 1152 1618 1225 principium
1629 1157 1770 1229 sapientia

968 1246 1152 1311 nuncupatur,
1171 1239 1273 1310 quique
1293 1254 1403 1310 poenam
1426 1240 1454 1295 ln
1479 1257 1539 1299 seso
1557 1246 1720 1318 continens,
1734 1250 1769 1309 da

968 1332 1153 1406 perlectorum
1166 1332 1295 1391 cordibus
1307 1335 1517 1406 superveniente
1527 1336 1692 1407 plenitudine
1703 1340 1770 1398 cha-

967 1430 1057 1486 ritatis
1068 1429 1239 1487 extruditur:
1259 1433 1348 1487 timor
1361 1431 1434 1488 enim
1451 1448 1504 1487 ttatt
1515 1436 1554 1487 cst
1575 1435 1606 1488 in
1624 1434 1770 1503 charitate,

968 1524 1016 1578 sed
1027 1526 1150 1593 perfectu
1163 1525 1283 1580 charitas
1293 1526 1370 1591 torus
1384 1528 1471 1580 arrittit
1487 1528 1610 1581 timorem
1622 1528 1723 1601 (ibid).
1737 1534 1773 1589 lit

116 1625 171 1683 tur,
186 1624 241 1675 sire
262 1622 362 1691 liriquae
382 1623 530 1685 cessabunt,
544 1624 599 1677 sice
617 1622 731 1677 scientio
745 1619 917 1689 destruetur,·
972 1631 1082 1681 revera,
1102 1616 1124 1674 si
1139 1616 1304 1689 principium
1316 1617 1454 1688 sapientiae
1478 1618 1506 1673 in
1527 1618 1628 1675 timore
1645 1623 1773 1683 consistit

116 1716 234 1771 charitas
254 1724 346 1771 autem
363 1732 511 1786 rrarmqraam
525 1716 630 1771 accidet
650 1714 759 1785 (thiat),
776 1713 835 1769 sine
853 1728 916 1785 qua,
973 1710 1056 1781 (Psoi.
1082 1710 1142 1782 cx),
1157 1726 1221 1783 quae
1241 1710 1293 1766 erit
1307 1710 1375 1783 eius,
1396 1710 1447 1767 nisi
1462 1710 1491 1766 in
1507 1710 1609 1768 christi
1635 1715 1771 1775 charitate

116 1824 171 1865 non
195 1808 285 1865 solum
307 1810 351 1866 illa
376 1810 628 1883 praecellentissima
649 1807 849 1863 charismatum
867 1820 916 1879 ge·
931 1813 955 1875 13
971 1801 1118 1874 perfectio,
1144 1819 1206 1875 quae
1231 1804 1308 1861 illum
1336 1804 1366 1860 in
1386 1819 1446 1861 sesa
1469 1804 1598 1876 perlectae
1620 1806 1772 1871 dilectionis

115 1916 191 1971 nera,
205 1902 349 1959 sedetiam
361 1902 488 1975 martyrii
500 1902 585 1974 ipsius
599 1900 687 1974 gloria
702 1909 841 1959 vacuatur.

403 1996 528 2051 CAPUT
546 1996 629 2050 Xlll.

124 2092 162 2145 lle
182 2090 275 2143 timore
288 2092 337 2159 qui
351 2089 383 2145 de
395 2090 539 2143 charitatis
553 2089 743 2157 maprriturliue
762 2094 913 2159 pareatur.

155 2181 288 2253 Quisquis
308 2182 389 2255 igitur
403 2182 430 2237 in
455 2182 536 2253 hujus
560 2181 642 2238 tuerit
663 2181 805 2238 charitatis
830 2180 918 2253 perte·

117 2272 207 2329 ctione
218 2272 356 2343 tundalus,
371 2290 480 2331 necesse
497 2284 539 2333 cst
551 2279 591 2345 [ut
608 2274 643 2331 ad
656 2284 670 2311 ⁸
682 2275 759 2330 illum
773 2274 917 2331 sublimio-

116 2382 177 2423 rem
191 2366 329 2423 charltatis
344 2370 471 2425 timorem
485 2369 571 2441 gradu
583 2369 773 2425 excellentiore
783 2384 913 2426 conscen-

115 2460 173 2530 dat,
185 2475 268 2533 qnem
280 2477 337 2516 non
351 2478 494 2533 poenarum
502 2470 600 2531 terror,
611 2476 661 2517 uec
673 2459 771 2533 cupido
783 2460 914 2532 praemio-

116 2569 190 2621 rum,
205 2554 252 2611 sed
267 2556 369 2612 amoris
391 2565 501 2629 generat
516 2554 685 2627 magnitudo,
709 2569 764 2626 quo
787 2554 829 2610 rel
841 2555 915 2611 altus

117 2647 386 2721 indulgentissimum
409 2657 526 2722 patrem,
551 2649 591 2705 ret
622 2647 738 2706 tratrem
760 2648 854 2717 trater,
873 2650 914 2706 rel

116 2742 236 2798 amicum
251 2743 367 2808 amicus,
384 2742 424 2799 rel
439 2744 583 2816 conjugem
595 2742 694 2814 conjux
709 2743 826 2799 sollicito
839 2758 914 2799 rere-

117 2846 193 2894 retur
206 2836 318 2904 attactu,
333 2835 398 2892 duur
413 2836 471 2909 ejus
485 2852 542 2893 non
557 2836 669 2892 verbera
681 2851 768 2907 neque
780 2836 912 2900 convicia,

118 2932 166 2987 sed
181 2931 221 2985 rel
233 2938 341 2986 tenuem
355 2930 460 2985 amoris
478 2928 608 2986 tormidet
627 2928 775 2996 ostensam,
792 2938 872 3000 atque
886 2930 913 2985 iu

120 3022 248 3080 omnibus
261 3038 316 3079 non
326 3024 416 3079 solum
429 3023 544 3091 actibus,
560 3038 655 3078 rerum
671 3023 753 3078 etiam
766 3022 856 3078 uerbis
869 3030 913 3078 at-

119 3115 206 3171 tonita
224 3130 331 3187 semper
342 3116 444 3187 pietate
465 3114 640 3181 distenditur,
658 3130 693 3171 nc
707 3131 771 3187 erga
785 3130 815 3171 se
829 3132 914 3187 quau-

116 3208 325 3278 tulumcumqne
336 3207 591 3264 terrordilectionis
603 3207 675 3264 illius
685 3207 843 3279 intepescat.
858 3209 915 3264 Cu·
931 3198 953 3263 C
968 3208 1132 3280 profitetur:
1148 3212 1207 3264 ⁴l'ou
1217 3212 1297 3271 cuiue,
1312 3209 1410 3281 inquit,
1426 3211 1590 3268 <trutinatis
1605 3216 1675 3270 Deus
1687 3218 1769 3286 spiri·
1863 3202 1873 3225 '

111 3303 159 3375 jus
171 3301 277 3359 timoris
292 3301 519 3373 magnificentiam
537 3300 619 3356 lsaias
634 3316 705 3356 unus
719 3299 915 3371 prophetarum

117 3396 256 3469 eleganter
269 3388 437 3467 expressit,¹'
455 3398 574 3460 lliritire,
590 3394 725 3466 inquiens,
752 3394 850 3449 salietis
868 3410 915 3449 su-

116 3491 220 3559 pientia
230 3493 257 3544 et
266 3490 395 3543 seleutia:
410 3489 490 3541 timor
503 3488 609 3542 haustui
622 3487 679 3557 ipse
698 3486 846 3540 thesaurus
857 3486 915 3555 ejus

119 3586 184 3650 (isa.
195 3588 315 3648 xxxin).
328 3582 392 3637 lion
405 3581 494 3652 potuit
503 3580 613 3636 timoris
624 3579 703 3636 istius
715 3578 874 3652 dignitatem
883 3595 915 3635 ac

118 3676 249 3733 meritum
261 3676 348 3748 inagis
365 3673 504 3731 evidenter
515 3674 687 3746 exprimere,
702 3689 784 3746 quam
800 3683 830 3732 ut
843 3674 915 3731 diri-

116 3771 170 3828 tias
183 3772 277 3829 salutis
292 3780 408 3835 nostrae,
425 3786 487 3841 qnae
504 3770 532 3825 iu
547 3785 609 3826 vera
621 3770 752 3841 sapientia
767 3769 817 3825 Del
831 3769 914 3826 scien·

124 3865 217 3937 tiaque
227 3867 391 3929 consistunt,
406 3864 508 3920 diceret
522 3864 571 3917 nisi
587 3864 714 3918 atirnore
730 3864 840 3919 Domini
858 3880 915 3919 uon

120 3975 199 4032 posse
209 3959 319 4015 serrari.
332 3956 375 4013 Ad
386 3957 461 4010 huna
473 3955 559 4025 igitur
575 3962 741 4009 metumuon
749 3962 915 4024 peccatores,

970 1897 1115 1954 continens
1136 1905 1256 1960 metum,
1271 1897 1393 1969 nonjam
1407 1897 1587 1970 principium,
1598 1900 1770 1961 sedthesau·

970 2005 1017 2046 rus
1039 1990 1181 2061 sapientiae
1210 1997 1239 2046 et
1258 1991 1378 2048 scientim
1399 1998 1587 2064 nuncupatur?
1612 1997 1648 2051 Et
1670 1996 1771 2057 idcirco

968 2083 1067 2155 duplex
1079 2084 1187 2141 timoris
1200 2093 1241 2142 est
1248 2085 1365 2157 gradus:
1376 2100 1446 2141 unus
1460 2085 1661 2159 incipientium,
1678 2088 1707 2147 id
1716 2098 1768 2160 ast,

969 2192 1065 2234 eorum
1080 2178 1126 2249 qui
1139 2176 1228 2235 adhuc
1241 2178 1291 2234 sub
1302 2177 1369 2250 jugo
1384 2186 1412 2233 et
1423 2186 1528 2235 terrore
1542 2179 1632 2235 servili
1646 2190 1721 2251 sunt,
1734 2180 1770 2241 dc

970 2287 1025 2344 quo
1034 2270 1142 2328 dicitur:
1152 2274 1391 2329 Serruselomiaum
1401 2288 1481 2328 suum
1491 2272 1769 2349 tiracbittllatachst.

969 2369 1004 2421 Et
1017 2366 1046 2421 in
1058 2366 1206 2439 Evangelio
1223 2386 1229 2422 :
1244 2369 1305 2421 lam
1320 2382 1372 2421 nou
1385 2366 1446 2421 alico
1458 2382 1504 2421 cos
1516 2382 1615 2430 seruos,
1632 2369 1700 2437 quia
1713 2384 1770 2425 ser·

967 2476 1016 2515 cus
1028 2463 1111 2515 nescit
1125 2461 1193 2531 quial
1200 2462 1286 2528 truisi
1294 2460 1420 2515 dorrrinus
1430 2460 1486 2529 ejus
1495 2460 1580 2531 (Jourr.
1591 2464 1654 2528 xv).
1669 2460 1771 2521 Etldeo

967 2556 1075 2621 Seruus,
1091 2553 1185 2624 inquit,
1200 2569 1252 2607 riou
1266 2556 1356 2607 arrrurct
1372 2554 1484 2607 irrclomo
1494 2555 1522 2607 iu
1536 2558 1665 2609 aternum
1680 2559 1768 2623 (lours.

968 2652 1046 2711 ιιιι).
1063 2645 1167 2701 lmlruit
1190 2644 1264 2700 enim
1277 2660 1329 2700 nos
1342 2651 1373 2700 ut
1386 2644 1421 2699 ab
1445 2645 1491 2702 illo
1514 2646 1614 2717 pmnali
1635 2656 1711 2704 metu
1734 2648 1770 2706 ad

968 2739 1105 2795 charitatis
1120 2738 1306 2810 plenissimam
1320 2739 1474 2796 libertatem
1488 2748 1514 2796 ct
1527 2742 1683 2799 amicorum
1695 2742 1769 2801 lilio-

968 2850 1082 2906 rumque
1106 2834 1155 2891 Dei
1170 2835 1300 2891 fiduciam
1324 2844 1509 2893 transeamus.
1531 2838 1655 2910 Denique
1671 2838 1770 2898 beatus

968 2927 1118 3000 Apostolus
1137 2928 1183 3000 qui
1197 2928 1324 2985 servilem
1341 2930 1418 2985 illum
1440 2930 1550 2987 timoris
1565 2931 1682 3003 gradum
1702 2934 1770 2993 olim

967 3021 1107 3078 charitatis
1123 3020 1272 3077 [taminiam
1293 3021 1390 3078 virtute
1403 3023 1617 3092 transcenderat,
1640 3024 1771 3085 interiora

968 3114 1134 3186 despiciens,
1154 3113 1305 3187 majoribus
1324 3130 1354 3171 se
1376 3115 1496 3172 ditatum
1515 3115 1626 3173 bonisa
1648 3120 1770 3178 Domino

968 3308 1024 3356 tum
1038 3304 1141 3357 timoris
1152 3344 1161 3365 ,
1174 3302 1223 3356 secl
1243 3305 1353 3357 uirtutis
1367 3308 1393 3357 et
1407 3303 1555 3359 dilectionis
1570 3311 1596 3361 et
1617 3310 1770 3367 sobrietatis

970 3396 1006 3465 (ll
1020 3396 1137 3449 Timoth.
1154 3399 1188 3459 ι).
1205 3396 1261 3450 Eos
1276 3394 1358 3451 ctiam
1368 3396 1414 3466 qni
1432 3394 1551 3468 perlecta
1564 3398 1684 3457 eoelcstis
1699 3402 1771 3459 illius

968 3488 1056 3545 Patris
1068 3487 1212 3544 dilectionc
1226 3488 1388 3561 llagrabaut,
1403 3504 1525 3561 quosque
1539 3506 1573 3547 ex
1587 3492 1671 3549 serris
1692 3495 1770 3555 lilios

968 3580 1077 3652 adoptio
1087 3578 1246 3653 divinajam
1260 3578 1377 3643 lecerat,
1394 3580 1446 3637 hoc
1457 3581 1621 3639 adhortatur
1636 3584 1745 3659 eloquio
1760 3606 1768 3645 z

969 3676 1769 3746 Norrcrrimaceepistisspiritumseruitutisiterumiutimore,

967 3772 1014 3825 sal
1022 3770 1160 3839 surripuistis
1167 3772 1297 3839 spiritura
1308 3770 1460 3837 (adoptianis
1473 3771 1600 3837 tiliarum,
1615 3774 1642 3826 iu
1655 3773 1770 3843 qaroclu·

968 3880 1083 3926 aramius,
1099 3863 1189 3927 illiba,
1206 3866 1287 3917 Pater
1300 3862 1384 3931 (horn.
1398 3865 1472 3927 viu).
1484 3864 1526 3915 De
1535 3861 1588 3916 hoc
1599 3864 1682 3917 etiam
1694 3872 1771 3923 matu

969 3972 1032 4012 curn
1047 3956 1119 4011 illam
1132 3956 1323 4027 septilormem
1343 3955 1461 4027 Spiritus
1473 3956 1559 4011 sancti
1580 3956 1696 4028 gratiam
1709 3972 1772 4029 pro·

115 4053 163 4111 sed
184 4053 270 4110 structi
291 4047 456 4121 propheticis
478 4045 628 4101 invitantur
652 4045 788 4116 eloquiis,
809 4046 917 4104 dicente
970 4053 1051 4122 pheta
1062 4053 1241 4119 describeret,
1259 4066 1341 4123 qucru
1356 4052 1368 4081 ⁰
1384 4052 1413 4108 in
1428 4051 1539 4109 hominu
1558 4054 1605 4109 illo
1625 4054 1770 4113 Donrinico

666 4153 793 4209 ALAltDl
812 4156 925 4211 GAZAEl
944 4159 1223 4214 COllllEtlTAllllYS.

152 4268 165 4294 ⁵
180 4256 300 4312 Filialem
311 4297 318 4322 ,
331 4253 454 4309 charitati
470 4252 549 4308 etiam
563 4251 692 4323 perlectae
710 4269 865 4309 connexum
887 4264 915 4311 et
969 4260 1022 4312 ista
1033 4258 1127 4312 direct:
1146 4260 1232 4313 Timeo
1247 4259 1346 4320 uirum,
1361 4273 1394 4311 ue
1405 4256 1537 4316 eliserunt:
1549 4259 1599 4313 illa
1616 4258 1684 4315 elicit
1699 4279 1707 4315 ε
1722 4264 1770 4317 Τι-

117 4343 292 4397 germanum,
308 4342 362 4396 qim
384 4341 439 4380 non
464 4325 679 4396 poenapeccati,
695 4326 742 4381 sed
757 4324 861 4382 ottensa
880 4326 915 4399 pii
969 4345 1025 4384 areo
1039 4332 1146 4392 cirum,
1162 4345 1195 4383 ue
1208 4330 1333 4394 ‹tauruet3
1349 4330 1403 4383 istu
1417 4330 1505 4383 ilr‘ret:
1523 4332 1612 4384 Timeo
1624 4334 1723 4395 cirum,
1737 4346 1771 4387 ue

117 4398 216 4463 Putris,
229 4398 304 4453 idest
320 4396 378 4463 Dei,
392 4396 533 4463 ntetultur,
544 4396 589 4465 qui
601 4404 739 4465 etcastus,
752 4406 779 4453 et
792 4406 913 4465 sanctus,
969 4402 1084 4455 eluserat.
1101 4402 1233 4455 Porrehac
1242 4402 1270 4454 iu
1279 4402 1379 4463 arrium,
1395 4406 1419 4454 ut
1432 4402 1548 4455 iureuies
1557 4403 1680 4457 timorem
1690 4418 1770 4473 qaaerit

117 4478 146 4526 et
161 4469 343 4524 reserantialis
364 4469 525 4539 appellatur,
546 4475 574 4522 et
591 4482 752 4537 permanens
778 4468 807 4523 in
831 4476 914 4525 aeter·
968 4473 1043 4539 foras
1055 4472 1263 4527 ruittitcluuu'tus
1276 4474 1770 4545 :et‹rtiurutimoremi:ustum,perma·

115 4556 195 4607 num,
206 4540 283 4611 juxta
295 4539 360 4595 illud
370 4539 437 4609 regii
446 4537 544 4594 Psultm
554 4557 561 4592 :
573 4541 662 4593 Timor
674 4542 783 4595 Domim
792 4544 912 4607 sauctus,
970 4548 1073 4597 >zeutem
1085 4546 1112 4598 iu
1122 4544 1355 4599 sarculuraureuli.
1363 4543 1442 4599 illum
1455 4546 1770 4615 timoremperfectueha·

116 4612 440 4681 perrrruueusinsecutura
451 4612 543 4663 sireuli
550 4610 632 4675 (Psoi.
640 4612 742 4681 ιιι-ιιι),
751 4610 914 4669 UhiGraeca
969 4617 1037 4669 ritas
1044 4614 1120 4682 (orus
1130 4617 1223 4677 mittit,
1237 4617 1303 4684 quia
1315 4616 1704 4677 iltetimartormeulumlrirbct,
1715 4620 1770 4669 tor-

117 4684 217 4755 ltgilur
230 4682 305 4753 ἆγνδς
321 4683 349 4737 id
368 4690 420 4749 tsi,
437 4680 567 4746 mundus,
582 4688 638 4750 ,aut
650 4688 750 4747 castus,
764 4697 820 4737 uon
836 4683 915 4751 ἅγιος.
931 4690 956 4751 1)
971 4688 1232 4755 quatrurauscicutia
1245 4684 1771 4755 peccatorum:rioruluurfirctaestp'usti·

117 4755 200 4809 Unda
226 4763 332 4809 castum
357 4751 487 4808 timorem
519 4753 622 4821 passim
645 4759 725 4805 taccat
746 4754 918 4825 Augustinus
970 4760 1070 4826 paritio.
1084 4760 1212 4813 Stiraulat
1225 4758 1271 4811 ille
1286 4760 1375 4821 linior,
1389 4756 1436 4809 eea
1450 4756 1537 4807 intrat
1556 4754 1686 4820 alteritus,
1708 4770 1770 4823 quur

118 4824 218 4893 (Truet.
234 4831 251 4879 9
266 4827 294 4878 iu
306 4826 394 4893 Epist.
410 4826 498 4888 iaetu.)
513 4836 632 4894 eumque
653 4819 777 4878 lamiliarl
792 4837 870 4879 exem
891 4825 918 4882 lo
972 4831 1051 4883 suerat
1069 4828 1142 4897 quod
1153 4828 1276 4882 culrrrrat
1296 4829 1393 4887 tiruoru
1408 4826 1489 4877 timor
1502 4826 1590 4876 cratem
1601 4827 1690 4879 castus
1701 4828 1771 4891 facit

117 4893 297 4949 etlruicloeo
312 4893 495 4966 respondente
512 4892 630 4949 duarum
643 4891 790 4947 mulierum
809 4894 845 4949 ita
879 4910 918 4951 rs-
972 4899 1143 4953 sarcieritutera
1167 4900 1196 4950 iu
1213 4899 1313 4950 urimo.
1336 4894 1403 4949 llaec
1426 4892 1603 4964 Augustinus.
1627 4894 1694 4951 l'ida
1716 4894 1769 4951 alia

116 4964 242 5035 tinguite
261 4966 348 5020 servili
368 4983 374 5018 :
393 4968 450 5021 h'ou
467 4969 552 5034 pates,
577 4964 683 5035 iuquit,
706 4964 802 5018 melius
822 4964 918 5035 surpta·

115 5052 184 5091 aare
195 5036 264 5107 quial
285 5040 391 5091 intersit
403 5039 474 5089 iuter
487 5037 553 5089 diros
564 5039 684 5101 timores,
700 5050 781 5103 quara
795 5038 820 5089 si
827 5052 914 5107 portas

115 5108 183 5163 riuus
198 5110 321 5163 attulisses
334 5110 614 5175 retraritutusrqrurrum
625 5122 704 5160 urrerm
714 5108 857 5162 carestitrurs
865 5123 914 5161 eo-

115 5178 212 5233 leuteur
227 5182 318 5247 pierre
336 5179 510 5241 aetrilterium,
525 5178 572 5232 seul
597 5180 672 5232 timet
689 5192 721 5231 ree
740 5177 885 5232 detranatur
897 5194 916 5233 a

116 5254 223 5305 marito.
237 5252 469 5314 Tiuretuiarituur,·
479 5249 526 5303 scd
535 5250 680 5317 quioumat
688 5250 845 5317 aequitius,
856 5249 915 5304 ideo

115 5324 193 5377 timet
207 5326 348 5385 muritum3
360 5322 422 5375 hiric
432 5335 484 5375 riou
496 5325 576 5388 prata
584 5324 633 5389 est,
646 5320 693 5376 sed
702 5336 811 5375 orreroso
823 5322 918 5375 irruite·

111 5396 274 5462 presentium
288 5398 312 5447 ct
326 5396 351 5448 si
358 5393 503 5459 fortaeiuit
512 5394 643 5461 aequiter,
655 5394 728 5447 timet
742 5395 872 5446 intuitum
883 5407 916 5447 ae

114 5467 218 5519 reaiat.
233 5462 725 5533 Talessuutquitimeutdirrajuelieii.
739 5466 791 5519 Fuc
801 5465 916 5518 alterum

113 5538 317 5597 (triumuirum,
334 5538 360 5588 et
372 5534 466 5589 debere
478 5535 522 5589 illi
532 5538 618 5589 castos
630 5535 782 5605 amplexus,
797 5535 874 5587 rrulla
888 5550 916 5589 se

113 5608 271 5664 adulterius
283 5606 597 5661 iarmuuditiamuculare
607 5606 681 5661 uelle.
694 5606 750 5659 Ista
759 5608 834 5674 optut
845 5620 916 5675 pror·

112 5680 230 5735 scirtium
246 5680 309 5731 uiri.
324 5680 359 5733 Et
369 5677 499 5746 quomodo
510 5678 700 5733 ‹lucerauutur
711 5675 764 5731 aluo
778 5677 826 5729 isli
835 5678 915 5731 timo-

112 5752 180 5805 res?
194 5750 247 5804 ltlo
258 5752 349 5814 timet3
364 5753 389 5803 et
403 5750 457 5802 ista
467 5749 554 5803 timet.
572 5752 631 5805 laur
644 5763 706 5817 erpo
717 5749 916 5817 iuter-raperetur

113 5835 203 5893 quare
216 5822 349 5875 timeant?
362 5819 415 5875 ltla
428 5818 498 5875 dicet
514 5835 521 5873 ε
546 5821 631 5875 Timeo
649 5820 748 5889 cinam,
761 5834 794 5875 ue
804 5820 914 5887 ueniat,

973 4967 1097 5035 exempta
1111 4966 1183 5037 apud
1193 4966 1322 5020 eumdem
1337 4979 1420 5019 serm.
1434 4967 1466 5019 l8
1478 4964 1511 5021 de
1526 4963 1622 5021 Verbis
1633 4966 1767 5038 Apostoli.

1004 5039 1017 5073 ¹³
1040 5035 1144 5091 Divitiae
1168 5036 1263 5092 salutis
1281 5051 1356 5091 more
1379 5033 1529 5101 Hebraico,
1545 5034 1647 5103 idest,
1667 5038 1769 5095 diritiae

969 5107 1101 5164 salutares
1120 5115 1147 5162 et
1163 5122 1249 5174 rerer,
1265 5106 1394 5178 sapientia
1416 5106 1588 5174 sisciensis,
1611 5108 1696 5164 unior
1715 5124 1768 5165 au·

971 5187 1027 5235 tem
1038 5177 1151 5234 Domini
1166 5182 1257 5235 castus
1268 5186 1296 5233 et
1308 5178 1405 5241 lilialis,
1417 5192 1531 5248 magnus
1541 5177 1694 5245 thesaurus,
1705 5178 1769 5249 quia

970 5251 999 5306 in
1010 5264 1046 5307 eo
1056 5257 1198 5321 tamqnam
1212 5250 1240 5305 in
1254 5250 1347 5305 arcula
1356 5249 1454 5306 diritim
1467 5248 1599 5304 virtutum
1609 5248 1768 5309 recondun-

968 5331 1014 5378 tur
1026 5338 1059 5377 ac
1072 5330 1226 5378 serrantur.

1004 5391 1017 5422 ⁰
1036 5397 1138 5449 Praeter
1161 5391 1369 5449 annotationem
1393 5391 1513 5449 Ciaconli
1529 5389 1595 5447 satis
1613 5398 1769 5451 accuratam

969 5464 1004 5519 de
1014 5461 1129 5520 homine
1143 5464 1299 5528 Dominico,
1308 5478 1392 5533 quant
1404 5462 1490 5519 lector
1502 5462 1622 5534 requiret
1632 5478 1684 5520 suo
1696 5465 1767 5535 loco,

969 5533 1114 5605 subjiciam
1157 5535 1253 5591 nucula
1282 5548 1345 5605 quae
1373 5534 1407 5590 de
1436 5533 1529 5589 eadem
1562 5534 1769 5593 nomenclatura

969 5605 1079 5662 aliunde
1095 5551 1203 5677 cotragi.
1218 5604 1365 5662 Primum:
1380 5604 1616 5663 Veteressubiude
1626 5605 1768 5664 Christum

970 5675 1115 5733 hominem
1139 5676 1318 5733 Dominieum
1334 5676 1484 5749 appellasse
1498 5675 1625 5750 leguntur
1646 5678 1768 5749 (liupirt.

969 5750 1043 5806 Seut.
1056 5750 1105 5803 lib.
1120 5764 1169 5817 ιιι,
1183 5750 1249 5805 dist.
1262 5754 1279 5805 tl
1291 5752 1306 5817 S
1317 5752 1367 5817 lt.;
1382 5750 1410 5805 S.
1426 5748 1516 5806 Thora-
1532 5765 1568 5806 rrr
1581 5755 1669 5821 part,
1682 5766 1709 5817 q.
1720 5752 1767 5809 aa,

969 5824 1024 5876 art.
1037 5828 1053 5877 t
1065 5842 1072 5889 ;
1082 5822 1193 5892 drepor.
1205 5822 1273 5881 h'az.
1290 5826 1361 5877 orat.
1374 5823 1432 5889 bl).
1444 5822 1503 5877 llac
1514 5821 1587 5877 enim
1597 5834 1662 5877 roce
1671 5814 1767 5873 crebro
