3848 6158
129 217 176 271 llil
670 201 809 260 tulllius
828 198 979 256 cassiani
997 196 1239 256 calistratus.
1731 202 1785 255 6Ἰῖ

128 338 223 395 ditatio
238 337 273 394 ad
293 335 347 393 hoc
368 333 533 409 quotidianis
552 328 652 388 stadiis
676 334 832 384 exerceatur
846 334 928 398 atque
942 329 968 391 Α
982 327 1144 397 experientia
1168 325 1291 398 proferre
1305 326 1478 384 sententiam.
1502 328 1558 383 Nec
1582 325 1655 381 enim
1681 324 1786 396 siquis

129 435 294 506 perficiatur,
313 429 480 502 utatepidis
493 426 658 484 rudimentis
675 421 710 478 ad
724 423 850 494 peritiam
867 436 926 477 oer-
983 420 1092 489 ignarus
1111 419 1240 486 natandi,
1265 420 1354 476 sciens
1375 419 1483 491 pondus
1504 418 1627 492 corporis
1646 418 1689 473 sui
1713 416 1787 476 ferre

78 516 82 522 ⁴
128 535 185 584 tam
221 526 401 596 stabilemque
423 521 602 594 perveniens,
628 517 738 589 incipiat
763 532 842 572 nosse
867 531 929 588 quae
982 527 1114 584 aquarum
1130 511 1262 583 liquorem
1277 528 1332 567 non
1352 527 1441 584 posse,
1462 511 1650 583 experimento
1662 525 1722 566 suae
1737 526 1788 566 vo-

129 621 256 693 primitus
270 619 311 675 vel
323 618 450 688 ambigue
463 621 588 680 noverat,
602 613 641 667 vel
656 611 761 682 penitus
776 610 926 683 ignorabat,

128 724 156 770 et
176 715 259 770 firmo
279 717 320 779 (ut
343 711 379 765 ita
395 708 519 779 dixerim)
542 705 629 778 gradu
645 705 673 761 in
690 705 762 761 illius
780 703 929 775 disciplinae

128 806 258 878 qualitate
276 801 445 874 procedens,
459 799 588 872 perfectae
603 800 630 855 in
644 814 676 855 ea
689 814 720 854 ao
733 799 789 854 sine
803 797 857 853 ulla
872 798 928 868 jain

128 898 287 956 difficultate
302 905 438 961 versatum
456 904 470 931 ⁸
486 894 649 951 econtrario
662 908 706 949 me
721 892 839 964 inhujus
854 892 929 963 puri-

127 991 193 1047 tatis
215 991 315 1047 itudio,
335 988 506 1046 laborantem
536 987 562 1043 id
585 987 761 1045 solummodo
785 984 930 1059 profecisse

128 1085 252 1156 reperio,
274 1092 305 1139 ut
324 1085 409 1139 sciam
423 1081 488 1154 qaid
510 1097 568 1138 csse
590 1097 648 1138 noir
670 1081 771 1154 possim
797 1101 803 1136 :
826 1096 858 1137 eri
874 1095 929 1152 quo

128 1177 195 1232 niliil
221 1176 291 1233 mihi
308 1175 381 1232 aliud
402 1174 489 1231 sentio
518 1189 601 1245 quam
621 1174 725 1231 luctum
743 1181 818 1230 tanta
839 1172 930 1230 cordis

129 1269 291 1325 contritione
309 1266 443 1334 conferri,
462 1277 495 1324 ut
507 1283 657 1340 numquam
671 1268 772 1325 scilicet
787 1267 857 1324 desit
869 1282 929 1323 ma-

984 606 1066 662 luerit
1076 607 1222 677 imperitiae
1243 605 1357 663 delinire
1371 607 1508 663 nemiuem
1525 606 1632 677 penitus
1653 619 1736 677 posse
1751 605 1787 662 li-

983 700 1074 773 quidis
1087 701 1228 757 elementis
1239 701 1324 759 solida
1336 716 1417 757 carue
1428 700 1629 759 circumdatum
1643 700 1788 774 sustineri,

984 795 1085 852 idcireo
1099 810 1161 851 vera
1175 795 1233 867 ejus
1252 796 1344 867 opinio
1356 794 1501 866 judicanda
1516 776 1570 860 est,
1583 809 1668 866 quam
1687 809 1787 852 secun-

984 889 1050 946 dum
1073 890 1265 962 experientiam
1285 906 1366 947 suam
1381 891 1454 951 visas
1472 895 1513 945 est
1530 888 1693 961 protulisse,
1723 904 1788 949 euin

984 984 1038 1041 lioo
1049 1000 1107 1059 non
1121 985 1211 1041 solum
1231 999 1286 1040 uon
1300 999 1359 1040 esse
1374 981 1551 1055 impossibile,
1564 981 1711 1039 sedetiam
1723 999 1786 1056 per-

983 1079 1064 1136 facile
1082 1077 1117 1133 ab
1135 1077 1195 1133 aliis
1213 1076 1287 1144 lieri,
1299 1077 1405 1133 rationo
1420 1074 1571 1132 certissima
1591 1083 1619 1130 et
1640 1076 1786 1135 oculorum

985 1169 1038 1227 lide
1060 1186 1116 1228 non
1134 1169 1217 1227 dubia
1240 1169 1444 1242 comprobetur.
1468 1168 1533 1229 Νοῦς
1555 1168 1667 1241 itaque,
1688 1168 1785 1239 idest,

984 1279 1062 1322 mens
1073 1307 1082 1332 ,
1095 1264 1134 1318 del
1147 1266 1259 1333 κινητὸς,
1275 1264 1318 1318 καὶ
1338 1263 1533 1331 πολῦικννητὸς,
1554 1263 1581 1321 id
1602 1271 1662 1333 esi,
1679 1280 1786 1339 semper

127 1363 193 1420 teria
216 1363 413 1435 lacrymarum,
440 1378 491 1418 neo
514 1369 606 1418 tamen
628 1377 686 1419 esse
706 1361 831 1419 desinam
855 1359 929 1434 quod
983 1358 1102 1426 mobilis,
1119 1366 1146 1414 et
1161 1358 1280 1414 multum
1294 1358 1403 1414 mobilis
1416 1356 1553 1414 definitur.
1570 1357 1651 1427 Quod
1666 1360 1787 1419 etiamln

128 1472 264 1513 essenon
287 1456 382 1513 debeo.
410 1458 445 1512 Et
468 1455 568 1513 idcirco
596 1455 660 1528 quid
682 1454 785 1528 proluit
806 1454 929 1512 didicisse
983 1451 1123 1525 sapientia,
1133 1451 1302 1524 quaidicitur
1311 1450 1477 1520 Salomonis,
1488 1452 1622 1524 scriptum
1632 1462 1687 1515 est,
1697 1453 1786 1522 Γηῦνον

128 1551 201 1622 quod
213 1566 345 1607 summan
356 1557 411 1616 est,
425 1551 448 1605 si
461 1551 602 1621 cognitum
618 1559 734 1621 nequeat
746 1548 929 1621 apprehendi?
983 1547 1078 1620 οἴκημα
1091 1547 1189 1619 βαρύνει
1202 1551 1260 1599 νοῦν
1276 1546 1342 1600 πολὺ
1360 1547 1539 1618 ρροντῐζοντα,
1555 1546 1581 1603 id
1595 1555 1646 1618 est,
1662 1557 1674 1584 ⁸
1694 1553 1787 1606 Terre·

128 1648 198 1701 Nam
223 1659 286 1699 eum
314 1643 493 1699 directionem
514 1643 604 1700 cordis
626 1643 662 1700 ad
679 1643 842 1700 destinatam
862 1659 930 1699 aon·
985 1657 1051 1695 rium
1063 1640 1383 1709 babitooulrimaqpiuuat
1396 1645 1510 1695 mntem
1524 1642 1611 1695 multo
1629 1645 1787 1713 cogitantem

130 1737 333 1810 templationem
357 1736 517 1806 pertendere
542 1737 722 1805 senserimus,
742 1736 970 1814 insensibiliterss
988 1735 1061 1807 (Sap.
1076 1735 1130 1806 is).
1147 1734 1294 1804 (iiiique.
1305 1747 1367 1789 viii
1382 1737 1502 1790 institut.
1518 1751 1541 1790 ο.
1556 1737 1610 1805 iii.)
1624 1737 1691 1794 llaec
1703 1737 1788 1810 igitar

128 1846 207 1887 mens
225 1830 288 1888 iude
304 1831 429 1886 revoluta
455 1829 490 1887 ad
508 1830 612 1903 priores
638 1830 809 1904 evagationes
829 1830 933 1902 impetu
987 1844 1036 1901 pro
1051 1828 1207 1885 conditione
1219 1836 1323 1884 naturae
1337 1843 1488 1900 numquam
1506 1835 1596 1900 potest
1611 1830 1696 1886 otiosa
1714 1847 1783 1887 con·

128 1923 326 1999 vehementiori
334 1923 504 1995 prolabitur,
532 1930 560 1979 et
582 1923 619 1981 ita
640 1922 806 1995 quotidianis
826 1922 933 1981 disten-

127 2018 248 2074 tionibus
262 2025 392 2090 ucoupata
409 2017 563 2074 innumeris
580 2016 780 2089 captivitatibus
794 2017 934 2076 incessan-

129 2119 172 2167 ter
194 2109 349 2178 abducitur,
379 2118 410 2166 ut
430 2110 630 2182 propemodum
654 2111 713 2184 jam
738 2111 895 2184 desperetur
918 2128 934 2169 a

130 2205 209 2261 nobis
222 2204 372 2261 desiderata
390 2204 538 2271 eorrectio,
561 2212 588 2260 et
605 2204 743 2277 superflua
760 2205 820 2262 haec
834 2206 930 2263 ohser-

129 2299 219 2355 vantia
243 2297 376 2354 videatur.
399 2292 571 2371 Siquidemb
592 2313 641 2371 per
666 2308 805 2357 momenta
826 2301 931 2374 singula

130 2391 241 2449 lubricis
263 2391 429 2449 discursibus
452 2393 562 2450 animus
583 2402 721 2466 evagatur.
743 2395 866 2468 Cumque
896 2396 931 2453 ad

129 2487 257 2541 timorem
271 2486 336 2554 Dei,
352 2485 393 2541 vel
406 2486 664 2558 contemplationem
687 2486 828 2544 reducitur
848 2489 932 2560 spiri-

131 2579 229 2648 talem,
255 2581 417 2654 priusquam
438 2580 564 2639 firmetur
588 2583 616 2638 ia
629 2597 677 2650 ea,
699 2597 795 2638 rursus
808 2581 931 2656 fugacius

130 2677 275 2731 evanescit.
298 2658 424 2749 Cumque
444 2692 508 2733 oiim
529 2676 603 2734 velat
626 2675 804 2750 expergefacti
835 2676 932 2751 depre-

130 2768 305 2827 henderimus
319 2772 353 2827 ab
377 2771 529 2828 intentione
548 2771 687 2844 proposita
701 2772 835 2840 deviasse,
852 2778 932 2843 atque

987 1923 1092 1992 sistere,
1102 1920 1149 1978 sed
1163 1936 1275 1978 necesse
1293 1930 1335 1977 est
1349 1936 1426 1988 cam,
1439 1920 1491 1978 nisi
1508 1924 1641 1994 provisum
1653 1924 1786 1982 habuerit

988 2015 1035 2072 ubi
1051 2029 1116 2072 suos
1130 2022 1255 2072 exerceat
1268 2022 1373 2080 motus,
1391 2023 1419 2071 et
1433 2014 1459 2070 in
1475 2015 1577 2087 quibus
1585 2016 1686 2090 jugiter
1701 2033 1789 2075 orou-

989 2117 1077 2182 petur‚
1102 2108 1210 2181 propria
1229 2107 1380 2165 mobilitate
1399 2107 1567 2180 discurrere,
1594 2119 1621 2166 et
1633 2126 1683 2183 per
1695 2113 1788 2169 omnia

986 2201 1116 2270 volitare,
1129 2201 1216 2258 donec
1237 2202 1319 2275 longo
1339 2203 1486 2272 exercitio,
1508 2220 1614 2277 usuque
1638 2206 1789 2264 assuefacta

985 2295 1125 2367 diuturno,
1140 2295 1212 2368 quod
1224 2311 1274 2353 ros
1294 2296 1430 2353 incassum
1444 2296 1534 2354 dicitis
1554 2298 1693 2370 laborare,
1706 2317 1789 2374 cxpe-

985 2392 1073 2447 riatur
1087 2399 1114 2447 et
1125 2389 1210 2446 diseat
1225 2405 1293 2462 quas
1314 2391 1458 2447 memorie
1475 2407 1533 2448 suae
1548 2393 1682 2450 materias
1695 2392 1789 2452 debeat

986 2500 1154 2558 praeparare,
1171 2500 1233 2557 erga
1247 2499 1313 2556 quas
1327 2485 1494 2558 circumagat
1506 2486 1663 2544 indefessos
1675 2489 1788 2555 rolaau,

986 2588 1015 2636 et
1025 2579 1199 2636 immorando
1213 2577 1300 2635 robur
1318 2579 1458 2651 acquirat,
1472 2589 1500 2636 et
1520 2581 1557 2637 ita
1578 2581 1729 2654 praevaleat
1743 2583 1791 2643 od-

986 2687 1077 2728 versas
1103 2671 1206 2727 inimici
1231 2672 1436 2744 suggestiones,
1454 2671 1554 2745 quibus
1573 2656 1788 2743 distrahebatur,

986 2764 1140 2834 extrudere,
1154 2773 1235 2836 atque
1249 2764 1277 2820 in
1289 2765 1336 2821 illo
1348 2781 1430 2838 quem
1443 2766 1579 2824 desiderat
1593 2777 1670 2825 statu
1684 2777 1712 2826 et
1724 2785 1790 2842 qua·

986 2855 1060 2912 litate
1074 2856 1181 2912 durare.
1195 2859 1257 2912 Nou
1269 2873 1333 2932 ergo
1345 2859 1417 2915 hanc
1431 2861 1620 2933 evagationem
1636 2863 1730 2922 comis
1742 2881 1791 2922 oo-

986 2949 1087 3006 stri'vel
1100 2958 1206 3008 naturae
1219 2950 1363 3022 liumanae,
1378 2953 1420 3011 vel
1440 2957 1501 3011 Deo
1512 2957 1630 3013 creatori
1643 2958 1720 3030 eius,
1741 2961 1791 3019 de-

131 3043 247 3098 basdam
270 3044 383 3099 vinculis
411 3044 542 3114 obligare,
566 3044 595 3098 in
619 3043 678 3114 ipso
706 3052 806 3100 conatu
836 3053 932 3104 nostro
987 3045 1084 3101 bemus
1095 3045 1243 3103 ascribere.
1258 3049 1330 3104 Vera
1344 3057 1385 3104 est
1398 3049 1472 3106 enim
1483 3051 1632 3123 Scripturae
1643 3055 1791 3128 sententis,

131 3135 207 3189 ocius
225 3149 308 3204 qnam
331 3134 446 3207 anguilla
460 3134 495 3190 de
513 3133 667 3192 recessibus
686 3138 788 3194 mentis
805 3137 929 3197 elabitur.
946 3147 969 3211 c
985 3137 1048 3211 quia
1061 3142 1188 3195 flamiam
1203 3143 1335 3197 bominem
1358 3145 1423 3210 feeit
1437 3148 1555 3209 rectam,
1571 3150 1597 3200 et
1609 3149 1667 3217 ipsi
1682 3151 1793 3219 quiade·

132 3224 175 3280 Ob
188 3240 271 3296 quam
293 3240 353 3281 rem
374 3225 540 3297 quotidianis
555 3226 711 3299 hujusmodi
732 3229 933 3289 observationi-
985 3237 1051 3287 ruat
1066 3236 1238 3303 capitationis
1250 3221 1263 3266 ‘¹
1276 3236 1363 3291 malas
1381 3236 1476 3308 (Ecela.
1493 3237 1555 3308 vii).
1572 3242 1619 3294 ’A
1634 3240 1791 3317 nobisergo

133 3317 184 3374 bus
197 3327 360 3388 aestuantes,
385 3335 436 3376 neo
456 3329 550 3378 tarnen
575 3337 606 3378 eri
627 3323 694 3395 ipsis
710 3323 820 3397 aliquod
837 3334 932 3385 nostro
986 3339 1081 3381 earum
1097 3326 1212 3398 qualitas
1226 3328 1335 3399 pendet.
1355 3329 1424 3398 Quia
1443 3333 1568 3400 capitatio
1583 3333 1671 3403 borio,
1687 3335 1790 3409 inquit,

132 3412 207 3469 cordi
234 3413 391 3470 stabilitatis
429 3415 516 3495 robur
540 3417 687 3473 accessisse
711 3426 873 3488 sementes,
898 3419 933 3477 ad
986 3420 1130 3477 sumtibus
1144 3424 1476 3492 eomappropirrqiiat,eir
1489 3429 1791 3497 arueram-udaium.

133 3505 202 3562 hano
222 3506 380 3578 opinionem
403 3506 482 3565 fracti
509 3508 697 3581 desperatione
718 3512 931 3584 transducimur,
985 3515 1041 3567 niet
1058 3529 1125 3569 eum.
1139 3513 1278 3586 Quidquid
1292 3524 1383 3571 autem
1403 3525 1433 3572 ut
1454 3517 1566 3574 inveniri
1589 3523 1677 3592 possit
1688 3533 1791 3583 nostrie

134 3607 164 3654 ut
178 3614 233 3653 nori
245 3599 417 3670 nostrojam,
432 3600 480 3657 sed
493 3610 600 3658 naturae
613 3601 677 3658 vitio
689 3602 740 3659 has
755 3603 855 3660 animae
868 3620 932 3677 per·
987 3603 1136 3676 prudentiae
1149 3605 1347 3680 industriaeque
1361 3608 1516 3681 subjectum
1529 3621 1589 3682 est,
1602 3614 1624 3671 si
1637 3631 1693 3672 iion
1707 3615 1791 3676 fuerit

133 3691 288 3765 vagationes
302 3693 422 3749 liumano
434 3695 525 3766 generi
539 3694 624 3750 inesse
634 3694 787 3753 credamus.
987 3698 1137 3768 inventum,
1150 3699 1208 3755 sine
1222 3699 1304 3757 dubio
1318 3708 1422 3759 nostrae
1436 3703 1551 3762 desidiae
1570 3707 1611 3765 vel
1632 3708 1791 3780 impruden-

445 3787 568 3845 caput
582 3791 631 3845 lV.
704 3794 705 3798 ’
986 3792 1114 3859 tiae‚non
1135 3801 1241 3850 naturae
1255 3793 1321 3849 vitio
1341 3796 1525 3866 reputandum
1547 3808 1598 3856 est.
1624 3800 1673 3857 Cui
1694 3802 1789 3862 sensui

187 3881 341 3952 Disputatio
350 3881 422 3938 seriis
431 3881 465 3937 de
475 3887 547 3938 statii
557 3886 654 3938 oaimoe
663 3886 801 3940 ocoirtute
809 3884 877 3954 ejus.
986 3884 1129 3943 Psalmista
1140 3901 1248 3958 quoque
1259 3889 1403 3960 congruit,
1419 3889 1512 3948 dicens
1527 3912 1534 3948 :
1547 3897 1646 3950 Beatus
1659 3897 1703 3952 ui’r
1712 3901 1791 3969 osipus

168 3972 284 4028 Serenus
300 3994 306 4029 :
320 3973 484 4031 Periculosae
504 3976 724 4049 praesumptionis
738 3985 794 4047 est,
814 3976 932 4034 necdum
986 3983 1025 4034 est
1038 3980 1230 4035 auailiumubs
1245 3984 1279 4045 te,
1293 3982 1421 4048 Domiiie,
1434 3988 1599 4044 ascensiones
1612 3991 1644 4043 i'ir
1656 3991 1734 4047 corde
1744 4008 1789 4049 saio

132 4065 214 4121 rebus
227 4073 299 4122 recte
314 4067 454 4136 discussis,
469 4084 520 4126 aec
537 4077 611 4127 certa
625 4071 732 4127 ratione
751 4072 883 4142 collecta,
898 4071 933 4130 de
986 4073 1121 4144 disposuit
1133 4075 1214 4146 (Psoi.
1226 4081 1370 4141 nsxxrir).
1389 4078 1495 4134 Videtis
1512 4095 1577 4153 ergo
1593 4082 1621 4137 in
1640 4092 1735 4139 nostra
1747 4084 1788 4140 di-

134 4165 229 4214 natura
244 4159 388 4231 cujuslibet
401 4162 440 4218 rei
459 4178 628 4235 proponere,
640 4164 766 4233 delinire,
781 4181 813 4222 ac
831 4165 865 4223 de
877 4163 931 4222 ira·
985 4167 1061 4225 tione
1070 4167 1229 4238 consistere,
1237 4176 1267 4225 ut
1281 4171 1340 4226 sive
1346 4186 1484 4236 ascensus,
1494 4172 1523 4230 id
1538 4183 1593 4242 est,
1604 4178 1788 4252 pertingentes

133 4251 244 4320 gilitatis
258 4268 315 4309 suae
328 4254 548 4315 consideratione
561 4273 657 4330 capere
672 4259 870 4331 conjecturam,
883 4275 934 4316 nec
986 4260 1020 4316 ad
1035 4263 1125 4318 Deum
1144 4263 1342 4336 cogitationes,
1365 4265 1421 4321 sive
1442 4264 1600 4337 descensus,
1626 4270 1664 4328 ad
1685 4281 1786 4330 terreni

133 4342 168 4400 de
182 4352 255 4400 statu
268 4347 436 4416 etqualitate
449 4349 532 4420 ipsius
546 4351 694 4425 disciplinae
708 4351 749 4408 vel
767 4352 801 4410 de
817 4353 933 4411 aliorum
987 4355 1090 4411 scilicet
1109 4364 1138 4412 et
1157 4356 1276 4415 carnalia
1298 4368 1477 4429 corruentes,
1495 4360 1640 4421 innostir's
1660 4366 1786 4423 cordibm

682 4496 809 4551 statim
828 4497 941 4552 GAZAEI
959 4497 1238 4558 coutturltrtltlils.

130 2861 166 2917 ad
188 2864 261 2918 illam
292 2864 446 2930 theoriam,
466 2864 539 2921 unde
557 2862 733 2931 discesserat,
756 2861 931 2929 reducentes,

131 2955 296 3009 voluerimus
314 2955 483 3010 tenacissima
497 2953 587 3010 cordis
601 2953 766 3021 intentione,
783 2952 857 3008 velut
869 2953 933 3026 qui·

169 4615 182 4644 ¹
200 4608 436 4695 imperfectionem
461 4629 540 4698 suam
564 4623 593 4671 ct
618 4615 791 4700 fragilitatem
815 4618 932 4745 ingenue
948 4598 1072 4689 Detiam
1082 4623 1314 4697 Graeeissapieat.
1328 4643 1361 4685 ix
1371 4629 1411 4685 sie
1421 4628 1520 4702 legitur
1535 4650 1541 4686 :
1556 4630 1586 4685 τδ
1597 4636 1694 4704 γεῶδες
1701 4637 1788 4701 azius

135 4693 258 4755 agnoscit
271 4684 428 4753 Cassianus;
441 4695 470 4742 et
485 4685 595 4758 quidem
614 4702 647 4744 eo
660 4703 772 4760 maporis
792 4703 838 4744 mo
858 4699 932 4747 ostiae
989 4695 1066 4785 βρίθει
1083 4701 1141 4748 νοῦν
1160 4697 1350 4768 πολορροντνῦα.
1363 4703 1392 4755 ln
1412 4701 1552 4772 impressis
1567 4704 1665 4761 vitiose
1681 4707 1786 4777 ερήῦνον

134 4763 306 4827 argumento.
315 4756 388 4826 quod
399 4757 426 4812 in
436 4756 565 4841 singulari
576 4760 933 4832 numeroloqueasseipsuin

134 4827 337 4948 ῑῑὲινῑοηννοοάο,
357 4843 412 4884 noir
436 4844 543 4886 suerum
568 4838 616 4887 aut
642 4831 729 4887 aliurn
756 4831 862 4888 incuset
889 4840 935 4889 aut

164 4904 219 4950 liet.

170 4966 183 4999 a
200 4963 298 5047 lit-entis
316 4963 444 5047 liumanae
456 4970 636 5029 mobilitatem
648 4973 703 5030 sive
720 4974 933 5031 inconstantiam

134 5034 262 5107 graphice
272 5035 404 5120 depingit,
416 5055 477 5112 qaae
494 5042 558 5097 liuie
572 5043 710 5101 collationi
725 5046 897 5103 occasionem
907 5054 936 5105 et

135 5113 327 5189 argumentum
341 5107 416 5164 dedit
432 5130 438 5162 ;
453 5112 497 5166 eiii
514 5111 610 5171 deinde
633 5116 777 5199 conjuncta
796 5124 838 5173 est
851 5118 934 5173 altera

135 5177 168 5256 de
182 5178 368 5259 spiritualibus
382 5180 519 5250 nequitiis,
537 5183 564 5237 id
579 5193 631 5267 est,
652 5188 790 5258 spiritibus
815 5202 933 5269 nequam

135 5261 191 5326 sive
206 5247 337 5329 malignis¹
351 5250 486 5316 tractatio,
502 5253 575 5324 quod
587 5254 625 5310 illi
646 5256 800 5313 istiusmodi
821 5258 935 5313 levitatis

136 5324 162 5369 et
176 5325 363 5373 inconslanltae
378 5322 513 5392 praecipue
525 5324 579 5378 sirit
596 5335 721 5381 auctores
733 5336 761 5382 et
781 5327 933 5393 aroliiiecti,

84 5447 90 5459 ι
136 5401 218 5467 quam
232 5388 267 5440 D.
284 5391 452 5512 Aufustinus
465 5393 663 5452 volubilitatem
676 5397 775 5452 mentis
792 5403 820 5452 et
834 5399 935 5469 cogita·

989 4767 1786 4919 assaliaturillalttltlllltltillitllstlll:

988 4917 1121 4977 ausoripti
1133 4925 1204 4980 quos
1217 4911 1305 4992 legere
1325 4913 1437 4982 quidem
1461 4915 1545 4985 potui,
1562 4915 1600 4971 ita
1612 4920 1747 4990 corrupti,
1759 4925 1785 4973 st

988 4979 1124 5059 mendosi,
1140 4988 1180 5060 'ut
1197 4980 1263 5037 nihil
1283 4983 1350 5038 uerti
1368 4999 1401 5040 ex
1416 4984 1456 5040 eis
1470 4984 1564 5040 baberi
1585 4988 1681 5057 possit.
1699 4992 1785 5062 inqua

990 5049 1076 5105 Biblia
1091 5065 1180 5121 regia,
1203 5051 1269 5108 dum
1281 5055 1407 5121 consulo,
1419 5055 1460 5111 sic
1471 5055 1560 5111 inveni
1579 5078 1586 5113 :
1601 5058 1723 5131 Φθαρτῦν
1739 5059 1784 5131 ρδρ

989 5139 1063 5244 ’effi
1074 5120 1182 5262 ρξρρνὲνέἑν
1199 5121 1292 5194 ψυχὴν,
1306 5124 1348 5178 iiril
1370 5126 1448 5196 βρίθει
1468 5146 1498 5180 το
1511 5128 1604 5198 γεῶδες
1618 5136 1712 5200 seipsae
1731 5136 1786 5185 voit

999 5230 1007 5244 .
1056 5210 1072 5262 p
1178 5235 1184 5248 .

1023 5262 1036 5296 ‘¹
1059 5263 1096 5316 lta
1116 5263 1199 5319 etiam
1216 5264 1374 5330 Dionysius.
1396 5266 1541 5325 Ciaconius
1556 5285 1622 5327 vero
1636 5289 1672 5330 eri
1690 5274 1788 5332 Graeoo

988 5331 1117 5395 correxit,
1129 5338 1303 5404 cogitationes
1313 5338 1429 5406 multam
1442 5339 1540 5396 uraca
1560 5342 1636 5397 enim
1652 5343 1787 5403 liabetur:

321 5457 326 5469 ρ
988 5402 1126 5472 λογισμοὺς
1141 5404 1259 5472 πολλοὺς,
1273 5409 1419 5478 cavalgata
1427 5410 1509 5466 lectio
1522 5413 1611 5482 magis
1624 5416 1788 5488 respondet:

137 5455 367 5516 troaesiolubics
385 5463 483 5519 soleta
522 5465 612 5522 ellare.
987 5475 1212 5532 solummodolioc
1232 5482 1332 5542 inueni,
1347 5481 1419 5550 quod
1434 5483 1528 5548 feeerit
1551 5487 1685 5543 nomem
1702 5488 1791 5544 Maii·

162 5530 291 5608 flevrius
306 5530 428 5617 vulgatae
449 5535 590 5593 editionis:
605 5539 705 5608 coaptis
722 5538 794 5608 quod
816 5555 933 5596 coanim-
988 5552 1170 5610 nemreatam,
1197 5553 1222 5604 et
1243 5552 1338 5620 ipsese
1358 5553 1474 5622 mamas
1500 5554 1640 5611 misouerit
1663 5561 1790 5629 quanm

132 5602 359 5671 pitiiropqraoat
372 5614 539 5673 inimemor
554 5612 658 5663 torma
668 5609 833 5666 inhabitatio
843 5612 935 5682 depiv'·
987 5617 1077 5671 iir'biis.

134 5669 186 5722 mit
195 5684 301 5751 seium
313 5673 398 5754 malta
409 5679 579 5759 co'pi'taateirr.
591 5677 647 5768 Ubi
659 5679 820 5763 diaconias:
834 5682 885 5764 llic
896 5685 936 5765 lo·
1024 5689 1120 5769 ‘lege
1133 5690 1281 5761 septimam
1301 5693 1504 5752 annotationem
1519 5694 1634 5770 Cuycliii
1651 5699 1690 5758 ad
1708 5699 1788 5757 anan

134 5754 193 5807 eus,
218 5750 314 5813 inquit,
334 5759 361 5797 in
382 5746 467 5801 vatio.
491 5749 579 5804 codic.
604 5751 733 5818 hassiam,
754 5759 784 5807 ut
809 5768 837 5807 in
862 5753 935 5810 libris
987 5773 1078 5830 operis
1092 5761 1220 5834 positam.
1434 5798 1440 5806 ·
