3848 6158
126 249 179 302 ua
668 234 809 290 rennuis
827 231 977 289 asseram
997 229 1240 287 eonnnuon'ns.
1730 230 1784 283 πθ

129 371 242 428 terrenis
257 369 327 426 vitiis
341 373 519 441 expurgatam
534 361 692 434 cunctisque
706 358 866 416 mundatam
877 358 927 414 fa·
942 361 968 424 Α
982 355 1112 430 propheta
1124 375 1131 412 :
1142 357 1154 392 θ
1166 354 1404 426 inpermiscimim',
1417 350 1503 424 iuquit
1516 352 1583 421 ,qui
1592 352 1658 406 estis
1669 351 1751 414 ebrii,
1760 357 1786 408 et

128 465 205 523 cibus
219 464 380 538 passionum
401 460 435 518 ad
448 458 645 516 sublimitatem
659 454 805 528 perducere
819 461 929 510 natura·
980 469 1032 510 nou
1045 455 1137 509 avireo
1151 452 1246 520 (laetis
1259 466 1270 506 t
1283 456 1303 509 l.
1320 447 1399 504 Alius
1412 461 1520 519 quoque
1534 464 1542 501 e
1557 447 1745 518 obstupescite
1760 451 1786 503 et

79 556 83 565 '
128 560 192 624 lem,
207 569 238 616 ut
253 559 290 614 ita
303 556 337 613 ad
353 558 442 611 Delma
455 552 544 610 oratio
557 551 615 624 ejus
627 547 701 606 nullo
717 547 845 604 vitiorum
859 561 926 620 pon·
981 547 1165 614 admiramini,
1177 547 1303 613 promote
1312 545 1338 597 et
1347 541 1482 604 ruditate,
1493 539 1682 602 inebriamini,
1697 543 1723 595 et
1735 554 1788 595 raon

129 651 192 710 dere
207 657 372 723 praegrauata
388 644 565 703 conscendat.
981 641 1081 703 auium
1092 637 1243 703 movemini,
1252 638 1278 689 ct
1285 649 1338 688 riou
1345 632 1379 686 ab
1387 630 1789 702 ebrietatelleaioexxrx).Cu

445 739 563 796 CAPUT
581 740 614 793 V.
977 730 1025 803 jus
1034 729 1173 787 ebrietatis
1189 737 1217 785 et
1234 726 1351 799 crapulae
1361 724 1456 781 vinum
1466 731 1788 795 consequenternecesse

219 841 353 895 decausis
364 837 461 908 quibus
473 849 545 890 meru
559 835 839 902 nostroaqqrueutur.
982 832 1024 882 est
1046 832 1076 880 ut
1098 821 1249 879 secundum
1271 818 1433 893 prophetam
1458 816 1536 873 furor
1560 815 1715 873 draconum
1738 817 1784 875 eit

165 932 313 991 Notandun
324 939 417 987 tamen
428 927 529 1001 quibus
538 942 571 985 ex
585 926 676 983 causis
689 924 794 997 grauari
808 931 929 980 urentem
983 921 1131 991 ipsumque
1151 916 1246 972 vinum
1265 911 1302 971 de
1322 926 1375 985 qua
1397 910 1489 968 radice
1508 909 1636 983 procedat
1661 909 1785 969 adverte.

129 1026 265 1085 Dominus
275 1023 466 1098 designaverit.
478 1024 539 1078 Non
549 1020 622 1077 enim
632 1017 775 1087 adulteria,
787 1034 842 1073 non
851 1016 930 1073 forni-
982 1015 1026 1069 aa
1039 1013 1118 1066 oirrea
1132 1009 1205 1066 euim
1213 1008 1387 1067 Sodomorum
1396 1006 1460 1061 uitis
1470 1019 1570 1069 comm,
1581 1009 1606 1060 ct
1615 1010 1788 1061 enumeratum

129 1121 259 1188 cationes,
271 1135 325 1178 non
337 1115 492 1184 homicidia,
506 1130 562 1170 non
572 1110 768 1184 blasphemias,
783 1126 840 1166 non
854 1108 928 1181 rapi·
983 1121 1073 1162 eorum
1086 1121 1120 1160 ea
1134 1103 1293 1163 democrite.
1314 1100 1361 1157 l'is
1379 1099 1461 1157 etiam
1480 1097 1600 1155 fructum
1618 1099 1680 1156 sitis
1698 1099 1784 1157 iatius

128 1232 190 1280 nas,
204 1228 266 1286 quae
280 1210 403 1267 mortalia
417 1223 476 1266 esse
488 1215 514 1263 et
532 1203 696 1264 damnabilia
708 1203 798 1260 nullus
810 1203 926 1276 ignorat,
982 1206 1065 1272 atque
1083 1195 1213 1254 sarmenti
1227 1209 1341 1268 germen
1357 1194 1525 1267 agnoscere?
1545 1194 1603 1249 Uva
1626 1208 1722 1248 eorum
1735 1208 1788 1248 rum

48 1297 54 1307 ’
128 1309 176 1366 sed
192 1307 331 1378 crapulam
344 1302 433 1376 posuit
447 1312 475 1359 et
487 1300 657 1367 ebrietatem,
668 1307 695 1355 et
707 1313 787 1359 auras
801 1297 859 1352 sive
874 1295 929 1352 sol·
982 1293 1066 1361 tellis,
1079 1292 1171 1347 botrus
1180 1289 1373 1346 anmn'tudtnis
1383 1289 1485 1358 irrepere
1494 1285 1583 1359 (brut.
1596 1287 1709 1359 xxxta).
1719 1287 1789 1358 Quat

128 1395 432 1456 licitudincssaeculares
443 1393 598 1465 (ducunt).
612 1391 681 1462 Quae
694 1390 836 1445 intantum
846 1403 929 1445 nemo
983 1387 1085 1454 omnia,
1103 1385 1154 1442 nisi
1174 1383 1309 1441 fuerimus
1324 1380 1429 1438 cunctis
1451 1379 1522 1436 vitiis
1537 1381 1694 1454 expurgati,
1712 1389 1741 1438 et
1754 1381 1788 1438 ab

129 1491 275 1549 bominum
287 1487 382 1545 mundi
393 1487 474 1561 hujus
487 1494 569 1542 caret
581 1493 628 1541 aut
639 1482 802 1541 damnabilia
816 1481 929 1554 judicat,
982 1479 1106 1538 omnium
1127 1477 1284 1550 passionum
1299 1475 1409 1548 crapula
1425 1472 1520 1543 sobrii,
1532 1474 1637 1547 absque
1656 1474 1790 1534 ebrietate

128 1595 159 1642 ut
183 1584 264 1641 etiam
287 1582 421 1649 nonnulli,
446 1579 519 1653 quod
541 1577 624 1650 pudet
644 1577 746 1645 dicere,
768 1577 931 1648 semetipsos
983 1567 1789 1645 viuiepularumqueomniumailluentia,eritcornostrnm

127 1676 281 1737 monachos
299 1684 487 1748 nuncupantes
511 1673 607 1731 iisdem
634 1670 698 1746 ipsis
721 1670 929 1728 distentionibus
982 1666 1112 1723 ebrietate
1128 1674 1155 1722 et
1167 1664 1275 1737 crapula
1293 1663 1377 1738 magis
1388 1662 1470 1720 noxia
1483 1671 1696 1736 praegravatum.
1712 1667 1788 1722 Nam

129 1775 202 1831 velut
213 1771 364 1828 innoxiiset
375 1768 485 1827 utilibus
498 1768 680 1840 implicentur.
696 1765 788 1836 ⁸Qum
799 1765 851 1821 tria
866 1765 929 1821 licet
942 1770 966 1833 Β
981 1760 1044 1832 quia
1054 1758 1198 1816 saeculares
1210 1773 1284 1814 curae
1298 1757 1381 1813 etiam
1397 1756 1424 1812 in
1440 1771 1503 1823 nos,
1514 1756 1560 1830 qui
1576 1757 1659 1814 nullis
1673 1757 1787 1815 actibus

128 1866 280 1925 secundum
302 1865 420 1922 litteram
444 1869 597 1936 perpetrata
623 1866 771 1934 aggravent
788 1858 927 1927 animam,
982 1850 1076 1909 muudi
1090 1851 1166 1909 istius
1179 1851 1373 1919 admiscemur,
1386 1848 1484 1907 eadere
1497 1866 1697 1924 nonnumquam
1709 1866 1781 1924 pos-

128 1967 210 2032 atque
231 1976 245 2016 a
264 1963 323 2015 Deo
339 1964 466 2029 separent
486 1971 517 2011 aa
533 1951 729 2026 deprimantad
747 1960 865 2017 terrena,
886 1959 928 2006 est
982 1945 1047 2013 siut,
1065 1943 1210 2001 manifesta
1222 1944 1329 2000 ratione
1343 1951 1515 2000 monstratur
1532 1942 1684 2000 secundum
1699 1959 1789 2015 regu·

128 2062 222 2111 tamen
236 2068 332 2111 eorum
347 2049 432 2106 facilis
444 2048 599 2115 declinatio,
614 2054 642 2104 et
656 2045 774 2102 manime
787 2044 867 2100 nobis
881 2045 928 2116 qui
981 2039 1190 2102 lamseniorum,
1202 2038 1248 2112 qui
1262 2037 1593 2111 quidquidnecessitatem
1609 2037 1787 2110 rictusque·

128 2157 186 2206 tam
200 2149 279 2218 longa
294 2144 446 2202 remotione
468 2142 502 2198 ab
517 2140 594 2197 omni
618 2118 708 2195 saeculi
722 2137 803 2210 liujus
814 2153 928 2194 conver·
980 2132 1078 2189 tidiani
1088 2132 1309 2189 etinevitabilem
1320 2148 1399 2188 usum
1411 2132 1504 2188 carnis
1514 2129 1631 2199 excedit,
1647 2129 1684 2188 ad
1695 2145 1788 2189 saecu-

126 2242 232 2298 satioue
248 2238 440 2311 disiungimur,
456 2246 483 2293 et
501 2235 559 2290 istis
580 2234 730 2290 visibilibus
751 2233 824 2289 cirris
847 2241 929 2305 atque
981 2225 1067 2281 tarem
1081 2224 1246 2282 debriarent
1257 2241 1352 2282 curam
1363 2223 1611 2281 etsottioitudinem
1623 2223 1786 2298 pertinerec

126 2331 301 2388 ebrietatibus
319 2337 347 2385 et
363 2327 480 2400 crapulis
499 2327 606 2400 penitus
625 2326 699 2382 nulla
718 2326 862 2382 occasione
876 2325 928 2380 mi·
981 2326 1020 2385 ut,
1033 2318 1108 2374 verbi
1122 2318 1218 2390 gratia,
1232 2316 1255 2374 si
1275 2334 1338 2375 cum
1360 2318 1446 2390 possit
1469 2318 1594 2390 operatio
1612 2317 1787 2375 uniussolr'di

126 2439 247 2484 suemus,
267 2426 370 2480 Verum
386 2431 426 2479 est
441 2421 492 2477 alia
513 2435 623 2494 quoque
637 2420 746 2493 crapula
767 2428 795 2475 et
813 2419 929 2475 ebrietas
980 2412 1168 2469 necessitatem
1189 2413 1279 2490 'nostri
1300 2412 1422 2484 corporis
1446 2412 1585 2484 expedire,
1608 2410 1644 2469 ad
1665 2408 1786 2468 duorum

127 2518 256 2591 spiritalis
277 2515 414 2574 difficilius
431 2513 567 2583 erilande,
581 2529 646 2570 cura
665 2528 773 2587 quoque
786 2529 817 2569 ao
832 2511 930 2568 solliei-
979 2505 1021 2561 vel
1035 2505 1119 2560 trium
1132 2504 1284 2562 solidorum
1297 2505 1507 2578 acquisitionem
1516 2504 1707 2578 nosmetipsos
1719 2520 1785 2578 pro·

127 2610 194 2667 tudo
207 2610 360 2678 saeeularis,
373 2624 434 2681 qnae
448 2607 591 2664 uosetinm
605 2613 668 2680 post
680 2605 804 2662 onmium
817 2604 929 2662 faculta-
982 2599 1105 2672 pensiore
1132 2599 1247 2655 uelimus
1274 2614 1356 2670 opere
1383 2614 1416 2655 ac
1438 2598 1531 2656 labore
1553 2597 1737 2666 distenderee
1758 2606 1788 2656 et

128 2713 188 2762 tum
211 2714 368 2762 nostrarum
399 2700 547 2773 perfectam
569 2699 798 2767 renuntiationem
820 2707 848 2755 et
877 2698 930 2754 vini
983 2703 1069 2750 ⁰oum
1084 2692 1200 2750 duamm
1217 2691 1786 2760 velamensufficiattunicarum,aduaun

129 2800 325 2872 epularumque
335 2796 531 2855 continentiam
546 2803 717 2863 cunctarum,
731 2801 758 2849 et
777 2793 887 2867 quidem
903 2793 930 2849 in
982 2789 1086 2846 scilicet
1097 2788 1187 2844 noctis
1199 2803 1230 2843 ao
1241 2787 1292 2844 diei
1302 2780 1314 2819 b
1324 2786 1428 2844 domini
1442 2787 1526 2843 trium
1539 2788 1580 2842 vel
1595 2794 1719 2860 quatuor
1729 2784 1788 2845 teri

129 2893 276 2950 solitudine
290 2893 454 2949 constitutos
475 2889 630 2960 frequenter
645 2885 766 2952 involvit,
785 2884 930 2955 dequibus
984 2897 1161 2954 procuremus
1176 2900 1184 2949 ς
1205 2897 1322 2954 eumque
1340 2880 1419 2938 unius
1441 2882 1498 2938 sive
1512 2880 1632 2939 duarum
1652 2880 1786 2938 habitatio

675 3026 804 3081 attunt
824 3026 938 3083 GAZAEl
958 3024 1241 3084 continuitatis.

165 3171 296 3229 *Scilicet
319 3167 440 3241 crapula,
455 3166 582 3235 ebrietas,
604 3175 631 3223 et
647 3182 720 3225 curae
735 3167 791 3224 sire
805 3168 969 3237 sollicita-c
985 3176 1142 3226 mentorum
1170 3167 1278 3239 copiam
1296 3183 1328 3224 ac
1345 3166 1539 3240 supellectilem
1560 3174 1741 3240 comparant,
1759 3176 1789 3226 et

130 3242 208 3300 dines
216 3237 927 3312 secularesquibosmouaclrisubindeimplicantur.
984 3240 1166 3323 undequaque
1185 3247 1364 3308 coacervant,
1379 3254 1429 3294 nec
1446 3238 1539 3294 animo
1559 3240 1699 3309 quiescere
1722 3254 1789 3312 pos·

166 3307 179 3346 ⁶
206 3316 238 3369 ln
265 3311 360 3367 Bibliis
383 3310 465 3383 regiis
484 3311 560 3366 locus
585 3309 628 3366 iric
642 3309 737 3367 Graece
758 3311 793 3367 ita
808 3311 927 3383 legitur:
983 3320 1056 3380 erint,
1073 3312 1123 3367 nist
1139 3311 1315 3383 quinqueaut
1326 3326 1372 3366 scr
1388 3308 1502 3376 tunicas,
1515 3309 1632 3365 totidem
1644 3319 1734 3383 togas,
1746 3318 1787 3368 tot

131 3384 253 3456 ἐκνήψατε
278 3384 301 3436 ot
315 3384 446 3454 μεθύοντες
469 3379 578 3443 ticinen
591 3380 671 3434 cizan
695 3380 747 3438 hoe
762 3392 813 3446 est,
833 3399 928 3465 eaper-
983 3381 1150 3455 chlamydes,
1173 3390 1215 3438 tot
1235 3381 1352 3454 reliquas
1376 3389 1467 3436 restes
1493 3380 1546 3436 sibi
1586 3396 1679 3454 uoquo
1700 3382 1788 3440 mado

129 3459 272 3528 qtsctmtnr',
283 3459 332 3526 qui
344 3456 599 3510 ebriiestiseaaino
610 3459 717 3519 nestum
731 3454 782 3522 nt,
794 3463 824 3509 ut
835 3457 930 3511 Hiero
984 3452 1313 3524 procurent3uthabeaut
1327 3452 1566 3524 insingulaspene
1598 3453 1784 3521 ebdomadas,

130 3543 230 3586 n¹mus
237 3526 354 3583 reddidit
366 3547 371 3581 :
384 3527 485 3580 ireoiuc
495 3532 592 3581 uestro.
604 3524 848 3595 Caeterumfatctur
856 3525 928 3581 idem
982 3540 1018 3580 ne
1033 3525 1122 3580 dicam
1136 3524 1163 3579 in
1176 3523 1244 3592 dies,
1263 3539 1333 3579 nova
1350 3539 1459 3595 semper
1477 3531 1505 3580 et
1516 3523 1622 3580 diversa
1637 3524 1786 3581 mutatoria

132 3546 316 3672 lfieronymus
333 3597 404 3678 apud
419 3596 592 3676 Septuaginta
617 3595 671 3677 legi·
685 3615 693 3650 :
707 3599 742 3651 Et
754 3612 806 3651 non
820 3613 838 3650 o
853 3598 925 3651 eino.
983 3595 1217 3658 vestimentorum,
1238 3609 1355 3667 quorum
1374 3610 1460 3650 unum
1478 3601 1526 3648 aut
1539 3594 1655 3650 alterum
1674 3595 1786 3652 abunde

133 3673 198 3743 lip'us
210 3671 290 3726 uerba
306 3675 402 3723 surum
417 3681 477 3737 cap.
494 3666 610 3732 rJoelrs,
626 3665 726 3736 quibus
740 3667 828 3722 sarias
845 3666 928 3721 ebrie
982 3664 1128 3722 sufficeret.
1147 3667 1206 3735 era
1222 3665 1249 3720 in
1273 3681 1303 3721 re
1327 3680 1455 3737 magnam
1479 3667 1535 3721 sive
1552 3665 1663 3731 Regrrlae
1675 3673 1704 3719 et
1717 3682 1788 3737 pro·

132 3747 195 3799 tatis
210 3739 367 3813 spiritualis,
391 3736 426 3792 de
442 3751 494 3808 qua
514 3735 559 3791 hic
577 3735 679 3806 agitur,
702 3736 805 3806 species
827 3735 862 3790 ita
883 3752 928 3792 re·
982 3730 1109 3791 fessionis
1132 3735 1310 3803 obliuionem,
1337 3745 1385 3791 aut
1407 3752 1441 3791 ne
1461 3737 1569 3803 lectum,
1591 3736 1689 3790 unon
1712 3752 1785 3792 con·

132 3823 244 3870 censet:
263 3812 345 3870 Nialia
367 3825 409 3881 res
425 3810 464 3862 ito
479 3808 596 3862 inebriat
609 3811 640 3861 ut
653 3809 741 3861 animi
749 3807 927 3877 perturbatio.
982 3814 1117 3877 temptum
1134 3822 1190 3877 prae
1206 3822 1235 3862 se
1248 3805 1358 3862 ferunt:
1376 3753 1487 3879 [legetque
1502 3805 1617 3880 quidem,
1650 3820 1694 3862 uae
1709 3805 1785 3864 dicit

133 3890 180 3943 nst
195 3886 307 3940 ebriatus
324 3897 384 3951 qum
398 3880 473 3933 deecit
489 3878 526 3933 ad
540 3883 661 3932 mortem.
674 3881 734 3933 llaec
748 3878 929 3933 (imminentia
983 3879 1106 3949 sulficere
1117 3880 1243 3934 monacho
1253 3877 1322 3934 eluas
1333 3881 1447 3943 tierricus,
1456 3885 1482 3935 ct
1491 3879 1558 3934 duas
1566 3822 1682 3933 margus
1696 3876 1781 3949 illeq.

131 3959 245 4013 ebrietas
256 3959 304 4008 est,
316 3954 413 4008 listina
425 3949 628 4019 queejrrstitiam
638 3948 891 4020 Deiuodoperutur,
904 3955 930 4005 et
984 3953 1016 4004 ll.
1032 3951 1128 4006 Bened
1150 3966 1209 4020 cap.
1229 3950 1277 4021 55)
1293 3969 1301 4016 ς
1323 3954 1348 4004 et
1367 3953 1396 4004 in
1415 3951 1538 4005 omnibus
1557 3949 1785 4005 considerandum

130 4029 222 4097 furori
231 4027 358 4096 promeae
373 4023 468 4077 mentis
479 4037 534 4076 suae
547 4023 671 4090 impotem
682 4022 769 4089 tacit3
785 4023 813 4075 in
825 4024 930 4076 tuntum
983 4022 1228 4078 illnmsententr'am
1237 4024 1354 4078 Actorum
1362 4023 1551 4091 Apostolorum
1560 4021 1786 4092 :qundbideba

132 4105 163 4155 ut
171 4100 244 4154 lubin
255 4099 380 4158 tremunt,
392 4093 483 4148 dentes
493 4097 657 4163 concrepent,
666 4093 864 4163 cultuspallore
874 4108 929 4147 mu-
983 4095 1028 4148 tur
1041 4095 1169 4164 singulis,
1179 4098 1262 4164 pratu
1271 4094 1365 4163 cuique
1376 4108 1441 4163 opus
1452 4097 1512 4148 crat
1522 4093 1594 4164 (Act.
1605 4091 1647 4163 v),
1660 4107 1719 4149 non
1728 4107 1785 4149 am·

132 4175 211 4226 tetur.
224 4169 295 4237 Quid
308 4169 424 4235 reseram
440 4164 929 4235 depnudioetuoluptate,etmaaime
983 4162 1061 4235 plius.
1083 4162 1273 4232 protessionis,
1293 4178 1346 4235 qua
1372 4172 1559 4246 paupertatem
1579 4162 1783 4246 evangelicam,

23 4266 26 4273 ·
132 4257 229 4304 umore,
244 4242 292 4310 qui
301 4241 416 4294 careant
428 4237 516 4291 cerdis
533 4236 629 4298 oculos,
641 4235 744 4290 etniinl
754 4235 931 4291 uliuduman·
983 4250 1046 4290 oum
1068 4250 1120 4307 qua
1140 4235 1218 4291 luxus
1233 4235 1278 4290 ille
1291 4242 1319 4289 et
1334 4242 1558 4292 vesumeutamm
1572 4250 1654 4306 eopia
1668 4250 1702 4291 ex
1726 4235 1782 4293 dia·

133 4316 196 4374 tem,
212 4313 267 4364 rucei
278 4310 307 4363 td
318 4309 389 4376 qued
400 4311 475 4361 amat
484 4308 602 4375 copitare
612 4307 770 4374 pcnnittit?
782 4308 880 4362 Annon
891 4309 930 4362 est
983 4314 1071 4362 metro
1085 4314 1197 4378 pugnat,
1212 4303 1347 4378 complexi
1363 4313 1429 4362 sunt
1438 4314 1464 4362 et
1478 4314 1635 4362 senatums
1648 4321 1678 4362 se
1691 4312 1782 4363 mnae

132 4382 246 4434 dmurdu
256 4379 377 4438 ebrietas,
392 4391 451 4430 cum
462 4380 572 4444 propter
589 4376 641 4429 cite
649 4380 763 4429 scortum
776 4381 801 4431 et
812 4379 929 4447 iprromi-
982 4375 1178 4446 promiserunt.
1193 4376 1274 4434 Unde
1295 4377 1323 4432 in
1338 4376 1453 4433 coneilio
1466 4376 1649 4448 Tridentino(
1662 4379 1734 4436 Scae.
1748 4379 1781 4434 26

132 4452 237 4503 niceam
243 4447 358 4513 mapalis
363 4447 570 4513 partunanimae
578 4445 690 4500 libertus
698 4448 841 4503 insereiles
852 4449 929 4503 blan·
981 4461 1040 4516 eup.
1057 4447 1116 4502 ida
1128 4448 1275 4517 lleqular.)
1285 4448 1402 4519 graviter
1416 4447 1547 4504 statuitur
1558 4456 1590 4504 ut
1602 4449 1780 4520 llequlartbet

132 4519 217 4574 ditius
232 4515 385 4577 irretiuntur,
404 4529 463 4568 cum
481 4515 569 4581 furto,
583 4515 688 4580 scelere,
701 4521 782 4587 atque
818 4520 928 4588 caputiis
981 4518 1120 4572 mobilium
1134 4534 1212 4574 usum
1239 4518 1275 4600 (iu
1288 4518 1469 4591 quibushaud
1483 4517 1565 4576 dubie
1581 4528 1675 4577 vestes
1688 4517 1780 4592 praei-

132 4605 193 4662 opes
206 4591 318 4657 suturas
327 4589 469 4657 praeparat
480 4586 613 4655 aroluptati
639 4587 741 4664 etfleum
755 4592 783 4642 ui
802 4593 879 4643 eatur
893 4589 928 4644 ab
943 4563 968 4625 Β
982 4604 1066 4660 punm
1084 4590 1176 4645 lecum
1192 4589 1327 4662 obtinent)
1344 4593 1381 4646 ita
1393 4591 1540 4662 superiores
1556 4594 1734 4661 perrnittant,
1750 4593 1780 4647 ut

131 4657 665 4729 omnibus,seeatimotnoniideri?8cdc
680 4660 929 4715 tuturitiucaooecnt
982 4662 1572 4733 eorumsupelleastatuipaupertatrb,quum
1602 4664 1779 4731 refrenent,

131 4736 251 4791 animum
271 4730 339 4802 ejus,
353 4731 397 4786 cut'
409 4729 479 4784 nibil
499 4730 588 4797 snta3
609 4733 634 4784 et
648 4729 781 4785 muliebris
799 4731 888 4794 timor,
903 4735 929 4786 et
982 4733 1573 4803 conueniat,rtibt'lquesuperduiiueusit,u'
1593 4730 1781 4805 iletiamquaf

132 4806 250 4861 dulcium
263 4802 359 4874 crepido
368 4803 506 4858 uitiorum.
525 4802 601 4857 Unde
609 4801 709 4857 dicitur
717 4800 755 4856 ad
761 4816 803 4856 eos
816 4803 928 4872 :Enipi-
983 4804 1249 4859 sitnecessariumet's
1258 4803 1412 4874 dureqetur.
1426 4805 1533 4873 Qrudsi
1542 4807 1607 4875 quis
1616 4802 1782 4877 aliterqur'tf·
1797 4808 1801 4815 '

132 4872 659 4945 lateeteapcrqiscimini‚quiebriiestt's,
668 4876 929 4944 nequaquumueino
982 4891 1063 4944 quum
1081 4879 1169 4930 tmere
1186 4875 1364 4945 deprehensus
1382 4876 1480 4942 suerit,
1497 4877 1520 4930 is
1533 4875 1644 4932 bunnia
1655 4877 1744 4934 ocima
1756 4876 1781 4931 ὀ

133 4950 179 5014 (ut
192 4946 222 5000 in
238 4944 299 4999 sotis
311 4947 381 4999 brt
393 4947 543 4999 continetur
552 4941 572 5015 ),
583 4944 630 5000 sed
643 4947 718 5000 omni
725 4945 929 5015 perturbatione
980 4947 1334 5017 passiuaaoeepciaatussit‚
1343 4946 1599 5017 atqueetiamp‘uata
1607 4964 1666 5004 sua
1676 4946 1778 5017 licquloe

131 5018 268 5073 uitiorum
284 5015 328 5068 lta
339 5013 374 5068 D.
390 5012 586 5096 Hieronymus.
601 5016 673 5088 Ergo
683 5013 754 5071 lianc
770 5016 928 5084 Cassianus,
983 5020 1009 5071 et
1021 5017 1127 5084 ordinis
1139 5018 1338 5073 comittutionee
1369 5020 1481 5073 unietur
1491 5017 1532 5090 (ln
1543 5033 1607 5090 cap.
1622 5018 1779 5076 aarum·

132 5095 164 5146 ut
192 5098 333 5145 ermanam
354 5082 590 5166 LXX-lectionem
603 5083 656 5141 hoc
673 5085 733 5143 loeo
749 5094 860 5144 securius
876 5094 927 5153 est,
983 5087 1081 5160 qula).
1097 5086 1150 5145 Sed
1162 5089 1196 5144 de
1209 5087 1325 5144 vestium
1337 5032 1424 5145 afuau
1445 5095 1473 5144 et
1493 5103 1605 5146 excemu
1626 5089 1685 5148 vide
1700 5085 1777 5161 pit'ti

132 5104 248 5233 Vufgata
262 5163 355 5214 autem
377 5153 458 5209 lectio
473 5161 539 5236 estu:
555 5156 798 5239 liapcrpbcr'mini,
814 5159 889 5221 ebrii,
900 5162 931 5213 et
984 5157 1054 5230 apud
1069 5162 1309 5216 Tumecrematum
1321 5166 1348 5215 et
1359 5158 1558 5217 Tritbemium.

131 5231 200 5299 dete,
213 5234 239 5286 et
248 5229 361 5296 ululate,
373 5238 461 5280 omnes
472 5239 521 5294 qur
533 5224 623 5281 bebetis
635 5229 727 5282 einum
737 5228 768 5282 in
778 5229 928 5291 dulcedine,
1019 5229 1032 5265 ἅ
1048 5229 1209 5286 observavit
1217 5228 1354 5303 Cuyclrius
1366 5230 1395 5288 in
1404 5230 1570 5303 qubusdam
1580 5231 1726 5291 codicibus
1733 5242 1782 5304 pta

133 5301 259 5371 quoniam
266 5300 350 5368 periit
363 5296 398 5351 ab
414 5310 459 5351 ore
471 5299 568 5352 uestro.
984 5301 1093 5357 Domini
1116 5300 1139 5355 le
1159 5299 1265 5370 inobre,
1280 5300 1307 5357 in
1330 5300 1390 5358 aliis
1406 5306 1527 5366 Danum,
1552 5303 1581 5359 in
1601 5303 1663 5362 ebir
1680 5302 1783 5375 aliquot

168 5370 285 5426 ‘Luem
299 5367 351 5424 insi
398 5364 636 5439 rdcparcimonia
655 5373 684 5424 et
700 5364 853 5438 frugalitate
867 5382 926 5424 mo·
984 5385 1052 5426 mss.
1082 5317 1245 5429 venafrulum
1266 5374 1377 5429 domim
1398 5382 1566 5447 expunctum
1590 5390 1662 5445 esse,
1677 5380 1706 5431 at
1725 5385 1784 5428 non

131 5439 228 5497 naclris
254 5382 400 5522 rnranfuss
417 5446 445 5494 ct
465 5436 575 5495 eimndc
590 5439 655 5494 luxu
678 5453 711 5520 ac
729 5436 929 5520 superfluitate,
984 5448 1066 5497 recte.
1082 5440 1149 5498 Vult
1169 5443 1242 5499 enim
1258 5443 1348 5501 dicere
1363 5441 1448 5502 abbas
1461 5446 1549 5514 iaaac,
1563 5445 1639 5519 quod
1651 5442 1785 5503 addua

131 5517 192 5569 tum
206 5512 234 5568 in
252 5509 415 5584 quotidianis
428 5507 593 5581 sumptssrus,
608 5515 671 5566 tum
685 5524 713 5564 ru
728 5507 858 5576 restibus,
871 5517 929 5567 tum
984 5527 1046 5569 rum
1059 5513 1214 5570 tunicamm
1235 5514 1291 5571 sive
1304 5522 1432 5585 togarum
1446 5515 1572 5573 velamen
1594 5513 1729 5581 sufficiet,
1742 5512 1785 5572 bie

131 5580 159 5637 in
178 5582 264 5706 celiisd
284 5581 340 5637 sire
358 5580 501 5650 cubiculis,
518 5587 566 5637 aut
586 5577 744 5636 domiciliis.
763 5580 798 5635 Et
820 5580 929 5652 quidem
984 5591 1077 5640 umen
1094 5600 1150 5641 non
1166 5585 1299 5656 contenti,
1314 5601 1493 5660 procuremus
1508 5587 1595 5645 trium
1609 5586 1658 5646 vel
1667 5593 1786 5671 quatiam

170 5651 243 5709 oda
286 5659 373 5707 restes
386 5651 499 5733 attinet,
513 5664 679 5734 magnopere
692 5648 778 5706 lracin
791 5652 930 5776 partedc·
983 5655 1139 5712 tunicarum
1157 5656 1262 5714 domini
1276 5673 1323 5716 seu
1339 5672 1512 5732 pomeesorea
1525 5658 1595 5729 lieri,
1617 5664 1787 5734 uterum

131 5726 259 5798 linquunt
270 5720 392 5777 nonnulla
409 5718 555 5788 monachi,
567 5737 628 5794 qur,
641 5735 696 5777 uno
714 5729 762 5776 out
781 5729 866 5778 atero
881 5722 930 5779 ha·
983 5726 1136 5799 expositum
1150 5734 1200 5785 est.

131 5796 191 5855 bitu
216 5793 331 5852 honesto
352 5790 464 5847 minime
483 5791 615 5861 contenti,
638 5805 765 5866 magnam
781 5791 834 5850 sibi
852 5795 930 5852 resq.
