3848 6158
127 222 180 279 8³³

686 214 856 273 contusio
874 214 906 271 x.
927 242 964 255 -
983 214 1028 271 bs
1047 212 1232 273 ulteriores.

1734 224 1788 281 836

128 340 277 399 uersiculos
287 355 341 397 non
355 339 493 397 immerito
506 338 608 399 dstote
618 340 821 413 scripturarum
831 354 928 397 excer-
941 346 968 409 Α
983 340 1128 411 uuicuique
1140 349 1267 397 nostrum
1287 339 1315 397 in
1328 340 1447 413 qualibet
1471 344 1599 415 qualitate
1616 345 1721 418 degenti
1735 362 1786 405 ne·

129 444 193 509 ptus
210 445 252 493 est
263 434 459 493 instrumento.
473 435 585 508 Recipit
607 434 680 491 enim
701 449 799 492 omnes
814 432 932 491 aiieetus

130 529 295 601 quicumque
309 526 401 585 inlerri
420 529 566 599 bumaner„
579 536 693 599 possm
705 536 826 599 naturai,
851 534 880 585 et
896 526 932 585 ad

128 635 238 679 omnem
261 630 365 679 statum
391 630 473 695 atque
509 623 652 679 universos
679 623 804 679 incursus
824 622 932 695 proprie

126 716 195 774 setis
208 726 236 774 et
247 723 435 789 competenter
452 724 570 789 aptatur.
586 716 677 774 Habet
688 716 826 791 siqnidem
840 716 931 775 adrer-

128 824 177 867 sus
196 810 322 867 universa
350 810 507 869 discrimina
533 810 732 868 invocationem
753 809 816 879 Dei,
848 810 931 869 tuber

129 904 309 963 humilitatem
331 905 382 979 piae
397 904 588 975 confessionis,
603 905 685 963 babet
696 905 884 964 sollicitudinis
898 921 931 963 ac

129 1000 238 1056 timoris
252 1001 373 1072 perpetui
387 1000 570 1075 ,vigilantiam
586 1000 669 1057 babet
682 999 930 1058 considerationem

128 1091 283 1165 tragilitatis
296 1109 364 1163 suas,
379 1094 560 1153 exauditionis
577 1094 723 1162 fiduciam,
738 1093 931 1151 confidentiam

128 1188 283 1260 praesentis,
309 1204 472 1262 semperque
495 1189 609 1246 astantis
636 1189 765 1262 praesidii.
784 1187 836 1259 Qui
859 1187 931 1243 enim

127 1280 232 1354 jugiter
247 1298 329 1339 suum
342 1282 449 1340 invocat
467 1291 660 1355 protectorem,
687 1292 777 1339 certus
799 1289 839 1337 est
868 1296 930 1336 eum

130 1388 189 1431 esse
202 1390 308 1447 semper
324 1384 495 1448 praesentem.
516 1375 606 1432 Habet
625 1375 726 1431 amoris
747 1382 774 1429 et
794 1372 932 1429 charitatis

987 434 1120 489 cessarint
1132 440 1161 490 et
1176 435 1249 491 utilis
1262 434 1407 492 inuenitur.
1432 438 1503 493 Nam
1527 438 1613 511 quise
1631 454 1740 512 semper
1759 449 1787 498 et

987 527 1014 583 in
1030 527 1156 584 omnibus
1173 526 1309 585 desiderat
1322 528 1454 601 adjurari,
1466 528 1621 589 manifestat
1641 532 1716 605 quod
1729 550 1787 591 non

985 628 1094 677 tantum
1109 622 1136 677 in
1147 622 1230 679 rebus
1243 622 1320 679 duris
1334 638 1366 678 ae
1384 621 1516 689 tristibus,
1545 624 1593 681 sed
1608 625 1689 681 etiam
1700 625 1727 683 iu
1741 640 1787 683 se·

983 716 1081 773 condis
1095 716 1209 773 aciatis
1231 716 1289 791 pari
1312 716 1396 774 modo
1415 720 1474 775 Deo
1495 728 1573 791 egeat
1591 718 1733 793 adjutore3
1755 728 1787 777 ut

983 809 1217 883 quemadmodum
1241 826 1273 867 cn
1288 809 1341 866 illis
1361 811 1431 879 erui,
1448 810 1485 868 ita
1505 812 1608 867 inistis
1624 828 1688 869 eum
1704 812 1787 871 iaciat

985 906 1139 976 immorari,
1155 909 1181 964 in
1207 917 1304 965 neutro
1326 909 1415 965 sciens
1437 908 1590 967 humanam
1613 910 1786 984 fragilitatem

984 1002 1045 1058 sine
1074 1002 1150 1059 illius
1186 1001 1363 1073 opitulatione
1398 1000 1554 1059 subsistere.
1582 1005 1787 1079 Gastrimargioe

985 1093 1109 1163 passione
1136 1094 1313 1166 perstringor,
1341 1094 1417 1150 cibos
1447 1108 1518 1165 quos
1550 1111 1658 1153 eremus
1679 1098 1787 1169 ignorat

986 1184 1114 1255 iuquir03
1134 1187 1204 1243 etin
1225 1186 1348 1258 squalida
1369 1186 1518 1244 solitudine
1536 1188 1696 1260 ingeruntur
1718 1190 1786 1249 mibi

986 1282 1085 1337 odores
1098 1280 1229 1353 regalium
1244 1280 1421 1349 icrculorum,
1433 1289 1515 1352 atque
1536 1282 1570 1339 ad
1583 1282 1692 1339 illorum
1712 1283 1787 1341 desi-

985 1371 1060 1428 deria
1089 1373 1176 1429 sentio
1206 1388 1252 1429 me
1286 1372 1479 1429 invitissimum
1512 1372 1604 1441 trabi,-
1643 1374 1788 1431 dicendum

129 1471 270 1539 ardorem,
289 1472 371 1528 babet
385 1472 546 1529 insidiarum
561 1468 821 1541 contemplationem
835 1468 934 1524 inimi·
986 1464 1103 1538 proinde
1116 1466 1231 1523 nribiest
1242 1487 1251 1523 r
1262 1470 1342 1529 Deris,
1353 1470 1382 1521 in
1393 1468 1561 1537 adjutorium
1569 1484 1655 1523 merun
1666 1470 1787 1539 intersim

128 1579 280 1635 corumque
300 1563 488 1631 formidinem,
512 1564 613 1636 quibus
637 1563 805 1635 perspiciens
820 1562 933 1619 semeti-
985 1560 1789 1632 mmirn,ndodjuenmiummesestino.Anticiparclroram

129 1672 209 1730 psum
237 1657 281 1713 dic
308 1666 446 1727 noctuque
471 1655 613 1723 uallatum,
641 1656 789 1712 confitetur
823 1670 852 1710 se
876 1669 932 1710 non
986 1663 1096 1711 statutae
1119 1652 1275 1712 reiectionis
1293 1655 1417 1727 instigor,
1448 1668 1496 1709 scu
1522 1653 1637 1709 mudum
1657 1653 1739 1725 justae
1757 1668 1790 1709 ac

130 1766 210 1823 posse
223 1751 280 1807 sine
292 1751 335 1807 sui
349 1749 503 1807 defensoris
521 1750 620 1806 onnilio
632 1748 750 1805 liberari.
777 1748 829 1803 Hic
848 1747 933 1803 uersi-
948 1748 972 1810 B
986 1750 1072 1805 solitar
1086 1749 1224 1822 parcitatis
1236 1748 1354 1807 retinere
1367 1762 1433 1803 cum
1448 1762 1547 1819 magno
1561 1747 1655 1803 cordis
1667 1748 1722 1803 mci
1734 1747 1789 1805 do-

130 1845 207 1902 eulus
230 1845 360 1902 omnibus
374 1844 547 1903 intestatione
559 1845 720 1902 daemonum
744 1843 933 1900 laborantibus
986 1842 1043 1897 lore
1055 1841 1208 1909 contend03
1219 1857 1283 1899 curn
1295 1840 1399 1915 gemitu
1409 1839 1527 1899 nribiest
1540 1841 1786 1913 proclamandum:

130 1938 345 2012 inexpugnabilis
367 1955 464 1997 murus
486 1947 538 2010 est,
562 1937 814 2010 etimpenetrebilis
837 1937 931 2002 lorica,
985 1940 1067 2004 Deus,
1079 1938 1109 1991 in
1121 1938 1291 2007 adiutorium
1301 1936 1652 2005 mcumr'ntcriete31tominc,
1662 1936 1700 1991 od
1708 1937 1789 2009 ‹rdin-

128 2048 164 2091 ac
176 2032 374 2089 munitissimus
394 2034 514 2105 clypeus.
532 2035 586 2089 iste
600 2032 628 2088 in
639 2032 733 2089 acedia
750 2040 778 2088 et
795 2032 932 2089 anxietate

131 2126 218 2183 animi
241 2126 398 2195 collocatos,
429 2141 478 2182 seu
507 2124 627 2192 tristitia,
652 2125 693 2182 sel
725 2126 932 2197 cogitationibus

132 2218 354 2291 quibuscumque
374 2218 528 2291 depressos,
550 2217 643 2274 salutis
654 2217 772 2274 remedia
792 2217 933 2289 desperare

131 2326 188 2367 non
206 2312 318 2382 quatitur,
335 2310 482 2367 osteudens
499 2310 576 2367 illum
591 2326 674 2382 quem
686 2310 795 2367 inuocat
805 2310 934 2382 inspicere

126 2403 229 2475 jugiter
250 2412 344 2460 nostra
366 2404 522 2471 certamina,
545 2412 662 2475 atquea
689 2403 745 2459 suis
766 2404 933 2477 supplicibus

130 2512 189 2553 non
201 2497 306 2554 abesse.
316 2500 371 2553 istc
386 2513 436 2553 nos
451 2498 477 2553 in
492 2496 658 2570 spiritalibus
677 2498 847 2554 successibus
868 2514 934 2555 cor-

131 2591 227 2665 disque
253 2593 346 2650 laetitia
371 2593 532 2649 constitutos
553 2592 683 2649 admonet
709 2592 803 2649 extolli
826 2593 934 2665 penitus

130 2700 188 2743 non
210 2685 321 2755 debere,
348 2701 399 2743 nec
420 2685 509 2743 intlari
533 2685 567 2744 de
585 2701 717 2759 prospero
742 2693 824 2754 statu,
848 2700 931 2757 quem

986 2030 1108 2085 curidum
1122 2047 1164 2085 me
1178 2033 1289 2098 sestilio.
1300 2031 1413 2104 ttiuriiis
1426 2047 1477 2102 ,mc
1495 2030 1531 2087 ob
1549 2031 1788 2105 impugnationem

986 2126 1076 2180 corruis
1094 2124 1304 2182 districtioribus
1317 2126 1484 2198 indigentem
1511 2127 1647 2183 stomaelri
1662 2127 1789 2198 probibet

986 2217 1127 2284 lassitudo,
1149 2232 1196 2274 seu
1218 2219 1318 2275 restris
1332 2219 1446 2276 ariditas
1465 2220 1676 2290 constrictioque
1697 2220 1790 2277 deter-

987 2320 1028 2367 ret
1040 2334 1048 2379 ς
1059 2311 1216 2375 utetiectus
1232 2329 1296 2370 meo
1310 2313 1443 2370 desiderio
1456 2313 1601 2375 tribuatur,
1616 2314 1657 2371 sel
1670 2324 1743 2372 certe
1757 2322 1790 2373 ut

987 2418 1070 2465 aestus
1081 2412 1197 2468 carnalis
1216 2412 1445 2483 concupiscentits
1457 2411 1560 2482 absque
1571 2419 1789 2484 temperamento

987 2499 1166 2559 districtioris
1175 2503 1271 2575 jeiunii
1284 2503 1467 2573 conquiescat,
1482 2503 1615 2559 orandum
1637 2504 1704 2560 milri
1724 2514 1766 2562 cst
1781 2525 1788 2563 :

987 2598 1069 2657 scus,
1082 2599 1112 2650 in
1123 2598 1289 2667 tedintorium
1297 2613 1381 2651 trimum
1391 2598 1516 2665 intendc;
1530 2601 1650 2661 Durnium,
1663 2600 1701 2653 oct
1709 2600 1790 2669 odju-

984 2688 1104 2743 oondum
1118 2705 1160 2743 me
1173 2691 1283 2757 festino.
1303 2687 1440 2745 decedens
1461 2688 1495 2744 ad
1509 2686 1696 2755 reiectionem,
1720 2689 1789 2748 bora

129 2781 191 2836 sine
216 2788 369 2852 protectore
402 2784 462 2838 Deo
490 2780 597 2837 retineri
617 2795 674 2836 non
700 2796 778 2853 posse
806 2788 931 2851 testatur,
988 2780 1109 2852 legitima
1130 2791 1303 2855 suggerente,
1329 2782 1534 2853 perceptionem
1549 2781 1625 2853 panis
1643 2782 1788 2848 ertiorreo,

130 2873 197 2931 dum
216 2891 271 2930 non
285 2876 374 2933 solum
387 2891 451 2932 eum
466 2890 583 2948 semper,
599 2874 744 2932 sedetiam
761 2874 889 2931 velociter
901 2882 933 2931 ut
986 2886 1069 2947 atque
1083 2875 1117 2931 ab
1135 2876 1211 2932 omni
1224 2891 1272 2931 esu
1298 2874 1429 2931 naturalis
1446 2874 1616 2931 necessitatis
1638 2874 1789 2947 excludor3

130 2966 185 3023 sibi
207 2968 360 3039 auxilietur,
383 2969 521 3042 implorat.
552 2970 618 3039 Iste,
640 2968 762 3041 inquam,
783 2968 933 3025 versiculus
987 2985 1050 3026 cum
1058 2969 1160 3042 ejulatu
1170 2969 1397 3041 proclamandum
1409 2977 1451 3026 est
1462 2968 1532 3025 nrilii
1548 2974 1649 3033 cliens,
1663 2972 1693 3025 in
1705 2970 1788 3041 adiu·

680 3110 807 3167 sisinn
827 3111 940 3166 GrlZAEl
960 3109 1240 3168 comissrnlttus.

131 3240 183 3283 nas
202 3226 285 3283 etiam
308 3227 468 3285 damianum
492 3227 645 3295 illusiones,
667 3225 862 3291 infestationes,
882 3232 934 3281 etc.
950 3230 972 3293 c
989 3228 1065 3283 itlius
1081 3229 1198 3283 insultus
1210 3229 1347 3283 caecilium
1361 3234 1424 3283 unte
1441 3231 1560 3283 omniuo
1575 3232 1684 3285 Domuio
1694 3240 1788 3302 postu.

132 3298 213 3355 Valet
224 3299 340 3371 denique
353 3298 387 3356 ad
403 3307 560 3371 perpetuam
576 3298 626 3354 Dei
638 3298 803 3353 memoriam
817 3297 935 3353 retinen·
989 3299 1085 3353 iuncus.
1098 3301 1176 3355 Circo
1194 3300 1244 3353 troc
1256 3305 1345 3354 utitem
1357 3300 1505 3353 notetmtum
1515 3304 1563 3363 cst,
1576 3302 1648 3369 quod
1659 3307 1789 3375 corrtinqit

130 3368 208 3433 dam,
229 3370 262 3425 ad
273 3371 368 3443 jugem
381 3380 410 3427 et
423 3369 562 3425 assiduam
577 3369 729 3425 orationem
741 3368 818 3424 tacile
830 3380 858 3424 et
876 3368 934 3424 sine
990 3371 1078 3423 tribus
1100 3369 1187 3423 modis
1202 3385 1319 3438 pcceure,
1340 3370 1462 3424 irritelicet
1481 3370 1567 3431 corde,
1580 3386 1625 3425 ore
1649 3376 1676 3425 et
1693 3391 1788 3445 operc3

130 3441 257 3497 molestia
280 3441 427 3498 tenendam
444 3440 531 3507 tt'ids
549 3442 744 3499 Beliurmt'nnrn
757 3442 787 3493 in
806 3442 934 3510 proemio
987 3440 1287 3509 ideoqnctribusntodis‚
1299 3444 1330 3493 ut
1341 3440 1789 3505 diciturininitiormiidits'nurnm

134 3512 216 3581 hujus
226 3514 328 3584 psalmi
338 3514 357 3584 ).
372 3512 486 3569 l’roiude
501 3512 619 3580 assidue,
633 3512 661 3567 in
679 3512 753 3567 omni
769 3510 840 3578 loco,
861 3520 935 3567 tem·
988 3513 1148 3582 officiorum,
1166 3510 1238 3565 torte
1253 3512 1422 3575 imbuuntur,
1443 3512 1565 3566 uidelicet
1585 3514 1790 3583 completorium

134 3597 213 3653 pore,
232 3594 325 3650 noctu,
344 3582 472 3651 interdiu,
486 3583 513 3638 in
528 3583 675 3668 prosperis,
700 3584 728 3638 in
752 3582 881 3648 adversis,
906 3582 933 3637 in
985 3599 1057 3653 per:
1074 3585 1267 3651 tercentenos,
1283 3583 1495 3639 Deussuiuturis
1513 3586 1610 3648 noster,
1630 3592 1722 3642 contro
1733 3606 1791 3661 pce

133 3656 213 3711 omni
238 3656 347 3727 negotio
369 3655 510 3726 spirituali,
530 3672 557 3712 m
583 3654 660 3711 omni
683 3654 832 3711 tentatione
856 3652 935 3710 nobis

133 3727 359 3797 pronuntiandus,
373 3736 465 3783 mente
478 3736 505 3781 et
529 3743 577 3784 ore
596 3726 745 3783 versandus
757 3741 789 3782 ac
806 3733 935 3796 repeten-

133 3796 206 3853 dus:
226 3798 458 3870 quemadmodum
471 3806 497 3853 et
510 3797 543 3855 de
558 3799 637 3869 signo
657 3798 756 3862 crucis,
767 3798 840 3867 quod
868 3812 933 3852 cum

133 3866 187 3924 boc
200 3870 333 3925 versiculo
346 3868 467 3924 adbiberi
485 3870 564 3934 solet,
585 3869 622 3921 ait
640 3866 820 3921 Tertullianus
832 3866 879 3919 lib.
899 3864 934 3921 de

131 3940 241 3997 (lorum
270 3940 364 3996 llilitis
385 3940 468 4009 (Cup.
495 3939 525 4006 3)
551 3956 557 3990 :
579 3936 626 3991 Ad
645 3950 748 3989 omrrcm
766 3950 934 4003 progressum

134 4016 217 4081 utque
234 4016 399 4082 proterritum,
415 4008 453 4061 ud
469 4022 573 4060 ontrrem
593 4004 710 4067 aditum,
721 4012 747 4057 et
758 4007 872 4067 scituris,
897 4004 935 4059 ud

132 4085 269 4143 restitum,
285 4082 322 4135 nd
335 4079 487 4137 cirlecntnm,
510 4076 546 4129 nd
565 4075 682 4137 laesero,
706 4073 743 4127 nrt
763 4088 877 4137 mensus,
896 4074 934 4131 od

134 4152 241 4214 limirm,
254 4152 291 4204 nd
309 4148 439 4210 cubiculo,
464 4147 502 4201 oct
524 4146 632 4208 sedilis,
644 4145 862 4215 qttnrtdoctunque
884 4160 932 4201 nus

130 4224 299 4279 conrersntio
309 4224 420 4280 cccrcet,
431 4220 548 4285 trustem
562 4218 648 4272 meis
664 4218 803 4287 signaculo
815 4218 934 4271 terimus.

133 4297 279 4350 Postremo
299 4290 417 4346 occurrit
437 4289 518 4345 etiam
538 4287 602 4345 illud
619 4287 783 4356 notandum,
804 4286 880 4359 quod
902 4287 935 4344 ad

135 4361 222 4432 liujus
240 4361 362 4416 uersiculi
376 4360 641 4417 commendationem
663 4374 831 4430 magnopere
850 4360 936 4430 perti-

134 4440 194 4499 net,
221 4432 295 4504 quod
320 4432 396 4488 borae
418 4431 559 4488 canonicae
579 4430 613 4487 ab
637 4431 735 4487 eodem
760 4429 933 4486 inchoentur.

132 4502 215 4573 Qiiod
235 4505 338 4559 notarit
351 4506 573 4559 Ttrrrccrcmatus
588 4505 666 4569 (Post
675 4503 834 4558 Duronium
850 4502 899 4557 lib.
920 4517 936 4555 v

134 4578 245 4633 Baition.
264 4592 323 4646 cup.
350 4580 382 4640 t)
402 4576 438 4629 ita
454 4581 644 4630 commentans
665 4572 691 4627 in
715 4588 773 4643 cap.
790 4580 807 4629 s
824 4574 936 4644 Regulos

137 4647 146 4719 i
161 4650 220 4702 Die.
235 4644 509 4716 scelerosumque),
523 4643 682 4699 ubidicitur:
694 4646 794 4699 ilicinis
808 4649 934 4715 tempore,

131 4722 272 4789 peremisse
286 4720 315 4772 in
329 4720 427 4788 primis
438 4731 525 4771 uersu:
541 4716 657 4781 Derieis
669 4714 837 4784 adjutorium
848 4732 936 4771 mcum

135 4791 264 4855 irrtcndc3
289 4792 409 4850 bomine,
425 4788 462 4842 tert
475 4786 663 4857 ridjttecndnm
685 4800 727 4839 mc
747 4788 858 4853 sestirru,
883 4796 935 4842 etc.

136 4860 219 4926 Quin,
232 4862 329 4928 inquit.
341 4865 371 4913 ut
385 4861 514 4913 Dominus
529 4862 571 4913 uit
584 4860 612 4911 in
627 4858 776 4926 Euarrqelr'o
790 4860 868 4912 Jccrrr.
881 4873 934 4913 xv:

133 4931 200 4989 Sine
214 4946 256 4985 me
267 4931 335 4983 nibil
344 4933 453 5000 potestis
462 4932 560 4997 (uicere,
574 4931 668 4983 merito
678 4930 706 4985 S.
722 4930 803 4984 Peter
815 4930 935 4997 officinm

135 5001 258 5059 ditinum
269 5018 285 5055 n
299 5002 392 5055 structo
403 5003 522 5055 erutione
541 5000 718 5055 inchoandum
733 5000 860 5068 disponit,
875 5016 935 5070 quite

134 5075 279 5129 semtrrdum
289 5073 437 5127 doctrinam
447 5071 667 5126 insultationibus
676 5073 788 5126 Putrurn
796 5071 934 5134 traditum,

135 5146 165 5199 in
177 5148 249 5201 omni
260 5145 383 5207 curticula,
398 5143 549 5197 incessabili
556 5143 674 5212 jurgitutc
692 5140 833 5208 sttrrdcndu
845 5146 893 5208 cst,
907 5144 936 5197 in

130 5219 270 5287 prosperis
284 5222 309 5271 ct
319 5218 346 5270 in
359 5216 488 5271 (adrensis.
504 5216 535 5269 ln
545 5215 692 5285 prosperis,
707 5229 741 5268 ne
756 5213 936 5281 catullumrtr·,·

134 5288 364 5353 instituisset
391 5300 527 5341 eruamur.
552 5288 685 5341 Proetcrcn
708 5300 769 5340 cum
790 5285 937 5340 scerrrrdum

135 5358 304 5427 Apostolum,
338 5359 432 5413 (linurin
454 5360 484 5411 in
509 5358 559 5413 lici
590 5358 696 5410 nonrine
727 5357 853 5424 tucicndu
882 5358 937 5411 sint

137 5426 168 5497 (1
184 5430 243 5486 Cor.
257 5446 275 5484 n
287 5430 306 5497 ).
322 5432 416 5483 merito
430 5433 468 5484 est
477 5430 512 5484 ob
527 5444 555 5483 co
565 5428 755 5483 inchoandum.
766 5432 832 5483 item
845 5429 937 5485 Glossu

137 5511 219 5569 super
232 5501 303 5555 itliut
314 5502 414 5569 psalm.
425 5515 498 5556 nntx
513 5520 519 5554 :
535 5504 614 5561 Deus,
629 5502 657 5553 in
673 5500 937 5569 ndjritoriurnmermt

136 5570 254 5634 intende,
270 5572 357 5625 dicit:
374 5574 443 5627 ll'oto
455 5572 527 5642 qnod
544 5572 690 5627 uersiculos
708 5574 759 5625 istc
774 5576 837 5625 crite
850 5586 937 5627 omncs

135 5638 216 5697 horos
232 5645 260 5697 in
275 5644 354 5696 initio
366 5643 539 5713 predicitur3
561 5646 626 5714 quiin
638 5659 697 5699 cum
709 5657 788 5697 crore
801 5642 936 5707 debemus,

133 5716 252 5768 morture
266 5720 328 5767 turre
345 5716 444 5769 nititur
467 5714 600 5777 diabolus,
629 5720 659 5770 ut
682 5730 780 5769 murce
798 5716 937 5769 moricrttcs

130 5784 255 5855 perdunt
267 5788 428 5843 suavitatem
439 5788 571 5858 manenti
580 5784 695 5857 (Ecctcs.
710 5785 758 5859 x).
770 5787 869 5846 Corttru
878 5800 938 5856 erqo

988 3654 1187 3720 cntumcorriis3
1202 3660 1338 3708 nocturne
1347 3654 1428 3715 dorm,
1437 3670 1487 3724 per
1499 3672 1505 3707 :
1515 3656 1635 3721 Domine,
1650 3658 1721 3715 lobio
1732 3678 1791 3719 mec

988 3728 1102 3795 aperies,
1115 3730 1206 3781 ccntrn
1216 3732 1355 3795 peecutnm
1368 3728 1438 3785 crim
1455 3726 1518 3779 uteie
1535 3740 1595 3779 ecro
1613 3726 1695 3797 horse,
1712 3750 1765 3801 per
1779 3752 1789 3789 r

986 3800 1067 3858 Itctm,
1082 3800 1112 3851 in
1130 3798 1299 3867 indistinctum
1316 3812 1404 3851 seeum
1413 3796 1531 3857 intende,
1547 3800 1641 3849 corrtrn
1651 3810 1790 3866 procursum

988 3870 1075 3937 operis
1088 3867 1227 3935 (mr-aut.
1242 3870 1350 3923 lintion.
1363 3868 1411 3921 lib.
1426 3882 1516 3936 resp.
1526 3870 1566 3929 2).
1582 3868 1614 3921 Et
1624 3874 1750 3935 quom'mn
1757 3876 1787 3931 in

985 3944 1091 4007 peccato
1104 3938 1192 3993 cordis
1205 3942 1231 3991 ct
1240 3940 1294 3992 oris
1308 3942 1346 3993 cst
1358 3938 1466 4007 aliquid
1479 3938 1576 4007 operis,
1591 3936 1651 3991 idco
1664 3942 1693 3994 in
1703 3946 1788 3999 omni-

990 4007 1037 4061 bns
1052 4009 1124 4061 turris
1136 4014 1193 4062 turn
1207 4012 1343 4063 riocturnis
1353 4026 1434 4078 quirum
1447 4010 1553 4062 diutinis
1571 4007 1672 4063 dicitur
1684 4030 1693 4065 .·
1706 4016 1785 4081 Deis,

988 4079 1019 4129 iit
1029 4077 1198 4145 ncijtttorinm
1206 4094 1293 4131 mcum
1304 4080 1552 4133 intende-dionosti
1564 4092 1624 4130 cero
1636 4096 1670 4135 ca
1678 4084 1787 4141 institn-

991 4149 1061 4201 ticnc
1075 4148 1104 4203 S.
1116 4150 1146 4201 P.
1162 4148 1297 4201 Benedicti
1322 4151 1350 4201 in
1377 4150 1423 4201 troc
1445 4163 1503 4218 cup.
1531 4149 1626 4203 dictent
1647 4156 1738 4221 primo
1759 4160 1789 4213 in

990 4219 1128 4272 seceturnis
1143 4218 1215 4271 ituris
1230 4220 1329 4282 :Deris
1345 4221 1372 4271 in
1383 4218 1551 4288 odjrttcrium
1568 4234 1656 4275 metim
1668 4225 1787 4293 intende,

990 4293 1016 4344 et
1029 4292 1122 4359 posteo
1136 4308 1145 4343 r
1161 4291 1279 4351 nomine,
1295 4289 1367 4344 liubin
1377 4293 1557 4361 mentrpert'cs.
1582 4292 1651 4356 onio
1664 4299 1722 4352 sine
1741 4304 1792 4357 liei

989 4362 1124 4429 oiijntorio
1137 4376 1183 4415 nec
1195 4376 1239 4415 cor
1257 4377 1303 4416 ricc
1314 4362 1385 4416 lubio
1399 4361 1437 4415 ud
1449 4364 1535 4432 ipsius
1560 4360 1665 4419 totidem
1684 4373 1791 4439 operiri

988 4434 1087 4487 coleret.
1110 4434 1150 4487 lta
1166 4434 1497 4489 Turrecrcnratus.1‘orru
1506 4432 1627 4490 ecrmdcm
1642 4439 1717 4495 illum
1732 4458 1790 4499 uer·

989 4504 1104 4559 siculum
1116 4506 1166 4573 qui
1180 4520 1197 4557 u
1207 4504 1235 4559 S.
1251 4508 1284 4557 P.
1297 4506 1330 4561 N.
1347 4505 1487 4561 benedicto
1505 4507 1577 4562 irorr's
1590 4515 1724 4569 currorricis
1735 4518 1790 4583 pri·

989 4591 1063 4629 muru
1082 4577 1111 4628 in
1123 4577 1179 4631 suis
1194 4578 1492 4647 mortnsteriisunteponi
1501 4578 1595 4647 jussus
1607 4581 1709 4645 sucrnt,
1722 4586 1790 4640 Gre-

989 4649 1082 4716 gorius
1093 4649 1206 4716 diuturnis
1218 4649 1354 4717 pontisera,
1370 4649 1405 4703 ob
1417 4651 1542 4703 urrieersu
1563 4652 1678 4707 Ecclesia
1692 4654 1790 4710 eisdem

986 4720 1121 4789 promitti
1128 4721 1288 4773 anctoritate
1300 4720 1439 4788 Pontificio
1448 4724 1588 4787 mucepn,
1606 4720 1719 4788 iritjcctis
1732 4738 1790 4779 ver-

990 4791 1080 4843 sicnlis
1095 4790 1185 4843 Glorr'ci
1198 4790 1285 4849 Patri,
1293 4793 1328 4849 et,
1342 4791 1417 4844 Si'mrt
1430 4792 1497 4852 mut,
1506 4792 1536 4839 ut
1548 4790 1640 4844 scribit
1652 4792 1789 4852 :trucides

995 4862 1075 4915 Wion
1097 4860 1263 4914 Gussinensis
1273 4858 1320 4910 lib.
1337 4872 1356 4910 r
1367 4858 1451 4925 bigni
1468 4858 1541 4923 eitoe,
1555 4863 1583 4915 in
1598 4862 1730 4931 (sepono.
1747 4868 1789 4923 De

989 4927 1084 4985 eodem
1099 4942 1182 4983 versu
1196 4926 1347 4983 walfridus
1361 4927 1458 4982 Strabo
1474 4926 1521 4983 tib.
1541 4930 1575 4988 de
1587 4933 1679 4989 liebus
1694 4937 1789 4994 Eccle-

988 4997 1100 5055 siasticis
1113 5013 1171 5069 cap.
1184 5004 1217 5052 25
1229 4998 1325 5053 babet:
1338 5000 1408 5055 Suae
1419 5014 1526 5055 uersum
1539 5006 1627 5073 quiin
1637 5010 1725 5075 cupite
1737 5025 1789 5064 cm·

988 5073 1064 5125 trium
1078 5069 1085 5139 (
1092 5074 1193 5139 prester
1204 5068 1310 5139 Missas)
1324 5072 1473 5139 officiorum
1491 5090 1551 5142 qruc
1564 5078 1636 5131 toris
1658 5082 1789 5137 citrioniet‘s

989 5141 1158 5204 celtibentur,
1178 5141 1235 5196 diti
1251 5140 1325 5203 sciet,
1341 5142 1371 5197 iet
1389 5149 1428 5198 cst
1445 5162 1454 5196 z
1472 5149 1551 5209 Deis,
1573 5149 1600 5199 in
1620 5148 1789 5218 restitutorium

989 5230 1075 5268 mcum
1090 5212 1207 5275 intende,
1220 5216 1245 5267 et
1257 5212 1370 5282 reliqum,
1380 5217 1472 5270 Putrcs
1484 5220 1592 5287 antiqui
1601 5220 1658 5273 suis
1672 5220 1790 5277 collatio·

988 5286 1068 5339 rtibns
1082 5285 1209 5340 cr'derttur
1218 5286 1354 5347 statuisse,
1370 5286 1501 5351 (sirenibus,
1516 5306 1569 5345 non
1583 5294 1669 5345 turrrcn
1679 5293 1787 5362 usseris,

990 5358 1126 5413 sedetiam
1137 5357 1483 5427 operibusprurmittrruttun
1493 5378 1501 5413 r
1512 5364 1542 5416 ut
1551 5364 1681 5417 r'neoeutio
1690 5364 1788 5421 diruite

989 5430 1187 5498 opitulationis,
1199 5430 1274 5482 initio
1288 5428 1429 5496 crtjrtslibet
1438 5432 1549 5486 actionis
1561 5437 1709 5503 ussttrnptu,
1720 5436 1791 5501 sitm-

990 5500 1084 5553 liorem
1097 5501 1201 5566 incitet
1218 5499 1377 5569 postulandi
1399 5504 1588 5568 scrutantium,
1607 5509 1632 5559 ct
1651 5506 1790 5563 obtinendi

990 5572 1125 5625 virtutem.
1145 5572 1174 5626 ln
1184 5570 1296 5639 ‹rqcrntis
1311 5574 1400 5624 nutem
1411 5576 1589 5638 mortuorum,
1605 5580 1629 5631 et
1645 5579 1714 5633 circo
1723 5595 1789 5648 pos·
1890 5590 1894 5595 '

990 5644 1073 5697 sionis
1087 5644 1229 5697 bmniirius
1243 5642 1445 5705 solemnitutem,
1460 5645 1639 5703 inctroutimrcs
1655 5654 1681 5703 et
1695 5650 1788 5719 ‹euple-

991 5718 1074 5769 tioncs
1081 5715 1299 5783 officiorurnmon
1308 5719 1339 5769 ut
1350 5716 1377 5768 in
1386 5719 1488 5771 certeris
1496 5722 1578 5790 prinu·
1586 5722 1705 5777 tru'stitiae
1714 5719 1787 5775 ride·

991 5786 1051 5841 ticet
1061 5786 1245 5856 significandis
1253 5802 1344 5843 cutus.
1355 5787 1423 5844 llaec
1431 5786 1485 5845 itte.
