<?xml version="1.0" encoding="UTF-8"?>
<!DOCTYPE html PUBLIC "-//W3C//DTD XHTML 1.0 Transitional//EN"
    "http://www.w3.org/TR/xhtml1/DTD/xhtml1-transitional.dtd">
<html xmlns="http://www.w3.org/1999/xhtml" xml:lang="en" lang="en">
 <head>
  <title>
</title>
<meta http-equiv="Content-Type" content="text/html;charset=utf-8" />
  <meta name='ocr-system' content='tesseract 3.04.00' />
  <meta name='ocr-capabilities' content='ocr_page ocr_carea ocr_par ocr_line ocrx_word'/>
</head>
<body>
  <div class='ocr_page' id='page_1' title='image "./patrologiaecurs29unkngoog_0060.png"; bbox 0 0 3848 6158; ppageno 0'>
   <div class='ocr_carea' id='block_1_1' title="bbox 112 216 1768 276">
    <p class='ocr_par' dir='ltr' id='par_1_1' title="bbox 112 216 1768 276">
     <span class='ocr_line' id='line_1_1' title="bbox 112 216 1768 276; baseline 0.001 -2"><span class='ocrx_word' id='word_1_1' title='bbox 112 220 167 275; x_wconf 72' lang='lat' dir='ltr'><strong>tos</strong></span> <span class='ocrx_word' id='word_1_2' title='bbox 354 217 399 273; x_wconf 79' lang='lat' dir='ltr'><strong>DE</strong></span> <span class='ocrx_word' id='word_1_3' title='bbox 416 216 658 276; x_wconf 76' lang='lat' dir='ltr'><strong>oimiosioitt&#39;ii</strong></span> <span class='ocrx_word' id='word_1_4' title='bbox 675 218 795 276; x_wconf 70' lang='lat' dir='ltr'><strong>iussit.</strong></span> <span class='ocrx_word' id='word_1_5' title='bbox 815 219 880 276; x_wconf 74' lang='lat' dir='ltr'><strong>llis.</strong></span> <span class='ocrx_word' id='word_1_6' title='bbox 899 219 934 276; x_wconf 90' lang='lat' dir='ltr'><strong>ll.</strong></span> <span class='ocrx_word' id='word_1_7' title='bbox 956 249 988 260; x_wconf 93' lang='lat'><em>-</em></span> <span class='ocrx_word' id='word_1_8' title='bbox 1009 220 1054 276; x_wconf 78' lang='lat' dir='ltr'><strong>DE</strong></span> <span class='ocrx_word' id='word_1_9' title='bbox 1072 217 1267 276; x_wconf 72' lang='lat' dir='ltr'><strong>aestuariis</strong></span> <span class='ocrx_word' id='word_1_10' title='bbox 1286 216 1527 275; x_wconf 75' lang='lat' dir='ltr'><strong>castromartis.</strong></span> <span class='ocrx_word' id='word_1_11' title='bbox 1717 221 1768 276; x_wconf 83' lang='lat' dir='ltr'><strong>too</strong></span> 
     </span>
    </p>
   </div>
   <div class='ocr_carea' id='block_1_2' title="bbox 105 338 1772 2284">
    <p class='ocr_par' dir='ltr' id='par_1_2' title="bbox 105 338 1772 2284">
     <span class='ocr_line' id='line_1_2' title="bbox 109 338 1772 416; baseline 0.001 -18"><span class='ocrx_word' id='word_1_12' title='bbox 109 355 148 398; x_wconf 90' lang='lat' dir='ltr'><strong>ne</strong></span> <span class='ocrx_word' id='word_1_13' title='bbox 166 338 241 398; x_wconf 87' lang='lat' dir='ltr'><strong>reiut</strong></span> <span class='ocrx_word' id='word_1_14' title='bbox 254 339 348 397; x_wconf 91' lang='lat' dir='ltr'><strong>otiosis</strong></span> <span class='ocrx_word' id='word_1_15' title='bbox 363 341 450 397; x_wconf 80' lang='lat' dir='ltr'><strong>valeat</strong></span> <span class='ocrx_word' id='word_1_16' title='bbox 468 357 582 399; x_wconf 88' lang='lat' dir='ltr'><strong>somnus</strong></span> <span class='ocrx_word' id='word_1_17' title='bbox 604 341 731 415; x_wconf 85' lang='lat' dir='ltr'><strong>irrepere.</strong></span> <span class='ocrx_word' id='word_1_18' title='bbox 751 342 914 400; x_wconf 89' lang='lat' dir='ltr'><strong>sicutenim</strong></span> <span class='ocrx_word' id='word_1_19' title='bbox 931 343 1085 414; x_wconf 69' lang='lat' dir='ltr'><strong>Aesocati.</strong></span> <span class='ocrx_word' id='word_1_20' title='bbox 1099 343 1181 416; x_wconf 87' lang='lat' dir='ltr'><strong>Quod</strong></span> <span class='ocrx_word' id='word_1_21' title='bbox 1200 343 1237 401; x_wconf 88' lang='lat' dir='ltr'><strong>ita</strong></span> <span class='ocrx_word' id='word_1_22' title='bbox 1254 342 1363 416; x_wconf 82' lang='lat' dir='ltr'><strong>explent</strong></span> <span class='ocrx_word' id='word_1_23' title='bbox 1382 341 1454 400; x_wconf 88' lang='lat' dir='ltr'><strong>iores</strong></span> <span class='ocrx_word' id='word_1_24' title='bbox 1463 342 1579 416; x_wconf 88' lang='lat' dir='ltr'><strong>egressi,</strong></span> <span class='ocrx_word' id='word_1_25' title='bbox 1597 350 1628 398; x_wconf 90' lang='lat' dir='ltr'><strong>ut</strong></span> <span class='ocrx_word' id='word_1_26' title='bbox 1642 341 1716 399; x_wconf 88' lang='lat' dir='ltr'><strong>nulla</strong></span> <span class='ocrx_word' id='word_1_27' title='bbox 1730 343 1772 399; x_wconf 91' lang='lat' dir='ltr'><strong>in·</strong></span> 
     </span>
     <span class='ocr_line' id='line_1_3' title="bbox 109 430 1772 510; baseline 0.002 -19"><span class='ocrx_word' id='word_1_28' title='bbox 109 433 220 492; x_wconf 90' lang='lat' dir='ltr'><strong>nulium</strong></span> <span class='ocrx_word' id='word_1_29' title='bbox 240 430 328 489; x_wconf 89' lang='lat' dir='ltr'><strong>ierme</strong></span> <span class='ocrx_word' id='word_1_30' title='bbox 347 433 437 490; x_wconf 89' lang='lat' dir='ltr'><strong>abeis</strong></span> <span class='ocrx_word' id='word_1_31' title='bbox 454 433 502 491; x_wconf 88' lang='lat' dir='ltr'><strong>otii</strong></span> <span class='ocrx_word' id='word_1_32' title='bbox 517 442 624 507; x_wconf 86' lang='lat' dir='ltr'><strong>tempus</strong></span> <span class='ocrx_word' id='word_1_33' title='bbox 638 435 783 508; x_wconf 78' lang='lat' dir='ltr'>excipitur,</span> <span class='ocrx_word' id='word_1_34' title='bbox 806 436 842 492; x_wconf 86' lang='lat' dir='ltr'><strong>ita</strong></span> <span class='ocrx_word' id='word_1_35' title='bbox 865 451 917 493; x_wconf 90' lang='lat' dir='ltr'><strong>nec</strong></span> <span class='ocrx_word' id='word_1_36' title='bbox 970 446 1012 494; x_wconf 90' lang='lat' dir='ltr'><strong>ter</strong></span> <span class='ocrx_word' id='word_1_37' title='bbox 1022 453 1070 495; x_wconf 90' lang='lat' dir='ltr'><strong>eos</strong></span> <span class='ocrx_word' id='word_1_38' title='bbox 1082 436 1272 495; x_wconf 78' lang='lat' dir='ltr'><strong>sermocinatio</strong></span> <span class='ocrx_word' id='word_1_39' title='bbox 1285 437 1392 510; x_wconf 90' lang='lat' dir='ltr'><strong>penitus</strong></span> <span class='ocrx_word' id='word_1_40' title='bbox 1399 444 1569 494; x_wconf 89' lang='lat' dir='ltr'><strong>conseratur.</strong></span> <span class='ocrx_word' id='word_1_41' title='bbox 1580 435 1633 493; x_wconf 88' lang='lat' dir='ltr'><strong>Sed</strong></span> <span class='ocrx_word' id='word_1_42' title='bbox 1644 437 1683 492; x_wconf 90' lang='lat' dir='ltr'><strong>sic</strong></span> <span class='ocrx_word' id='word_1_43' title='bbox 1691 453 1772 494; x_wconf 89' lang='lat' dir='ltr'><strong>unus·</strong></span> 
     </span>
     <span class='ocr_line' id='line_1_4' title="bbox 110 525 1770 604; baseline 0 -18"><span class='ocrx_word' id='word_1_44' title='bbox 110 526 283 586; x_wconf 75' lang='lat' dir='ltr'><strong>meditationi</strong></span> <span class='ocrx_word' id='word_1_45' title='bbox 304 525 413 599; x_wconf 90' lang='lat' dir='ltr'><strong>quidem</strong></span> <span class='ocrx_word' id='word_1_46' title='bbox 432 527 544 600; x_wconf 90' lang='lat' dir='ltr'><strong>spiritali</strong></span> <span class='ocrx_word' id='word_1_47' title='bbox 572 527 634 585; x_wconf 85' lang='lat' dir='ltr'><strong>linis</strong></span> <span class='ocrx_word' id='word_1_48' title='bbox 660 528 816 602; x_wconf 84' lang='lat' dir='ltr'><strong>imponitur.</strong></span> <span class='ocrx_word' id='word_1_49' title='bbox 844 532 916 588; x_wconf 79' lang='lat' dir='ltr'><strong>llam</strong></span> <span class='ocrx_word' id='word_1_50' title='bbox 971 531 1332 604; x_wconf 81' lang='lat' dir='ltr'><strong>qiiisqueopusessequitur</strong></span> <span class='ocrx_word' id='word_1_51' title='bbox 1345 530 1515 604; x_wconf 82' lang='lat' dir='ltr'><strong>injunctum,</strong></span> <span class='ocrx_word' id='word_1_52' title='bbox 1534 535 1564 585; x_wconf 93' lang='grc' dir='ltr'><strong>ιιι</strong></span> <span class='ocrx_word' id='word_1_53' title='bbox 1576 529 1713 602; x_wconf 87' lang='lat' dir='ltr'><strong>psalmum</strong></span> <span class='ocrx_word' id='word_1_54' title='bbox 1728 529 1770 586; x_wconf 83' lang='lat' dir='ltr'><strong>vel</strong></span> 
     </span>
     <span class='ocr_line' id='line_1_5' title="bbox 109 620 1771 697; baseline 0.001 -20"><span class='ocrx_word' id='word_1_55' title='bbox 109 620 214 695; x_wconf 85' lang='lat' dir='ltr'><strong>pariter</strong></span> <span class='ocrx_word' id='word_1_56' title='bbox 236 627 394 678; x_wconf 83' lang='lat' dir='ltr'><strong>exercentes</strong></span> <span class='ocrx_word' id='word_1_57' title='bbox 413 620 534 693; x_wconf 84' lang='lat' dir='ltr'><strong>corporis</strong></span> <span class='ocrx_word' id='word_1_58' title='bbox 558 621 711 695; x_wconf 74' lang='lat' dir='ltr'><strong>animmque</strong></span> <span class='ocrx_word' id='word_1_59' title='bbox 729 621 857 690; x_wconf 79' lang='lat' dir='ltr'><strong>virtutes,</strong></span> <span class='ocrx_word' id='word_1_60' title='bbox 872 638 917 680; x_wconf 82' lang='lat' dir='ltr'><strong>ei·</strong></span> <span class='ocrx_word' id='word_1_61' title='bbox 970 624 1133 697; x_wconf 87' lang='lat' dir='ltr'><strong>scripturam</strong></span> <span class='ocrx_word' id='word_1_62' title='bbox 1153 624 1303 697; x_wconf 76' lang='lat' dir='ltr'><strong>quamlibet</strong></span> <span class='ocrx_word' id='word_1_63' title='bbox 1326 624 1485 682; x_wconf 83' lang='lat' dir='ltr'><strong>memoriter</strong></span> <span class='ocrx_word' id='word_1_64' title='bbox 1507 622 1688 692; x_wconf 88' lang='lat' dir='ltr'><strong>recensendo,</strong></span> <span class='ocrx_word' id='word_1_65' title='bbox 1713 638 1771 680; x_wconf 91' lang='lat' dir='ltr'><strong>non</strong></span> 
     </span>
     <span class='ocr_line' id='line_1_6' title="bbox 111 711 1771 792; baseline 0.001 -20"><span class='ocrx_word' id='word_1_66' title='bbox 111 711 350 772; x_wconf 73' lang='lat' dir='ltr'><strong>teriomsliomiuis</strong></span> <span class='ocrx_word' id='word_1_67' title='bbox 372 713 502 785; x_wconf 89' lang='lat' dir='ltr'><strong>stipendia</strong></span> <span class='ocrx_word' id='word_1_68' title='bbox 515 730 581 772; x_wconf 87' lang='lat' dir='ltr'><strong>cum</strong></span> <span class='ocrx_word' id='word_1_69' title='bbox 593 715 788 775; x_wconf 74' lang='lat' dir='ltr'><strong>emolumentis</strong></span> <span class='ocrx_word' id='word_1_70' title='bbox 808 717 917 775; x_wconf 83' lang='lat' dir='ltr'><strong>interio-</strong></span> <span class='ocrx_word' id='word_1_71' title='bbox 970 719 1060 775; x_wconf 91' lang='lat' dir='ltr'><strong>solum</strong></span> <span class='ocrx_word' id='word_1_72' title='bbox 1081 718 1273 792; x_wconf 86' lang='lat' dir='ltr'><strong>conspirationi</strong></span> <span class='ocrx_word' id='word_1_73' title='bbox 1292 719 1393 787; x_wconf 73' lang='lat' dir='ltr'><strong>nous,</strong></span> <span class='ocrx_word' id='word_1_74' title='bbox 1416 718 1457 775; x_wconf 82' lang='lat' dir='ltr'><strong>vel</strong></span> <span class='ocrx_word' id='word_1_75' title='bbox 1479 716 1590 774; x_wconf 80' lang='lat' dir='ltr'><strong>musilis</strong></span> <span class='ocrx_word' id='word_1_76' title='bbox 1603 716 1706 790; x_wconf 83' lang='lat' dir='ltr'><strong>pravis,</strong></span> <span class='ocrx_word' id='word_1_77' title='bbox 1721 715 1771 774; x_wconf 87' lang='lat' dir='ltr'><strong>sed</strong></span> 
     </span>
     <span class='ocr_line' id='line_1_7' title="bbox 110 804 1771 885; baseline 0.001 -20"><span class='ocrx_word' id='word_1_78' title='bbox 110 805 150 865; x_wconf 87' lang='lat' dir='ltr'><strong>ris</strong></span> <span class='ocrx_word' id='word_1_79' title='bbox 163 812 326 878; x_wconf 85' lang='lat' dir='ltr'><strong>exaequant,</strong></span> <span class='ocrx_word' id='word_1_80' title='bbox 339 804 447 861; x_wconf 77' lang='lat' dir='ltr'><strong>lubricis</strong></span> <span class='ocrx_word' id='word_1_81' title='bbox 462 807 587 865; x_wconf 92' lang='lat' dir='ltr'><strong>motibus</strong></span> <span class='ocrx_word' id='word_1_82' title='bbox 600 808 731 866; x_wconf 88' lang='lat' dir='ltr'><strong>cordiset</strong></span> <span class='ocrx_word' id='word_1_83' title='bbox 745 809 915 867; x_wconf 88' lang='lat' dir='ltr'><strong>iluctuationi</strong></span> <span class='ocrx_word' id='word_1_84' title='bbox 969 825 1020 868; x_wconf 90' lang='lat' dir='ltr'><strong>nec</strong></span> <span class='ocrx_word' id='word_1_85' title='bbox 1041 811 1136 869; x_wconf 88' lang='lat' dir='ltr'><strong>otiosis</strong></span> <span class='ocrx_word' id='word_1_86' title='bbox 1160 812 1271 885; x_wconf 92' lang='lat' dir='ltr'><strong>quidem</strong></span> <span class='ocrx_word' id='word_1_87' title='bbox 1298 811 1454 885; x_wconf 87' lang='lat' dir='ltr'><strong>colloquiis,</strong></span> <span class='ocrx_word' id='word_1_88' title='bbox 1480 812 1565 867; x_wconf 91' lang='lat' dir='ltr'><strong>ullam</strong></span> <span class='ocrx_word' id='word_1_89' title='bbox 1591 809 1698 882; x_wconf 88' lang='lat' dir='ltr'><strong>copiam</strong></span> <span class='ocrx_word' id='word_1_90' title='bbox 1729 809 1771 867; x_wconf 80' lang='lat' dir='ltr'><strong>vel</strong></span> 
     </span>
     <span class='ocr_line' id='line_1_8' title="bbox 108 898 1770 978; baseline 0.001 -21"><span class='ocrx_word' id='word_1_91' title='bbox 108 898 313 973; x_wconf 83' lang='lat' dir='ltr'><strong>cogitationum</strong></span> <span class='ocrx_word' id='word_1_92' title='bbox 350 898 484 967; x_wconf 76' lang='lat' dir='ltr'><strong>instabili,</strong></span> <span class='ocrx_word' id='word_1_93' title='bbox 519 916 636 974; x_wconf 90' lang='lat' dir='ltr'><strong>operum</strong></span> <span class='ocrx_word' id='word_1_94' title='bbox 669 902 805 975; x_wconf 86' lang='lat' dir='ltr'><strong>pondera,</strong></span> <span class='ocrx_word' id='word_1_95' title='bbox 842 903 915 961; x_wconf 80' lang='lat' dir='ltr'><strong>velut</strong></span> <span class='ocrx_word' id='word_1_96' title='bbox 967 913 1076 978; x_wconf 92' lang='lat' dir='ltr'><strong>tempus</strong></span> <span class='ocrx_word' id='word_1_97' title='bbox 1099 905 1252 978; x_wconf 89' lang='lat' dir='ltr'><strong>impartiat,</strong></span> <span class='ocrx_word' id='word_1_98' title='bbox 1276 905 1333 963; x_wconf 88' lang='lat' dir='ltr'><strong>oris</strong></span> <span class='ocrx_word' id='word_1_99' title='bbox 1352 905 1453 978; x_wconf 87' lang='lat' dir='ltr'><strong>pariter</strong></span> <span class='ocrx_word' id='word_1_100' title='bbox 1466 912 1494 961; x_wconf 90' lang='lat' dir='ltr'><strong>et</strong></span> <span class='ocrx_word' id='word_1_101' title='bbox 1514 903 1605 960; x_wconf 90' lang='lat' dir='ltr'><strong>cordis</strong></span> <span class='ocrx_word' id='word_1_102' title='bbox 1626 903 1719 960; x_wconf 91' lang='lat' dir='ltr'><strong>oillcio</strong></span> <span class='ocrx_word' id='word_1_103' title='bbox 1743 903 1770 959; x_wconf 90' lang='lat' dir='ltr'><strong>in</strong></span> 
     </span>
     <span class='ocr_line' id='line_1_9' title="bbox 107 990 1771 1071; baseline 0.002 -22"><span class='ocrx_word' id='word_1_104' title='bbox 107 992 260 1067; x_wconf 79' lang='lat' dir='ltr'><strong>quamdam</strong></span> <span class='ocrx_word' id='word_1_105' title='bbox 273 1001 407 1063; x_wconf 89' lang='lat' dir='ltr'><strong>tenacem,</strong></span> <span class='ocrx_word' id='word_1_106' title='bbox 415 1004 498 1066; x_wconf 91' lang='lat' dir='ltr'><strong>atque</strong></span> <span class='ocrx_word' id='word_1_107' title='bbox 509 995 679 1054; x_wconf 86' lang='lat' dir='ltr'><strong>immobilem</strong></span> <span class='ocrx_word' id='word_1_108' title='bbox 690 997 912 1071; x_wconf 77' lang='lat' dir='ltr'><strong>anchoramprae·</strong></span> <span class='ocrx_word' id='word_1_109' title='bbox 968 998 1145 1055; x_wconf 90' lang='lat' dir='ltr'><strong>meditatione</strong></span> <span class='ocrx_word' id='word_1_110' title='bbox 1150 997 1263 1071; x_wconf 88' lang='lat' dir='ltr'><strong>spiritali</strong></span> <span class='ocrx_word' id='word_1_111' title='bbox 1273 998 1373 1071; x_wconf 87' lang='lat' dir='ltr'><strong>jugiter</strong></span> <span class='ocrx_word' id='word_1_112' title='bbox 1386 1005 1530 1070; x_wconf 90' lang='lat' dir='ltr'><strong>occupato.</strong></span> <span class='ocrx_word' id='word_1_113' title='bbox 1543 990 1557 1030; x_wconf 49' lang='grc' dir='ltr'><strong><em>Β</em></strong></span> <span class='ocrx_word' id='word_1_114' title='bbox 1568 997 1681 1053; x_wconf 88' lang='lat' dir='ltr'><strong>Summa</strong></span> <span class='ocrx_word' id='word_1_115' title='bbox 1695 1011 1771 1052; x_wconf 91' lang='lat' dir='ltr'><strong>nam·</strong></span> 
     </span>
     <span class='ocr_line' id='line_1_10' title="bbox 112 1087 1769 1163; baseline 0.002 -20"><span class='ocrx_word' id='word_1_116' title='bbox 112 1087 241 1161; x_wconf 76' lang='lat' dir='ltr'><strong>figentes,</strong></span> <span class='ocrx_word' id='word_1_117' title='bbox 257 1088 301 1144; x_wconf 90' lang='lat' dir='ltr'><strong>cui</strong></span> <span class='ocrx_word' id='word_1_118' title='bbox 323 1088 478 1145; x_wconf 81' lang='lat' dir='ltr'><strong>volubilitas</strong></span> <span class='ocrx_word' id='word_1_119' title='bbox 491 1105 523 1146; x_wconf 89' lang='lat' dir='ltr'><strong>ac</strong></span> <span class='ocrx_word' id='word_1_120' title='bbox 537 1091 689 1163; x_wconf 76' lang='lat' dir='ltr'><strong>pervagatio</strong></span> <span class='ocrx_word' id='word_1_121' title='bbox 713 1092 803 1150; x_wconf 88' lang='lat' dir='ltr'><strong>cordis</strong></span> <span class='ocrx_word' id='word_1_122' title='bbox 816 1092 913 1151; x_wconf 79' lang='lat' dir='ltr'><strong>innexa</strong></span> <span class='ocrx_word' id='word_1_123' title='bbox 968 1106 1022 1163; x_wconf 92' lang='lat' dir='ltr'><strong>que</strong></span> <span class='ocrx_word' id='word_1_124' title='bbox 1045 1092 1216 1150; x_wconf 85' lang='lat' dir='ltr'><strong>observantia</strong></span> <span class='ocrx_word' id='word_1_125' title='bbox 1233 1090 1397 1160; x_wconf 76' lang='lat' dir='ltr'><strong>custoditur,</strong></span> <span class='ocrx_word' id='word_1_126' title='bbox 1414 1105 1449 1146; x_wconf 86' lang='lat' dir='ltr'><strong>ne</strong></span> <span class='ocrx_word' id='word_1_127' title='bbox 1462 1090 1608 1162; x_wconf 84' lang='lat' dir='ltr'><strong>quisquam</strong></span> <span class='ocrx_word' id='word_1_128' title='bbox 1619 1104 1684 1145; x_wconf 89' lang='lat' dir='ltr'><strong>cum</strong></span> <span class='ocrx_word' id='word_1_129' title='bbox 1701 1089 1769 1158; x_wconf 89' lang='lat' dir='ltr'><strong>alio,</strong></span> 
     </span>
     <span class='ocr_line' id='line_1_11' title="bbox 108 1180 1771 1258; baseline 0.001 -21"><span class='ocrx_word' id='word_1_130' title='bbox 108 1181 185 1238; x_wconf 83' lang='lat' dir='ltr'><strong>intra</strong></span> <span class='ocrx_word' id='word_1_131' title='bbox 197 1181 272 1239; x_wconf 79' lang='lat' dir='ltr'><strong>ceilae</strong></span> <span class='ocrx_word' id='word_1_132' title='bbox 288 1181 414 1247; x_wconf 83' lang='lat' dir='ltr'><strong>claustra,</strong></span> <span class='ocrx_word' id='word_1_133' title='bbox 428 1182 501 1239; x_wconf 83' lang='lat' dir='ltr'><strong>velut</strong></span> <span class='ocrx_word' id='word_1_134' title='bbox 523 1182 549 1239; x_wconf 91' lang='lat' dir='ltr'><strong>io</strong></span> <span class='ocrx_word' id='word_1_135' title='bbox 565 1193 646 1257; x_wconf 92' lang='lat' dir='ltr'><strong>portu</strong></span> <span class='ocrx_word' id='word_1_136' title='bbox 670 1184 802 1242; x_wconf 74' lang='lat' dir='ltr'><strong>fidissimo</strong></span> <span class='ocrx_word' id='word_1_137' title='bbox 827 1186 913 1246; x_wconf 84' lang='lat' dir='ltr'><strong>valcat</strong></span> <span class='ocrx_word' id='word_1_138' title='bbox 968 1197 1001 1239; x_wconf 82' lang='lat' dir='ltr'><strong>sc</strong></span> <span class='ocrx_word' id='word_1_139' title='bbox 1014 1183 1150 1258; x_wconf 70' lang='lat' dir='ltr'><strong>precipue</strong></span> <span class='ocrx_word' id='word_1_140' title='bbox 1165 1182 1288 1257; x_wconf 83' lang='lat' dir='ltr'><strong>juniores</strong></span> <span class='ocrx_word' id='word_1_141' title='bbox 1300 1184 1362 1252; x_wconf 80' lang='lat' dir='ltr'><strong>[At.</strong></span> <span class='ocrx_word' id='word_1_142' title='bbox 1381 1182 1522 1255; x_wconf 82' lang='lat' dir='ltr'><strong>juniorc1,</strong></span> <span class='ocrx_word' id='word_1_143' title='bbox 1535 1180 1575 1237; x_wconf 86' lang='lat' dir='ltr'><strong>vel</strong></span> <span class='ocrx_word' id='word_1_144' title='bbox 1589 1180 1624 1237; x_wconf 94' lang='lat' dir='ltr'><strong>ad</strong></span> <span class='ocrx_word' id='word_1_145' title='bbox 1639 1190 1771 1254; x_wconf 89' lang='lat' dir='ltr'><strong>punctum</strong></span> 
     </span>
     <span class='ocr_line' id='line_1_12' title="bbox 106 1273 1769 1350; baseline 0 -20"><span class='ocrx_word' id='word_1_146' title='bbox 106 1273 260 1341; x_wconf 75' lang='lat' dir='ltr'><strong>contineri3</strong></span> <span class='ocrx_word' id='word_1_147' title='bbox 286 1282 369 1345; x_wconf 88' lang='lat' dir='ltr'><strong>atque</strong></span> <span class='ocrx_word' id='word_1_148' title='bbox 393 1274 429 1330; x_wconf 91' lang='lat' dir='ltr'><strong>ita</strong></span> <span class='ocrx_word' id='word_1_149' title='bbox 455 1273 568 1347; x_wconf 85' lang='lat' dir='ltr'><strong>spiritali</strong></span> <span class='ocrx_word' id='word_1_150' title='bbox 595 1277 763 1336; x_wconf 86' lang='lat' dir='ltr'><strong>meditationi</strong></span> <span class='ocrx_word' id='word_1_151' title='bbox 788 1287 912 1349; x_wconf 88' lang='lat' dir='ltr'><strong>tantum,</strong></span> <span class='ocrx_word' id='word_1_152' title='bbox 967 1278 1097 1349; x_wconf 84' lang='lat' dir='ltr'><strong>temporis</strong></span> <span class='ocrx_word' id='word_1_153' title='bbox 1113 1277 1215 1350; x_wconf 88' lang='lat' dir='ltr'><strong>pariter</strong></span> <span class='ocrx_word' id='word_1_154' title='bbox 1234 1276 1401 1343; x_wconf 82' lang='lat' dir='ltr'><strong>substitisse,</strong></span> <span class='ocrx_word' id='word_1_155' title='bbox 1415 1281 1463 1330; x_wconf 92' lang='lat' dir='ltr'><strong>aut</strong></span> <span class='ocrx_word' id='word_1_156' title='bbox 1482 1273 1589 1346; x_wconf 88' lang='lat' dir='ltr'><strong>uspiam</strong></span> <span class='ocrx_word' id='word_1_157' title='bbox 1612 1275 1769 1341; x_wconf 85' lang='lat' dir='ltr'><strong>secessisse,</strong></span> 
     </span>
     <span class='ocr_line' id='line_1_13' title="bbox 107 1366 1768 1440; baseline -0.001 -16"><span class='ocrx_word' id='word_1_158' title='bbox 107 1375 141 1424; x_wconf 92' lang='lat' dir='ltr'><strong>et</strong></span> <span class='ocrx_word' id='word_1_159' title='bbox 154 1367 287 1424; x_wconf 86' lang='lat' dir='ltr'><strong>custodiae</strong></span> <span class='ocrx_word' id='word_1_160' title='bbox 300 1367 496 1440; x_wconf 80' lang='lat' dir='ltr'><strong>cogitationum</strong></span> <span class='ocrx_word' id='word_1_161' title='bbox 506 1369 624 1438; x_wconf 88' lang='lat' dir='ltr'><strong>intenta,</strong></span> <span class='ocrx_word' id='word_1_162' title='bbox 637 1387 692 1427; x_wconf 89' lang='lat' dir='ltr'><strong>aon</strong></span> <span class='ocrx_word' id='word_1_163' title='bbox 705 1371 789 1430; x_wconf 89' lang='lat' dir='ltr'><strong>modo</strong></span> <span class='ocrx_word' id='word_1_164' title='bbox 803 1373 838 1430; x_wconf 86' lang='lat' dir='ltr'><strong>ad</strong></span> <span class='ocrx_word' id='word_1_165' title='bbox 850 1389 914 1432; x_wconf 92' lang='lat' dir='ltr'><strong>con·</strong></span> <span class='ocrx_word' id='word_1_166' title='bbox 968 1371 1010 1429; x_wconf 85' lang='lat' dir='ltr'><strong>vel</strong></span> <span class='ocrx_word' id='word_1_167' title='bbox 1023 1387 1120 1430; x_wconf 89' lang='lat' dir='ltr'><strong>manus</strong></span> <span class='ocrx_word' id='word_1_168' title='bbox 1131 1387 1194 1429; x_wconf 89' lang='lat' dir='ltr'><strong>suas</strong></span> <span class='ocrx_word' id='word_1_169' title='bbox 1204 1371 1322 1427; x_wconf 86' lang='lat' dir='ltr'><strong>invicem</strong></span> <span class='ocrx_word' id='word_1_170' title='bbox 1344 1368 1462 1427; x_wconf 88' lang='lat' dir='ltr'><strong>tenuisse</strong></span> <span class='ocrx_word' id='word_1_171' title='bbox 1476 1366 1724 1440; x_wconf 87' lang='lat' dir='ltr'><strong>deprehendantur.</strong></span> <span class='ocrx_word' id='word_1_172' title='bbox 1740 1368 1768 1424; x_wconf 89' lang='lat' dir='ltr'><strong>Si</strong></span> 
     </span>
     <span class='ocr_line' id='line_1_14' title="bbox 106 1452 1767 1541; baseline 0 -24"><span class='ocrx_word' id='word_1_173' title='bbox 106 1475 222 1517; x_wconf 86' lang='lat' dir='ltr'><strong>sensum</strong></span> <span class='ocrx_word' id='word_1_174' title='bbox 251 1475 347 1533; x_wconf 79' lang='lat' dir='ltr'><strong>pravae</strong></span> <span class='ocrx_word' id='word_1_175' title='bbox 384 1461 515 1534; x_wconf 83' lang='lat' dir='ltr'><strong>cujusque</strong></span> <span class='ocrx_word' id='word_1_176' title='bbox 549 1452 730 1536; x_wconf 78' lang='lat' dir='ltr'><strong>suggestionis</strong></span> <span class='ocrx_word' id='word_1_177' title='bbox 758 1467 914 1541; x_wconf 88' lang='lat' dir='ltr'><strong>pervigilem</strong></span> <span class='ocrx_word' id='word_1_178' title='bbox 966 1465 1095 1537; x_wconf 80' lang='lat' dir='ltr'><strong>quivero</strong></span> <span class='ocrx_word' id='word_1_179' title='bbox 1117 1473 1213 1522; x_wconf 90' lang='lat' dir='ltr'><strong>contra</strong></span> <span class='ocrx_word' id='word_1_180' title='bbox 1237 1463 1320 1538; x_wconf 74' lang='lat' dir='ltr'><strong>buius</strong></span> <span class='ocrx_word' id='word_1_181' title='bbox 1345 1462 1445 1536; x_wconf 82' lang='lat' dir='ltr'><strong>regulae</strong></span> <span class='ocrx_word' id='word_1_182' title='bbox 1467 1459 1654 1532; x_wconf 85' lang='lat' dir='ltr'><strong>disciplinam,</strong></span> <span class='ocrx_word' id='word_1_183' title='bbox 1667 1460 1767 1531; x_wconf 89' lang='lat' dir='ltr'><strong>reperti</strong></span> 
     </span>
     <span class='ocr_line' id='line_1_15' title="bbox 108 1552 1767 1631; baseline 0.001 -23"><span class='ocrx_word' id='word_1_184' title='bbox 108 1562 235 1609; x_wconf 90' lang='lat' dir='ltr'><strong>mentem</strong></span> <span class='ocrx_word' id='word_1_185' title='bbox 246 1569 374 1610; x_wconf 88' lang='lat' dir='ltr'><strong>corruere</strong></span> <span class='ocrx_word' id='word_1_186' title='bbox 398 1570 455 1610; x_wconf 93' lang='lat' dir='ltr'><strong>non</strong></span> <span class='ocrx_word' id='word_1_187' title='bbox 476 1555 562 1626; x_wconf 84' lang='lat' dir='ltr'><strong>sinat,</strong></span> <span class='ocrx_word' id='word_1_188' title='bbox 577 1558 767 1616; x_wconf 84' lang='lat' dir='ltr'><strong>verumetiam</strong></span> <span class='ocrx_word' id='word_1_189' title='bbox 782 1558 816 1616; x_wconf 90' lang='lat' dir='ltr'><strong>ab</strong></span> <span class='ocrx_word' id='word_1_190' title='bbox 837 1561 914 1618; x_wconf 91' lang='lat' dir='ltr'><strong>omni</strong></span> <span class='ocrx_word' id='word_1_191' title='bbox 968 1555 1070 1616; x_wconf 69' lang='lat' dir='ltr'><strong>ineunt</strong></span> <span class='ocrx_word' id='word_1_192' title='bbox 1082 1557 1183 1631; x_wconf 91' lang='lat' dir='ltr'><strong>aliquid</strong></span> <span class='ocrx_word' id='word_1_193' title='bbox 1193 1573 1226 1615; x_wconf 84' lang='lat' dir='ltr'><strong>es</strong></span> <span class='ocrx_word' id='word_1_194' title='bbox 1239 1557 1281 1614; x_wconf 90' lang='lat' dir='ltr'><strong>bis</strong></span> <span class='ocrx_word' id='word_1_195' title='bbox 1300 1572 1361 1629; x_wconf 86' lang='lat' dir='ltr'><strong>quae</strong></span> <span class='ocrx_word' id='word_1_196' title='bbox 1375 1554 1515 1612; x_wconf 91' lang='lat' dir='ltr'><strong>interdicta</strong></span> <span class='ocrx_word' id='word_1_197' title='bbox 1525 1561 1600 1621; x_wconf 90' lang='lat' dir='ltr'><strong>sunt,</strong></span> <span class='ocrx_word' id='word_1_198' title='bbox 1613 1552 1767 1621; x_wconf 87' lang='lat' dir='ltr'><strong>admisisse,</strong></span> 
     </span>
     <span class='ocr_line' id='line_1_16' title="bbox 106 1646 1768 1723; baseline -0.001 -19"><span class='ocrx_word' id='word_1_199' title='bbox 106 1647 268 1719; x_wconf 81' lang='lat' dir='ltr'><strong>snperllua,</strong></span> <span class='ocrx_word' id='word_1_200' title='bbox 283 1649 426 1720; x_wconf 86' lang='lat' dir='ltr'><strong>otiosaque</strong></span> <span class='ocrx_word' id='word_1_201' title='bbox 449 1649 614 1722; x_wconf 86' lang='lat' dir='ltr'><strong>cogitatione</strong></span> <span class='ocrx_word' id='word_1_202' title='bbox 638 1652 787 1722; x_wconf 73' lang='lat' dir='ltr'><strong>custodisti</strong></span> <span class='ocrx_word' id='word_1_203' title='bbox 813 1654 851 1710; x_wconf 90' lang='lat' dir='ltr'><strong>ita</strong></span> <span class='ocrx_word' id='word_1_204' title='bbox 881 1662 912 1712; x_wconf 93' lang='lat' dir='ltr'><strong>ut</strong></span> <span class='ocrx_word' id='word_1_205' title='bbox 967 1661 998 1709; x_wconf 90' lang='lat' dir='ltr'><strong>ut</strong></span> <span class='ocrx_word' id='word_1_206' title='bbox 1012 1660 1195 1721; x_wconf 91' lang='lat' dir='ltr'><strong>contumaces,</strong></span> <span class='ocrx_word' id='word_1_207' title='bbox 1209 1667 1241 1707; x_wconf 92' lang='lat' dir='ltr'><strong>ac</strong></span> <span class='ocrx_word' id='word_1_208' title='bbox 1253 1649 1473 1723; x_wconf 68' lang='lat' dir='ltr'><strong>prevaricatores</strong></span> <span class='ocrx_word' id='word_1_209' title='bbox 1489 1646 1681 1704; x_wconf 90' lang='lat' dir='ltr'><strong>mandatorum</strong></span> <span class='ocrx_word' id='word_1_210' title='bbox 1691 1687 1700 1716; x_wconf 94' lang='lat'><strong>,</strong></span> <span class='ocrx_word' id='word_1_211' title='bbox 1712 1662 1768 1703; x_wconf 91' lang='lat' dir='ltr'><strong>uon</strong></span> 
     </span>
     <span class='ocr_line' id='line_1_17' title="bbox 105 1711 1768 1820; baseline 0.001 -24"><span class='ocrx_word' id='word_1_212' title='bbox 105 1739 225 1812; x_wconf 83' lang='lat' dir='ltr'><strong>quidex</strong></span> <span class='ocrx_word' id='word_1_213' title='bbox 241 1756 297 1813; x_wconf 95' lang='lat' dir='ltr'><strong>quo</strong></span> <span class='ocrx_word' id='word_1_214' title='bbox 317 1741 442 1809; x_wconf 87' lang='lat' dir='ltr'><strong>pendeat,</strong></span> <span class='ocrx_word' id='word_1_215' title='bbox 457 1741 530 1800; x_wconf 91' lang='lat' dir='ltr'><strong>baud</strong></span> <span class='ocrx_word' id='word_1_216' title='bbox 544 1742 620 1801; x_wconf 90' lang='lat' dir='ltr'><strong>iacile</strong></span> <span class='ocrx_word' id='word_1_217' title='bbox 639 1745 753 1818; x_wconf 85' lang='lat' dir='ltr'><strong>possita</strong></span> <span class='ocrx_word' id='word_1_218' title='bbox 773 1762 912 1820; x_wconf 89' lang='lat' dir='ltr'><strong>quoquam</strong></span> <span class='ocrx_word' id='word_1_219' title='bbox 928 1711 952 1774; x_wconf 71' lang='lat' dir='ltr'>B</span> <span class='ocrx_word' id='word_1_220' title='bbox 968 1744 1033 1801; x_wconf 88' lang='lat' dir='ltr'><strong>levis</strong></span> <span class='ocrx_word' id='word_1_221' title='bbox 1045 1746 1132 1818; x_wconf 85' lang='lat' dir='ltr'><strong>culpae</strong></span> <span class='ocrx_word' id='word_1_222' title='bbox 1151 1745 1190 1802; x_wconf 90' lang='lat' dir='ltr'><strong>rei</strong></span> <span class='ocrx_word' id='word_1_223' title='bbox 1204 1744 1385 1818; x_wconf 88' lang='lat' dir='ltr'><strong>pronuntiati,</strong></span> <span class='ocrx_word' id='word_1_224' title='bbox 1399 1742 1553 1815; x_wconf 88' lang='lat' dir='ltr'><strong>suspicione</strong></span> <span class='ocrx_word' id='word_1_225' title='bbox 1568 1741 1649 1796; x_wconf 90' lang='lat' dir='ltr'><strong>etiam</strong></span> <span class='ocrx_word' id='word_1_226' title='bbox 1672 1741 1768 1814; x_wconf 88' lang='lat' dir='ltr'><strong>conju·</strong></span> 
     </span>
     <span class='ocr_line' id='line_1_18' title="bbox 106 1831 1769 1913; baseline 0.001 -23"><span class='ocrx_word' id='word_1_227' title='bbox 106 1831 246 1902; x_wconf 85' lang='lat' dir='ltr'><strong>discerni,</strong></span> <span class='ocrx_word' id='word_1_228' title='bbox 261 1833 355 1902; x_wconf 81' lang='lat' dir='ltr'><strong>idest,</strong></span> <span class='ocrx_word' id='word_1_229' title='bbox 377 1844 470 1892; x_wconf 90' lang='lat' dir='ltr'><strong>utrum</strong></span> <span class='ocrx_word' id='word_1_230' title='bbox 490 1845 600 1909; x_wconf 89' lang='lat' dir='ltr'><strong>propter</strong></span> <span class='ocrx_word' id='word_1_231' title='bbox 616 1837 825 1896; x_wconf 86' lang='lat' dir='ltr'><strong>meditationem</strong></span> <span class='ocrx_word' id='word_1_232' title='bbox 839 1840 915 1913; x_wconf 87' lang='lat' dir='ltr'><strong>spiri·</strong></span> <span class='ocrx_word' id='word_1_233' title='bbox 967 1839 1090 1907; x_wconf 87' lang='lat' dir='ltr'><strong>rationis,</strong></span> <span class='ocrx_word' id='word_1_234' title='bbox 1103 1838 1231 1911; x_wconf 84' lang='lat' dir='ltr'><strong>pravique</strong></span> <span class='ocrx_word' id='word_1_235' title='bbox 1241 1836 1346 1894; x_wconf 91' lang='lat' dir='ltr'><strong>consilii</strong></span> <span class='ocrx_word' id='word_1_236' title='bbox 1360 1851 1451 1893; x_wconf 89' lang='lat' dir='ltr'><strong>carere</strong></span> <span class='ocrx_word' id='word_1_237' title='bbox 1464 1851 1520 1891; x_wconf 93' lang='lat' dir='ltr'><strong>non</strong></span> <span class='ocrx_word' id='word_1_238' title='bbox 1530 1842 1665 1907; x_wconf 89' lang='lat' dir='ltr'><strong>potarunt.</strong></span> <span class='ocrx_word' id='word_1_239' title='bbox 1679 1835 1769 1904; x_wconf 87' lang='lat' dir='ltr'><strong>Quam</strong></span> 
     </span>
     <span class='ocr_line' id='line_1_19' title="bbox 109 1926 1770 2007; baseline -0.001 -23"><span class='ocrx_word' id='word_1_240' title='bbox 109 1927 196 1984; x_wconf 85' lang='lat' dir='ltr'><strong>talem</strong></span> <span class='ocrx_word' id='word_1_241' title='bbox 207 1928 363 1985; x_wconf 76' lang='lat' dir='ltr'><strong>incessabile</strong></span> <span class='ocrx_word' id='word_1_242' title='bbox 375 1944 589 2002; x_wconf 91' lang='lat' dir='ltr'><strong>manuumopus</strong></span> <span class='ocrx_word' id='word_1_243' title='bbox 600 1941 752 2001; x_wconf 84' lang='lat' dir='ltr'><strong>exerceant,</strong></span> <span class='ocrx_word' id='word_1_244' title='bbox 760 1949 796 1989; x_wconf 89' lang='lat' dir='ltr'><strong>an</strong></span> <span class='ocrx_word' id='word_1_245' title='bbox 806 1941 916 2007; x_wconf 89' lang='lat' dir='ltr'><strong>propter</strong></span> <span class='ocrx_word' id='word_1_246' title='bbox 967 1931 1077 2003; x_wconf 89' lang='lat' dir='ltr'><strong>eulpam</strong></span> <span class='ocrx_word' id='word_1_247' title='bbox 1097 1931 1148 1988; x_wconf 91' lang='lat' dir='ltr'><strong>nisi</strong></span> <span class='ocrx_word' id='word_1_248' title='bbox 1167 1930 1293 1986; x_wconf 87' lang='lat' dir='ltr'><strong>inunum</strong></span> <span class='ocrx_word' id='word_1_249' title='bbox 1318 1928 1423 1986; x_wconf 89' lang='lat' dir='ltr'><strong>cunctis</strong></span> <span class='ocrx_word' id='word_1_250' title='bbox 1448 1926 1577 1983; x_wconf 89' lang='lat' dir='ltr'><strong>iratribus</strong></span> <span class='ocrx_word' id='word_1_251' title='bbox 1600 1926 1770 1999; x_wconf 85' lang='lat' dir='ltr'><strong>congregatis</strong></span> 
     </span>
     <span class='ocr_line' id='line_1_20' title="bbox 108 2019 1772 2103; baseline 0.001 -27"><span class='ocrx_word' id='word_1_252' title='bbox 108 2022 204 2093; x_wconf 87' lang='lat' dir='ltr'><strong>operis</strong></span> <span class='ocrx_word' id='word_1_253' title='bbox 210 2021 353 2094; x_wconf 90' lang='lat' dir='ltr'><strong>jugitatem</strong></span> <span class='ocrx_word' id='word_1_254' title='bbox 368 2031 425 2079; x_wconf 89' lang='lat' dir='ltr'><strong>tam</strong></span> <span class='ocrx_word' id='word_1_255' title='bbox 439 2026 602 2095; x_wconf 69' lang='lat' dir='ltr'><strong>pmclarum</strong></span> <span class='ocrx_word' id='word_1_256' title='bbox 618 2027 728 2100; x_wconf 88' lang='lat' dir='ltr'><strong>spiritus</strong></span> <span class='ocrx_word' id='word_1_257' title='bbox 743 2027 912 2103; x_wconf 88' lang='lat' dir='ltr'><strong>proiectum,</strong></span> <span class='ocrx_word' id='word_1_258' title='bbox 967 2023 1075 2098; x_wconf 88' lang='lat' dir='ltr'><strong>publica</strong></span> <span class='ocrx_word' id='word_1_259' title='bbox 1085 2022 1214 2083; x_wconf 86' lang='lat' dir='ltr'><strong>diluerint</strong></span> <span class='ocrx_word' id='word_1_260' title='bbox 1232 2021 1402 2095; x_wconf 73' lang='lat' dir='ltr'><strong>penitentia,</strong></span> <span class='ocrx_word' id='word_1_261' title='bbox 1415 2019 1529 2077; x_wconf 89' lang='lat' dir='ltr'><strong>orationi</strong></span> <span class='ocrx_word' id='word_1_262' title='bbox 1550 2019 1667 2076; x_wconf 81' lang='lat' dir='ltr'><strong>fratrum</strong></span> <span class='ocrx_word' id='word_1_263' title='bbox 1682 2019 1772 2077; x_wconf 91' lang='lat' dir='ltr'><strong>nullus</strong></span> 
     </span>
     <span class='ocr_line' id='line_1_21' title="bbox 110 2114 1395 2191; baseline -0.001 -20"><span class='ocrx_word' id='word_1_264' title='bbox 110 2114 289 2189; x_wconf 68' lang='lat' dir='ltr'><strong>scientiaque</strong></span> <span class='ocrx_word' id='word_1_265' title='bbox 304 2116 397 2174; x_wconf 90' lang='lat' dir='ltr'><strong>lumen</strong></span> <span class='ocrx_word' id='word_1_266' title='bbox 409 2117 558 2190; x_wconf 88' lang='lat' dir='ltr'><strong>acquirant.</strong></span> <span class='ocrx_word' id='word_1_267' title='bbox 969 2135 1067 2177; x_wconf 88' lang='lat' dir='ltr'><strong>eorum</strong></span> <span class='ocrx_word' id='word_1_268' title='bbox 1078 2119 1206 2177; x_wconf 90' lang='lat' dir='ltr'><strong>interesse</strong></span> <span class='ocrx_word' id='word_1_269' title='bbox 1219 2117 1395 2191; x_wconf 89' lang='lat' dir='ltr'><strong>permittitur.</strong></span> 
     </span>
     <span class='ocr_line' id='line_1_22' title="bbox 415 2210 1471 2284; baseline -0.003 -18"><span class='ocrx_word' id='word_1_270' title='bbox 415 2227 538 2284; x_wconf 64' lang='lat' dir='ltr'><strong>CAPUT</strong></span> <span class='ocrx_word' id='word_1_271' title='bbox 553 2229 616 2284; x_wconf 61' lang='lat' dir='ltr'><strong>xv,</strong></span> <span class='ocrx_word' id='word_1_272' title='bbox 1259 2211 1381 2267; x_wconf 80' lang='lat' dir='ltr'><strong>CAPUT</strong></span> <span class='ocrx_word' id='word_1_273' title='bbox 1395 2210 1471 2265; x_wconf 86' lang='lat' dir='ltr'><strong>xvi.</strong></span> 
     </span>
    </p>
   </div>
   <div class='ocr_carea' id='block_1_3' title="bbox 34 2302 1772 2542">
    <p class='ocr_par' dir='ltr' id='par_1_3' title="bbox 34 2302 1772 2542">
     <span class='ocr_line' id='line_1_23' title="bbox 111 2302 1736 2393; baseline -0.002 -23"><span class='ocrx_word' id='word_1_274' title='bbox 111 2316 178 2382; x_wconf 77' lang='lat' dir='ltr'><strong>Qua</strong></span> <span class='ocrx_word' id='word_1_275' title='bbox 193 2315 249 2384; x_wconf 85' lang='lat' dir='ltr'><strong>lcqe</strong></span> <span class='ocrx_word' id='word_1_276' title='bbox 260 2316 394 2371; x_wconf 64' lang='lat' dir='ltr'><strong>mmmdcc</strong></span> <span class='ocrx_word' id='word_1_277' title='bbox 407 2323 466 2388; x_wconf 85' lang='lat' dir='ltr'><strong>post</strong></span> <span class='ocrx_word' id='word_1_278' title='bbox 475 2322 631 2375; x_wconf 77' lang='lat' dir='ltr'><strong>orationum</strong></span> <span class='ocrx_word' id='word_1_279' title='bbox 642 2323 753 2377; x_wconf 85' lang='lat' dir='ltr'><strong>missam</strong></span> <span class='ocrx_word' id='word_1_280' title='bbox 767 2325 913 2393; x_wconf 78' lang='lat' dir='ltr'><strong>unusquis-</strong></span> <span class='ocrx_word' id='word_1_281' title='bbox 1002 2306 1079 2376; x_wconf 63' lang='grc' dir='ltr'><strong>ΟΜ</strong></span> <span class='ocrx_word' id='word_1_282' title='bbox 1090 2306 1161 2361; x_wconf 67' lang='lat' dir='ltr'><strong>&#39;iiim</strong></span> <span class='ocrx_word' id='word_1_283' title='bbox 1169 2319 1249 2362; x_wconf 58' lang='lat' dir='ltr'><strong>Oiai&amp;</strong></span> <span class='ocrx_word' id='word_1_284' title='bbox 1261 2320 1322 2359; x_wconf 83' lang='lat' dir='ltr'><strong>cum</strong></span> <span class='ocrx_word' id='word_1_285' title='bbox 1334 2304 1393 2366; x_wconf 57' lang='grc' dir='ltr'><strong>(ΠΟ,</strong></span> <span class='ocrx_word' id='word_1_286' title='bbox 1403 2303 1453 2386; x_wconf 75' lang='lat' dir='ltr'><strong>qiis&#39;</strong></span> <span class='ocrx_word' id='word_1_287' title='bbox 1466 2303 1554 2370; x_wconf 60' lang='lat' dir='ltr'><strong>duffii</strong></span> <span class='ocrx_word' id='word_1_288' title='bbox 1567 2304 1602 2357; x_wconf 67' lang='lat' dir='ltr'><strong>ab</strong></span> <span class='ocrx_word' id='word_1_289' title='bbox 1612 2302 1736 2356; x_wconf 80' lang='lat' dir='ltr'><strong>oratioue</strong></span> 
     </span>
     <span class='ocr_line' id='line_1_24' title="bbox 34 2375 1498 2454; baseline -0.003 -13"><span class='ocrx_word' id='word_1_290' title='bbox 34 2444 39 2452; x_wconf 71' lang='grc'><em>,</em></span> <span class='ocrx_word' id='word_1_291' title='bbox 152 2386 339 2454; x_wconf 74' lang='lat' dir='ltr'><strong>quaesiissem</strong></span> <span class='ocrx_word' id='word_1_292' title='bbox 352 2389 472 2443; x_wconf 76' lang='lat' dir='ltr'><strong>cedulam</strong></span> <span class='ocrx_word' id='word_1_293' title='bbox 481 2391 584 2453; x_wconf 81' lang='lat' dir='ltr'><strong>redeat,</strong></span> <span class='ocrx_word' id='word_1_294' title='bbox 596 2396 622 2447; x_wconf 85' lang='lat' dir='ltr'><strong>ct</strong></span> <span class='ocrx_word' id='word_1_295' title='bbox 631 2393 913 2450; x_wconf 82' lang='lat' dir='ltr'><strong>cuisubdotiiri‘ocre·</strong></span> <span class='ocrx_word' id='word_1_296' title='bbox 1240 2389 1395 2446; x_wconf 56' lang='lat' dir='ltr'><strong>wilellmi,</strong></span> <span class='ocrx_word' id='word_1_297' title='bbox 1409 2375 1498 2429; x_wconf 71' lang='lat' dir='ltr'><strong>lwffli·</strong></span> 
     </span>
     <span class='ocr_line' id='line_1_25' title="bbox 147 2458 1772 2542; baseline -0.004 -16"><span class='ocrx_word' id='word_1_298' title='bbox 147 2458 261 2526; x_wconf 60' lang='lat' dir='ltr'><strong>piisimi</strong></span> <span class='ocrx_word' id='word_1_299' title='bbox 271 2459 296 2512; x_wconf 61' lang='lat'><strong>⁸⁹⁸</strong></span> <span class='ocrx_word' id='word_1_300' title='bbox 307 2460 358 2528; x_wconf 62' lang='grc' dir='ltr'><em>Μ</em></span> <span class='ocrx_word' id='word_1_301' title='bbox 369 2460 452 2515; x_wconf 64' lang='lat' dir='ltr'><strong>aliie?</strong></span> <span class='ocrx_word' id='word_1_302' title='bbox 464 2463 570 2528; x_wconf 68' lang='lat' dir='ltr'><strong>(masi.</strong></span> <span class='ocrx_word' id='word_1_303' title='bbox 1002 2471 1072 2527; x_wconf 89' lang='lat' dir='ltr'><strong>Sane</strong></span> <span class='ocrx_word' id='word_1_304' title='bbox 1087 2467 1109 2525; x_wconf 91' lang='lat' dir='ltr'><strong>si</strong></span> <span class='ocrx_word' id='word_1_305' title='bbox 1128 2468 1189 2542; x_wconf 89' lang='lat' dir='ltr'><strong>quis</strong></span> <span class='ocrx_word' id='word_1_306' title='bbox 1208 2482 1257 2541; x_wconf 95' lang='lat' dir='ltr'><strong>pro</strong></span> <span class='ocrx_word' id='word_1_307' title='bbox 1282 2466 1405 2524; x_wconf 87' lang='lat' dir='ltr'><strong>admisso</strong></span> <span class='ocrx_word' id='word_1_308' title='bbox 1426 2464 1548 2538; x_wconf 91' lang='lat' dir='ltr'><strong>quolibet</strong></span> <span class='ocrx_word' id='word_1_309' title='bbox 1573 2463 1671 2521; x_wconf 88' lang='lat' dir='ltr'><strong>delicto</strong></span> <span class='ocrx_word' id='word_1_310' title='bbox 1692 2463 1772 2520; x_wconf 88' lang='lat' dir='ltr'><strong>iuerit</strong></span> 
     </span>
    </p>
   </div>
   <div class='ocr_carea' id='block_1_4' title="bbox 107 2555 1774 3196">
    <p class='ocr_par' dir='ltr' id='par_1_4' title="bbox 107 2555 1774 3196">
     <span class='ocr_line' id='line_1_26' title="bbox 148 2555 1770 2638; baseline 0.001 -26"><span class='ocrx_word' id='word_1_311' title='bbox 148 2555 242 2613; x_wconf 82' lang='lat' dir='ltr'><strong>Finitis</strong></span> <span class='ocrx_word' id='word_1_312' title='bbox 266 2555 357 2629; x_wconf 89' lang='lat' dir='ltr'><strong>itaque</strong></span> <span class='ocrx_word' id='word_1_313' title='bbox 372 2559 503 2629; x_wconf 80' lang='lat' dir='ltr'><strong>psalmis,</strong></span> <span class='ocrx_word' id='word_1_314' title='bbox 529 2569 556 2616; x_wconf 91' lang='lat' dir='ltr'><strong>et</strong></span> <span class='ocrx_word' id='word_1_315' title='bbox 581 2561 738 2632; x_wconf 88' lang='lat' dir='ltr'><strong>quotidiana</strong></span> <span class='ocrx_word' id='word_1_316' title='bbox 766 2578 914 2638; x_wconf 87' lang='lat' dir='ltr'><strong>congrega·</strong></span> <span class='ocrx_word' id='word_1_317' title='bbox 969 2561 1004 2618; x_wconf 91' lang='lat' dir='ltr'><strong>ab</strong></span> <span class='ocrx_word' id='word_1_318' title='bbox 1018 2560 1416 2632; x_wconf 90' lang='lat' dir='ltr'><strong>orationesuspensns,nullus</strong></span> <span class='ocrx_word' id='word_1_319' title='bbox 1436 2573 1501 2614; x_wconf 90' lang='lat' dir='ltr'><strong>cum</strong></span> <span class='ocrx_word' id='word_1_320' title='bbox 1516 2573 1549 2614; x_wconf 91' lang='lat' dir='ltr'><strong>eo</strong></span> <span class='ocrx_word' id='word_1_321' title='bbox 1562 2573 1675 2630; x_wconf 88' lang='lat' dir='ltr'><strong>prorsus</strong></span> <span class='ocrx_word' id='word_1_322' title='bbox 1689 2573 1770 2614; x_wconf 88' lang='lat' dir='ltr'><strong>oran·</strong></span> 
     </span>
     <span class='ocr_line' id='line_1_27' title="bbox 111 2649 1771 2726; baseline -0.007 -8"><span class='ocrx_word' id='word_1_323' title='bbox 111 2649 204 2717; x_wconf 62' lang='lat'><strong>⁶⁰⁰0·</strong></span> <span class='ocrx_word' id='word_1_324' title='bbox 225 2658 297 2707; x_wconf 64' lang='lat' dir='ltr'><strong>*eut</strong></span> <span class='ocrx_word' id='word_1_325' title='bbox 319 2653 444 2724; x_wconf 73' lang='lat' dir='ltr'><strong>sugemus</strong></span> <span class='ocrx_word' id='word_1_326' title='bbox 463 2655 755 2724; x_wconf 79' lang='lat' dir='ltr'><strong>commemoravimus,</strong></span> <span class='ocrx_word' id='word_1_327' title='bbox 775 2657 915 2726; x_wconf 88' lang='lat' dir='ltr'><strong>absoluta,</strong></span> <span class='ocrx_word' id='word_1_328' title='bbox 969 2655 999 2712; x_wconf 88' lang='lat' dir='ltr'><strong>di</strong></span> <span class='ocrx_word' id='word_1_329' title='bbox 1019 2655 1101 2710; x_wconf 89' lang='lat' dir='ltr'><strong>liabet</strong></span> <span class='ocrx_word' id='word_1_330' title='bbox 1115 2653 1267 2721; x_wconf 87' lang='lat' dir='ltr'><strong>licentiam,</strong></span> <span class='ocrx_word' id='word_1_331' title='bbox 1281 2655 1451 2724; x_wconf 76' lang='lat' dir='ltr'><strong>antequam⁰</strong></span> <span class='ocrx_word' id='word_1_332' title='bbox 1465 2650 1601 2708; x_wconf 91' lang='lat' dir='ltr'><strong>submissa</strong></span> <span class='ocrx_word' id='word_1_333' title='bbox 1615 2652 1642 2707; x_wconf 90' lang='lat' dir='ltr'><strong>in</strong></span> <span class='ocrx_word' id='word_1_334' title='bbox 1668 2660 1771 2707; x_wconf 88' lang='lat' dir='ltr'><strong>terram</strong></span> 
     </span>
     <span class='ocr_line' id='line_1_28' title="bbox 109 2741 1769 2822; baseline 0.002 -26"><span class='ocrx_word' id='word_1_335' title='bbox 109 2744 124 2774; x_wconf 80' lang='lat'>⁸</span> <span class='ocrx_word' id='word_1_336' title='bbox 134 2741 226 2797; x_wconf 89' lang='lat' dir='ltr'><strong>nullus</strong></span> <span class='ocrx_word' id='word_1_337' title='bbox 235 2757 332 2798; x_wconf 90' lang='lat' dir='ltr'><strong>eorum</strong></span> <span class='ocrx_word' id='word_1_338' title='bbox 342 2744 384 2800; x_wconf 84' lang='lat' dir='ltr'><strong>rel</strong></span> <span class='ocrx_word' id='word_1_339' title='bbox 393 2743 428 2801; x_wconf 90' lang='lat' dir='ltr'><strong>ad</strong></span> <span class='ocrx_word' id='word_1_340' title='bbox 440 2745 580 2802; x_wconf 91' lang='lat' dir='ltr'><strong>modicum</strong></span> <span class='ocrx_word' id='word_1_341' title='bbox 591 2747 801 2817; x_wconf 90' lang='lat' dir='ltr'><strong>subsistere,aut</strong></span> <span class='ocrx_word' id='word_1_342' title='bbox 809 2764 915 2806; x_wconf 88' lang='lat' dir='ltr'><strong>sermo·</strong></span> <span class='ocrx_word' id='word_1_343' title='bbox 970 2748 1144 2822; x_wconf 75' lang='lat' dir='ltr'><strong>punitentia,</strong></span> <span class='ocrx_word' id='word_1_344' title='bbox 1158 2747 1341 2804; x_wconf 85' lang='lat' dir='ltr'><strong>reconciliatio</strong></span> <span class='ocrx_word' id='word_1_345' title='bbox 1354 2746 1428 2818; x_wconf 77' lang='lat' dir='ltr'><strong>aius,</strong></span> <span class='ocrx_word' id='word_1_346' title='bbox 1443 2753 1472 2802; x_wconf 89' lang='lat' dir='ltr'><strong>et</strong></span> <span class='ocrx_word' id='word_1_347' title='bbox 1495 2744 1605 2801; x_wconf 88' lang='lat' dir='ltr'><strong>admissi</strong></span> <span class='ocrx_word' id='word_1_348' title='bbox 1623 2745 1700 2800; x_wconf 87' lang='lat' dir='ltr'><strong>vania</strong></span> <span class='ocrx_word' id='word_1_349' title='bbox 1721 2760 1769 2800; x_wconf 93' lang='lat' dir='ltr'><strong>co·</strong></span> 
     </span>
     <span class='ocr_line' id='line_1_29' title="bbox 110 2833 1770 2914; baseline 0.001 -24"><span class='ocrx_word' id='word_1_350' title='bbox 110 2833 195 2891; x_wconf 91' lang='lat' dir='ltr'><strong>cinari</strong></span> <span class='ocrx_word' id='word_1_351' title='bbox 208 2834 290 2892; x_wconf 90' lang='lat' dir='ltr'><strong>audet</strong></span> <span class='ocrx_word' id='word_1_352' title='bbox 308 2852 373 2893; x_wconf 93' lang='lat' dir='ltr'><strong>cum</strong></span> <span class='ocrx_word' id='word_1_353' title='bbox 390 2836 559 2896; x_wconf 81' lang='lat' dir='ltr'><strong>alteroised</strong></span> <span class='ocrx_word' id='word_1_354' title='bbox 576 2855 612 2896; x_wconf 91' lang='lat' dir='ltr'><strong>ne</strong></span> <span class='ocrx_word' id='word_1_355' title='bbox 625 2840 736 2913; x_wconf 91' lang='lat' dir='ltr'><strong>quidem</strong></span> <span class='ocrx_word' id='word_1_356' title='bbox 757 2857 806 2914; x_wconf 92' lang='lat' dir='ltr'><strong>per</strong></span> <span class='ocrx_word' id='word_1_357' title='bbox 820 2849 911 2899; x_wconf 92' lang='lat' dir='ltr'><strong>totum</strong></span> <span class='ocrx_word' id='word_1_358' title='bbox 971 2859 1031 2899; x_wconf 92' lang='lat' dir='ltr'><strong>ram</strong></span> <span class='ocrx_word' id='word_1_359' title='bbox 1048 2842 1177 2899; x_wconf 89' lang='lat' dir='ltr'><strong>iratribus</strong></span> <span class='ocrx_word' id='word_1_360' title='bbox 1188 2840 1307 2907; x_wconf 91' lang='lat' dir='ltr'><strong>cunctis,</strong></span> <span class='ocrx_word' id='word_1_361' title='bbox 1322 2838 1429 2912; x_wconf 90' lang='lat' dir='ltr'><strong>publice</strong></span> <span class='ocrx_word' id='word_1_362' title='bbox 1448 2837 1528 2894; x_wconf 88' lang='lat' dir='ltr'><strong>iucrit</strong></span> <span class='ocrx_word' id='word_1_363' title='bbox 1541 2839 1575 2893; x_wconf 91' lang='lat' dir='ltr'><strong>ab</strong></span> <span class='ocrx_word' id='word_1_364' title='bbox 1590 2835 1689 2892; x_wconf 90' lang='lat' dir='ltr'><strong>abbate</strong></span> <span class='ocrx_word' id='word_1_365' title='bbox 1702 2851 1770 2892; x_wconf 92' lang='lat' dir='ltr'><strong>con·</strong></span> 
     </span>
     <span class='ocr_line' id='line_1_30' title="bbox 109 2928 1774 3008; baseline -0.001 -22"><span class='ocrx_word' id='word_1_366' title='bbox 109 2929 165 2986; x_wconf 89' lang='lat' dir='ltr'><strong>diei</strong></span> <span class='ocrx_word' id='word_1_367' title='bbox 176 2931 323 3000; x_wconf 88' lang='lat' dir='ltr'><strong>spatiume</strong></span> <span class='ocrx_word' id='word_1_368' title='bbox 344 2931 412 2989; x_wconf 89' lang='lat' dir='ltr'><strong>cella</strong></span> <span class='ocrx_word' id='word_1_369' title='bbox 432 2949 481 2990; x_wconf 88' lang='lat' dir='ltr'><strong>sua</strong></span> <span class='ocrx_word' id='word_1_370' title='bbox 493 2935 635 3008; x_wconf 88' lang='lat' dir='ltr'><strong>progredi,</strong></span> <span class='ocrx_word' id='word_1_371' title='bbox 648 2945 696 2993; x_wconf 89' lang='lat' dir='ltr'><strong>aot</strong></span> <span class='ocrx_word' id='word_1_372' title='bbox 710 2937 834 2994; x_wconf 87' lang='lat' dir='ltr'><strong>deserere</strong></span> <span class='ocrx_word' id='word_1_373' title='bbox 848 2952 917 3008; x_wconf 89' lang='lat' dir='ltr'><strong>opus</strong></span> <span class='ocrx_word' id='word_1_374' title='bbox 970 2951 1056 2993; x_wconf 85' lang='lat' dir='ltr'><strong>cessa.</strong></span> <span class='ocrx_word' id='word_1_375' title='bbox 1069 2934 1114 2992; x_wconf 92' lang='lat' dir='ltr'><strong>Ob</strong></span> <span class='ocrx_word' id='word_1_376' title='bbox 1135 2934 1190 2991; x_wconf 90' lang='lat' dir='ltr'><strong>boc</strong></span> <span class='ocrx_word' id='word_1_377' title='bbox 1209 2948 1329 3005; x_wconf 88' lang='lat' dir='ltr'><strong>namque</strong></span> <span class='ocrx_word' id='word_1_378' title='bbox 1346 2931 1394 2988; x_wconf 89' lang='lat' dir='ltr'><strong>tali</strong></span> <span class='ocrx_word' id='word_1_379' title='bbox 1416 2929 1587 2987; x_wconf 87' lang='lat' dir='ltr'><strong>observantia</strong></span> <span class='ocrx_word' id='word_1_380' title='bbox 1611 2928 1774 2999; x_wconf 88' lang='lat' dir='ltr'><strong>semetipsos</strong></span> 
     </span>
     <span class='ocr_line' id='line_1_31' title="bbox 109 3021 1769 3101; baseline 0 -24"><span class='ocrx_word' id='word_1_381' title='bbox 109 3021 187 3092; x_wconf 89' lang='lat' dir='ltr'><strong>quod</strong></span> <span class='ocrx_word' id='word_1_382' title='bbox 201 3023 229 3077; x_wconf 92' lang='lat' dir='ltr'><strong>in</strong></span> <span class='ocrx_word' id='word_1_383' title='bbox 243 3038 274 3079; x_wconf 82' lang='lat' dir='ltr'><strong>aa</strong></span> <span class='ocrx_word' id='word_1_384' title='bbox 288 3023 386 3081; x_wconf 91' lang='lat' dir='ltr'><strong>solitus</strong></span> <span class='ocrx_word' id='word_1_385' title='bbox 398 3032 440 3082; x_wconf 89' lang='lat' dir='ltr'><strong>est</strong></span> <span class='ocrx_word' id='word_1_386' title='bbox 459 3041 595 3096; x_wconf 83' lang='lat' dir='ltr'><strong>exercere,</strong></span> <span class='ocrx_word' id='word_1_387' title='bbox 609 3030 768 3101; x_wconf 80' lang='lat' dir='ltr'><strong>praesumit,</strong></span> <span class='ocrx_word' id='word_1_388' title='bbox 782 3030 832 3086; x_wconf 88' lang='lat' dir='ltr'><strong>nisi</strong></span> <span class='ocrx_word' id='word_1_389' title='bbox 846 3028 917 3088; x_wconf 88' lang='lat' dir='ltr'><strong>iorte</strong></span> <span class='ocrx_word' id='word_1_390' title='bbox 971 3029 1005 3086; x_wconf 91' lang='lat' dir='ltr'><strong>ab</strong></span> <span class='ocrx_word' id='word_1_391' title='bbox 1024 3028 1154 3086; x_wconf 87' lang='lat' dir='ltr'><strong>orationis</strong></span> <span class='ocrx_word' id='word_1_392' title='bbox 1170 3028 1231 3100; x_wconf 84' lang='lat' dir='ltr'><strong>ejus</strong></span> <span class='ocrx_word' id='word_1_393' title='bbox 1248 3025 1388 3084; x_wconf 88' lang='lat' dir='ltr'><strong>consortio</strong></span> <span class='ocrx_word' id='word_1_394' title='bbox 1404 3031 1562 3096; x_wconf 87' lang='lat' dir='ltr'><strong>segregant,</strong></span> <span class='ocrx_word' id='word_1_395' title='bbox 1577 3030 1659 3092; x_wconf 89' lang='lat' dir='ltr'><strong>atque</strong></span> <span class='ocrx_word' id='word_1_396' title='bbox 1677 3035 1769 3077; x_wconf 91' lang='lat' dir='ltr'><strong>secer·</strong></span> 
     </span>
     <span class='ocr_line' id='line_1_32' title="bbox 107 3110 1773 3196; baseline 0.001 -25"><span class='ocrx_word' id='word_1_397' title='bbox 107 3129 176 3172; x_wconf 91' lang='lat' dir='ltr'><strong>cum</strong></span> <span class='ocrx_word' id='word_1_398' title='bbox 199 3114 299 3174; x_wconf 89' lang='lat' dir='ltr'><strong>inerint</strong></span> <span class='ocrx_word' id='word_1_399' title='bbox 316 3117 351 3176; x_wconf 93' lang='lat' dir='ltr'><strong>ad</strong></span> <span class='ocrx_word' id='word_1_400' title='bbox 365 3118 489 3177; x_wconf 83' lang='lat' dir='ltr'><strong>officium</strong></span> <span class='ocrx_word' id='word_1_401' title='bbox 509 3121 651 3179; x_wconf 74' lang='lat' dir='ltr'><strong>necemarii</strong></span> <span class='ocrx_word' id='word_1_402' title='bbox 674 3123 805 3196; x_wconf 87' lang='lat' dir='ltr'><strong>cujusque</strong></span> <span class='ocrx_word' id='word_1_403' title='bbox 825 3110 950 3196; x_wconf 88' lang='lat' dir='ltr'><strong>operisC</strong></span> <span class='ocrx_word' id='word_1_404' title='bbox 968 3132 1046 3192; x_wconf 91' lang='lat' dir='ltr'><strong>nunt,</strong></span> <span class='ocrx_word' id='word_1_405' title='bbox 1059 3110 1157 3195; x_wconf 84' lang='lat' dir='ltr'><strong>quodd</strong></span> <span class='ocrx_word' id='word_1_406' title='bbox 1170 3120 1284 3179; x_wconf 86' lang='lat' dir='ltr'><strong>creduut</strong></span> <span class='ocrx_word' id='word_1_407' title='bbox 1303 3135 1366 3178; x_wconf 91' lang='lat' dir='ltr'><strong>eum</strong></span> <span class='ocrx_word' id='word_1_408' title='bbox 1379 3118 1425 3192; x_wconf 90' lang='lat' dir='ltr'><strong>qui</strong></span> <span class='ocrx_word' id='word_1_409' title='bbox 1442 3117 1477 3173; x_wconf 89' lang='lat' dir='ltr'><strong>ab</strong></span> <span class='ocrx_word' id='word_1_410' title='bbox 1491 3116 1614 3173; x_wconf 89' lang='lat' dir='ltr'><strong>oratione</strong></span> <span class='ocrx_word' id='word_1_411' title='bbox 1632 3113 1773 3187; x_wconf 90' lang='lat' dir='ltr'><strong>suspendi·</strong></span> 
     </span>
    </p>
   </div>
   <div class='ocr_carea' id='block_1_5' title="bbox 108 3288 1833 5772">
    <p class='ocr_par' dir='ltr' id='par_1_5' title="bbox 667 3288 1223 3347">
     <span class='ocr_line' id='line_1_33' title="bbox 667 3288 1223 3347; baseline -0.002 -3"><span class='ocrx_word' id='word_1_412' title='bbox 667 3290 795 3347; x_wconf 79' lang='lat' dir='ltr'><strong>statim</strong></span> <span class='ocrx_word' id='word_1_413' title='bbox 813 3290 924 3347; x_wconf 75' lang='lat' dir='ltr'><strong>GAZAEl</strong></span> <span class='ocrx_word' id='word_1_414' title='bbox 944 3288 1223 3347; x_wconf 82' lang='lat' dir='ltr'><strong>COlillEllTlllllUS.</strong></span> 
     </span>
    </p>

    <p class='ocr_par' dir='ltr' id='par_1_6' title="bbox 108 3429 1833 4497">
     <span class='ocr_line' id='line_1_34' title="bbox 150 3429 1771 3558; baseline 0 -75"><span class='ocrx_word' id='word_1_415' title='bbox 150 3431 166 3510; x_wconf 76' lang='lat'><strong>⁸.</strong></span> <span class='ocrx_word' id='word_1_416' title='bbox 179 3429 339 3510; x_wconf 78' lang='lat' dir='ltr'><strong>Exemplum</strong></span> <span class='ocrx_word' id='word_1_417' title='bbox 352 3431 490 3558; x_wconf 61' lang='lat' dir='ltr'><strong>religiosae</strong></span> <span class='ocrx_word' id='word_1_418' title='bbox 501 3432 645 3491; x_wconf 82' lang='lat' dir='ltr'><strong>modestiae</strong></span> <span class='ocrx_word' id='word_1_419' title='bbox 655 3442 682 3490; x_wconf 89' lang='lat' dir='ltr'><strong>et</strong></span> <span class='ocrx_word' id='word_1_420' title='bbox 696 3435 797 3493; x_wconf 91' lang='lat' dir='ltr'><strong>silentii</strong></span> <span class='ocrx_word' id='word_1_421' title='bbox 810 3436 839 3492; x_wconf 91' lang='lat' dir='ltr'><strong>in</strong></span> <span class='ocrx_word' id='word_1_422' title='bbox 851 3453 913 3493; x_wconf 91' lang='lat' dir='ltr'><strong>ora·</strong></span> <span class='ocrx_word' id='word_1_423' title='bbox 969 3437 1152 3499; x_wconf 75' lang='lat' dir='ltr'><strong>clristimius,</strong></span> <span class='ocrx_word' id='word_1_424' title='bbox 1173 3433 1273 3505; x_wconf 88' lang='lat' dir='ltr'><strong>inquit&#39;,</strong></span> <span class='ocrx_word' id='word_1_425' title='bbox 1289 3433 1339 3503; x_wconf 86' lang='lat' dir='ltr'><strong>qui</strong></span> <span class='ocrx_word' id='word_1_426' title='bbox 1361 3447 1378 3486; x_wconf 87' lang='lat' dir='ltr'><strong>o</strong></span> <span class='ocrx_word' id='word_1_427' title='bbox 1390 3431 1574 3489; x_wconf 85' lang='lat' dir='ltr'><strong>sacerdotibus</strong></span> <span class='ocrx_word' id='word_1_428' title='bbox 1588 3431 1771 3484; x_wconf 81' lang='lat' dir='ltr'><strong>ocoommuiii&#39;·</strong></span> 
     </span>
     <span class='ocr_line' id='line_1_35' title="bbox 108 3501 1777 3580; baseline -0.001 -26"><span class='ocrx_word' id='word_1_429' title='bbox 108 3507 198 3566; x_wconf 87' lang='lat' dir='ltr'><strong>torro,</strong></span> <span class='ocrx_word' id='word_1_430' title='bbox 214 3515 243 3555; x_wconf 90' lang='lat' dir='ltr'><strong>in</strong></span> <span class='ocrx_word' id='word_1_431' title='bbox 254 3501 331 3571; x_wconf 88' lang='lat' dir='ltr'><strong>celia,</strong></span> <span class='ocrx_word' id='word_1_432' title='bbox 349 3503 378 3558; x_wconf 91' lang='lat' dir='ltr'><strong>in</strong></span> <span class='ocrx_word' id='word_1_433' title='bbox 392 3512 522 3573; x_wconf 87' lang='lat' dir='ltr'><strong>caustro,</strong></span> <span class='ocrx_word' id='word_1_434' title='bbox 533 3504 706 3575; x_wconf 88' lang='lat' dir='ltr'><strong>dormitorio,</strong></span> <span class='ocrx_word' id='word_1_435' title='bbox 718 3505 752 3563; x_wconf 91' lang='lat' dir='ltr'><strong>dc</strong></span> <span class='ocrx_word' id='word_1_436' title='bbox 765 3523 820 3580; x_wconf 93' lang='lat' dir='ltr'><strong>quo</strong></span> <span class='ocrx_word' id='word_1_437' title='bbox 838 3508 915 3580; x_wconf 88' lang='lat' dir='ltr'><strong>plura</strong></span> <span class='ocrx_word' id='word_1_438' title='bbox 969 3513 1059 3571; x_wconf 82' lang='lat' dir='ltr'><strong>catur,</strong></span> <span class='ocrx_word' id='word_1_439' title='bbox 1074 3509 1183 3564; x_wconf 77' lang='lat' dir='ltr'><strong>Satoris</strong></span> <span class='ocrx_word' id='word_1_440' title='bbox 1196 3505 1319 3561; x_wconf 81' lang='lat' dir='ltr'><strong>traditur</strong></span> <span class='ocrx_word' id='word_1_441' title='bbox 1334 3523 1342 3558; x_wconf 76' lang='grc' dir='ltr'>ι</span> <span class='ocrx_word' id='word_1_442' title='bbox 1355 3502 1504 3573; x_wconf 83' lang='lat' dir='ltr'><strong>quomodo?</strong></span> <span class='ocrx_word' id='word_1_443' title='bbox 1516 3503 1582 3571; x_wconf 85' lang='lat' dir='ltr'><strong>quio</strong></span> <span class='ocrx_word' id='word_1_444' title='bbox 1592 3504 1672 3555; x_wconf 82' lang='lat' dir='ltr'><strong>estro</strong></span> <span class='ocrx_word' id='word_1_445' title='bbox 1687 3501 1777 3556; x_wconf 86' lang='lat' dir='ltr'><strong>Eccle-</strong></span> 
     </span>
     <span class='ocr_line' id='line_1_36' title="bbox 109 3570 1833 3644; baseline 0 -19"><span class='ocrx_word' id='word_1_446' title='bbox 109 3570 240 3626; x_wconf 90' lang='lat' dir='ltr'><strong>dicemus</strong></span> <span class='ocrx_word' id='word_1_447' title='bbox 251 3572 403 3629; x_wconf 86' lang='lat' dir='ltr'><strong>Collatione</strong></span> <span class='ocrx_word' id='word_1_448' title='bbox 419 3577 461 3630; x_wconf 80' lang='lat' dir='ltr'><strong>ll.</strong></span> <span class='ocrx_word' id='word_1_449' title='bbox 969 3581 1040 3635; x_wconf 70' lang='lat' dir='ltr'><strong>mam</strong></span> <span class='ocrx_word' id='word_1_450' title='bbox 1048 3578 1173 3633; x_wconf 79' lang='lat' dir='ltr'><strong>dioboles</strong></span> <span class='ocrx_word' id='word_1_451' title='bbox 1188 3582 1241 3644; x_wconf 76' lang='lat' dir='ltr'><strong>esi3</strong></span> <span class='ocrx_word' id='word_1_452' title='bbox 1254 3578 1326 3631; x_wconf 78' lang='lat' dir='ltr'><strong>sicui</strong></span> <span class='ocrx_word' id='word_1_453' title='bbox 1338 3577 1368 3629; x_wconf 84' lang='lat' dir='ltr'><strong>in</strong></span> <span class='ocrx_word' id='word_1_454' title='bbox 1382 3574 1500 3630; x_wconf 80' lang='lat' dir='ltr'><strong>Ecclesia</strong></span> <span class='ocrx_word' id='word_1_455' title='bbox 1520 3573 1658 3638; x_wconf 64' lang='lat' dir='ltr'><strong>christiam</strong></span> <span class='ocrx_word' id='word_1_456' title='bbox 1674 3587 1706 3626; x_wconf 88' lang='lat' dir='ltr'><strong>on</strong></span> <span class='ocrx_word' id='word_1_457' title='bbox 1723 3586 1774 3640; x_wconf 81' lang='lat' dir='ltr'><strong>per</strong></span> <span class='ocrx_word' id='word_1_458' title='bbox 1831 3589 1833 3594; x_wconf 95' lang='lat'>·</span> 
     </span>
     <span class='ocr_line' id='line_1_37' title="bbox 148 3635 1774 3720; baseline -0.001 -24"><span class='ocrx_word' id='word_1_459' title='bbox 148 3635 163 3672; x_wconf 49' lang='grc' dir='ltr'>ὓ</span> <span class='ocrx_word' id='word_1_460' title='bbox 183 3641 396 3699; x_wconf 82' lang='lat' dir='ltr'><strong>Piridentissima</strong></span> <span class='ocrx_word' id='word_1_461' title='bbox 417 3644 446 3701; x_wconf 86' lang='lat' dir='ltr'><strong>iil</strong></span> <span class='ocrx_word' id='word_1_462' title='bbox 465 3645 646 3701; x_wconf 88' lang='lat' dir='ltr'><strong>constitutum</strong></span> <span class='ocrx_word' id='word_1_463' title='bbox 672 3656 699 3704; x_wconf 91' lang='lat' dir='ltr'><strong>et</strong></span> <span class='ocrx_word' id='word_1_464' title='bbox 724 3648 913 3717; x_wconf 78' lang='lat' dir='ltr'><strong>observatum3</strong></span> <span class='ocrx_word' id='word_1_465' title='bbox 969 3651 1017 3706; x_wconf 79' lang='lat' dir='ltr'><strong>boe</strong></span> <span class='ocrx_word' id='word_1_466' title='bbox 1028 3652 1110 3720; x_wconf 81' lang='lat' dir='ltr'><strong>quasi</strong></span> <span class='ocrx_word' id='word_1_467' title='bbox 1124 3651 1235 3706; x_wconf 81' lang='lat' dir='ltr'><strong>Sotniioe</strong></span> <span class='ocrx_word' id='word_1_468' title='bbox 1250 3647 1383 3709; x_wconf 84' lang='lat' dir='ltr'><strong>traditur,</strong></span> <span class='ocrx_word' id='word_1_469' title='bbox 1396 3647 1445 3715; x_wconf 83' lang='lat' dir='ltr'><strong>qni</strong></span> <span class='ocrx_word' id='word_1_470' title='bbox 1463 3645 1497 3698; x_wconf 84' lang='lat' dir='ltr'><strong>ab</strong></span> <span class='ocrx_word' id='word_1_471' title='bbox 1510 3644 1697 3700; x_wconf 79' lang='lat' dir='ltr'><strong>Ecclesiastico</strong></span> <span class='ocrx_word' id='word_1_472' title='bbox 1709 3658 1774 3695; x_wconf 83' lang='lat' dir='ltr'><strong>com</strong></span> 
     </span>
     <span class='ocr_line' id='line_1_38' title="bbox 109 3710 1774 3785; baseline -0.001 -19"><span class='ocrx_word' id='word_1_473' title='bbox 109 3710 188 3783; x_wconf 92' lang='lat' dir='ltr'><strong>quod</strong></span> <span class='ocrx_word' id='word_1_474' title='bbox 198 3722 226 3767; x_wconf 91' lang='lat' dir='ltr'><strong>et</strong></span> <span class='ocrx_word' id='word_1_475' title='bbox 239 3714 359 3783; x_wconf 77' lang='lat' dir='ltr'><strong>angelus</strong></span> <span class='ocrx_word' id='word_1_476' title='bbox 371 3716 400 3770; x_wconf 92' lang='lat' dir='ltr'><strong>S.</strong></span> <span class='ocrx_word' id='word_1_477' title='bbox 419 3716 567 3772; x_wconf 91' lang='lat' dir='ltr'><strong>Pacliomio</strong></span> <span class='ocrx_word' id='word_1_478' title='bbox 580 3717 693 3774; x_wconf 82' lang='lat' dir='ltr'><strong>dictavit</strong></span> <span class='ocrx_word' id='word_1_479' title='bbox 704 3719 733 3774; x_wconf 90' lang='lat' dir='ltr'><strong>in</strong></span> <span class='ocrx_word' id='word_1_480' title='bbox 745 3719 803 3776; x_wconf 78' lang='lat' dir='ltr'><strong>lime</strong></span> <span class='ocrx_word' id='word_1_481' title='bbox 814 3719 912 3776; x_wconf 84' lang='lat' dir='ltr'><strong>verbe:</strong></span> <span class='ocrx_word' id='word_1_482' title='bbox 969 3723 1095 3776; x_wconf 82' lang='lat' dir='ltr'><strong>munione</strong></span> <span class='ocrx_word' id='word_1_483' title='bbox 1109 3723 1272 3774; x_wconf 82' lang='lat' dir='ltr'><strong>removetur.</strong></span> <span class='ocrx_word' id='word_1_484' title='bbox 1293 3717 1368 3774; x_wconf 81' lang='lat' dir='ltr'><strong>liade</strong></span> <span class='ocrx_word' id='word_1_485' title='bbox 1379 3717 1441 3770; x_wconf 82' lang='lat' dir='ltr'><strong>illos</strong></span> <span class='ocrx_word' id='word_1_486' title='bbox 1459 3730 1526 3785; x_wconf 90' lang='lat' dir='ltr'><strong>quos</strong></span> <span class='ocrx_word' id='word_1_487' title='bbox 1547 3720 1611 3770; x_wconf 78' lang='lat' dir='ltr'><strong>tunc</strong></span> <span class='ocrx_word' id='word_1_488' title='bbox 1629 3713 1774 3782; x_wconf 80' lang='lat' dir='ltr'><strong>Apostolus</strong></span> 
     </span>
     <span class='ocr_line' id='line_1_39' title="bbox 110 3783 1775 3858; baseline -0.002 -19"><span class='ocrx_word' id='word_1_489' title='bbox 110 3783 700 3845; x_wconf 76' lang='lat' dir='ltr'><strong>Adulteriusccllomiiitrorcoullusoadeai.</strong></span> <span class='ocrx_word' id='word_1_490' title='bbox 710 3789 912 3847; x_wconf 90' lang='lat' dir='ltr'><strong>ldemetiamD.</strong></span> <span class='ocrx_word' id='word_1_491' title='bbox 969 3793 1081 3848; x_wconf 79' lang='lat' dir='ltr'><strong>Somnia</strong></span> <span class='ocrx_word' id='word_1_492' title='bbox 1099 3806 1153 3846; x_wconf 85' lang='lat' dir='ltr'><strong>asse</strong></span> <span class='ocrx_word' id='word_1_493' title='bbox 1169 3789 1286 3845; x_wconf 82' lang='lat' dir='ltr'><strong>traditos</strong></span> <span class='ocrx_word' id='word_1_494' title='bbox 1296 3788 1445 3858; x_wconf 79' lang='lat' dir='ltr'><strong>predicet,</strong></span> <span class='ocrx_word' id='word_1_495' title='bbox 1461 3787 1701 3841; x_wconf 68' lang='lat' dir='ltr'><strong>excommunicatos</strong></span> <span class='ocrx_word' id='word_1_496' title='bbox 1715 3798 1734 3835; x_wconf 89' lang='lat' dir='ltr'><strong>o</strong></span> <span class='ocrx_word' id='word_1_497' title='bbox 1747 3797 1775 3836; x_wconf 87' lang='lat' dir='ltr'><strong>sc</strong></span> 
     </span>
     <span class='ocr_line' id='line_1_40' title="bbox 111 3853 1772 3932; baseline -0.003 -23"><span class='ocrx_word' id='word_1_498' title='bbox 111 3853 279 3911; x_wconf 82' lang='lat' dir='ltr'><strong>Benedictus</strong></span> <span class='ocrx_word' id='word_1_499' title='bbox 293 3856 430 3912; x_wconf 81' lang='lat' dir='ltr'><strong>observari</strong></span> <span class='ocrx_word' id='word_1_500' title='bbox 443 3857 575 3923; x_wconf 82' lang='lat' dir='ltr'><strong>voluit,iit</strong></span> <span class='ocrx_word' id='word_1_501' title='bbox 585 3875 619 3914; x_wconf 83' lang='lat' dir='ltr'><strong>iia</strong></span> <span class='ocrx_word' id='word_1_502' title='bbox 629 3862 691 3929; x_wconf 87' lang='lat' dir='ltr'><strong>quis</strong></span> <span class='ocrx_word' id='word_1_503' title='bbox 705 3863 795 3928; x_wconf 74' lang='lat' dir='ltr'><strong>(roser</strong></span> <span class='ocrx_word' id='word_1_504' title='bbox 806 3862 914 3931; x_wconf 77' lang='lat' dir='ltr'><strong>adfra-</strong></span> <span class='ocrx_word' id='word_1_505' title='bbox 969 3878 1025 3918; x_wconf 87' lang='lat' dir='ltr'><strong>asse</strong></span> <span class='ocrx_word' id='word_1_506' title='bbox 1039 3863 1207 3917; x_wconf 59' lang='lat' dir='ltr'><strong>maiestras</strong></span> <span class='ocrx_word' id='word_1_507' title='bbox 1220 3862 1246 3926; x_wconf 92' lang='lat' dir='ltr'><strong>(l</strong></span> <span class='ocrx_word' id='word_1_508' title='bbox 1259 3861 1318 3917; x_wconf 86' lang='lat' dir='ltr'><strong>Gor.</strong></span> <span class='ocrx_word' id='word_1_509' title='bbox 1333 3873 1344 3914; x_wconf 91' lang='lat' dir='ltr'><strong>l</strong></span> <span class='ocrx_word' id='word_1_510' title='bbox 1357 3863 1383 3913; x_wconf 81' lang='lat' dir='ltr'><strong>ei</strong></span> <span class='ocrx_word' id='word_1_511' title='bbox 1397 3857 1439 3928; x_wconf 86' lang='lat' dir='ltr'><strong>v).</strong></span> <span class='ocrx_word' id='word_1_512' title='bbox 1456 3859 1524 3912; x_wconf 73' lang='lat' dir='ltr'><strong>Haec</strong></span> <span class='ocrx_word' id='word_1_513' title='bbox 1536 3853 1706 3924; x_wconf 80' lang='lat' dir='ltr'><strong>Augustinus</strong></span> <span class='ocrx_word' id='word_1_514' title='bbox 1712 3856 1728 3932; x_wconf 58' lang='grc' dir='ltr'><strong>θ(</strong></span> <span class='ocrx_word' id='word_1_515' title='bbox 1734 3855 1772 3908; x_wconf 87' lang='lat' dir='ltr'><strong>De</strong></span> 
     </span>
     <span class='ocr_line' id='line_1_41' title="bbox 111 3922 1781 4003; baseline -0.002 -24"><span class='ocrx_word' id='word_1_516' title='bbox 111 3930 187 3980; x_wconf 82' lang='lat' dir='ltr'><strong>trem</strong></span> <span class='ocrx_word' id='word_1_517' title='bbox 191 3925 838 4002; x_wconf 75' lang='lat' dir='ltr'><strong>junpntnrliorisiricompateriiibiiszcujusmodi</strong></span> <span class='ocrx_word' id='word_1_518' title='bbox 851 3929 916 3988; x_wconf 80' lang='lat' dir='ltr'><strong>sunt</strong></span> <span class='ocrx_word' id='word_1_519' title='bbox 969 3934 1043 3989; x_wconf 80' lang='lat' dir='ltr'><strong>corb.</strong></span> <span class='ocrx_word' id='word_1_520' title='bbox 1058 3935 1153 4003; x_wconf 80' lang='lat' dir='ltr'><strong>Apost.</strong></span> <span class='ocrx_word' id='word_1_521' title='bbox 1166 3946 1263 3998; x_wconf 77' lang='lat' dir='ltr'><strong>seman,</strong></span> <span class='ocrx_word' id='word_1_522' title='bbox 1275 3933 1338 3997; x_wconf 76' lang='grc'><strong>68).</strong></span> <span class='ocrx_word' id='word_1_523' title='bbox 1355 3927 1484 3998; x_wconf 89' lang='lat' dir='ltr'><strong>Suspensi</strong></span> <span class='ocrx_word' id='word_1_524' title='bbox 1499 3926 1590 3996; x_wconf 88' lang='lat' dir='ltr'><strong>itaque</strong></span> <span class='ocrx_word' id='word_1_525' title='bbox 1603 3922 1636 3977; x_wconf 88' lang='lat' dir='ltr'><strong>ab</strong></span> <span class='ocrx_word' id='word_1_526' title='bbox 1650 3926 1781 3978; x_wconf 76' lang='lat' dir='ltr'><strong>oratioue*</strong></span> 
     </span>
     <span class='ocr_line' id='line_1_42' title="bbox 112 3994 1771 4078; baseline -0.004 -27"><span class='ocrx_word' id='word_1_527' title='bbox 112 3994 202 4058; x_wconf 71' lang='lat' dir='ltr'><strong>borsa,</strong></span> <span class='ocrx_word' id='word_1_528' title='bbox 224 3997 324 4078; x_wconf 87' lang='lat' dir='ltr'><strong>quibus</strong></span> <span class='ocrx_word' id='word_1_529' title='bbox 349 3998 469 4062; x_wconf 87' lang='lat' dir='ltr'><strong>lectioni,</strong></span> <span class='ocrx_word' id='word_1_530' title='bbox 485 4007 533 4054; x_wconf 91' lang='lat' dir='ltr'><strong>aut</strong></span> <span class='ocrx_word' id='word_1_531' title='bbox 556 3999 642 4055; x_wconf 88' lang='lat' dir='ltr'><strong>labori</strong></span> <span class='ocrx_word' id='word_1_532' title='bbox 668 4016 799 4056; x_wconf 86' lang='lat' dir='ltr'><strong>manuum</strong></span> <span class='ocrx_word' id='word_1_533' title='bbox 820 4001 916 4058; x_wconf 87' lang='lat' dir='ltr'><strong>iratres</strong></span> <span class='ocrx_word' id='word_1_534' title='bbox 969 4003 1150 4059; x_wconf 88' lang='lat' dir='ltr'><strong>censebantur</strong></span> <span class='ocrx_word' id='word_1_535' title='bbox 1165 3998 1457 4064; x_wconf 82' lang='lat' dir='ltr'><strong>excommunicati,·ac</strong></span> <span class='ocrx_word' id='word_1_536' title='bbox 1471 3996 1585 4077; x_wconf 89' lang='lat' dir='ltr'><strong>proinde</strong></span> <span class='ocrx_word' id='word_1_537' title='bbox 1599 3996 1771 4073; x_wconf 69' lang='lat' dir='ltr'><strong>Satanaetra3</strong></span> 
     </span>
     <span class='ocr_line' id='line_1_43' title="bbox 110 4063 1772 4144; baseline -0.004 -23"><span class='ocrx_word' id='word_1_538' title='bbox 110 4066 217 4122; x_wconf 85' lang='lat' dir='ltr'><strong>debent</strong></span> <span class='ocrx_word' id='word_1_539' title='bbox 227 4067 385 4124; x_wconf 81' lang='lat' dir='ltr'><strong>recumbere</strong></span> <span class='ocrx_word' id='word_1_540' title='bbox 411 4069 450 4124; x_wconf 90' lang='lat' dir='ltr'><strong>ait</strong></span> <span class='ocrx_word' id='word_1_541' title='bbox 459 4072 695 4126; x_wconf 80' lang='lat' dir='ltr'><strong>Torrentematus.</strong></span> <span class='ocrx_word' id='word_1_542' title='bbox 721 4070 825 4127; x_wconf 84' lang='lat' dir='ltr'><strong>Eodem</strong></span> <span class='ocrx_word' id='word_1_543' title='bbox 847 4086 915 4128; x_wconf 90' lang='lat' dir='ltr'><strong>vero</strong></span> <span class='ocrx_word' id='word_1_544' title='bbox 968 4073 1031 4129; x_wconf 91' lang='lat' dir='ltr'><strong>diti.</strong></span> <span class='ocrx_word' id='word_1_545' title='bbox 1047 4075 1109 4144; x_wconf 91' lang='lat' dir='ltr'><strong>Quo</strong></span> <span class='ocrx_word' id='word_1_546' title='bbox 1128 4073 1211 4128; x_wconf 86' lang='lat' dir='ltr'><strong>etiam</strong></span> <span class='ocrx_word' id='word_1_547' title='bbox 1226 4070 1311 4126; x_wconf 91' lang='lat' dir='ltr'><strong>modo</strong></span> <span class='ocrx_word' id='word_1_548' title='bbox 1325 4071 1360 4123; x_wconf 89' lang='lat' dir='ltr'><strong>l).</strong></span> <span class='ocrx_word' id='word_1_549' title='bbox 1377 4067 1541 4122; x_wconf 82' lang='lat' dir='ltr'><strong>Benedictus</strong></span> <span class='ocrx_word' id='word_1_550' title='bbox 1557 4063 1630 4118; x_wconf 90' lang='lat' dir='ltr'><strong>hunc</strong></span> <span class='ocrx_word' id='word_1_551' title='bbox 1650 4065 1772 4117; x_wconf 86' lang='lat' dir='ltr'><strong>Cassiam</strong></span> 
     </span>
     <span class='ocr_line' id='line_1_44' title="bbox 209 4109 1774 4217; baseline 0.001 -23"><span class='ocrx_word' id='word_1_552' title='bbox 209 4145 278 4202; x_wconf 81' lang='lat' dir='ltr'><strong>t,ne</strong></span> <span class='ocrx_word' id='word_1_553' title='bbox 289 4138 352 4210; x_wconf 89' lang='lat' dir='ltr'><strong>quis</strong></span> <span class='ocrx_word' id='word_1_554' title='bbox 363 4109 487 4196; x_wconf 72' lang='lat' dir='ltr'><strong>cilicinas</strong></span> <span class='ocrx_word' id='word_1_555' title='bbox 503 4140 691 4213; x_wconf 89' lang='lat' dir='ltr'><strong>operariorum</strong></span> <span class='ocrx_word' id='word_1_556' title='bbox 705 4140 809 4213; x_wconf 88' lang='lat' dir='ltr'><strong>ingredi</strong></span> <span class='ocrx_word' id='word_1_557' title='bbox 819 4141 917 4198; x_wconf 90' lang='lat' dir='ltr'><strong>audeat</strong></span> <span class='ocrx_word' id='word_1_558' title='bbox 970 4142 1073 4208; x_wconf 89' lang='lat' dir='ltr'><strong>locum,</strong></span> <span class='ocrx_word' id='word_1_559' title='bbox 1087 4150 1117 4198; x_wconf 91' lang='lat' dir='ltr'><strong>ut</strong></span> <span class='ocrx_word' id='word_1_560' title='bbox 1132 4143 1240 4213; x_wconf 91' lang='lat' dir='ltr'><strong>opinor,</strong></span> <span class='ocrx_word' id='word_1_561' title='bbox 1256 4138 1470 4217; x_wconf 59' lang='grc' dir='ltr'><strong>ἰιιιίιιιιιιιθιιιιζ</strong></span> <span class='ocrx_word' id='word_1_562' title='bbox 1485 4140 1529 4199; x_wconf 75' lang='lat'><strong>24,</strong></span> <span class='ocrx_word' id='word_1_563' title='bbox 1545 4137 1579 4186; x_wconf 77' lang='lat'><strong>25</strong></span> <span class='ocrx_word' id='word_1_564' title='bbox 1589 4137 1615 4185; x_wconf 73' lang='lat' dir='ltr'><strong>ei</strong></span> <span class='ocrx_word' id='word_1_565' title='bbox 1629 4135 1694 4211; x_wconf 64' lang='lat'><strong>⁴⁴),</strong></span> <span class='ocrx_word' id='word_1_566' title='bbox 1706 4130 1774 4186; x_wconf 64' lang='lat'><strong>⁶⁰⁸⁸</strong></span> 
     </span>
     <span class='ocr_line' id='line_1_45' title="bbox 115 4200 1773 4284; baseline -0.002 -23"><span class='ocrx_word' id='word_1_567' title='bbox 115 4222 134 4262; x_wconf 89' lang='lat' dir='ltr'><strong>a</strong></span> <span class='ocrx_word' id='word_1_568' title='bbox 156 4221 223 4278; x_wconf 89' lang='lat' dir='ltr'><strong>sque</strong></span> <span class='ocrx_word' id='word_1_569' title='bbox 239 4209 361 4279; x_wconf 87' lang='lat' dir='ltr'><strong>licentia;</strong></span> <span class='ocrx_word' id='word_1_570' title='bbox 377 4218 559 4283; x_wconf 82' lang='lat' dir='ltr'><strong>praeterquam</strong></span> <span class='ocrx_word' id='word_1_571' title='bbox 571 4211 591 4267; x_wconf 91' lang='lat' dir='ltr'><strong>ii</strong></span> <span class='ocrx_word' id='word_1_572' title='bbox 607 4212 653 4281; x_wconf 90' lang='lat' dir='ltr'><strong>qui</strong></span> <span class='ocrx_word' id='word_1_573' title='bbox 678 4211 835 4283; x_wconf 84' lang='lat' dir='ltr'><strong>hujusmodi</strong></span> <span class='ocrx_word' id='word_1_574' title='bbox 852 4211 914 4268; x_wconf 89' lang='lat' dir='ltr'><strong>oili·</strong></span> <span class='ocrx_word' id='word_1_575' title='bbox 971 4212 1159 4284; x_wconf 87' lang='lat' dir='ltr'><strong>suspensionis</strong></span> <span class='ocrx_word' id='word_1_576' title='bbox 1181 4210 1285 4282; x_wconf 89' lang='lat' dir='ltr'><strong>species</strong></span> <span class='ocrx_word' id='word_1_577' title='bbox 1303 4221 1391 4277; x_wconf 87' lang='lat' dir='ltr'><strong>magis</strong></span> <span class='ocrx_word' id='word_1_578' title='bbox 1405 4205 1533 4260; x_wconf 88' lang='lat' dir='ltr'><strong>distincte</strong></span> <span class='ocrx_word' id='word_1_579' title='bbox 1547 4209 1693 4283; x_wconf 67' lang='lat' dir='ltr'><strong>expressim</strong></span> <span class='ocrx_word' id='word_1_580' title='bbox 1707 4200 1773 4283; x_wconf 79' lang='lat' dir='ltr'><strong>aite-</strong></span> 
     </span>
     <span class='ocr_line' id='line_1_46' title="bbox 115 4272 1770 4406; baseline -0.003 -72"><span class='ocrx_word' id='word_1_581' title='bbox 115 4277 204 4359; x_wconf 64' lang='lat' dir='ltr'><strong>cinis,</strong></span> <span class='ocrx_word' id='word_1_582' title='bbox 215 4279 358 4352; x_wconf 89' lang='lat' dir='ltr'><strong>operisque</strong></span> <span class='ocrx_word' id='word_1_583' title='bbox 369 4289 434 4337; x_wconf 90' lang='lat' dir='ltr'><strong>sont</strong></span> <span class='ocrx_word' id='word_1_584' title='bbox 452 4281 584 4353; x_wconf 83' lang='lat' dir='ltr'><strong>praelecti.</strong></span> <span class='ocrx_word' id='word_1_585' title='bbox 601 4284 661 4354; x_wconf 88' lang='lat' dir='ltr'><strong>Qua</strong></span> <span class='ocrx_word' id='word_1_586' title='bbox 685 4281 719 4339; x_wconf 91' lang='lat' dir='ltr'><strong>de</strong></span> <span class='ocrx_word' id='word_1_587' title='bbox 736 4298 765 4338; x_wconf 89' lang='lat' dir='ltr'><strong>re</strong></span> <span class='ocrx_word' id='word_1_588' title='bbox 788 4285 823 4342; x_wconf 71' lang='grc' dir='ltr'><strong>Ι),</strong></span> <span class='ocrx_word' id='word_1_589' title='bbox 839 4283 916 4339; x_wconf 86' lang='lat' dir='ltr'><strong>Easi-</strong></span> <span class='ocrx_word' id='word_1_590' title='bbox 971 4280 1193 4406; x_wconf 62' lang='lat' dir='ltr'><strong>ramproculpis</strong></span> <span class='ocrx_word' id='word_1_591' title='bbox 1210 4277 1396 4359; x_wconf 86' lang='lat' dir='ltr'><strong>gravioribus,</strong></span> <span class='ocrx_word' id='word_1_592' title='bbox 1411 4289 1464 4346; x_wconf 92' lang='lat' dir='ltr'><strong>qua</strong></span> <span class='ocrx_word' id='word_1_593' title='bbox 1489 4290 1536 4357; x_wconf 83' lang='lat' dir='ltr'><strong>sus</strong></span> <span class='ocrx_word' id='word_1_594' title='bbox 1589 4272 1662 4329; x_wconf 91' lang='lat' dir='ltr'><strong>ditur</strong></span> <span class='ocrx_word' id='word_1_595' title='bbox 1674 4287 1770 4344; x_wconf 85' lang='lat' dir='ltr'><strong>quasa</strong></span> 
     </span>
     <span class='ocr_line' id='line_1_47' title="bbox 117 4343 1771 4428; baseline -0.004 -22"><span class='ocrx_word' id='word_1_596' title='bbox 117 4348 174 4406; x_wconf 90' lang='lat' dir='ltr'><strong>lius</strong></span> <span class='ocrx_word' id='word_1_597' title='bbox 187 4357 223 4405; x_wconf 87' lang='lat' dir='ltr'><strong>ita</strong></span> <span class='ocrx_word' id='word_1_598' title='bbox 236 4351 345 4406; x_wconf 83' lang='lat' dir='ltr'><strong>siniit:</strong></span> <span class='ocrx_word' id='word_1_599' title='bbox 361 4353 393 4409; x_wconf 87' lang='lat' dir='ltr'><strong>Si&#39;</strong></span> <span class='ocrx_word' id='word_1_600' title='bbox 413 4354 475 4422; x_wconf 86' lang='lat' dir='ltr'><strong>quis</strong></span> <span class='ocrx_word' id='word_1_601' title='bbox 487 4356 525 4408; x_wconf 87' lang='lat' dir='ltr'><strong>im</strong></span> <span class='ocrx_word' id='word_1_602' title='bbox 560 4356 768 4409; x_wconf 82' lang='lat' dir='ltr'><strong>rtuueucni‘ti&#39;n</strong></span> <span class='ocrx_word' id='word_1_603' title='bbox 787 4356 917 4420; x_wconf 79' lang='lat' dir='ltr'><strong>culinam,</strong></span> <span class='ocrx_word' id='word_1_604' title='bbox 970 4369 1063 4409; x_wconf 90' lang='lat' dir='ltr'><strong>mensa</strong></span> <span class='ocrx_word' id='word_1_605' title='bbox 1077 4351 1208 4419; x_wconf 90' lang='lat' dir='ltr'><strong>simu,et</strong></span> <span class='ocrx_word' id='word_1_606' title='bbox 1222 4350 1256 4405; x_wconf 90' lang='lat' dir='ltr'><strong>ab</strong></span> <span class='ocrx_word' id='word_1_607' title='bbox 1269 4357 1412 4404; x_wconf 88' lang='lat' dir='ltr'><strong>oratione:</strong></span> <span class='ocrx_word' id='word_1_608' title='bbox 1431 4344 1527 4428; x_wconf 83' lang='lat' dir='ltr'><strong>quodi</strong></span> <span class='ocrx_word' id='word_1_609' title='bbox 1548 4360 1593 4400; x_wconf 90' lang='lat' dir='ltr'><strong>em</strong></span> <span class='ocrx_word' id='word_1_610' title='bbox 1611 4343 1771 4400; x_wconf 87' lang='lat' dir='ltr'><strong>essedecia·</strong></span> 
     </span>
     <span class='ocr_line' id='line_1_48' title="bbox 111 4413 1821 4497; baseline -0.002 -23"><span class='ocrx_word' id='word_1_611' title='bbox 111 4422 497 4493; x_wconf 58' lang='lat' dir='ltr'><strong>minocentaurum</strong></span> <span class='ocrx_word' id='word_1_612' title='bbox 528 4427 670 4494; x_wconf 76' lang='lat' dir='ltr'><strong>esiqsotts,</strong></span> <span class='ocrx_word' id='word_1_613' title='bbox 683 4427 785 4480; x_wconf 76' lang='lat' dir='ltr'><strong>antiis</strong></span> <span class='ocrx_word' id='word_1_614' title='bbox 799 4426 914 4496; x_wconf 83' lang='lat' dir='ltr'><strong>quidis-</strong></span> <span class='ocrx_word' id='word_1_615' title='bbox 970 4432 1022 4491; x_wconf 89' lang='lat' dir='ltr'><strong>rat,</strong></span> <span class='ocrx_word' id='word_1_616' title='bbox 1044 4440 1076 4480; x_wconf 91' lang='lat' dir='ltr'><strong>ac</strong></span> <span class='ocrx_word' id='word_1_617' title='bbox 1095 4419 1326 4479; x_wconf 80' lang='lat' dir='ltr'><strong>excommunicari</strong></span> <span class='ocrx_word' id='word_1_618' title='bbox 1347 4427 1375 4475; x_wconf 91' lang='lat' dir='ltr'><strong>et</strong></span> <span class='ocrx_word' id='word_1_619' title='bbox 1397 4420 1467 4473; x_wconf 86' lang='lat' dir='ltr'><strong>tradi</strong></span> <span class='ocrx_word' id='word_1_620' title='bbox 1489 4419 1595 4472; x_wconf 80' lang='lat' dir='ltr'><strong>Satanae</strong></span> <span class='ocrx_word' id='word_1_621' title='bbox 1617 4413 1772 4497; x_wconf 76' lang='lat' dir='ltr'><strong>secundum</strong></span> <span class='ocrx_word' id='word_1_622' title='bbox 1818 4488 1821 4494; x_wconf 12' lang='grc' dir='ltr'>ἱ</span> 
     </span>
    </p>

    <p class='ocr_par' dir='ltr' id='par_1_7' title="bbox 110 4486 1784 5772">
     <span class='ocr_line' id='line_1_49' title="bbox 110 4486 1772 4569; baseline -0.004 -22"><span class='ocrx_word' id='word_1_623' title='bbox 110 4493 224 4562; x_wconf 80' lang='lat' dir='ltr'><strong>cipiiiiir</strong></span> <span class='ocrx_word' id='word_1_624' title='bbox 241 4492 323 4562; x_wconf 79' lang='lat' dir='ltr'><strong>bojas</strong></span> <span class='ocrx_word' id='word_1_625' title='bbox 344 4495 451 4549; x_wconf 82' lang='lat' dir='ltr'><strong>ordinis</strong></span> <span class='ocrx_word' id='word_1_626' title='bbox 463 4501 676 4565; x_wconf 85' lang='lat' dir='ltr'><strong>curomperuiit,</strong></span> <span class='ocrx_word' id='word_1_627' title='bbox 692 4497 917 4552; x_wconf 82' lang='lat' dir='ltr'><strong>corcotbeiiedi&#39;c·</strong></span> <span class='ocrx_word' id='word_1_628' title='bbox 969 4495 1120 4551; x_wconf 88' lang='lat' dir='ltr'><strong>terribilem</strong></span> <span class='ocrx_word' id='word_1_629' title='bbox 1143 4492 1267 4565; x_wconf 80' lang='lat' dir='ltr'><strong>Apostoli</strong></span> <span class='ocrx_word' id='word_1_630' title='bbox 1290 4489 1468 4555; x_wconf 78' lang='lat' dir='ltr'><strong>sententiam3</strong></span> <span class='ocrx_word' id='word_1_631' title='bbox 1483 4489 1596 4544; x_wconf 92' lang='lat' dir='ltr'><strong>alteram</strong></span> <span class='ocrx_word' id='word_1_632' title='bbox 1617 4501 1670 4569; x_wconf 75' lang='lat' dir='ltr'><strong>pro</strong></span> <span class='ocrx_word' id='word_1_633' title='bbox 1688 4486 1772 4567; x_wconf 78' lang='lat' dir='ltr'><strong>levio·</strong></span> 
     </span>
     <span class='ocr_line' id='line_1_50' title="bbox 114 4559 1770 4639; baseline -0.004 -21"><span class='ocrx_word' id='word_1_634' title='bbox 114 4565 201 4618; x_wconf 68' lang='lat' dir='ltr'><strong>mom.</strong></span> <span class='ocrx_word' id='word_1_635' title='bbox 219 4565 252 4619; x_wconf 87' lang='lat' dir='ltr'><strong>Et</strong></span> <span class='ocrx_word' id='word_1_636' title='bbox 262 4566 291 4620; x_wconf 88' lang='lat' dir='ltr'><strong>S.</strong></span> <span class='ocrx_word' id='word_1_637' title='bbox 305 4564 468 4621; x_wconf 88' lang='lat' dir='ltr'><strong>Pacbomius</strong></span> <span class='ocrx_word' id='word_1_638' title='bbox 481 4565 581 4622; x_wconf 87' lang='lat' dir='ltr'><strong>Basilio</strong></span> <span class='ocrx_word' id='word_1_639' title='bbox 594 4582 662 4637; x_wconf 93' lang='lat' dir='ltr'><strong>pene</strong></span> <span class='ocrx_word' id='word_1_640' title='bbox 680 4575 854 4623; x_wconf 73' lang='lat' dir='ltr'><strong>coaetaneus:</strong></span> <span class='ocrx_word' id='word_1_641' title='bbox 870 4567 917 4624; x_wconf 81' lang='lat' dir='ltr'><strong>Ad</strong></span> <span class='ocrx_word' id='word_1_642' title='bbox 970 4567 1048 4623; x_wconf 91' lang='lat' dir='ltr'><strong>ribus</strong></span> <span class='ocrx_word' id='word_1_643' title='bbox 1061 4565 1193 4637; x_wconf 90' lang='lat' dir='ltr'><strong>culpis,a</strong></span> <span class='ocrx_word' id='word_1_644' title='bbox 1213 4578 1316 4621; x_wconf 76' lang='lat' dir='ltr'><strong>mensae</strong></span> <span class='ocrx_word' id='word_1_645' title='bbox 1339 4559 1532 4617; x_wconf 86' lang='lat' dir='ltr'><strong>tantummodo</strong></span> <span class='ocrx_word' id='word_1_646' title='bbox 1549 4566 1770 4639; x_wconf 87' lang='lat' dir='ltr'><strong>participatione.</strong></span> 
     </span>
     <span class='ocr_line' id='line_1_51' title="bbox 112 4631 1770 4709; baseline -0.004 -22"><span class='ocrx_word' id='word_1_647' title='bbox 112 4635 252 4703; x_wconf 61' lang='lat' dir='ltr'><strong>emmane,</strong></span> <span class='ocrx_word' id='word_1_648' title='bbox 278 4634 377 4706; x_wconf 89' lang='lat' dir='ltr'><strong>inquit,</strong></span> <span class='ocrx_word' id='word_1_649' title='bbox 395 4635 568 4691; x_wconf 56' lang='lat' dir='ltr'><strong>&amp;uasorum</strong></span> <span class='ocrx_word' id='word_1_650' title='bbox 592 4639 697 4692; x_wconf 83' lang='lat' dir='ltr'><strong>ortium</strong></span> <span class='ocrx_word' id='word_1_651' title='bbox 722 4639 773 4693; x_wconf 86' lang='lat' dir='ltr'><strong>soli</strong></span> <span class='ocrx_word' id='word_1_652' title='bbox 798 4643 917 4709; x_wconf 74' lang='lat' dir='ltr'><strong>perperit</strong></span> <span class='ocrx_word' id='word_1_653' title='bbox 971 4633 1056 4694; x_wconf 85' lang='lat' dir='ltr'><strong>Porro</strong></span> <span class='ocrx_word' id='word_1_654' title='bbox 1075 4652 1139 4693; x_wconf 92' lang='lat' dir='ltr'><strong>cum</strong></span> <span class='ocrx_word' id='word_1_655' title='bbox 1153 4633 1300 4691; x_wconf 90' lang='lat' dir='ltr'><strong>illiusmodi</strong></span> <span class='ocrx_word' id='word_1_656' title='bbox 1322 4631 1517 4704; x_wconf 89' lang='lat' dir='ltr'><strong>suspensionis,</strong></span> <span class='ocrx_word' id='word_1_657' title='bbox 1532 4645 1590 4684; x_wconf 85' lang='lat' dir='ltr'><strong>sive</strong></span> <span class='ocrx_word' id='word_1_658' title='bbox 1611 4641 1770 4708; x_wconf 80' lang='lat' dir='ltr'><strong>excommu-</strong></span> 
     </span>
     <span class='ocr_line' id='line_1_52' title="bbox 113 4697 1769 4789; baseline -0.007 -28"><span class='ocrx_word' id='word_1_659' title='bbox 113 4707 268 4775; x_wconf 80' lang='lat' dir='ltr'><strong>proepost&#39;ti&#39;,</strong></span> <span class='ocrx_word' id='word_1_660' title='bbox 281 4710 312 4761; x_wconf 82' lang='lat' dir='ltr'><strong>ut</strong></span> <span class='ocrx_word' id='word_1_661' title='bbox 325 4708 461 4777; x_wconf 76' lang='lat' dir='ltr'><strong>occipiunt</strong></span> <span class='ocrx_word' id='word_1_662' title='bbox 474 4708 546 4789; x_wconf 84' lang='lat' dir='ltr'><strong>qaod</strong></span> <span class='ocrx_word' id='word_1_663' title='bbox 557 4710 736 4763; x_wconf 83' lang='lat' dir='ltr'><strong>necessarium</strong></span> <span class='ocrx_word' id='word_1_664' title='bbox 746 4713 795 4765; x_wconf 83' lang='lat' dir='ltr'><strong>est.</strong></span> <span class='ocrx_word' id='word_1_665' title='bbox 933 4697 958 4760; x_wconf 87' lang='lat' dir='ltr'>D</span> <span class='ocrx_word' id='word_1_666' title='bbox 970 4708 1117 4765; x_wconf 90' lang='lat' dir='ltr'><strong>nicationis</strong></span> <span class='ocrx_word' id='word_1_667' title='bbox 1134 4721 1212 4789; x_wconf 79' lang='lat' dir='ltr'><strong>piena</strong></span> <span class='ocrx_word' id='word_1_668' title='bbox 1237 4703 1388 4785; x_wconf 81' lang='lat' dir='ltr'><strong>seeundum</strong></span> <span class='ocrx_word' id='word_1_669' title='bbox 1413 4700 1596 4784; x_wconf 74' lang='lat' dir='ltr'><strong>evangelicam</strong></span> <span class='ocrx_word' id='word_1_670' title='bbox 1614 4698 1769 4777; x_wconf 80' lang='lat' dir='ltr'><strong>doctrinam</strong></span> 
     </span>
     <span class='ocr_line' id='line_1_53' title="bbox 152 4766 1772 4902; baseline -0.008 -71"><span class='ocrx_word' id='word_1_671' title='bbox 152 4775 282 4831; x_wconf 84' lang='lat' dir='ltr'><strong>‘Eadem</strong></span> <span class='ocrx_word' id='word_1_672' title='bbox 295 4775 380 4840; x_wconf 84' lang='lat' dir='ltr'><strong>utitur</strong></span> <span class='ocrx_word' id='word_1_673' title='bbox 398 4777 488 4849; x_wconf 83' lang='lat' dir='ltr'><strong>phrasi</strong></span> <span class='ocrx_word' id='word_1_674' title='bbox 501 4779 548 4833; x_wconf 90' lang='lat' dir='ltr'><strong>lib.</strong></span> <span class='ocrx_word' id='word_1_675' title='bbox 568 4780 607 4834; x_wconf 95' lang='lat' dir='ltr'><strong>lll</strong></span> <span class='ocrx_word' id='word_1_676' title='bbox 629 4778 716 4850; x_wconf 88' lang='lat' dir='ltr'><strong>eapite</strong></span> <span class='ocrx_word' id='word_1_677' title='bbox 733 4785 760 4835; x_wconf 84' lang='lat'><strong>7.</strong></span> <span class='ocrx_word' id='word_1_678' title='bbox 775 4781 809 4836; x_wconf 86' lang='lat' dir='ltr'><strong>Et</strong></span> <span class='ocrx_word' id='word_1_679' title='bbox 827 4780 916 4852; x_wconf 91' lang='lat' dir='ltr'><strong>qualis</strong></span> <span class='ocrx_word' id='word_1_680' title='bbox 969 4779 1073 4836; x_wconf 87' lang='lat' dir='ltr'><strong>nemini</strong></span> <span class='ocrx_word' id='word_1_681' title='bbox 1088 4775 1235 4902; x_wconf 50' lang='grc' dir='ltr'>ἰιιίιιὶοιιάιι</span> <span class='ocrx_word' id='word_1_682' title='bbox 1253 4775 1300 4844; x_wconf 87' lang='lat' dir='ltr'><strong>sit,</strong></span> <span class='ocrx_word' id='word_1_683' title='bbox 1314 4775 1367 4830; x_wconf 88' lang='lat' dir='ltr'><strong>nisi</strong></span> <span class='ocrx_word' id='word_1_684' title='bbox 1380 4789 1427 4845; x_wconf 92' lang='lat' dir='ltr'><strong>qui</strong></span> <span class='ocrx_word' id='word_1_685' title='bbox 1437 4772 1592 4852; x_wconf 26' lang='lat' dir='ltr'><strong>‘Ecclesiam</strong></span> <span class='ocrx_word' id='word_1_686' title='bbox 1605 4766 1700 4821; x_wconf 89' lang='lat' dir='ltr'><strong>audire</strong></span> <span class='ocrx_word' id='word_1_687' title='bbox 1723 4780 1772 4820; x_wconf 92' lang='lat' dir='ltr'><strong>no-</strong></span> 
     </span>
     <span class='ocr_line' id='line_1_54' title="bbox 113 4841 1771 4922; baseline -0.007 -19"><span class='ocrx_word' id='word_1_688' title='bbox 113 4845 252 4903; x_wconf 80' lang='lat' dir='ltr'><strong>caluerit</strong></span> <span class='ocrx_word' id='word_1_689' title='bbox 274 4847 448 4917; x_wconf 71' lang='lat' dir='ltr'><strong>poenitentia,</strong></span> <span class='ocrx_word' id='word_1_690' title='bbox 469 4848 587 4905; x_wconf 87' lang='lat' dir='ltr'><strong>declarat</strong></span> <span class='ocrx_word' id='word_1_691' title='bbox 611 4849 658 4905; x_wconf 91' lang='lat' dir='ltr'><strong>lib.</strong></span> <span class='ocrx_word' id='word_1_692' title='bbox 686 4864 718 4906; x_wconf 89' lang='lat' dir='ltr'><strong>iv</strong></span> <span class='ocrx_word' id='word_1_693' title='bbox 732 4866 792 4922; x_wconf 89' lang='lat' dir='ltr'><strong>cap.</strong></span> <span class='ocrx_word' id='word_1_694' title='bbox 817 4857 850 4907; x_wconf 83' lang='grc'><strong>16</strong></span> <span class='ocrx_word' id='word_1_695' title='bbox 873 4851 917 4907; x_wconf 90' lang='lat' dir='ltr'><strong>bis</strong></span> <span class='ocrx_word' id='word_1_696' title='bbox 971 4851 1148 4916; x_wconf 75' lang='lat' dir='ltr'><strong>lueritlliott</strong></span> <span class='ocrx_word' id='word_1_697' title='bbox 1170 4850 1312 4910; x_wconf 80' lang='lat' dir='ltr'><strong>.avirr):</strong></span> <span class='ocrx_word' id='word_1_698' title='bbox 1335 4860 1366 4899; x_wconf 89' lang='lat' dir='ltr'><strong>ao</strong></span> <span class='ocrx_word' id='word_1_699' title='bbox 1386 4841 1498 4914; x_wconf 88' lang='lat' dir='ltr'><strong>proinde</strong></span> <span class='ocrx_word' id='word_1_700' title='bbox 1510 4853 1591 4893; x_wconf 84' lang='lat' dir='ltr'><strong>nemo</strong></span> <span class='ocrx_word' id='word_1_701' title='bbox 1613 4850 1771 4917; x_wconf 78' lang='lat' dir='ltr'><strong>excommu-</strong></span> 
     </span>
     <span class='ocr_line' id='line_1_55' title="bbox 113 4911 1770 4990; baseline -0.005 -19"><span class='ocrx_word' id='word_1_702' title='bbox 113 4917 622 4989; x_wconf 75' lang='lat' dir='ltr'><strong>serbiszciiiicti‘siiispanni&#39;frotiibits</strong></span> <span class='ocrx_word' id='word_1_703' title='bbox 631 4922 917 4990; x_wconf 81' lang='lat' dir='ltr'><strong>couqreqotistomdiu</strong></span> <span class='ocrx_word' id='word_1_704' title='bbox 969 4920 1099 4977; x_wconf 88' lang='lat' dir='ltr'><strong>nicandus</strong></span> <span class='ocrx_word' id='word_1_705' title='bbox 1123 4918 1160 4973; x_wconf 95' lang='lat' dir='ltr'><strong>ob</strong></span> <span class='ocrx_word' id='word_1_706' title='bbox 1180 4929 1379 4989; x_wconf 85' lang='lat' dir='ltr'><strong>quamcumque</strong></span> <span class='ocrx_word' id='word_1_707' title='bbox 1403 4911 1511 4981; x_wconf 90' lang='lat' dir='ltr'><strong>culpam</strong></span> <span class='ocrx_word' id='word_1_708' title='bbox 1532 4920 1716 4989; x_wconf 81' lang='lat' dir='ltr'><strong>graviorem,</strong></span> <span class='ocrx_word' id='word_1_709' title='bbox 1739 4914 1770 4988; x_wconf 36' lang='lat' dir='ltr'><strong>&#39;et</strong></span> 
     </span>
     <span class='ocr_line' id='line_1_56' title="bbox 111 4975 1771 5063; baseline -0.005 -20"><span class='ocrx_word' id='word_1_710' title='bbox 111 4991 425 5059; x_wconf 76' lang='lat' dir='ltr'><strong>prostratissi&#39;nterrom</strong></span> <span class='ocrx_word' id='word_1_711' title='bbox 440 4993 546 5046; x_wconf 84' lang='lat' dir='ltr'><strong>veniam</strong></span> <span class='ocrx_word' id='word_1_712' title='bbox 552 4993 714 5061; x_wconf 83' lang='lat' dir='ltr'><strong>postulabit,</strong></span> <span class='ocrx_word' id='word_1_713' title='bbox 725 4992 806 5048; x_wconf 79' lang='lat' dir='ltr'><strong>donec</strong></span> <span class='ocrx_word' id='word_1_714' title='bbox 819 4995 918 5048; x_wconf 84' lang='lat' dir='ltr'><strong>oratio-</strong></span> <span class='ocrx_word' id='word_1_715' title='bbox 970 4989 1157 5055; x_wconf 83' lang='lat' dir='ltr'><strong>mortiferam,</strong></span> <span class='ocrx_word' id='word_1_716' title='bbox 1186 4987 1238 5042; x_wconf 92' lang='lat' dir='ltr'><strong>nisi</strong></span> <span class='ocrx_word' id='word_1_717' title='bbox 1261 4986 1286 5041; x_wconf 90' lang='lat' dir='ltr'><strong>ei</strong></span> <span class='ocrx_word' id='word_1_718' title='bbox 1308 4984 1485 5063; x_wconf 82' lang='lat' dir='ltr'><strong>conjunctum</strong></span> <span class='ocrx_word' id='word_1_719' title='bbox 1516 4988 1552 5035; x_wconf 89' lang='lat' dir='ltr'><strong>sit</strong></span> <span class='ocrx_word' id='word_1_720' title='bbox 1578 4975 1771 5060; x_wconf 69' lang='lat' dir='ltr'><strong>inobedientia</strong></span> 
     </span>
     <span class='ocr_line' id='line_1_57' title="bbox 113 5047 1771 5132; baseline -0.005 -18"><span class='ocrx_word' id='word_1_721' title='bbox 113 5075 183 5114; x_wconf 78' lang='lat' dir='ltr'><strong>aum</strong></span> <span class='ocrx_word' id='word_1_722' title='bbox 208 5061 365 5115; x_wconf 81' lang='lat' dir='ltr'><strong>solemnitas</strong></span> <span class='ocrx_word' id='word_1_723' title='bbox 387 5068 600 5128; x_wconf 61' lang='lat' dir='ltr'><strong>consummatum</strong></span> <span class='ocrx_word' id='word_1_724' title='bbox 621 5065 817 5132; x_wconf 82' lang='lat' dir='ltr'><strong>impetraturus</strong></span> <span class='ocrx_word' id='word_1_725' title='bbox 841 5079 916 5127; x_wconf 84' lang='lat' dir='ltr'><strong>eom,</strong></span> <span class='ocrx_word' id='word_1_726' title='bbox 971 5069 1123 5132; x_wconf 89' lang='lat' dir='ltr'><strong>peceatum,</strong></span> <span class='ocrx_word' id='word_1_727' title='bbox 1142 5073 1197 5129; x_wconf 94' lang='lat' dir='ltr'><strong>quo</strong></span> <span class='ocrx_word' id='word_1_728' title='bbox 1211 5057 1273 5127; x_wconf 90' lang='lat' dir='ltr'><strong>quis</strong></span> <span class='ocrx_word' id='word_1_729' title='bbox 1293 5054 1363 5112; x_wconf 92' lang='lat' dir='ltr'><strong>nolit</strong></span> <span class='ocrx_word' id='word_1_730' title='bbox 1380 5051 1475 5109; x_wconf 90' lang='lat' dir='ltr'><strong>audire</strong></span> <span class='ocrx_word' id='word_1_731' title='bbox 1494 5050 1662 5132; x_wconf 76' lang='lat' dir='ltr'><strong>Ecclesiam,</strong></span> <span class='ocrx_word' id='word_1_732' title='bbox 1676 5047 1703 5104; x_wconf 93' lang='lat' dir='ltr'><strong>id</strong></span> <span class='ocrx_word' id='word_1_733' title='bbox 1718 5060 1771 5131; x_wconf 79' lang='lat' dir='ltr'><strong>est,</strong></span> 
     </span>
     <span class='ocr_line' id='line_1_58' title="bbox 120 5120 1772 5206; baseline -0.008 -19"><span class='ocrx_word' id='word_1_734' title='bbox 120 5130 209 5186; x_wconf 71' lang='lat' dir='ltr'><strong>&#39;meus</strong></span> <span class='ocrx_word' id='word_1_735' title='bbox 222 5132 312 5199; x_wconf 71' lang='lat' dir='ltr'><strong>suerit</strong></span> <span class='ocrx_word' id='word_1_736' title='bbox 323 5132 441 5187; x_wconf 68' lang='lat' dir='ltr'><strong>abbatis</strong></span> <span class='ocrx_word' id='word_1_737' title='bbox 447 5133 554 5202; x_wconf 68' lang='lat' dir='ltr'><strong>iudicio</strong></span> <span class='ocrx_word' id='word_1_738' title='bbox 568 5132 601 5188; x_wconf 85' lang='lat' dir='ltr'><strong>de</strong></span> <span class='ocrx_word' id='word_1_739' title='bbox 611 5135 666 5188; x_wconf 89' lang='lat' dir='ltr'><strong>solo</strong></span> <span class='ocrx_word' id='word_1_740' title='bbox 678 5149 798 5204; x_wconf 82' lang='lat' dir='ltr'><strong>surpere.</strong></span> <span class='ocrx_word' id='word_1_741' title='bbox 812 5133 918 5191; x_wconf 88' lang='lat' dir='ltr'><strong>Similia</strong></span> <span class='ocrx_word' id='word_1_742' title='bbox 971 5131 1158 5203; x_wconf 88' lang='lat' dir='ltr'><strong>obtemperare</strong></span> <span class='ocrx_word' id='word_1_743' title='bbox 1173 5127 1310 5194; x_wconf 77' lang='lat' dir='ltr'><strong>Ecclesiae,</strong></span> <span class='ocrx_word' id='word_1_744' title='bbox 1325 5141 1372 5182; x_wconf 90' lang='lat' dir='ltr'><strong>seu</strong></span> <span class='ocrx_word' id='word_1_745' title='bbox 1387 5123 1498 5206; x_wconf 77' lang='lat' dir='ltr'><strong>praelato</strong></span> <span class='ocrx_word' id='word_1_746' title='bbox 1511 5122 1693 5202; x_wconf 79' lang='lat' dir='ltr'><strong>ecclesiastico</strong></span> <span class='ocrx_word' id='word_1_747' title='bbox 1707 5120 1772 5192; x_wconf 87' lang='lat' dir='ltr'><strong>legi·</strong></span> 
     </span>
     <span class='ocr_line' id='line_1_59' title="bbox 151 5191 1772 5276; baseline -0.006 -20"><span class='ocrx_word' id='word_1_748' title='bbox 151 5200 243 5257; x_wconf 84' lang='lat' dir='ltr'><strong>betl).</strong></span> <span class='ocrx_word' id='word_1_749' title='bbox 263 5199 426 5259; x_wconf 85' lang='lat' dir='ltr'><strong>Benedictus</strong></span> <span class='ocrx_word' id='word_1_750' title='bbox 440 5218 500 5275; x_wconf 85' lang='lat' dir='ltr'><strong>cap.</strong></span> <span class='ocrx_word' id='word_1_751' title='bbox 513 5209 548 5259; x_wconf 76' lang='lat' dir='ltr'><strong>tt</strong></span> <span class='ocrx_word' id='word_1_752' title='bbox 563 5213 590 5258; x_wconf 90' lang='lat' dir='ltr'><strong>et</strong></span> <span class='ocrx_word' id='word_1_753' title='bbox 601 5209 635 5259; x_wconf 82' lang='grc'><strong>44</strong></span> <span class='ocrx_word' id='word_1_754' title='bbox 650 5206 771 5276; x_wconf 82' lang='lat' dir='ltr'><strong>Regulae.</strong></span> <span class='ocrx_word' id='word_1_755' title='bbox 974 5202 1042 5259; x_wconf 92' lang='lat' dir='ltr'><strong>time</strong></span> <span class='ocrx_word' id='word_1_756' title='bbox 1061 5199 1227 5274; x_wconf 75' lang='lat' dir='ltr'><strong>praecipienti</strong></span> <span class='ocrx_word' id='word_1_757' title='bbox 1244 5218 1250 5254; x_wconf 73' lang='grc' dir='ltr'>ε</span> <span class='ocrx_word' id='word_1_758' title='bbox 1267 5214 1316 5271; x_wconf 88' lang='lat' dir='ltr'><strong>par</strong></span> <span class='ocrx_word' id='word_1_759' title='bbox 1328 5205 1370 5254; x_wconf 90' lang='lat' dir='ltr'><strong>est</strong></span> <span class='ocrx_word' id='word_1_760' title='bbox 1382 5203 1538 5252; x_wconf 78' lang='lat' dir='ltr'><strong>existimare</strong></span> <span class='ocrx_word' id='word_1_761' title='bbox 1564 5206 1702 5275; x_wconf 83' lang='lat' dir='ltr'><strong>neminem</strong></span> <span class='ocrx_word' id='word_1_762' title='bbox 1718 5191 1772 5247; x_wconf 90' lang='lat' dir='ltr'><strong>ira·</strong></span> 
     </span>
     <span class='ocr_line' id='line_1_60' title="bbox 149 5260 1773 5348; baseline -0.007 -18"><span class='ocrx_word' id='word_1_763' title='bbox 149 5260 166 5304; x_wconf 72' lang='lat'><strong>‘¹</strong></span> <span class='ocrx_word' id='word_1_764' title='bbox 190 5274 361 5341; x_wconf 86' lang='lat' dir='ltr'><strong>Suspensum</strong></span> <span class='ocrx_word' id='word_1_765' title='bbox 385 5273 419 5329; x_wconf 92' lang='lat' dir='ltr'><strong>ab</strong></span> <span class='ocrx_word' id='word_1_766' title='bbox 446 5274 569 5330; x_wconf 91' lang='lat' dir='ltr'><strong>oratione</strong></span> <span class='ocrx_word' id='word_1_767' title='bbox 603 5291 653 5346; x_wconf 92' lang='lat' dir='ltr'><strong>pro</strong></span> <span class='ocrx_word' id='word_1_768' title='bbox 681 5274 919 5332; x_wconf 85' lang='lat' dir='ltr'><strong>excommunicato</strong></span> <span class='ocrx_word' id='word_1_769' title='bbox 974 5283 1047 5331; x_wconf 91' lang='lat' dir='ltr'><strong>trum</strong></span> <span class='ocrx_word' id='word_1_770' title='bbox 1059 5274 1100 5329; x_wconf 91' lang='lat' dir='ltr'><strong>sic</strong></span> <span class='ocrx_word' id='word_1_771' title='bbox 1112 5273 1146 5329; x_wconf 88' lang='lat' dir='ltr'><strong>ab</strong></span> <span class='ocrx_word' id='word_1_772' title='bbox 1159 5271 1214 5327; x_wconf 90' lang='lat' dir='ltr'><strong>illis</strong></span> <span class='ocrx_word' id='word_1_773' title='bbox 1229 5269 1352 5343; x_wconf 87' lang='lat' dir='ltr'><strong>patribus</strong></span> <span class='ocrx_word' id='word_1_774' title='bbox 1365 5267 1452 5348; x_wconf 39' lang='lat' dir='ltr'><strong>luisse·</strong></span> <span class='ocrx_word' id='word_1_775' title='bbox 1461 5265 1495 5321; x_wconf 89' lang='lat' dir='ltr'><strong>ab</strong></span> <span class='ocrx_word' id='word_1_776' title='bbox 1512 5273 1636 5346; x_wconf 75' lang='lat' dir='ltr'><strong>oratione</strong></span> <span class='ocrx_word' id='word_1_777' title='bbox 1657 5277 1773 5335; x_wconf 88' lang='lat' dir='ltr'><strong>suspeu-</strong></span> 
     </span>
     <span class='ocr_line' id='line_1_61' title="bbox 115 5338 1774 5419; baseline -0.005 -20"><span class='ocrx_word' id='word_1_778' title='bbox 115 5341 262 5414; x_wconf 85' lang='lat' dir='ltr'><strong>liicaccipi</strong></span> <span class='ocrx_word' id='word_1_779' title='bbox 277 5343 344 5399; x_wconf 92' lang='lat' dir='ltr'><strong>satis</strong></span> <span class='ocrx_word' id='word_1_780' title='bbox 359 5343 470 5401; x_wconf 83' lang='lat' dir='ltr'><strong>evidens</strong></span> <span class='ocrx_word' id='word_1_781' title='bbox 492 5353 544 5401; x_wconf 90' lang='lat' dir='ltr'><strong>est.</strong></span> <span class='ocrx_word' id='word_1_782' title='bbox 558 5346 641 5402; x_wconf 87' lang='lat' dir='ltr'><strong>Tradi</strong></span> <span class='ocrx_word' id='word_1_783' title='bbox 659 5347 735 5402; x_wconf 91' lang='lat' dir='ltr'><strong>enim</strong></span> <span class='ocrx_word' id='word_1_784' title='bbox 747 5347 855 5402; x_wconf 64' lang='lat' dir='ltr'><strong>&amp;tanae</strong></span> <span class='ocrx_word' id='word_1_785' title='bbox 878 5361 920 5403; x_wconf 92' lang='lat' dir='ltr'><strong>se·</strong></span> <span class='ocrx_word' id='word_1_786' title='bbox 974 5340 1411 5412; x_wconf 83' lang='lat' dir='ltr'><strong>sum,·siieexcommunicatum</strong></span> <span class='ocrx_word' id='word_1_787' title='bbox 1428 5338 1494 5419; x_wconf 63' lang='lat' dir='ltr'><strong>(lua.</strong></span> <span class='ocrx_word' id='word_1_788' title='bbox 1509 5350 1642 5419; x_wconf 78' lang='lat' dir='ltr'><strong>nimirum</strong></span> <span class='ocrx_word' id='word_1_789' title='bbox 1662 5349 1774 5391; x_wconf 80' lang='lat' dir='ltr'><strong>ercom-</strong></span> 
     </span>
     <span class='ocr_line' id='line_1_62' title="bbox 115 5409 1774 5489; baseline -0.007 -18"><span class='ocrx_word' id='word_1_790' title='bbox 115 5413 243 5471; x_wconf 88' lang='lat' dir='ltr'><strong>enndum</strong></span> <span class='ocrx_word' id='word_1_791' title='bbox 262 5413 425 5471; x_wconf 86' lang='lat' dir='ltr'><strong>sententiam</strong></span> <span class='ocrx_word' id='word_1_792' title='bbox 448 5416 574 5487; x_wconf 77' lang='lat' dir='ltr'><strong>Apostoli</strong></span> <span class='ocrx_word' id='word_1_793' title='bbox 598 5416 735 5474; x_wconf 90' lang='lat' dir='ltr'><strong>isdieitur</strong></span> <span class='ocrx_word' id='word_1_794' title='bbox 749 5420 779 5486; x_wconf 94' lang='lat' dir='ltr'><strong>(l</strong></span> <span class='ocrx_word' id='word_1_795' title='bbox 797 5418 856 5474; x_wconf 83' lang='lat' dir='ltr'><strong>Gor.</strong></span> <span class='ocrx_word' id='word_1_796' title='bbox 873 5420 919 5485; x_wconf 87' lang='lat' dir='ltr'><strong>v),</strong></span> <span class='ocrx_word' id='word_1_797' title='bbox 974 5416 1171 5483; x_wconf 90' lang='lat' dir='ltr'><strong>municaiione,</strong></span> <span class='ocrx_word' id='word_1_798' title='bbox 1186 5429 1269 5485; x_wconf 91' lang='lat' dir='ltr'><strong>quam</strong></span> <span class='ocrx_word' id='word_1_799' title='bbox 1284 5412 1417 5483; x_wconf 88' lang='lat' dir='ltr'><strong>majorem</strong></span> <span class='ocrx_word' id='word_1_800' title='bbox 1431 5409 1614 5489; x_wconf 83' lang='lat' dir='ltr'><strong>distinctionis</strong></span> <span class='ocrx_word' id='word_1_801' title='bbox 1629 5421 1709 5461; x_wconf 88' lang='lat' dir='ltr'><strong>causa</strong></span> <span class='ocrx_word' id='word_1_802' title='bbox 1723 5421 1774 5461; x_wconf 91' lang='lat' dir='ltr'><strong>no·</strong></span> 
     </span>
     <span class='ocr_line' id='line_1_63' title="bbox 115 5476 1776 5560; baseline -0.006 -19"><span class='ocrx_word' id='word_1_803' title='bbox 115 5485 191 5556; x_wconf 90' lang='lat' dir='ltr'><strong>quia</strong></span> <span class='ocrx_word' id='word_1_804' title='bbox 205 5500 323 5556; x_wconf 80' lang='lat' dir='ltr'><strong>corpore</strong></span> <span class='ocrx_word' id='word_1_805' title='bbox 347 5485 464 5551; x_wconf 86' lang='lat' dir='ltr'><strong>Christi,</strong></span> <span class='ocrx_word' id='word_1_806' title='bbox 486 5486 513 5542; x_wconf 90' lang='lat' dir='ltr'><strong>id</strong></span> <span class='ocrx_word' id='word_1_807' title='bbox 537 5496 588 5553; x_wconf 90' lang='lat' dir='ltr'><strong>est,</strong></span> <span class='ocrx_word' id='word_1_808' title='bbox 615 5487 747 5557; x_wconf 84' lang='lat' dir='ltr'><strong>Ecclesia,</strong></span> <span class='ocrx_word' id='word_1_809' title='bbox 766 5487 920 5560; x_wconf 87' lang='lat' dir='ltr'><strong>praesciudi·</strong></span> <span class='ocrx_word' id='word_1_810' title='bbox 976 5489 1148 5556; x_wconf 82' lang='lat' dir='ltr'><strong>minamus);</strong></span> <span class='ocrx_word' id='word_1_811' title='bbox 1163 5484 1216 5541; x_wconf 86' lang='lat' dir='ltr'><strong>nisi</strong></span> <span class='ocrx_word' id='word_1_812' title='bbox 1227 5482 1359 5557; x_wconf 89' lang='lat' dir='ltr'><strong>gravioris</strong></span> <span class='ocrx_word' id='word_1_813' title='bbox 1370 5483 1457 5552; x_wconf 85' lang='lat' dir='ltr'><strong>culpae</strong></span> <span class='ocrx_word' id='word_1_814' title='bbox 1476 5494 1540 5535; x_wconf 89' lang='lat' dir='ltr'><strong>reus</strong></span> <span class='ocrx_word' id='word_1_815' title='bbox 1552 5476 1700 5558; x_wconf 69' lang='lat' dir='ltr'><strong>iudicatus,</strong></span> <span class='ocrx_word' id='word_1_816' title='bbox 1715 5490 1776 5558; x_wconf 72' lang='lat' dir='ltr'><strong>eam</strong></span> 
     </span>
     <span class='ocr_line' id='line_1_64' title="bbox 118 5546 1778 5632; baseline -0.004 -23"><span class='ocrx_word' id='word_1_817' title='bbox 118 5562 174 5623; x_wconf 90' lang='lat' dir='ltr'><strong>tur,</strong></span> <span class='ocrx_word' id='word_1_818' title='bbox 186 5566 246 5612; x_wconf 85' lang='lat' dir='ltr'><strong>ets</strong></span> <span class='ocrx_word' id='word_1_819' title='bbox 267 5557 465 5613; x_wconf 90' lang='lat' dir='ltr'><strong>communione</strong></span> <span class='ocrx_word' id='word_1_820' title='bbox 485 5558 609 5614; x_wconf 83' lang='lat' dir='ltr'><strong>fidelium</strong></span> <span class='ocrx_word' id='word_1_821' title='bbox 631 5559 806 5616; x_wconf 80' lang='lat' dir='ltr'><strong>excluditur:</strong></span> <span class='ocrx_word' id='word_1_822' title='bbox 822 5574 853 5614; x_wconf 91' lang='lat' dir='ltr'><strong>ac</strong></span> <span class='ocrx_word' id='word_1_823' title='bbox 874 5574 922 5629; x_wconf 91' lang='lat' dir='ltr'><strong>per</strong></span> <span class='ocrx_word' id='word_1_824' title='bbox 976 5568 1069 5616; x_wconf 93' lang='lat' dir='ltr'><strong>tamen</strong></span> <span class='ocrx_word' id='word_1_825' title='bbox 1087 5556 1215 5632; x_wconf 89' lang='lat' dir='ltr'><strong>regulari,</strong></span> <span class='ocrx_word' id='word_1_826' title='bbox 1229 5562 1363 5611; x_wconf 87' lang='lat' dir='ltr'><strong>etstatuta</strong></span> <span class='ocrx_word' id='word_1_827' title='bbox 1376 5546 1778 5626; x_wconf 88' lang='lat' dir='ltr'><strong>poeuitentia,etsatisiactione</strong></span> 
     </span>
     <span class='ocr_line' id='line_1_65' title="bbox 119 5621 1778 5709; baseline -0.007 -24"><span class='ocrx_word' id='word_1_828' title='bbox 119 5623 175 5707; x_wconf 70' lang='lat' dir='ltr'><strong>lion</strong></span> <span class='ocrx_word' id='word_1_829' title='bbox 187 5627 314 5709; x_wconf 79' lang='lat' dir='ltr'><strong>potestati</strong></span> <span class='ocrx_word' id='word_1_830' title='bbox 335 5635 363 5685; x_wconf 90' lang='lat' dir='ltr'><strong>et</strong></span> <span class='ocrx_word' id='word_1_831' title='bbox 384 5628 523 5701; x_wconf 84' lang='lat' dir='ltr'><strong>tyrannidi</strong></span> <span class='ocrx_word' id='word_1_832' title='bbox 537 5628 638 5685; x_wconf 88' lang='lat' dir='ltr'><strong>diaboli</strong></span> <span class='ocrx_word' id='word_1_833' title='bbox 662 5629 867 5702; x_wconf 89' lang='lat' dir='ltr'><strong>quodammodo</strong></span> <span class='ocrx_word' id='word_1_834' title='bbox 882 5645 921 5687; x_wconf 84' lang='lat' dir='ltr'><strong>re·</strong></span> <span class='ocrx_word' id='word_1_835' title='bbox 977 5630 1095 5697; x_wconf 88' lang='lat' dir='ltr'><strong>diluere,</strong></span> <span class='ocrx_word' id='word_1_836' title='bbox 1113 5637 1145 5687; x_wconf 91' lang='lat' dir='ltr'><strong>ut</strong></span> <span class='ocrx_word' id='word_1_837' title='bbox 1156 5628 1193 5685; x_wconf 91' lang='lat' dir='ltr'><strong>ait</strong></span> <span class='ocrx_word' id='word_1_838' title='bbox 1205 5632 1322 5695; x_wconf 79' lang='lat' dir='ltr'><strong>Auctor,</strong></span> <span class='ocrx_word' id='word_1_839' title='bbox 1335 5640 1367 5681; x_wconf 89' lang='lat' dir='ltr'><strong>ae</strong></span> <span class='ocrx_word' id='word_1_840' title='bbox 1379 5622 1526 5706; x_wconf 79' lang='lat' dir='ltr'><strong>emendare</strong></span> <span class='ocrx_word' id='word_1_841' title='bbox 1540 5627 1688 5677; x_wconf 87' lang='lat' dir='ltr'><strong>recusaret.</strong></span> <span class='ocrx_word' id='word_1_842' title='bbox 1698 5621 1778 5703; x_wconf 63' lang='lat' dir='ltr'><strong>Eune</strong></span> 
     </span>
     <span class='ocr_line' id='line_1_66' title="bbox 118 5694 1784 5772; baseline -0.007 -17"><span class='ocrx_word' id='word_1_843' title='bbox 118 5694 265 5766; x_wconf 68' lang='lat' dir='ltr'><strong>lmqiiitum</strong></span> <span class='ocrx_word' id='word_1_844' title='bbox 285 5706 358 5755; x_wconf 90' lang='lat' dir='ltr'><strong>sicut</strong></span> <span class='ocrx_word' id='word_1_845' title='bbox 375 5699 493 5756; x_wconf 81' lang='lat' dir='ltr'><strong>Ecclesia</strong></span> <span class='ocrx_word' id='word_1_846' title='bbox 516 5699 661 5758; x_wconf 82' lang='lat' dir='ltr'><strong>liaereticos</strong></span> <span class='ocrx_word' id='word_1_847' title='bbox 687 5702 827 5758; x_wconf 88' lang='lat' dir='ltr'><strong>convictos</strong></span> <span class='ocrx_word' id='word_1_848' title='bbox 845 5710 920 5772; x_wconf 84' lang='lat' dir='ltr'><strong>potc-</strong></span> <span class='ocrx_word' id='word_1_849' title='bbox 975 5701 1049 5759; x_wconf 90' lang='lat' dir='ltr'><strong>enim</strong></span> <span class='ocrx_word' id='word_1_850' title='bbox 1064 5700 1176 5758; x_wconf 91' lang='lat' dir='ltr'><strong>demum</strong></span> <span class='ocrx_word' id='word_1_851' title='bbox 1188 5699 1348 5757; x_wconf 90' lang='lat' dir='ltr'><strong>censebatur</strong></span> <span class='ocrx_word' id='word_1_852' title='bbox 1367 5696 1402 5751; x_wconf 92' lang='lat' dir='ltr'><strong>ab</strong></span> <span class='ocrx_word' id='word_1_853' title='bbox 1415 5702 1549 5758; x_wconf 89' lang='lat' dir='ltr'><strong>oratione,</strong></span> <span class='ocrx_word' id='word_1_854' title='bbox 1561 5699 1589 5746; x_wconf 92' lang='lat' dir='ltr'><strong>et</strong></span> <span class='ocrx_word' id='word_1_855' title='bbox 1603 5699 1735 5752; x_wconf 87' lang='lat' dir='ltr'><strong>oratorio,</strong></span> <span class='ocrx_word' id='word_1_856' title='bbox 1752 5694 1784 5743; x_wconf 92' lang='lat' dir='ltr'><strong>et</strong></span> 
     </span>
    </p>
   </div>
   <div class='ocr_carea' id='block_1_6' title="bbox 44 5758 1777 5917">
    <p class='ocr_par' dir='ltr' id='par_1_8' title="bbox 44 5758 1777 5917">
     <span class='ocr_line' id='line_1_67' title="bbox 44 5758 1777 5903; baseline -0.003 -84"><span class='ocrx_word' id='word_1_857' title='bbox 44 5804 50 5819; x_wconf 92' lang='lat'><strong>.</strong></span> <span class='ocrx_word' id='word_1_858' title='bbox 119 5766 188 5824; x_wconf 87' lang='lat' dir='ltr'><strong>stati</strong></span> <span class='ocrx_word' id='word_1_859' title='bbox 208 5769 335 5826; x_wconf 74' lang='lat' dir='ltr'><strong>sembri</strong></span> <span class='ocrx_word' id='word_1_860' title='bbox 353 5769 492 5842; x_wconf 81' lang='lat' dir='ltr'><strong>relinquit.</strong></span> <span class='ocrx_word' id='word_1_861' title='bbox 514 5770 597 5829; x_wconf 87' lang='lat' dir='ltr'><strong>Unde</strong></span> <span class='ocrx_word' id='word_1_862' title='bbox 617 5773 785 5846; x_wconf 79' lang='lat' dir='ltr'><strong>Augustinus</strong></span> <span class='ocrx_word' id='word_1_863' title='bbox 802 5793 808 5829; x_wconf 93' lang='lat'><strong>:</strong></span> <span class='ocrx_word' id='word_1_864' title='bbox 828 5774 921 5832; x_wconf 86' lang='lat' dir='ltr'><strong>Omnis</strong></span> <span class='ocrx_word' id='word_1_865' title='bbox 975 5772 1072 5831; x_wconf 88' lang='lat' dir='ltr'><strong>ciliciis</strong></span> <span class='ocrx_word' id='word_1_866' title='bbox 1095 5772 1197 5830; x_wconf 89' lang='lat' dir='ltr'><strong>divinis</strong></span> <span class='ocrx_word' id='word_1_867' title='bbox 1228 5783 1390 5843; x_wconf 63' lang='lat' dir='ltr'><strong>suspensum</strong></span> <span class='ocrx_word' id='word_1_868' title='bbox 1417 5775 1448 5822; x_wconf 91' lang='lat' dir='ltr'><strong>ut</strong></span> <span class='ocrx_word' id='word_1_869' title='bbox 1470 5780 1521 5821; x_wconf 91' lang='lat' dir='ltr'><strong>nec</strong></span> <span class='ocrx_word' id='word_1_870' title='bbox 1547 5761 1600 5835; x_wconf 90' lang='lat' dir='ltr'><strong>ipsi</strong></span> <span class='ocrx_word' id='word_1_871' title='bbox 1619 5776 1684 5903; x_wconf 52' lang='lat' dir='ltr'><strong>ium</strong></span> <span class='ocrx_word' id='word_1_872' title='bbox 1708 5758 1777 5824; x_wconf 76' lang='lat' dir='ltr'><strong>aliis,</strong></span> 
     </span>
     <span class='ocr_line' id='line_1_68' title="bbox 230 5859 489 5917; baseline 0 -1"><span class='ocrx_word' id='word_1_873' title='bbox 230 5859 363 5917; x_wconf 79' lang='lat' dir='ltr'><strong>Parnoi..</strong></span> <span class='ocrx_word' id='word_1_874' title='bbox 382 5860 489 5916; x_wconf 75' lang='lat' dir='ltr'><strong>xllx.</strong></span> 
     </span>
    </p>
   </div>
   <div class='ocr_carea' id='block_1_7' title="bbox 0 0 1934 6148">
    <p class='ocr_par' dir='ltr' id='par_1_9' title="bbox 0 0 1934 6148">
     <span class='ocr_line' id='line_1_69' title="bbox 0 0 1934 6148; baseline 0 0"><span class='ocrx_word' id='word_1_875' title='bbox 0 0 1934 6148; x_wconf 95' lang='lat' dir='ltr'><strong> </strong></span> 
     </span>
    </p>
   </div>
  </div>
 </body>
</html>
