3848 6158
138 336 191 390 :ibt
394 331 438 387 DE
456 331 695 390 cOExoutoutftt
714 334 837 390 lNSTl'l'.
858 331 922 388 LlB.
942 331 1000 389 t'll.
1019 361 1055 374 -
1073 332 1117 389 bb
1135 332 1269 390 srltttlb
1292 333 1546 390 l‘lttlxtttil'ltta‘.
1741 340 1793 392 302

138 469 202 529 rat,
225 473 345 532 quorum
366 460 484 517 nexibus
502 459 673 533 compeditus
693 459 727 518 sd
747 459 941 535 purgationem
956 459 1117 525 Asionibus
1135 461 1380 534 pulsaremur[.·ll.
1399 459 1595 532 pulsarenturl.
1610 459 1712 532 absque
1727 476 1793 517 eon·

137 552 269 611 vitiorum
291 567 406 610 suornm
424 552 578 611 sinedubio
599 554 741 627 pervenire
756 570 811 611 non
825 562 939 627 posset:
994 552 1110 612 lusionis
1133 564 1234 613 nostru
1253 553 1414 612 verecundia
1433 554 1608 621 curabamur,
1619 569 1684 610 cum
1705 561 1733 611 et
1750 569 1793 610 re·

140 644 298 705 truculento
317 646 393 704 vultu
410 647 501 703 eidem
522 646 684 721 respondere
705 664 762 705 non
779 648 916 706 baesitarit
935 667 942 703 ε
998 647 1086 705 media
1100 648 1201 721 pariter
1221 655 1250 704 et
1271 662 1367 704 causas
1386 643 1571 703 infestantium
1588 661 1640 703 nos
1662 646 1792 703 vitiorum

137 738 171 796 Si
193 746 224 795 tu
240 738 325 795 babes
343 738 416 796 unde
436 738 569 811 plurimos
580 748 735 815 sustentes,
760 757 805 799 me
820 741 944 799 similiter
997 742 1071 799 taciti
1083 743 1265 810 disceremus,
1280 757 1342 815 quae
1356 749 1432 799 trosc
1453 756 1508 797 non
1520 738 1695 798 fraternitatis
1715 740 1792 797 veriti

138 830 242 890 habere
254 832 401 905 prohibes?
996 850 1095 909 corpus
1115 837 1155 892 rel
1186 835 1339 892 obteximus
1368 835 1409 892 rel
1439 833 1658 906 praeterisinrus3
1685 833 1733 891 sed
1756 850 1792 890 ne

432 942 553 1002 CAPUT
572 947 651 1001 Xlll.
997 930 1068 991 iorte
1088 932 1214 1005 delapsus
1238 931 1306 988 liber
1325 930 1352 986 in
1373 945 1472 987 manus
1493 943 1606 995 eorum,
1620 926 1665 999 qui
1685 925 1712 981 iu
1734 927 1788 983 boe

138 1034 214 1107 Quid
233 1035 373 1104 muleruut
397 1037 516 1091 seriores
531 1037 687 1107 junioribus
714 1041 742 1094 iu
762 1039 942 1097 rbrtudutioue
995 1022 1370 1101 l³i⁰ll⁰⁵51⁰¹¹¹l¹¹¹¹⁵i¹¹i³fi¹l¹ti
1390 1021 1524 1091 iidemu&
1548 1020 1695 1093 patefaciat
1718 1020 1791 1076 iim·

471 1109 609 1164 immm-
996 1122 1093 1195 pertis,
1108 1137 1170 1194 quae
1187 1119 1383 1193 desudantibus
1402 1116 1467 1174 solis
1477 1133 1510 1174 ae
1529 1114 1719 1172 festinantibus
1737 1116 1794 1170 oul-

175 1211 245 1268 lltec
257 1217 350 1267 autem
362 1210 467 1268 nemini
486 1210 630 1269 rideantur
642 1212 781 1286 superllna
797 1213 839 1271 rel
854 1213 940 1271 mole·
994 1231 1058 1272 meu
1072 1213 1242 1289 perfectiouis
1252 1214 1402 1285 attingere,
1416 1210 1517 1267 debent
1530 1223 1589 1265 esse
1603 1215 1754 1279 comperta.

136 1310 192 1361 sta.
208 1306 221 1335 ⁸
237 1301 295 1361 Nisi
308 1303 382 1359 enirn
404 1304 481 1376 prius
504 1305 627 1377 exposita
649 1303 751 1363 inerint
768 1322 866 1380 genera
878 1306 940 1362 rul—
1279 1350 1399 1407 CAPUT
1417 1347 1486 1403 xlv

136 1410 254 1464 naum,
268 1403 297 1452 et
308 1396 427 1470 origines
439 1412 583 1470 causaeque
599 1398 762 1456 morborum
778 1397 881 1456 luerint
895 1400 939 1456 in·
1181 1462 1187 1474 ,
1289 1460 1295 1475 ,
1488 1384 1517 1471 ’,
1588 1456 1594 1471 ,

135 1488 267 1561 dngstoe:
286 1504 339 1546 nee
347 1488 465 1548 infirmis
475 1490 575 1563 poterit
586 1490 708 1549 adbiberi
719 1507 841 1565 congrua
850 1492 939 1549 medi·
1135 1461 1318 1531 PM‘WWOE
1344 1460 1450 1515 ”mrbus
1478 1461 1648 1529 mmmm·

136 1582 209 1641 eine
222 1582 340 1653 ruratio,
362 1598 413 1640 nee
434 1582 528 1642 validis
541 1582 658 1642 eonierri
676 1583 803 1659 perfectae
814 1584 938 1643 custodia
1027 1575 1041 1618 ἆ
1063 1586 1171 1660 Triplex
1196 1586 1287 1660 itaque
1303 1595 1344 1643 est
1367 1585 1450 1658 bujus
1474 1584 1636 1643 ualetudinis
1657 1581 1788 1649 morbus,

134 1676 268 1735 raniutis
289 1679 362 1733 urm
376 1685 404 1735 et
417 1677 477 1735 baec
491 1686 518 1734 et
535 1677 623 1734 multo
634 1677 677 1736 bis
690 1678 768 1750 plura
782 1678 818 1736 ad
832 1679 937 1735 instru-
991 1679 1037 1752 qui
1058 1680 1092 1736 ab
1116 1679 1248 1737 universis
1274 1678 1400 1738 Patribus
1422 1679 1519 1753 aequali
1543 1676 1722 1736 detestatione
1748 1675 1792 1731 da·

136 1771 260 1829 ctionem
274 1769 418 1844 iuniorum
433 1770 523 1828 solent
537 1789 553 1828 a
565 1771 732 1841 senioribus,
746 1773 793 1847 qui
807 1774 936 1833 innume·
990 1781 1111 1830 ornatur.
1126 1774 1206 1831 Unus
1227 1772 1288 1841 bic,
1312 1772 1389 1846 eujus
1401 1773 1526 1845 superius
1539 1770 1734 1842 descripsimus
1755 1771 1791 1825 la·

136 1879 185 1922 ros
194 1862 366 1921 diversorum
379 1879 504 1920 casusne
519 1863 609 1922 ruinas
622 1864 726 1937 experti
740 1881 813 1933 sunt,
827 1867 856 1922 in
869 1868 936 1925 Col·
951 1863 975 1926 B
992 1867 1073 1937 bem,
1085 1866 1132 1940 qui
1151 1865 1286 1938 decipiens
1301 1864 1469 1922 miserabiles
1480 1879 1620 1938 quosque,
1636 1880 1666 1920 ea
1681 1879 1742 1936 quae
1755 1878 1791 1919 no

135 1956 239 2016 latione
248 1956 375 2032 proferri.
391 1958 515 2027 Quorum
530 1957 615 2014 multa
628 1972 815 2031 sepenumero
829 1976 935 2034 eogno—
989 1944 1068 2019 antea
1083 1959 1204 2034 quidem,
1219 1976 1283 2017 cum
1295 1959 1324 2016 iu
1337 1958 1438 2016 saeeulo
1452 1958 1590 2028 degerent,
1604 1958 1789 2031 possidebam,

135 2061 245 2111 mter
263 2053 292 2111 in
321 2051 417 2117 nobis,
447 2051 484 2109 ita
505 2052 658 2113 senioribus
679 2055 879 2127 exponentibus
904 2074 935 2114 ae
989 2068 1154 2129 congregare
1172 2046 1326 2126 persuadet.
1351 2050 1427 2109 Alius
1444 2050 1490 2123 qui
1504 2050 1563 2106 baec
1583 2065 1645 2120 quae
1659 2055 1671 2083 ‘
1684 2050 1719 2115 ‚in
1737 2050 1793 2120 pri·

134 2144 338 2216 revelantibus,
358 2139 458 2203 velutb
478 2147 524 2219 qui
547 2146 652 2205 eisdem
669 2147 719 2221 ipsi
741 2164 851 2223 quoque
871 2166 935 2224 pas-
989 2149 1102 2207 mordiis
1120 2163 1178 2206 suro
1197 2143 1406 2204 renuntiationis
1428 2142 1581 2216 abjecerat,
1605 2151 1700 2215 postea
1719 2157 1791 2199 resu-

685 2304 816 2361 strunt
834 2306 946 2361 GllZAEl
966 2302 1244 2362 COMMENTARIUS.

134 2432 173 2489 l).
191 2430 375 2505 Qnymus
393 2432 422 2489 iu
433 2433 548 2505 epistola
562 2434 597 2492 ad
612 2435 795 2495 Heliodorum
817 2438 858 2495 bis
872 2455 934 2497 rer·
987 2453 1040 2512 seu
1052 2438 1152 2495 morbo
1162 2435 1256 2493 animi.
1275 2433 1327 2492 Sed
1346 2433 1456 2491 adrem
1476 2440 1507 2490 ut
1520 2431 1677 2502 veniamus,
1693 2432 1789 2515 triplex

135 2503 198 2561 b'n:
212 2504 273 2563 Atti·
282 2520 421 2561 summum
435 2506 542 2560 addunt
550 2522 669 2573 nummo,
683 2514 709 2564 et
723 2511 753 2563 iu
763 2514 935 2581 marsupium
989 2509 1033 2566 bie
1058 2510 1171 2565 morbus
1202 2505 1372 2580 plrilargyriae
1394 2520 1444 2561 seu
1469 2505 1590 2561 avaritiae
1612 2504 1786 2575 describitur,

134 2574 298 2647 afferentes
307 2582 492 2631 matronarum
506 2585 702 2646 spernerentur
714 2581 847 2650 obsequiis
858 2600 866 2635 :
878 2585 935 2638 siut
988 2596 1043 2652 quo
1055 2589 1111 2636 tres
1130 2578 1333 2634 monaeborum
1348 2576 1589 2648 pmprietariorum
1600 2590 1648 2631 seu
1662 2576 1788 2648 proprie-

134 2644 769 2717 dr'iimsstoucobi,quumtuerurrtsoeerrluresr
780 2653 935 2721 possimus
988 2650 1052 2707 tatis
1076 2650 1140 2706 vitio
1162 2647 1347 2705 laborantium
1367 2645 1471 2718 species
1497 2647 1554 2702 sire
1583 2644 1702 2727 ordines·
1715 2646 1789 2702 desi-

132 2732 198 2843 m
209 2718 260 2773 ereb
268 2733 391 2789 paupere
398 2718 508 2844 ‘cbristo
516 2722 673 2847 ,ειιιιωὲειὲὸ
691 2721 932 2848 Ιφαᾜζοζῗέιὶιὺοιο
988 2729 1123 2849 guautffi·
1135 2719 1218 2846 Ptrimi
1237 2716 1788 2844 οιιὶἰιιιίεῑιίιὲιιῑοίἃιιιειέτέἰιίιίιιῗς,ΠιιεΙὲεᾟιιέε

131 2860 348 2915 urrumnoda-r
358 2803 594 2941 urztesrurtscgrtttifoog?⁸
587 2864 622 2918 D.
636 2807 932 2936 ioessrraugrflrstffiuqsuffi
985 2800 1366 2925 fflffelpantltiuoesaeaogffiueoo
1380 2867 1441 2941 est,
1456 2805 1517 2931 1(¹ptri,
1537 2802 1710 2941 dugifinopes
1724 2804 1789 2914 luc?

133 2927 241 3003 Regula
253 2945 321 2987 suos
332 2928 447 2987 clericos
461 2931 598 3002 regulares
611 2931 754 3001 admouet,
769 2951 802 2991 ue
815 2951 847 2990 cu
864 2951 932 3005 pure
985 2934 1041 2991 rint
1056 2941 1120 2991 ante
1138 2928 1457 2996 monachatum,drsrtes
1471 2937 1498 2986 et
1511 2944 1650 3001 pecumosr
1664 2942 1724 2985 esse
1736 2943 1787 2984 eu-

131 3005 200 3055 rm
212 3000 429 3077 bemonmierio.
443 3018 503 3071 ortu
520 3018 567 3059 uec
581 3004 651 3071 {oris
662 3005 760 3060 bebere
770 3010 930 3075 ροιιιινιιιιις
985 3005 1063 3078 piunt
1082 3006 1110 3062 in
1128 3001 1305 3059 monasterio.
1319 3004 1360 3056 lle
1377 2999 1475 3070 ouibus
1496 3003 1530 3055 1).
1551 2999 1741 3071 Hieronymus
1757 2999 1785 3055 in

131 3086 182 3127 aree
193 3070 253 3129 ideo
263 3076 397 3143 reputem
407 3086 462 3127 esse
474 3074 650 3144 telmessum
664 3078 820 3132 inuenerunt
830 3080 930 3133 rictum
985 3078 1064 3148 epist.
1077 3075 1112 3132 ad
1125 3073 1303 3131 Heliodorum
1320 3092 1327 3128 :
1341 3073 1456 3130 nitrosus
1475 3076 1538 3126 saort
1554 3071 1687 3131 maureli,
1701 3087 1784 3141 pirum

126 3146 360 3211 attenuarentur.
368 3144 449 3212 orote
458 3145 529 3210 toris
536 3145 656 3201 imremre
666 3152 852 3216 conpererant
865 3164 928 3203 :nee
983 3150 1124 3204 sumturus
1139 3148 1227 3212 (llier.
1250 3160 1292 3214 ep.
1310 3146 1345 3209 t).
1368 3144 1493 3214 ltemque
1507 3142 1536 3197 in
1547 3141 1629 3223 epist.
1644 3141 1678 3196 nd
1691 3143 1786 3215 Nepo-

128 3228 148 3269 ι
195 3215 388 3275 umonubers,
402 3215 796 3287 commissurarumque
808 3219 932 3285 (obuo-
984 3219 1089 3275 tianum
1114 3218 1142 3273 in
1165 3230 1280 3287 persona
1301 3213 1396 3269 talium
1419 3213 1532 3284 loquens
1545 3212 1609 3269 dreit
1627 3230 1634 3266 :
1652 3214 1739 3268 liuius
1755 3217 1786 3269 iu

193 3298 231 3337 re
250 3298 303 3339 mu
317 3285 452 3340 studebam
464 3303 473 3339 r
486 3286 534 3341 reu
546 3301 652 3341 sursum
671 3302 716 3342 sor
735 3289 870 3356 imbuunt}
884 3306 931 3345 ure
949 3283 1103 3362 Cpxurperc
1117 3289 1204 3349 dorna
1222 3290 1247 3341 et
1259 3287 1288 3338 iu
1299 3286 1408 3353 tupurio
1417 3285 1564 3345 mertiorum,
1579 3286 1629 3353 qui
1644 3285 1692 3336 cist
1706 3285 1781 3339 milri)

127 3358 257 3419 luterus,
267 3369 369 3411 uetwru
378 3360 515 3426 querunt,
523 3357 701 3428 rreiucr'pe'uut
709 3362 931 3416 esscurouusteriu
985 3367 1011 3418 ct
1024 3361 1125 3415 ciburrb
1140 3372 1212 3427 prurre
1230 3360 1348 3411 verirent
1361 3355 1512 3423 rripieutcm
1525 3356 1628 3409 satiare
1641 3358 1782 3423 pulcrum,

129 3424 269 3481 ditrilr'bus
282 3425 372 3489 utiltb,
384 3428 623 3497 cooperiendus,
636 3430 835 3485 sidieitest'llic
845 3431 931 3486 bremi-
983 3448 1055 3487 muro
1076 3430 1192 3485 erinitum
1212 3432 1238 3482 et
1255 3427 1308 3481 mrl
1325 3426 1439 3493 (subdio
1454 3427 1538 3492 (llicr.
1559 3441 1600 3495 cp.
1618 3428 1654 3489 l).
1676 3426 1784 3495 Quibus

132 3496 247 3565 Μῖνι,
262 3500 290 3552 et
308 3512 437 3567 paauperes
452 3499 509 3553 illie
530 3500 657 3567 umectus
676 3502 753 3571 (cup.
768 3508 785 3559 t
799 3503 927 3571 seque).
982 3501 1080 3563 similia
1093 3508 1158 3556 sunt
1170 3512 1232 3570 quse
1243 3496 1411 3570 superiusex
1424 3499 1459 3552 D.
1475 3496 1626 3567 Augustino
1638 3494 1784 3555 esurimus

129 3566 238 3625 Sibulla
248 3566 334 3625 babet
346 3571 383 3625 D.
398 3567 552 3627 Bemurdus
572 3569 683 3627 bomilia
700 3579 720 3628 4
735 3587 817 3645 super
830 3576 929 3630 Mbsrrs
983 3578 1061 3645 (crepa
1080 3578 1112 3628 t2
1125 3571 1207 3641 buius
1219 3570 1289 3635 lib).
1302 3567 1381 3623 Tales
1396 3580 1477 3638 porro
1489 3567 1639 3623 monacbos
1650 3566 1783 3625 assimilat

132 3642 183 3693 Ν·
983 3645 1129 3703 merianus
1142 3637 1593 3710 Giezilomulolilizaeiproplrctae,
1609 3637 1655 3709 qni
1667 3638 1783 3720 probe-

169 3710 184 3741 ·
199 3708 387 3765 mannase
397 3711 554 3768 Germanus
563 3711 647 3769 obbas
656 3713 754 3771 Collat.
765 3712 871 3771 decima
881 3730 929 3772 no·
982 3715 1080 3773 ardelo
1103 3711 1252 3770 curationis
1273 3711 1410 3777 Naaman,
1438 3708 1545 3780 propria
1569 3717 1731 3764 auctoritate
1753 3719 1781 3763 et

132 3778 272 3861 natNuili
279 3782 516 3850 uumpuedubiurn
525 3788 563 3838 est
572 3785 649 3839 illurn
657 3802 734 3856 posse
742 3788 888 3841 rectissime
897 3788 929 3843 rie
981 3786 1129 3860 eupiditate
1141 3798 1226 3840 ausus
1238 3789 1282 3837 est
1300 3788 1389 3852 petere
1407 3789 1549 3853 argentum
1562 3787 1590 3833 et
1602 3786 1705 3841 emes,
1718 3794 1781 3849 quau

132 3848 259 3907 mam
273 3853 407 3907 mulorum
418 3853 602 3909 valetudinum
616 3856 767 3926 disputare,
780 3858 929 3925 petiturum
982 3872 1032 3914 suo
1049 3853 1132 3913 statui
1145 3863 1173 3910 et
1185 3851 1334 3910 conditioni
1349 3850 1464 3905 minime
1477 3847 1672 3920 oougrurbant.
1688 3848 1720 3901 lu
1734 3862 1781 3903 se-

130 3922 319 3991 prius-orsurus
331 3927 413 3992 utque
426 3925 544 3993 oripirres
555 3929 755 3994 emutourium,
770 3929 928 3982 miurieutio
982 3928 1073 3984 cundo
1086 3925 1180 3982 ordine
1191 3931 1264 3986 sunt.
1278 3924 1324 3995 qul
1334 3920 1459 4000 divitias,
1473 3934 1541 3990 qius
1553 3918 1629 3973 initio
1639 3932 1779 3999 sueclcon-

130 3993 575 4065 neumam-depreteudertrmte.
586 3998 662 4063 (Call.
673 4003 769 4066 morio.
784 4000 837 4062 te).
851 3995 928 4053 lderu
983 3998 1113 4054 versionis
1130 4002 1158 4050 et
1177 3991 1385 4049 renuntiationis
1402 3989 1574 4060 abjecerunt,
1596 3989 1780 4069 autrequue-

130 4058 251 4145 meets.
260 4062 410 4193 (imm
418 4065 549 4124 Nbsruus
562 4065 590 4122 in
605 4066 720 4140 epistola
734 4066 770 4123 ad
779 4066 927 4134 Lutoium,
982 4077 1055 4136 runt,
1073 4063 1205 4144 rursusln
1217 4061 1393 4144 monasteriis
1405 4067 1539 4129 repetere,
1560 4057 1664 4141 sibique
1676 4072 1778 4140 appro-

131 4132 181 4191 ubr
193 4141 260 4191 aare
338 4135 539 4193 immentorum
559 4137 768 4210 applicationem
783 4136 870 4194 morbi
883 4153 928 4193 eo·
1000 4138 1088 4205 riare,
1102 4149 1134 4190 ae
1151 4131 1287 4188 undreare
1303 4136 1493 4209 praesumunt:
1513 4140 1583 4199 quos
1595 4128 1699 4210 slmiles
1711 4127 1779 4210 droit

129 4200 287 4287 addeum
305 4206 484 4279 praereqmrit.
500 4210 536 4265 lit
552 4209 581 4264 S.
597 4209 811 4282 Cbrysostomus
829 4208 927 4280 optimi
981 4154 1060 4265 fudae
1080 4201 1287 4279 proditori,qui
1305 4214 1369 4282 oum
1388 4204 1492 4255 oaeoens
1506 4199 1654 4281 apostolis,
1677 4199 1777 4284 relictis

129 4272 234 4333 medlo
243 4290 304 4333 ms
317 4275 476 4348 pronuntiat
486 4281 621 4345 (Horruits
634 4281 668 4336 de
678 4283 845 4347 Periisse),
859 4295 928 4336 eeu-
981 4278 1120 4339 omnibns,
1132 4281 1240 4331 secums
1253 4275 1412 4347 Dominum,
1423 4277 1516 4341 postea
1530 4277 1650 4352 ararrtrea
1661 4271 1778 4328 stimulis

128 4358 177 4403 sas
189 4345 355 4405 morborum
369 4347 515 4430 inquirere.
530 4353 654 4422 &mque
669 4351 706 4408 ob
721 4366 831 4408 cauum
842 4351 926 4408 Gale·
981 4349 1098 4424 agitatus
1111 4361 1145 4403 eo
1157 4344 1275 4413 devenit,
1287 4350 1320 4400 ut
1331 4349 1359 4398 et
1369 4340 1519 4424 Dominum
1533 4341 1634 4398 Judaers
1649 4342 1780 4401 venderet
1793 4373 1797 4380 ·

128 4430 184 4475 nus
196 4414 300 4473 librrrm
316 4416 426 4489 aripert
436 4427 463 4475 et
475 4419 631 4493 inscripsit:
647 4425 685 4481 lte
699 4422 886 4493 mosacensis
900 4428 927 4479 et
980 4431 1009 4479 er
1026 4419 1152 4493 proderet
1162 4418 1272 4484 tumst.
1295 4419 1396 4497 nyx).
1412 4415 1536 4495 Tertium
1551 4411 1643 4496 locum
1657 4412 1708 4471 illis
1725 4415 1777 4472 tri-

129 4486 261 4545 rarmrdis
273 4490 362 4545 mint
371 4490 480 4546 morbis.
980 4493 1049 4561 buit,
1061 4490 1106 4564 qul
1118 4488 1215 4545 uolunt
1232 4502 1261 4544 se
1279 4485 1396 4558 spoliare
1412 4483 1539 4541 omnibus
1551 4483 1632 4541 bours
1643 4493 1671 4541 et
1688 4485 1776 4543 iacul-

166 4550 237 4617 'lta
250 4558 444 4621 emudatum.
458 4576 523 4619 cum
537 4576 570 4618 ex
585 4577 650 4631 ms,
670 4570 731 4620 tum
746 4579 779 4620 ex
794 4562 925 4636 Dionysio
978 4563 1097 4628 tatibus,
1115 4559 1164 4618 sed
1183 4567 1287 4632 partem
1305 4556 1340 4613 ali
1360 4572 1424 4612 uam
1439 4555 1491 4612 sibi
1509 4555 1607 4611 solunt
1619 4572 1775 4621 reservare.

132 4626 325 4711 musto.
341 4637 378 4713 F!
390 4632 479 4713 serbis
503 4702 527 4714 ..
564 4632 673 4714 entibus
691 4632 862 4716 respondeat
886 4638 927 4717 lle
941 4662 967 4727 D
979 4633 1102 4706 exemplo
1121 4630 1281 4713 Ananiaeet
1293 4629 1346 4699 Sap
1367 4628 1432 4710 ‘ram
1450 4626 1496 4698 qui
1514 4641 1578 4682 cnm
1599 4626 1682 4707 ritum
1696 4642 1776 4682 eom-

129 4712 223 4829 κ
236 4700 927 4848 assentiabamus
979 4720 1093 4848 aaut
1127 4700 1265 4837 tactu
1279 4697 1556 4841 altataria
1570 4695 1777 4847 {sumu

131 4838 193 4899 dle·
211 4849 244 4899 et
262 4840 433 4915 metodorus
450 4852 559 4916 urere,
572 4844 646 4919 quod
664 4845 827 4904 amodestia
842 4846 928 4919 ipsius
979 4855 1054 4904 runt.
1106 4843 1160 4900 nde
1176 4841 1306 4898 rontium
1329 4838 1363 4920 ab
1383 4835 1507 4919 apostolo
1528 4838 1607 4891 retro
1631 4834 1777 4917 delectret

130 4908 252 4971 ὗειιιιιι
269 4919 298 4970 et
315 4913 466 4971 insolitum.
980 4915 1127 4988 increpati,
1147 4921 1229 4983 atque
1249 4926 1265 4965 a
1279 4911 1339 4965 Deo
1350 4906 1517 4963 rnrrubrlrtor
1531 4920 1650 4976 percussi
1664 4912 1776 4963 interre-

165 4982 341 5065 {Dionysius
355 4985 543 5113 mmmm
561 4985 675 5044 clariore
695 4987 803 5071 syntaxi
826 4985 863 5043 ita
877 5002 925 5043 ex·
979 4997 1044 5045 runt
1062 4988 1135 5054 (Aet.
1151 4979 1291 5069 trigami
1312 4979 1403 5049 itaque
1417 4983 1514 5048 petunt
1525 4991 1587 5048 quae
1602 4990 1657 5033 non
1672 4977 1777 5060 babue-

132 5062 235 5123 penit:
324 5071 373 5113 nos
441 5058 543 5121 bimur.
557 5063 798 5128 uometermr'mus
813 5059 928 5114 ronde-
980 5067 1071 5116 mm:
1094 5050 1207 5111 mcuudr
1226 5056 1354 5122 repetunt
1382 5045 1592 5131 uaebubuerunt·
1604 5068 1610 5105 :
1624 5055 1697 5105 tertu
1712 5066 1776 5121 par·

132 5138 159 5177 st
273 5130 707 5190 ,smeetimoreoorrmum'tutr's
725 5132 925 5198 fretumora.
980 5138 1036 5186 tem
1048 5125 1168 5184 retinent
1190 5136 1286 5180 eorum
1300 5135 1361 5193 quae
1415 5119 1543 5201 buerunt.
1559 5118 1627 5176 Vrde
1642 5120 1739 5176 collat.
1759 5128 1776 5179 5

132 5194 323 5255 emuncti
346 5198 423 5255 enim
443 5214 544 5271 corpus
565 5208 646 5257 roeut
671 5201 817 5258 &suanm
838 5201 927 5271 ipsam
980 5216 1041 5273 cap.
1060 5206 1101 5254 tt.
1116 5195 1172 5255 Ubi
1184 5194 1245 5277 bueo
1258 5192 1310 5249 tris
1325 5190 1496 5274 philargyriae
1509 5206 1607 5263 genera
1619 5190 1713 5274 lbdem
1730 5209 1776 5248 re-

130 5266 361 5346 qntnrmmitatenr
375 5267 492 5352 [renum
499 5310 507 5335 ,
521 5269 579 5327 sire
592 5279 697 5354 coetum
712 5270 926 5354 monaeborum,
980 5277 1133 5328 comentur.
1146 5270 1186 5336 De
1197 5265 1295 5348 quibus
1306 5271 1389 5347 etlam
1405 5267 1439 5319 l).
1453 5262 1607 5320 bernardus
1620 5278 1648 5319 ιιι
1660 5270 1776 5341 tractatu

129 5334 182 5439 'lbi
195 5341 928 5489 bisop’ssilkgrorffldffiebrmmffi
980 5335 1592 5490 &ewpzffivfflffiffifflumptum
1601 5414 1651 5489 ,et
1664 5406 1698 5462 ad
1712 5423 1776 5478 pro-

130 5473 277 5547 phrastus.
293 5481 376 5539 Unde
389 5480 520 5555 suspicari
532 5481 595 5554 quis
608 5492 699 5556 posset
713 5485 857 5558 legendum
869 5500 927 5542 esse
982 5484 1128 5542 sessionem
1149 5485 1328 5536 monasticem
1351 5476 1533 5543 translatum,
1557 5492 1590 5532 rx
1615 5477 1666 5533 illis
1689 5479 1778 5535 verbis

129 5547 343 5617 mortuusis,
356 5552 383 5609 id
396 5561 438 5611 est
450 5553 634 5627 aegrimdiuis,
650 5554 751 5613 scilieet
769 5572 782 5613 s
802 5553 927 5625 iritualis,
982 5552 1103 5622 Domini,
1117 5553 1258 5609 Lueoexxv
1271 5549 1377 5606 :Oratus
1387 5547 1511 5612 coenobis,
1523 5550 1630 5619 quinon
1640 5553 1777 5605 rerurutiut

131 5632 217 5693 prum
235 5620 280 5681 ille
294 5622 438 5681 arandam
458 5623 661 5696 iuterpretatur.
675 5631 712 5683 st
730 5627 786 5684 nilri
815 5626 869 5683 tale
882 5641 929 5684 su·
982 5627 1104 5683 omuibus
1119 5639 1179 5695 prro
1190 5621 1317 5693 possidet,
1332 5636 1385 5675 riou
1396 5623 1485 5691 potest
1502 5636 1574 5676 mors
1588 5636 1643 5675 csse
1661 5621 1731 5701 discr·
1740 5639 1779 5675 ιιι-

132 5690 307 5775 ·plraudum,
329 5710 394 5751 cum
415 5695 541 5752 valetudo
556 5697 768 5756 vocabulum'sit
786 5713 884 5771 sneeps
900 5706 929 5754 et
983 5700 1035 5754 lus.
1057 5700 1107 5753 list
1123 5702 1215 5751 autem
1234 5692 1392 5749 renuntiare
1411 5640 1780 5773 omnibusnpossessroniLus
1854 5708 1881 5741 Α

133 5760 276 5825 nedrntn.
292 5780 348 5837 quo
361 5774 389 5823 et
401 5766 504 5823 multas
516 5775 544 5823 et
557 5765 729 5825 imbecillitas
745 5768 927 5837 rigaturum,
985 5765 1109 5841 proprie,
1132 5764 1171 5822 eis
1183 5774 1282 5836 spirate
1295 5762 1409 5829 cedere,
1430 5770 1458 5817 ct
1478 5762 1559 5843 yelutr
1583 5761 1780 5843 valedicturus

136 5838 164 5887 ι
175 5842 257 5891 notat
266 5835 373 5894 Gellius
380 5839 461 5895 Noet-
474 5838 560 5895 Attio.
574 5836 620 5895 lib.
634 5845 794 5912 suscepi.
808 5840 889 5897 Unde
900 5847 930 5895 et
984 5841 1142 5897 dlmittcre:
1157 5852 1213 5908 quo
1226 5833 1309 5890 modo
1326 5833 1365 5889 cis
1378 5838 1603 5914 renuunererurrt
1615 5831 1797 5907 apostolum

139 5903 237 5971 iusim
256 5906 332 5981 apud
356 5908 516 5967 Cusbnuur
538 5908 655 5967 sumitur
678 5926 728 5983 pro
746 5910 928 5969 invaletudine
988 5924 1108 5983 quorum
1128 5919 1244 5982 persom
1264 5901 1668 5979 postmdtxttletruszuece
1684 5896 1813 5951 rumicis·
