3848 6158
186 293 219 345 ts
302 367 304 371 Ι
857 288 997 346 JOANNlS
1014 288 1169 345 cassiam
1282 292 1286 297 “
1803 289 1839 343 'lli

186 422 246 484 cop.
259 419 300 480 t).
316 415 355 470 De
366 413 465 485 quibus
477 416 642 488 Apostolus:
659 416 855 473 Gircrimicrarnt
867 413 984 485 (inquit)
1000 415 1027 478 Α
1039 431 1109 486 pora
1122 431 1182 469 curn
1196 430 1277 483 super
1287 415 1385 480 sociem
1396 415 1487 483 pueri,
1505 417 1537 468 ut
1549 415 1624 466 uiuat
1636 414 1684 478 (Vl
1700 415 1766 483 Nep.
1782 416 1837 480 tv).

186 510 216 562 ire
230 509 332 564 melotis
347 513 372 564 ct
390 512 419 565 in
431 511 544 581 pellibus
559 512 677 580 caprinis
691 513 806 577 rpentes,
822 511 984 576 angustiasti,

187 603 295 671 afflicti,
302 605 398 674 qai-ibus
405 602 985 674 dignusnonerotmundos,insolitudinibus

187 702 318 760 montes,
329 702 354 752 et
364 699 393 751 io
407 698 549 758 meatibus,
561 698 775 767 citramarinas,
787 700 813 751 et
823 698 852 750 in
865 698 986 751 cacerias

186 795 267 845 terrra
288 791 378 857 (Hebe.
400 796 452 855 xx).
471 791 525 861 Qui
538 799 628 846 tamen
646 788 756 846 babitus
770 788 847 863 pellis
866 790 986 860 caprina

185 882 320 953 signiticat
331 881 497 937 mortificata
511 882 586 937 omni
601 882 746 954 petulantia
760 880 914 938 carnalium
928 896 988 952 pas·

185 974 295 1029 sionem
318 972 417 1029 debere
443 989 491 1029 eos
512 974 540 1029 in
562 989 672 1030 summa
697 973 829 1030 virtutum
854 974 987 1046 gravitate

184 1067 344 1135 consistere,
362 1081 413 1122 nec
431 1066 580 1139 quidquam
599 1068 740 1140 petulcum
753 1066 796 1124 vel
811 1067 935 1125 calidum
940 1067 986 1140 ju·

184 1160 303 1218 ventutis
327 1176 361 1218 ae
383 1161 543 1218 mobilitatis
565 1163 685 1236 antiqua
706 1162 734 1219 in
755 1177 852 1219 corum
872 1177 988 1234 corpore

185 1252 314 1313 residere.

489 1350 611 1408 CAPUT
631 1351 682 1406 tx.

505 1449 544 1502 De
563 1446 665 1501 becclo.
743 1433 746 1437 ’

222 1536 292 1592 Nam
306 1543 335 1593 et
353 1541 367 1571 ⁸
385 1536 513 1595 baculum
534 1546 654 1611 gestasse
672 1539 783 1597 eosdem
798 1538 883 1608 viros,
905 1538 988 1595 etiam

187 1629 309 1699 Elisaus,
327 1631 373 1703 qui
389 1647 461 1688 unus
474 1647 507 1687 ex
526 1631 590 1703 ipsis
605 1640 658 1700 est,
673 1633 765 1701 docet,
785 1650 849 1690 cum
869 1633 936 1691 dicit
954 1633 988 1691 ad

1041 510 1130 578 Quem
1145 508 1240 579 utique
1256 523 1312 563 non
1325 505 1444 563 dedisset
1457 507 1482 563 ci
1503 503 1638 578 propbeta
1661 503 1838 576 gestandum,

1039 603 1090 659 nisi
1104 620 1167 659 cum
1180 618 1264 658 manu
1279 618 1327 658 sua
1345 603 1442 658 solitus
1455 610 1526 657 esset
1538 599 1638 673 jugiter
1649 596 1839 655 circumferre.

1040 695 1123 768 Cujus
1137 695 1252 767 gestatio
1267 694 1440 762 spiritualiter
1455 701 1560 761 monet,
1576 707 1726 763 numquam
1741 690 1842 749 debere

1040 807 1087 846 cos
1099 791 1170 846 inter
1187 799 1229 846 tot
1242 790 1408 844 oblatrantes
1420 788 1550 843 vitiorum
1568 802 1658 852 canes,
1673 794 1701 841 et
1714 785 1839 842 invisibi-

1040 885 1078 940 les
1098 883 1281 954 nequitiarum
1296 882 1477 954 spiritualium
1497 881 1608 949 bestias,
1623 881 1744 936 inermes
1763 879 1842 937 inee-

1041 978 1105 1034 dere
1119 977 1162 1050 lde
1179 977 1281 1049 quibus
1299 978 1394 1033 beatus
1410 975 1497 1031 David
1517 973 1625 1031 liberari
1644 972 1786 1046 postulans
1797 972 1841 1030 di·

1041 1073 1078 1127 cit
1097 1075 1157 1130 :Ne
1172 1071 1278 1134 tradem,
1297 1073 1418 1134 Domine,
1434 1071 1523 1125 bestiis
1538 1071 1658 1123 opimam
1674 1070 1842 1137 mnfitcntem

1041 1168 1091 1222 tibi
1102 1167 1187 1233 (Psoi.
1199 1164 1323 1236 samri),
1336 1163 1384 1220 sed
1395 1164 1528 1219 irruentes
1540 1177 1585 1217 eas
1596 1159 1742 1217 retundere
1751 1161 1844 1217 crucis

1040 1261 1191 1333 signaculo,
1216 1275 1248 1316 ac
1264 1259 1373 1331 longius
1392 1257 1561 1330 propulsare,
1581 1263 1674 1327 atque,
1695 1255 1842 1311 adversum

1040 1369 1070 1410 se
1085 1345 1237 1419 salientes,
1252 1351 1311 1424 jugi
1331 1349 1462 1406 memoria
1477 1348 1631 1404 Dominiea
1652 1346 1800 1420 passionis,
1813 1355 1843 1404 et

1039 1445 1194 1504 imitatione
1207 1445 1280 1502 iilius
1294 1440 1513 1502 mortificationis
1524 1441 1704 1516 exstinguere.

1349 1540 1470 1596 CAPUT
1487 1539 1527 1594 X.

1258 1641 1296 1694 Dc
1314 1635 1499 1691 calceamentis
1519 1647 1620 1688 eorum.

186 1723 261 1780 Giezi
275 1740 390 1796 puerum
401 1741 492 1792 suum,
504 1726 615 1782 mittens
628 1742 692 1782 eom
706 1727 741 1783 ad
753 1728 946 1785 suscitandum
958 1727 989 1783 li·
1077 1729 1264 1788 calceamenta
1275 1745 1339 1787 vero
1351 1729 1425 1785 volut
1434 1727 1576 1785 interdicta
1586 1725 1742 1796 evangelico
1752 1718 1766 1757 ¹³
1776 1740 1845 1798 pra·

188 1817 255 1874 lium
266 1819 409 1877 mulieris:
424 1803 631 1877 Tottc'bocutum
643 1824 988 1900 mcummtcurrcnsoodc,
1004 1812 1029 1876 B
1044 1832 1124 1897 cepto
1153 1829 1327 1892 recusantes,
1358 1839 1422 1880 eum
1456 1822 1601 1881 infirmitas
1629 1820 1770 1895 corporis,
1800 1820 1843 1878 rel

737 2002 865 2060 ALlell
884 2004 997 2060 GAZAEl
1014 2004 1294 2062 COMMENTARIUS.

190 2169 251 2209 rum
265 2161 313 2209 aut
333 2152 524 2220 librariorum:
545 2167 578 2208 ac
602 2152 715 2224 proinde
733 2154 879 2225 legendum
899 2171 958 2213 esse
981 2173 989 2212 :
1044 2164 1071 2212 et
1084 2165 1285 2231 praceptorum
1299 2155 1471 2213 distinctione
1488 2155 1646 2228 cogitantes.
1661 2156 1765 2211 Verum
1783 2153 1845 2210 aliis

188 2226 304 2289 inclutas,
317 2224 741 2297 quaepenolooppeltotur'wop.
760 2229 813 2290 lo).
831 2226 899 2298 Quis
915 2227 989 2282 enim
1044 2227 1270 2310 prudentioribus
1290 2244 1386 2300 porum
1407 2227 1491 2286 solida
1512 2236 1541 2284 et
1559 2225 1705 2299 probabilis
1724 2226 1779 2281 visa
1800 2233 1843 2281 est

108 2300 110 2305 '
190 2295 282 2352 credat
295 2297 447 2365 monachos
467 2295 529 2352 illos
547 2304 604 2351 tam
623 2295 670 2352 reli
690 2296 747 2352 iose
765 2304 811 2353 aut
831 2297 990 2370 scrupulose
1043 2308 1094 2355 rste
1105 2299 1246 2356 sententia.
1264 2302 1335 2355 Nam
1348 2307 1379 2354 ut
1390 2314 1453 2355 vere
1466 2298 1601 2355 diceretur
1613 2299 1665 2354 boc
1675 2304 1842 2368 praceptum

190 2382 205 2421 a
223 2365 415 2422 calceamentis
427 2365 598 2432 abstinuisse,
613 2312 690 2438 quod
704 2375 829 2439 putarent
841 2367 884 2423 illa
898 2369 990 2425 Domi-
1049 2370 1180 2441 apostolis
1196 2386 1246 2442 pro
1259 2378 1392 2440 tempore,
1408 2368 1460 2424 boc
1479 2376 1531 2434 est,
1551 2367 1626 2444 initio
1641 2366 1844 2438 predicationis
1913 2380 1921 2389 ·

190 2437 252 2493 nico
266 2445 402 2509 pracepto
418 2436 500 2494 luisse
513 2437 665 2502 interdicta,
679 2446 710 2493 ut
724 2437 793 2494 inira
805 2438 908 2496 dicetur
923 2460 929 2496 :
946 2456 989 2511 pe·
1044 2439 1126 2496 luisse
1140 2440 1309 2513 impositum,
1325 2454 1380 2494 non
1396 2446 1487 2494 tamen
1502 2445 1661 2508 sequeretur
1673 2435 1760 2492 luisse
1775 2451 1841 2506 per·

191 2524 249 2570 ram
274 2524 338 2564 vero
365 2524 414 2580 pro
438 2509 540 2565 melote
559 2518 587 2565 et
608 2508 735 2565 familiari
758 2510 919 2566 indumento
941 2511 989 2567 ba-
1043 2518 1170 2583 petuum3
1186 2510 1304 2567 maxime
1316 2525 1408 2566 cuma
1423 2508 1531 2565 Christo
1547 2507 1671 2563 videatur
1685 2515 1780 2578 postea
1793 2521 1838 2561 re-

190 2579 297 2641 buisse;
324 2595 389 2635 cum
412 2578 508 2636 iisdem
532 2580 597 2636 locis
613 2596 645 2636 ac
664 2581 805 2637 sententiis
818 2582 989 2652 Evangelicis
1044 2592 1170 2638 vocatum
1189 2582 1215 2638 iu
1232 2589 1311 2638 nocte
1325 2595 1425 2646 cana:
1440 2578 1549 2651 quando
1564 2579 1631 2634 dixit
1649 2577 1688 2633 cis
1704 2596 1710 2630 r
1727 2578 1843 2646 ando

192 2666 254 2719 pera
271 2650 350 2705 simul
364 2666 427 2706 cum
441 2651 630 2707 calceamentis
645 2651 940 2724 probibenturidlcttb.
956 2668 988 2721 x,
1043 2656 1106 2710 misi
1118 2669 1163 2709 cos
1181 2655 1239 2708 sinc
1278 2669 1325 2708 ero
1341 2657 1367 2707 et
1382 2652 1578 2713 calceamentis,
1593 2658 1646 2705 etc.
1663 2652 1736 2715 (Lare.
1753 2653 1841 2718 xxti),

191 2720 366 2791 ottocari?
382 2723 538 2779 Prascrtim
553 2738 617 2778 cum
635 2723 706 2795 apud
722 2724 989 2793 probatosauctores
1044 2733 1074 2779 ut
1095 2732 1174 2781 notat
1193 2727 1228 2780 D.
1252 2669 1466 2794 dnrprsostomus
1487 2722 1597 2778 bomilia
1616 2727 1633 2776 9
1655 2720 1682 2776 in
1699 2720 1785 2791 Epist.
1806 2719 1843 2775 ad

191 2801 251 2848 tum
265 2808 367 2857 sacros,
384 2801 444 2849 tum
467 2792 595 2864 profanos
610 2809 674 2866 pera
691 2795 754 2850 nihil
767 2793 841 2849 aliud
856 2794 989 2865 significet
1044 2795 1228 2867 Philippenses
1247 2815 1254 2851 ι
1271 2794 1356 2850 multo
1374 2793 1510 2849 minusad
1524 2793 1592 2848 alios
1610 2791 1717 2848 extendi
1731 2790 1841 2856 debere,

191 2879 274 2935 qoam
292 2863 411 2919 loculum
435 2872 483 2920 aut
501 2865 649 2930 sacculum,
673 2866 699 2919 in
719 2880 775 2935 quo
800 2874 921 2935 pastores
943 2874 990 2921 aut
1043 2875 1185 2938 tamquam
1200 2866 1348 2921 universale
1364 2873 1539 2938 praeceptum.
1561 2865 1656 2934 Neque
1674 2877 1738 2917 vcro
1752 2860 1843 2917 credi-

190 2936 309 2990 viatores
326 2934 418 2990 cibum
437 2934 565 2990 diurnum
579 2951 626 2990 seu
646 2935 771 2990 viaticum
787 2934 932 2991 recondere
946 2951 991 2992 so·
1043 2937 1096 2992 bile
1109 2946 1150 2993 est
1162 2945 1210 2992 aut
1224 2937 1365 2994 Christum
1380 2935 1470 3008 ipsum
1484 2942 1530 2990 aut
1544 2934 1681 3004 apostolos
1695 2932 1773 2988 nudis
1786 2948 1844 2987 om·

193 3004 249 3059 lent
262 3024 268 3058 :
282 3005 428 3075 quostiam
438 3006 520 3061 modo
531 3006 659 3077 accipitur
672 3006 699 3061 in
708 3007 944 3078 EvangelioLuea
954 3024 989 3063 x:
1041 3008 1106 3063 nino
1120 3007 1232 3079 pedibus
1241 3008 1399 3063 incessisse:
1413 3022 1477 3062 cum
1489 3006 1522 3060 de
1532 3005 1639 3062 cbristo
1649 3004 1747 3059 dixerit
1759 3006 1844 3059 Joan-

192 3077 278 3133 Nolite
304 3078 395 3130 ortcrc
402 3078 547 3138 socculum,
556 3093 641 3147 oeque
647 3093 753 3148 parom.
766 3081 801 3132 Et
809 3078 893 3145 Luca
903 3093 987 3135 xxti:
1044 3095 1092 3135 nes
1106 3078 1227 3150 Baptista
1241 3080 1339 3134 Mattb.
1362 3093 1397 3134 ut
1416 3097 1421 3133 :
1438 3079 1543 3134 Fortior
1564 3092 1605 3130 mc
1623 3079 1677 3140 est‚·
1692 3075 1768 3143 cojus
1788 3091 1844 3129 non

193 3149 271 3215 Quoia
321 3147 440 3201 mistros
455 3149 591 3218 sincpcro
605 3154 631 3203 ct
647 3150 750 3211 baculo,
764 3157 791 3204 et
804 3149 876 3204 alibi.
892 3151 931 3204 Dc
965 3166 991 3204 e·
1043 3166 1103 3205 sum
1113 3150 1508 3221 diqousprocumbcnssolcere
1521 3146 1843 3216 corraqe'omcolceomca-

192 3217 257 3272 arula
271 3230 336 3273 vero
352 3215 412 3273 bac
428 3217 509 3274 babet
522 3218 579 3274 Nic.
600 3222 736 3281 Perottus.
752 3229 779 3276 et
798 3235 831 3275 ex
844 3234 877 3275 eo
891 3165 988 3275 amssr.
1045 3225 1134 3277 torem
1149 3222 1218 3292 ejus.
1238 3221 1290 3278 Sed
1307 3229 1334 3276 et
1348 3223 1467 3285 blarcos,
1483 3218 1563 3274 veluti
1578 3232 1728 3297 precavere
1743 3217 1842 3297 volens

193 3289 348 3360 Calepious,
363 3303 425 3359 qua
436 3291 502 3345 satis
517 3291 663 3347 ostendunt
676 3293 802 3359 pertulum
813 3307 876 3346 cum
892 3291 991 3347 melote
1047 3309 1081 3348 ne
1098 3294 1174 3365 quod
1190 3294 1337 3349 blattbaus
1354 3291 1507 3363 scripserat.
1524 3303 1664 3359 perperam
1682 3286 1843 3359 intelligere·

193 3360 355 3416 reinvenire:
372 3362 484 3424 Paculo,
500 3361 597 3433 inquit,
611 3365 691 3417 uestis
706 3364 789 3419 denso
802 3379 833 3418 oc
845 3364 916 3424 ielis,
929 3379 991 3432 pum
1045 3371 1102 3427 tur,
1125 3363 1234 3436 scripsit
1253 3361 1371 3419 sandalia
1388 3360 1517 3434 apostolis
1536 3360 1618 3416 luisse
1636 3374 1773 3415 concessa.
1790 3359 1842 3415 Sed

192 3433 316 3486 rrebuloso
325 3448 356 3486 oc
365 3433 485 3501 pluvioso
496 3437 703 3505 temporcsopro
714 3437 833 3489 tonicam
842 3436 1026 3515 ossarm'tnr(=
1046 3435 1184 3497 crrlccotos,
1202 3435 1250 3500 ait,
1264 3434 1406 3488 sandoliis.
1422 3433 1526 3501 Quibus
1543 3430 1632 3486 verbis
1647 3430 1747 3486 iudicat
1766 3429 1842 3484 Cirri-

194 3504 248 3556 loco
259 3504 348 3572 pollii,
359 3503 396 3556 cd
408 3504 539 3557 arcendos
553 3521 571 3557 c
586 3521 694 3574 corpore
706 3507 814 3574 pluvios
829 3523 837 3558 :
851 3506 991 3558 barsica
1020 3495 1027 3516 ¹
1047 3511 1106 3560 turn
1122 3505 1248 3571 voluisse,
1264 3513 1311 3558 aut
1328 3512 1401 3559 certe
1418 3502 1572 3574 permisisse
1587 3501 1715 3573 apostolis
1735 3500 1842 3555 calcea·
1912 3547 1917 3555 ,

192 3573 305 3640 patlibus
317 3578 386 3635 crot,
398 3577 501 3628 scortcn
513 3575 669 3630 vocabatur.
683 3579 722 3632 Dc
731 3591 786 3646 qao
795 3575 932 3631 Martialis
947 3576 992 3629 lib.
1048 3583 1094 3632 tos
1106 3590 1165 3631 esse
1183 3573 1318 3630 sandaliis.
1336 3573 1418 3631 Unde
1430 3582 1459 3629 et
1476 3574 1556 3627 Petro
1571 3572 1694 3643 apostolo
1708 3570 1776 3627 dixit
1789 3586 1840 3626 an·
1904 3611 1913 3621 .

196 3657 251 3697 xrv
267 3658 274 3696 ε
1049 3640 1841 3718 gelusAct.x11:Cotccctccoiiqostuosubiflracehabe

1047 3727 1094 3773 tor
1106 3717 1235 3772 σανδάλια.
1251 3717 1368 3772 illuct).
1383 3716 1548 3788 Augustinus
1561 3715 1605 3770 lib.
1617 3729 1642 3769 11
1655 3714 1688 3768 de
1702 3718 1841 3770 consensu

1048 3789 1175 3862 Evangel.
1190 3805 1250 3860 cap.
1264 3794 1297 3844 3⁰
1312 3796 1339 3842 et
1349 3786 1393 3841 alii
1408 3793 1518 3842 censent
1528 3786 1572 3839 illa
1584 3785 1775 3840 tantummodo
1788 3786 1842 3839 cal·

1049 3869 1188 3916 coementa
1202 3859 1331 3930 apostolis
1354 3858 1433 3913 luisse
1454 3856 1597 3929 prohibita,
1614 3870 1675 3926 qua
1692 3864 1778 3911 totum
1796 3871 1841 3928 pe·

196 3926 273 3988 liae,
286 3933 313 3980 et
326 3924 378 3981 alia
393 3925 465 3997 apud
478 3926 562 3998 ipsos,
575 3936 602 3984 et
615 3927 684 3984 alios
699 3939 833 3985 auctores.
1048 3929 1111 3986 dem
1129 3939 1259 4004 tegerent,
1279 3945 1394 4002 quaeque
1410 3927 1518 4001 proprie
1539 3927 1696 3999 ὑποδήματα,
1717 3928 1772 3982 sive
1787 3927 1841 3981 cal-

229 4001 242 4029 a
258 3997 409 4053 Mouacbos
421 3997 568 4055 Thebaidis
580 3999 707 4056 baculum
719 4000 820 4057 itineris
830 4000 937 4058 socium
951 4000 995 4058 lra-
1048 4013 1186 4059 eramenta
1201 4010 1364 4058 vocarentur
1380 4021 1385 4056 :
1403 4000 1521 4056 sandalia
1535 4014 1600 4053 vero
1615 4015 1664 4069 pro
1677 4013 1754 4052 more
1769 3998 1841 4053 illius

193 4067 283 4125 buisse
297 4076 411 4125 testatur
427 4073 461 4125 D.
478 4070 661 4140 Hieronymus
675 4071 834 4144 praelatione
857 4073 884 4128 iu
905 4077 992 4143 Nego·
1048 4073 1164 4145 regionis
1180 4074 1231 4130 illis
1244 4073 1325 4129 luisse
1337 4087 1474 4138 concesso,
1484 4071 1582 4142 quibus
1594 4071 1650 4125 sola
1664 4070 1738 4140 pedis
1749 4070 1840 4138 planta

194 4141 247 4195 lam
267 4141 295 4196 S.
321 4140 461 4198 Pachomii
480 4145 522 4208 (lo
540 4145 604 4199 Vite
621 4145 790 4211 Hilarionis).
808 4147 843 4201 Et
857 4147 885 4201 S.
908 4150 995 4200 trito·
1047 4145 1197 4216 tegebatur,
1217 4145 1356 4217 superiore
1377 4151 1452 4213 parte
1472 4141 1544 4197 nuda
1560 4148 1587 4197 et
1600 4141 1716 4197 detecta.
1737 4139 1838 4211 Hujus-

192 4211 262 4277 nius‚
283 4211 380 4267 eodem
395 4215 569 4285 Hieronymo
583 4222 663 4279 teste,
684 4214 812 4272 baculum
827 4225 932 4287 gestare
947 4231 993 4273 so·
1047 4215 1121 4270 modi
1146 4216 1218 4271 enirn
1241 4212 1415 4270 calceamenti
1445 4227 1530 4284 genus
1554 4211 1642 4268 vocari
1668 4210 1786 4266 sandalia
1812 4219 1840 4265 et

192 4279 255 4335 titus
272 4279 367 4360 :nunde
379 4290 406 4335 et
420 4283 515 4337 baculo
528 4284 677 4341 instructus
692 4287 763 4366 pingi
777 4288 857 4344 solet.
877 4286 993 4357 Quodsi
1045 4286 1132 4342 soleas
1158 4285 1258 4343 indicat
1284 4282 1459 4354 Augustinus.
1484 4284 1552 4352 Quia
1574 4299 1639 4354 ergo
1665 4281 1789 4338 Christus
1813 4290 1841 4337 ct

194 4349 307 4405 moralia
318 4351 433 4422 requirit
444 4352 539 4419 lector,
553 4354 639 4409 multa
652 4355 819 4426 hujusmodi,
833 4366 861 4412 et
873 4358 992 4413 cassiani
1046 4355 1173 4428 apostoli,
1195 4365 1226 4412 ut
1247 4365 1289 4411 est
1309 4353 1463 4420 verisimile,
1486 4369 1536 4425 pro
1560 4370 1638 4410 more
1659 4353 1729 4409 iltius
1769 4357 1840 4408 entis

191 4419 271 4475 dictis
292 4418 442 4503 admodum
467 4437 586 4479 consona
613 4432 703 4496 petere
727 4428 829 4497 poterit
851 4442 886 4482 ex
910 4430 991 4483 Petro
1045 4427 1164 4484 maxime
1183 4443 1198 4480 a
1219 4425 1383 4498 pauperibus
1400 4434 1521 4497 recepto,
1540 4426 1687 4481 utebantur
1702 4369 1840 4490 sandaliis,

192 4490 350 4572 Bembono,
369 4492 415 4565 qui
437 4492 613 4564 multiplicem
634 4495 721 4551 baculi
745 4497 856 4552 moralis
872 4498 990 4568 speciem
1044 4497 1131 4553 notuit
1154 4498 1288 4555 Dominus
1309 4513 1373 4553 suos
1398 4495 1544 4568 discipulos
1565 4496 1592 4551 in
1619 4495 1840 4568 pradicationem

192 4577 226 4616 ex
245 4560 359 4618 diversis
382 4563 529 4635 Scriptura
553 4564 619 4621 locis
642 4565 707 4622 satis
727 4567 848 4638 apposite
868 4578 896 4624 et
913 4570 991 4636 inge·
1044 4569 1130 4625 ituros
1146 4578 1253 4626 mutare
1271 4567 1402 4634 sandalia,
1421 4574 1469 4622 aot
1481 4566 1516 4623 de
1531 4568 1629 4624 calceis
1645 4564 1840 4638 comparandis

191 4633 279 4702 nicee,
294 4634 353 4688 rudi
368 4634 430 4689 licet
448 4635 531 4707 stylo,
546 4636 647 4710 colligit
667 4645 694 4693 et
711 4637 822 4708 exponit
836 4643 877 4705 (ln
891 4644 990 4696 Dicito·
1044 4656 1102 4697 esse
1113 4641 1257 4707 sollicitos:
1269 4651 1299 4697 ut
1314 4640 1366 4696 boc
1376 4639 1457 4695 etiam
1471 4637 1563 4694 babitu
1576 4638 1770 4703 bumilitatem,
1785 4653 1841 4706 poc

191 4706 280 4768 icario,
297 4705 375 4761 uerbo
391 4706 530 4769 Baculus).
548 4708 608 4763 Alia
623 4708 716 4763 itidem
729 4709 794 4764 satis
808 4720 988 4768 consentanea
1042 4712 1197 4779 nitentiam,
1209 4721 1238 4768 et
1252 4727 1345 4769 rerum
1362 4710 1543 4766 humanarum
1558 4718 1748 4779 contemptum
1763 4706 1839 4763 exbi-

256 3756 394 3820 lngrediare
406 3757 470 3808 viam
483 3759 544 3808 cmlo
556 3759 614 3809 licet
626 3774 705 3822 usque
714 3774 812 3821 sereno:

288 3823 323 3869 art
336 3820 431 3870 subitas
443 3836 578 3885 numquam
591 3827 686 3873 scortea
698 3823 762 3874 desit
772 3838 857 3888 aquas.
938 3830 946 3840 ’

190 4777 225 4833 de
244 4775 342 4833 baculo
359 4777 472 4906 opusque
489 4776 730 4849 significationibus
748 4779 830 4836 babet
849 4783 988 4854 Pagoinus
1045 4781 1149 4838 beraut.
1162 4785 1224 4839 Hoc
1237 4783 1319 4855 igitur
1333 4781 1457 4852 exemplo
1472 4789 1499 4837 et
1512 4779 1614 4836 ratione
1625 4780 1733 4836 adducti
1746 4794 1840 4834 mona·

190 4848 217 4904 in
233 4852 273 4904 lsa
294 4865 309 4904 o
329 4850 370 4905 eli

228 4911 241 4949 ¹'
260 4866 472 4988 litigantium,
486 4920 561 4993 quod
578 4921 649 4991 apud
665 4922 826 4979 Mattbaum
841 4929 869 4978 et
883 4926 986 4979 Lucam

190 4992 349 5058 exprimitur
360 4991 401 5047 bis
412 4993 500 5047 verbis
512 5011 517 5047 z
530 4993 617 5050 Nolite
623 4998 736 5064 portare
744 4996 889 5058 socculum,
902 5012 987 5066 reoque

188 5074 293 5128 parom,
310 5076 394 5134 neque
413 5064 592 5119 calceamento
607 5067 715 5128 (Meritis.
731 5081 763 5132 x,
779 5068 841 5121 Luc.
858 5071 899 5132 x).
917 5070 986 5148 Qua

190 5130 270 5184 verba
292 5131 417 5186 monachi
437 5132 474 5188 illi
488 5134 527 5187 sic
548 5135 729 5206 accipiebant,
750 5145 780 5191 ut
799 5136 861 5191 inde
876 5138 985 5209 collige·

189 5208 252 5255 rent
262 5202 507 5258 calceamentorum
522 5220 601 5259 osum
615 5206 743 5276 apostolis
755 5215 887 5262 eteorum
900 5217 987 5263 secta·

189 5271 303 5337 toribus,
319 5272 345 5328 id
361 5281 410 5338 est,
432 5273 571 5328 monacbis
587 5284 616 5330 et
632 5275 800 5346 perfectioris
814 5277 876 5332 vita
896 5277 985 5332 culto·

189 5341 265 5396 ribus
279 5341 358 5398 luisse
374 5343 562 5409 interdictum;
577 5354 605 5400 et
620 5346 733 5417 proinde
749 5346 829 5402 nudis
844 5357 871 5402 et
882 5348 984 5403 discal-

393 4893 400 4905 .
416 4865 427 4906 1
442 4864 502 4921 cap.
518 4855 560 4906 18.

100 5443 104 5450 -
189 5414 272 5469 ceatis
295 5413 408 5486 pedibus
428 5416 609 5471 incedendum
624 5432 693 5472 esse.
715 5421 754 5471 lta
771 5417 808 5471 illi
830 5433 879 5473 suo
895 5434 984 5490 more,

188 5492 215 5537 ct
231 5500 280 5555 pro
294 5500 343 5540 suo
356 5495 447 5555 captu,
465 5494 491 5540 et
505 5486 675 5557 simplicitate
689 5488 769 5543 verba
783 5489 932 5559 Scriptura
945 5492 984 5547 ni·

189 5553 243 5610 mis
264 5555 348 5627 rigide
373 5565 401 5611 et
427 5560 577 5612 secundum
599 5558 733 5627 litteram,
758 5567 789 5613 ut
804 5558 912 5626 dieitur,
935 5577 983 5618 seu

186 5627 332 5681 verborum
343 5642 443 5681 sonum
456 5628 625 5700 interpretari
639 5629 711 5684 soliti
724 5645 821 5688 :more
832 5631 912 5686 etiam
926 5633 983 5703 pri·

186 5711 297 5752 morum
314 5696 540 5766 Christianorum,
563 5699 609 5770 qui
629 5698 758 5771 quidquid
777 5715 810 5756 ex
834 5703 982 5774 Evangelio

186 5767 320 5837 audirent,
331 5769 373 5824 vel
387 5783 419 5825 ex
431 5767 547 5836 lervore,
558 5770 598 5825 rel
613 5784 646 5826 ex
656 5770 828 5844 simplicitate
840 5781 981 5847 umquam

1003 4829 1029 4891 D
1044 4853 1088 4909 obi
1103 4853 1151 4919 illi,
1166 4870 1229 4910 cum
1242 4855 1270 4909 in
1286 4851 1429 4926 Evangelio
1447 4852 1471 4905 ie

1490 4851 1789 4908 erentcalceamentaa
1828 4879 1841 4890 ·

1040 4925 1118 4982 stolis
1131 4924 1215 4982 fuisse
1227 4925 1373 4996 prohibita,
1388 4867 1508 4978 sandalia
1527 4938 1591 4978 vero
1611 4923 1734 4988 minime,
1749 4936 1797 5002 ver
1818 4922 1840 4976 is
1896 4965 1903 4976 f

1039 4995 1186 5066 Scriptura
1206 4995 1366 5067 simpliciter
1385 4993 1563 5059 inhaerentes,
1583 5003 1610 5050 et
1630 4992 1731 5065 aliquid
1750 5001 1835 5047 etiarn

1040 5067 1190 5137 spirituale,
1208 5083 1255 5122 seu
1273 5067 1387 5131 morale,
1402 5064 1476 5146 quod
1494 5065 1537 5119 bic
1554 5066 1684 5138 tangitur,
1699 5065 1726 5119 in
1741 5064 1780 5118 eis
1800 5072 1839 5118 at-

1039 5138 1226 5200 tendenaco
1248 5138 1436 5192 calceameutis
1454 5137 1527 5192 velut
1541 5136 1692 5194 interdictis
1716 5139 1838 5199 Evange-

1040 5208 1092 5263 lico
1131 5216 1259 5279 racepto,
1274 5207 1397 5279 religiose
1418 5207 1602 5273 abstinebant,
1622 5218 1764 5263 eteorum
1788 5221 1839 5261 usu

1039 5224 1181 5349 repulsio
1193 5278 1319 5334 sandaliis
1327 5278 1483 5344 utebantur,
1495 5280 1547 5343 vel,
1560 5288 1590 5334 ut
1599 5278 1744 5335 Cassianus
1757 5275 1840 5348 ioqui·

1037 5357 1094 5417 tur,
1109 5351 1204 5419 cclipis
1225 5365 1285 5406 scos
1303 5350 1459 5404 mussabant
1475 5351 1572 5420 pedem
1593 5349 1692 5422 quibus
1706 5347 1797 5403 verbis
1812 5356 1840 5402 et

1038 5422 1214 5492 sequentibus
1233 5429 1325 5492 aperte
1346 5420 1447 5476 indicat
1464 5437 1493 5477 se
1513 5422 1612 5492 caligas
1629 5435 1677 5490 pro
1698 5416 1837 5497 sandaliis,

1039 5491 1092 5548 boc
1104 5500 1156 5555 cst,
1172 5507 1221 5563 pro
1235 5492 1347 5562 pedum,
1361 5507 1417 5546 non
1434 5492 1561 5547 tibiarum
1578 5496 1754 5562 tegumentis,
1769 5501 1840 5542 accr-

1037 5564 1186 5634 perejuxta
1203 5564 1362 5635 pradictum
1377 5563 1523 5636 Scriptura
1536 5563 1626 5617 locum
1641 5559 1721 5631 (Vite
1734 5561 1836 5613 llorere.

1037 5639 1057 5688 t.
1071 5635 1093 5689 l.
1106 5636 1207 5690 Arsaci.
1221 5651 1267 5691 on.
1283 5640 1329 5699 ⁵⁷,
1340 5639 1366 5690 ct
1378 5635 1515 5691 Molonem
1527 5633 1572 5687 lib.
1586 5632 1619 5686 de
1629 5634 1696 5688 Pici.
1709 5634 1734 5685 ct
1748 5633 1835 5699 lmop.

1026 5694 1059 5760 'c
1073 5709 1129 5772 82).
1148 5705 1252 5763 &dem
1267 5721 1330 5762 vero
1344 5705 1494 5761 imitatione
1508 5705 1681 5761 consuevisse
1694 5703 1840 5786 plerosque

1035 5775 1187 5833 monachos
1207 5777 1273 5832 oiim
1288 5776 1346 5833 sine
1364 5775 1471 5843 calceis,
1486 5792 1535 5833 seu
1553 5774 1633 5832 nudis
1648 5774 1772 5846 pedibus,
1795 5773 1837 5828 vel

187 5847 356 5915 praceptum
379 5839 620 5932 amplectebantur,
649 5839 714 5898 nibil
738 5841 773 5899 de
801 5843 981 5901 consiliorum
1033 5854 1142 5903 tantum
1151 5845 1233 5904 nobb
1243 5847 1367 5906 incedere
1375 5850 1539 5904 testeturD.
1553 5845 1703 5920 Gregorius
1714 5843 1835 5903 Nazian-
