3848 6158
42 1951 44 1954 ·
131 1952 188 1992 non
210 1934 378 1999 dubitamus,
395 1931 441 2002 qui
465 1927 700 2000 impugnationem
721 1926 931 1998 amnisquam,

128 325 178 378 au
800 308 940 368 JOANNIS
958 307 1111 366 cassidili
1731 297 1788 352 att

129 454 216 512 stum,
231 450 268 509 et,
283 450 315 498 ut
337 441 374 497 ita
388 438 489 506 dicam,
515 438 544 494 in
555 435 687 494 aliectum
707 435 873 508 integritatis
884 435 925 491 vel
942 440 1057 501 Aceste
1068 439 1110 489 est
1125 430 1199 488 enirn
1212 441 1437 501 unumquemque
1450 426 1479 483 in
1501 421 1697 481 colluctatione
1711 421 1789 494 posi·

131 534 346 608 incorruptionis
366 532 494 602 transire,
507 541 520 567 ⁸
536 529 611 602 quod
629 528 729 586 dicitur
743 529 819 599 ἁγνόν
844 542 931 601 :quae
983 535 1059 595 tum,
1088 523 1214 598 quamvis
1239 524 1397 595 frequenter
1421 518 1607 576 adversarium
1636 515 1731 572 vineat
1754 530 1790 572 ao

131 632 217 687 virtus
240 629 293 685 illis
306 628 372 684 solis
385 626 515 682 tribuitur
530 623 658 690 maxime,
680 623 727 695 qui
742 622 867 695 virgines,
889 620 929 676 vel
984 627 1142 694 superstet
1157 619 1246 691 ipsum
1261 625 1354 674 tamen
1367 612 1513 687 aliquando
1526 611 1640 669 turbari.

131 732 234 790 mente,
247 722 290 780 vel
303 737 383 779 earne
393 719 555 792 perdurant,
570 711 583 750 ⁵
596 725 626 775 ut
637 726 751 790 uterque
767 719 888 774 ioannes
902 714 931 772 in
1294 720 1415 777 CAPUT
1437 719 1469 773 v.

130 815 464 884 novoTestamentm‘in
477 812 773 885 veteriquoqueElias,
787 810 931 878 ieremias,
986 824 1061 893 de
1084 825 1252 894 impugnatio
1272 823 1461 890 fornicationi,
1484 820 1539 875 ,010
1559 820 1675 874 nummu,
1694 818 1790 874 ,mago

132 913 230 971 Daniel
244 909 330 968 fuisse
343 916 505 966 noscuntur.
518 908 679 978 inquorum
688 905 773 980 gradu
785 905 813 961 hi
823 919 932 978 quoque
1252 908 1306 948 nort
1317 895 1403 963 possit
1424 893 1517 946 evinci

131 1023 188 1063 non
214 1003 353 1062 immerito
374 1000 585 1074 reputabuntur,
600 999 648 1070 qui
668 1007 732 1072 post
746 999 931 1071 experimenta
1021 998 1196 1070 Quapropter
1216 996 1239 1053 si
1251 993 1332 1051 nobis
1346 993 1423 1052 cordi
1440 1001 1482 1049 est
1503 1006 1620 1064 agonem
1632 989 1786 1063 spiritalem

131 1097 313 1171 corruptionis
324 1097 358 1153 ad
371 1095 491 1152 similem
502 1094 629 1166 puritatis
637 1099 740 1149 statum
750 1108 799 1164 per
810 1092 931 1149 laborem
985 1108 1050 1148 cum
1071 1090 1206 1164 Apostolo
1224 1090 1344 1165 legitime
1356 1088 1496 1145 decertare
1510 1088 1536 1155 (l
1553 1088 1622 1142 lim.
1639 1088 1699 1154 iv),
1715 1084 1790 1143 bunc

131 1207 243 1270 pongum
260 1197 288 1245 et
310 1187 472 1245 industriam
489 1176 645 1259 integritate
658 1186 760 1242 mentis
782 1193 811 1241 et
832 1199 931 1256 corpo·
987 1186 1238 1243 immundissimum
1250 1185 1381 1257 spiritum
1395 1196 1524 1255 superare
1536 1181 1612 1238 omni
1632 1180 1792 1238 1111111111-

131 1286 168 1342 ris
182 1291 370 1357 pervenerunt,
385 1290 413 1339 et
424 1280 534 1338 aculeos
547 1279 639 1336 earnis
650 1294 705 1336 non
720 1287 779 1335 tam
791 1278 932 1350 impugna·
986 1281 1118 1350 tentione,
1134 1267 1324 1336 dnonnostris
1336 1278 1438 1335 viribus
1449 1275 1618 1334 confidentes
1630 1276 1698 1345 (hoc
1712 1276 1791 1335 enim

131 1381 207 1437 tione
229 1377 456 1449 concupiscentia
469 1374 568 1445 turpis,
580 1389 662 1445 quem
680 1381 785 1428 naturae
808 1379 929 1429 tantum·
984 1371 1122 1429 industria
1136 1373 1258 1428 humana
1277 1370 1472 1442 perlicerenon
1491 1369 1646 1441 praevalet),
1661 1369 1711 1427 sed
1724 1371 1789 1442 opi·

132 1473 216 1530 modo
230 1481 306 1528 motu
321 1469 453 1526 sentiunt.
469 1471 558 1538 Quem
569 1474 673 1522 statum
687 1464 806 1522 dicimus
820 1463 929 1522 11111111-
983 1464 1115 1521 tutatione
1129 1462 1239 1520 Domini
1262 1461 1433 1521 iestinemus.
1454 1460 1576 1518 Tamdiu
1594 1475 1716 1532 namque
1734 1461 1791 1520 boc

130 1567 197 1621 lime
207 1579 288 1636 posse
300 1563 370 1618 inter
379 1560 523 1616 hominum
534 1559 629 1614 turbas
638 1556 822 1630 apprehendi;
836 1564 930 1613 utrum
984 1560 1051 1615 vitio
1062 1559 1299 1615 auimamneoesse
1312 1565 1353 1614 est
1368 1555 1532 1629 impugnari,
1545 1554 1635 1612 donec
1646 1569 1675 1611 se
1684 1552 1792 1614 bellum

131 1676 195 1715 vero
210 1667 238 1715 et
251 1655 417 1729 impossibiie
431 1656 477 1721 sit,
492 1653 680 1724 unusquisque
692 1667 747 1707 nou
765 1658 932 1706 1111111111-
984 1666 1077 1724 gerere
1090 1666 1173 1724 supra
1196 1649 1266 1707 vires
1288 1665 1351 1707 suas
1369 1656 1512 1722 agnoscam
1529 1651 1541 1681 ⁰
1559 1646 1728 1718 1111111111,
1747 1647 1790 1706 vel

131 1751 214 1807 tentia
234 1756 370 1821 exspectet
384 1760 540 1819 agnoscere,
564 1742 613 1800 sed
630 1741 803 1799 conscientiae
820 1755 878 1798 suae
891 1741 931 1797 ri·
984 1744 1074 1802 studio
1090 1746 1201 1819 proprio
1215 1744 1358 1801 victoriam
1370 1743 1496 1800 obtinere
1507 1757 1537 1799 se
1551 1740 1712 1814 sossensi
1729 1743 1789 1799 Do·

131 1852 223 1900 metur
235 1841 368 1899 examine.
380 1841 515 1897 Caeterum
525 1836 693 1892 continentes
705 1833 806 1890 multos
815 1834 933 1890 existere
946 1851 970 1913 Β
986 1839 1054 1896 mini
1069 1838 1152 1897 fuerit
1164 1839 1266 1896 auxilio
1276 1854 1307 1895 ac
1322 1836 1491 1911 proiectione
1502 1833 1625 1894 sultuna,

1277 1943 1397 2001 CAPUT
1412 1942 1460 1997 vt.

132 2028 172 2084 vel
188 2041 261 2093 raro,
277 2025 319 2080 vel
333 2022 465 2095 quotidie,
480 2020 624 2085 sustinent,
639 2035 688 2076 seu
702 2027 777 2076 metu
790 2018 932 2092 gehennae,
987 2041 1024 2094 p,
1034 2038 1166 2108 pompm,
1185 2040 1277 2107 mags„
1299 2038 1349 2093 Dm·
1372 2035 1410 2090 ag
1423 2037 1559 2091 castigati,
1578 2036 1790 2093 ,mmmm

131 2134 180 2175 seu
191 2115 324 2173 desiderio
334 2115 410 2186 rigni
423 2113 559 2170 coelorum
572 2112 751 2184 exstinguunt
762 2118 844 2184 atque
857 2127 933 2169 oom-
1305 2108 1465 2162 necessaria.

132 2217 257 2283 pescant.
274 2211 351 2279 Quos
369 2207 500 2276 seniores,
517 2206 588 2262 sicut
600 2206 778 2277 pronuntiant
788 2221 867 2278 posse
874 2221 932 2264 non
1020 2213 1055 2267 Et
1074 2224 1166 2266 revera
1180 2225 1244 2266 oum
1257 2209 1286 2265 in
1303 2207 1433 2265 omnibus
1455 2207 1589 2263 virtutum
1608 2205 1789 2278 prolectibus,

134 2304 241 2377 paenitus
256 2302 399 2359 incentivis
411 2301 493 2358 obrui
512 2300 652 2367 vitiorum,
666 2301 703 2357 ita
720 2316 831 2357 securos
846 2309 874 2357 et
886 2301 931 2358 in·
985 2310 1180 2358 etouuctorum
1189 2302 1391 2375 expugnatione
1403 2299 1544 2368 vitiorum,
1557 2300 1672 2356 Domini
1681 2300 1719 2356 sit
1727 2316 1791 2373 gra·

133 2399 268 2475 sauciatas
282 2412 390 2469 semper
404 2397 519 2453 existere
539 2410 595 2451 non
615 2408 694 2467 posse
708 2393 854 2450 deliniunt.
877 2397 931 2451 Ne·
984 2395 1020 2451 tia
1035 2404 1116 2468 atque
1130 2396 1254 2467 victoria,
1274 2397 1302 2452 in
1316 2394 1370 2452 hoc
1388 2394 1526 2468 praecipue
1540 2386 1698 2467 ‘peculiare
1716 2393 1791 2453 11111

679 2536 941 2594 attitulantur
961 2536 1242 2595 COMMENTARIUS.

168 2670 179 2698 ⁸
194 2664 215 2719 ‘t
235 2666 286 2733 νὸς,
298 2672 401 2733 castus,
416 2678 511 2736 purus,
526 2660 715 2730 intemeratus,
730 2676 782 2733 pro
795 2678 850 2735 quo
865 2663 936 2736 Cuy·
989 2672 1108 2720 stantun.
1124 2661 1738 2736 11111111111111111.111111νί11111,11
1751 2664 1789 2719 D.

133 2686 306 2795 chiusitabet
321 2735 410 2803 deror,
425 2735 454 2791 id
467 2745 519 2802 est,
530 2735 719 2805 incorruptum
735 2753 741 2788 :
757 2734 805 2790 sed
816 2733 869 2790 1111
877 2734 936 2806 epi·
989 2735 1159 2808 Augustinus
1179 2743 1259 2791 tract.
1276 2735 1326 2791 ult.
1343 2736 1371 2790 in
1391 2736 1539 2800 Joanuem,
1554 2733 1601 2789 ubi
1615 2733 1683 2790 dicit
1700 2747 1735 2789 ea
1754 2733 1792 2791 do

131 2810 228 2866 theton
237 2808 324 2879 magis
333 2808 406 2879 ligno
419 2805 547 2878 congruit
559 2821 643 2876 quam
654 2804 771 2872 homini,
784 2805 806 2861 si
817 2806 936 2862 nominis
988 2821 1069 2862 causa
1082 2808 1217 2863 Joannem
1232 2823 1247 2862 a
1262 2806 1372 2863 Christo
1384 2821 1440 2877 prae
1451 2805 1556 2862 caeteris
1567 2804 1700 2876 apostolis
1709 2803 1792 2862 dilee-

134 2881 298 2951 etymologia
319 2885 464 2946 spectetur.
485 2873 579 2932 Codex
599 2891 663 2931 vero
684 2875 842 2931 basiliensis
862 2875 932 2944 dxiv,
988 2884 1060 2943 tum,
1082 2877 1157 2949 quod
1176 2893 1264 2960 neque
1297 2892 1410 2933 uxorem
1432 2875 1553 2945 duxerit,
1574 2883 1603 2933 et
1620 2874 1656 2932 ab
1676 2874 1792 2934 inetmte

132 2951 289 3006 mendosius
305 2950 392 3013 (Vim
404 2947 462 3002 coll.
480 2951 512 3001 ta
522 2961 582 3015 cap.
600 2950 647 3012 1l;
662 2947 750 3001 Arist.
768 2949 933 3014 1111111111
988 2947 1104 3019 pueritia
1121 2948 1291 3004 castissimus
1303 2947 1411 3004 vixerit.

134 3023 163 3077 S.
181 3021 271 3075 Titum.
291 3022 347 3082 2-2,
362 3036 390 3087 q.
411 3022 473 3082 155,
493 3019 548 3070 art.
567 3019 606 3080 1).
630 3019 716 3072 Porro
730 3014 804 3087 quod
825 3017 933 3074 adrem
1021 3022 1092 3074 eDe
1113 3019 1183 3084 Elia,
1203 3019 1324 3075 ieremia
1347 3027 1375 3074 et
1397 3018 1459 3075 aliis
1478 3018 1519 3074 sic
1543 3019 1576 3073 D.
1599 3017 1792 3090 Hieronymus

132 3089 239 3152 attinet,
250 3088 395 3159 distinguit
406 3087 450 3142 bic
460 3085 606 3143 Cassianus
619 3086 691 3142 inter
699 3086 896 3144 continentiam
906 3096 933 3145 et
987 3089 1065 3160 epist.
1080 3094 1114 3146 22
1129 3092 1165 3146 ad
1175 3091 1355 3146 Eustochium
1368 3108 1374 3144 :
1388 3093 1471 3159 Virgo
1480 3090 1565 3152 Elim,
1577 3091 1691 3146 11111111
1700 3091 1789 3159 napo,

134 3159 299 3227 castitatem,
314 3167 341 3213 et
357 3158 461 3213 multos
473 3154 583 3238 quidem
598 3157 665 3213 dicit
679 3172 737 3214 esse
751 3157 931 3227 continentes,
947 3145 970 3209 C
986 3162 1379 3232 uirginesfiliipropltctarum3
1392 3160 1661 3224 etJeremioedieitur,
1672 3163 1709 3216 111
1719 3165 1792 3217 tutte

136 3245 285 3302 perpaucos
307 3245 370 3285 vero
392 3237 493 3297 castos,
518 3237 703 3299 incorruptos,
727 3244 776 3285 seu
798 3229 930 3303 virginem
986 3234 1404 3302 accipiasaacoremlier.xv1).
1422 3234 1455 3286 Et
1469 3231 1582 3302 prologo
1597 3231 1625 3286 in
1639 3231 1792 3288 Jeremiam

135 3302 180 3357 ubi
197 3301 407 3366 continentiam,
422 3301 478 3356 sive
495 3298 639 3370 ἐγκράτειαν
652 3300 759 3382 accipit,
776 3300 849 3357 sicut
865 3299 932 3356 Plu-
985 3310 1100 3359 testatur
1114 3303 1242 3359 eumdem
1260 3303 1396 3375 virginem
1414 3301 1507 3357 luisse.
1521 3305 1562 3357 De
1576 3301 1689 3358 Daniele
1702 3302 1792 3358 Ioan-

136 3373 265 3444 lasoplrus
279 3372 307 3427 in
330 3371 444 3436 Etbicis,
460 3387 509 3442 pro
526 3371 657 3427 firmitate
676 3372 772 3434 animi,
789 3388 837 3428 111
851 3371 933 3429 lirmo
986 3388 1035 3429 nes
1050 3377 1238 3430 Damascenus
1252 3374 1374 3429 alllrmat
1385 3380 1496 3444 propter
1512 3372 1686 3428 excellentem
1703 3373 1793 3430 casti-

135 3444 288 3515 proposito,
311 3458 366 3566 ‘im
389 3442 451 3509 auis
471 3457 500 3498 se
520 3441 641 3497 continet
659 3442 782 3522 inbono
806 3443 932 3510 rationis,
987 3444 1050 3500 tatis
1066 3445 1207 3513 virtutem,
1222 3454 1250 3500 et
1264 3445 1389 3517 ipsuma
1413 3443 1526 3499 leonum
1549 3442 1663 3511 saevitia,
1681 3451 1712 3499 et
1730 3451 1792 3502 tres

136 3522 231 3569 contra
247 3513 322 3583 impu
333 3528 379 3568 sus
397 3513 633 3582 concupiscentiae,
649 3511 748 3582 qulbus
759 3510 794 3567 ad
814 3513 934 3582 volupta·
989 3530 1086 3582 pueros
1100 3515 1183 3570 luisse
1196 3515 1231 3571 ab
1242 3515 1367 3571 incendio
1381 3513 1552 3571 inviolabiles
1562 3515 1636 3583 (Lib.
1650 3529 1680 3571 tv
1690 3515 1791 3572 onno-

136 3594 177 3641 tes
189 3599 315 3639 vertereas
325 3583 482 3653 impellitur.
494 3581 573 3639 Unde
582 3582 786 3639 etcontiueutes
795 3583 933 3651 describit,
988 3586 1052 3640 dou.
1067 3587 1128 3641 Fid.
1141 3603 1163 3641 c.
1178 3592 1212 3642 25
1228 3627 1235 3638 .

135 3659 185 3727 prii
193 3657 420 3725 impugnationem
429 3655 530 3717 aarum,
543 3670 625 3724 paam
634 3654 676 3708 oei
684 3669 758 3716 raro,
769 3655 936 3724 oelqaotidie
1023 3643 1037 3688 ἀ
1052 3656 1100 3711 Pie
1120 3664 1149 3713 et
1167 3665 1211 3712 cat
1231 3656 1299 3713 olice
1311 3657 1338 3712 in
1352 3656 1406 3713 ltoo
1416 3664 1444 3712 et
1456 3656 1579 3738 sequenti
1592 3655 1682 3727 eapite
1698 3655 1794 3730 loqui·

137 3730 278 3789 sustineat,
292 3742 338 3780 seu
348 3731 420 3780 metu
429 3726 563 3793 peierante,
574 3740 620 3780 seu
634 3724 766 3780 desiderio
776 3728 936 3794 1191111111-
989 3735 1035 3782 tur
1049 3730 1153 3783 Auctor
1164 3727 1198 3784 de
1211 3728 1307 3799 gratiae
1328 3735 1355 3783 et
1373 3727 1465 3784 auxilii
1477 3727 1560 3784 divini
1574 3726 1751 3798 necessitate,
1763 3737 1795 3787 et

138 3816 200 3853 reem
220 3801 394 3866 enstinpuant
407 3801 489 3866 atque
502 3801 676 3867 compescant.
693 3795 855 3852 castitatem
871 3812 935 3854 vero
991 3807 1094 3854 naturae
1115 3814 1163 3854 seu
1184 3798 1261 3855 liberi
1284 3797 1390 3854 arbitrii
1414 3797 1597 3855 imbecillitate
1617 3795 1651 3851 ad
1670 3811 1794 3871 compe·

136 3869 250 3940 exponit
273 3868 455 3940 integritatem
475 3874 501 3921 et
516 3867 765 3937 incorruptionem:
791 3871 816 3922 et
833 3873 936 3924 castam
988 3868 1103 3925 randam
1123 3878 1151 3925 et
1169 3869 1385 3926 conservandam
1404 3869 1580 3926 continentiae
1598 3867 1743 3936 virtutem,
1758 3877 1793 3927 et

136 3957 200 4003 esse,
210 3944 238 3995 in
244 3942 377 4008 affectum
383 3941 549 4008 integritatis
558 3943 583 3994 et
589 3940 795 4009 incorruptionis
802 3942 934 4008 transire·
989 3941 1155 4011 superandas
1170 3943 1260 3997 carnis
1274 3941 1491 4012 impugnationes
1502 3940 1587 4011 (Vide
1601 3940 1649 3994 lib.
1661 3954 1712 3996 xix
1721 3943 1793 3998 last.

136 4014 297 4083 puaeoirtus,
308 4010 405 4083 inquit,
420 4012 477 4066 illis
486 4011 550 4066 solis
559 4011 697 4075 tribuitur,
710 4011 885 4080 univirgines
894 4013 936 4067 vel
990 4028 1012 4066 e.
1025 4017 1053 4079 9,
1069 4018 1094 4068 11
1103 4015 1208 4083 aliquot
1220 4018 1302 4083 sep).
1317 4012 1399 4068 Unde
1409 4020 1522 4082 apparet
1534 4025 1598 4068 eutn
1612 4009 1795 4069 simulanter

135 4100 216 4138 carne
227 4085 268 4139 uel
276 4083 531 4155 menteperdarant.
549 4081 653 4152 Quibus
667 4081 755 4137 serbis
771 4081 872 4138 iudicat
883 4081 936 4138 sub
990 4084 1107 4140 sensisse
1121 4085 1252 4155 videatur,
1270 4098 1324 4139 non
1337 4091 1395 4138 tam
1407 4097 1442 4137 ex
1458 4098 1508 4138 sua
1523 4080 1792 4209 3111111111111111

135 4155 266 4209 castitatis
276 4154 385 4210 nomine
396 4164 423 4210 et
433 4162 506 4210 statu
517 4152 711 4224 comprehendi
722 4150 777 4209 duo
791 4153 936 4210 hominum
990 4154 1120 4225 opinione
1135 4169 1193 4210 esse
1207 4155 1338 4210 locutum.
1352 4154 1382 4208 ln
1395 4152 1438 4209 his
1449 4153 1520 4222 siqui
1541 4168 1587 4209 em
1605 4151 1794 4219 institutioni·

137 4236 248 4292 genera,
264 4225 382 4279 alterum
400 4240 496 4280 eorum
508 4225 554 4295 qui
566 4232 657 4280 mente
670 4232 697 4279 et
713 4239 829 4295 corpore
848 4224 938 4281 incor-
991 4224 1042 4280 bus
1061 4225 1232 4292 monasticis,
1257 4225 1328 4280 sicut
1347 4224 1414 4281 etin
1438 4222 1512 4279 libris
1534 4224 1569 4280 de
1597 4223 1794 4281 incarnatione

136 4290 220 4360 rupti,
234 4293 362 4361 nullaque
375 4293 485 4348 libidine
494 4303 558 4348 sunt
567 4295 755 4360 contaminati,
768 4296 814 4364 qui
826 4295 936 4366 proprie
990 4294 1085 4359 Verbi,
1099 4295 1237 4366 propriam
1252 4296 1415 4352 sententiam
1427 4293 1561 4364 exposuit.
1580 4295 1611 4349 ln
1626 4293 1792 4351 collationi·

135 4360 265 4415 dicuntur
278 4361 413 4429 virginem
429 4362 935 4435 111111111111111111111111111111111
988 4364 1040 4420 bus
1053 4373 1154 4430 autem,
1174 4365 1284 4422 illorum
1307 4369 1418 4423 Petrum
1439 4363 1525 4421 refert
1547 4364 1702 4434 opiniones,
1720 4379 1792 4437 quos

136 4430 333 4511 corruptionis,
356 4446 403 4486 seu
430 4430 560 4497 libidinis,
583 4434 720 4487 maculam
742 4434 795 4489 sint
818 4436 931 4505 experti,
988 4435 1130 4506 loquentes
1143 4436 1306 4493 introduxit.
1330 4440 1370 4494 lta
1392 4435 1506 4509 quidem
1521 4437 1649 4519 opinatus
1667 4445 1712 4492 est
1731 4440 1789 4495 Do.

136 4508 237 4563 tamen,
258 4508 357 4571 inquit,
376 4502 413 4556 ad
427 4502 542 4556 similam
554 4503 685 4571 paritatis
697 4507 799 4557 statum
810 4521 860 4573 per
874 4506 931 4561 lon·
946 4527 972 4590 D
987 4506 1131 4578 Cuyohius.
1145 4507 1199 4563 Sed
1218 4524 1254 4564 an
1277 4507 1475 4570 reverebant,
1495 4522 1527 4562 er
1542 4507 1607 4579 apsis
1627 4506 1790 4564 collationi-

136 4572 352 4642 pamlaboremet
361 4574 526 4628 industriam
533 4576 721 4642 perverterunt,
730 4577 756 4628 et
763 4577 866 4631 aculeos
873 4593 933 4632 car·
984 4575 1047 4644 bus,
1062 4587 1089 4634 et
1104 4594 1137 4634 ex
1155 4579 1226 4635 libro
1243 4581 1277 4634 D.
1293 4578 1418 4650 Prosperi
1438 4585 1534 4634 contra
1547 4578 1730 4646 Collatorem,
1743 4593 1792 4635 ex·

134 4646 303 4700 nisnoatam
315 4645 743 4715 impugnatmneaonmpt‘scentie
752 4649 932 4717 iutps'sqaam
985 4650 1160 4723 pendendum
1178 4659 1206 4706 et
1225 4651 1437 4708 examinandum
1454 4649 1580 4723 relinquo
1604 4649 1693 4721 (Vide
1705 4652 1790 4707 etiam

133 4721 238 4773 natura
250 4717 433 4772 tantummodo
444 4719 518 4770 motu
528 4717 657 4770 sentiunt.
670 4715 716 4772 sic
729 4715 786 4787 ipse
798 4720 806 4788 l
816 4719 884 4776 Vide
895 4722 932 4776 in·
982 4722 1121 4781 notataad
1131 4723 1177 4777 lid.
1192 4737 1249 4788 1111,
1262 4739 1284 4778 1.
1296 4727 1355 4790 tl).

132 4790 230 4857 troad
244 4805 266 4844 e.
280 4786 527 4858 tinnimentum).
544 4789 633 4856 Quam
646 4787 801 4844 obcausam
814 4800 932 4848 ususcst
1015 4793 1083 4849 ‘ld
1109 4793 1193 4849 etiam
1223 4793 1346 4865 pluribus
1365 4793 1483 4851 inculcat
1503 4792 1589 4850 abbas
1617 4791 1790 4850 ctioerunon

132 4859 177 4914 illa
188 4862 358 4916 distinctione
371 4860 412 4916 oei
423 4875 510 4923 aaran,
524 4861 565 4914 uel
575 4863 662 4914 mente
674 4861 803 4930 oirpines.
818 4864 889 4917 llam
901 4861 929 4918 hi
983 4862 1075 4920 collat.
1094 4867 1127 4920 12
1140 4880 1200 4935 cap.
1214 4871 1240 4919 1.
1252 4867 1287 4920 Et
1301 4866 1420 4922 loannes
1430 4865 1569 4921 climacus
1584 4869 1593 4928 (
1601 4864 1696 4922 Grada
1712 4866 1766 4932 15)
1780 4881 1788 4919 :

132 4930 244 5010 quidem
259 4931 326 4985 casti
339 4930 476 4994 dicuntur,
490 4939 518 4987 11
534 4939 624 4987 mente
637 4930 762 5004 virgines,
779 4932 842 5004 quia
853 4949 929 4989 men·
982 4936 1074 5000 Nemo,
1088 4934 1189 5007 inquit,
1202 4952 1237 4991 ear
1250 4937 1291 4991 1111
1303 4938 1391 5007 quise
1405 4936 1639 4991 studiosastilatis
1652 4939 1788 4999 1111111111,

132 5007 167 5054 trs
186 5001 321 5055 maculam
341 5001 501 5070 poenitentia
524 5002 664 5058 diluerunt
683 5013 712 5059 11
733 5003 905 5061 deterserunt
920 5022 928 5059 :
982 5008 1038 5061 sais
1052 5007 1121 5063 bane
1135 5008 1271 5063 laboribus
1283 5012 1333 5062 atti
1344 5008 1518 5063 industriose
1530 5008 1680 5077 acquisisse
1692 5010 1789 5077 puteis

130 5078 292 5151 nontamen
314 5072 421 5141 proprie
440 5072 646 5155 virgines,·quia
662 5073 801 5156 virginitas
821 5073 929 5146 periec-

131 5147 189 5196 tam
199 5147 336 5222 mentrslet
347 5155 468 5224 corporis
477 5147 929 5226 ‚iutegritatem‘ratcorruptiouem-

129 5219 368 5338 ‘'iiiiidili
381 5212 787 5352 1111111111,
808 5285 926 5357 auam

129 5354 192 5425 quin
208 5353 284 5424 virgo
305 5355 496 5424 pennenserit,
513 5371 577 5410 1111
591 5364 698 5412 constet
722 5371 755 5412 ex
783 5360 927 5427 Evangelio

127 5440 191 5481 eum
209 5424 237 5478 in
256 5423 364 5505 deserto
383 5423 419 5479 ab
433 5424 546 5482 infantia
567 5426 602 5481 ed
618 5424 805 5510 linemousque
822 5430 929 5487 vitreio

127 5511 237 5551 summa
259 5501 416 5550 austeritate
437 5504 465 5553 11
487 5503 667 5552 sanctimonia
692 5513 791 5555 vixisse
813 5502 924 5565 (1111111.

127 5581 161 5623 ut
172 5586 179 5636 ;
192 5570 256 5623 Lac.
272 5568 312 5630 1).
335 5565 416 5621 Unde
431 5566 530 5639 ineius
543 5566 654 5623 laudern
665 5569 741 5626 cauit
751 5572 890 5629 Doclesia:

220 5683 241 5730 0
253 5680 324 5729 nimis
334 5679 401 5739 ielix,
414 5681 542 5744 meritique
549 5680 616 5741 celsi,

219 5746 335 5794 llesciens
347 5743 424 5793 labem
440 5743 504 5794 nivei
522 5743 631 5807 pudoris.

157 5853 294 5910 ioannem
308 5851 392 5910 etiam
413 5849 606 5928 evangelistam
621 5850 756 5928 virginem
778 5853 863 5916 luisse
883 5866 927 5941 te

982 5092 1047 5132 nam
1057 5079 1292 5148 possibilemnest
1300 5082 1332 5134 11
1342 5081 1482 5148 quispiam
1494 5083 1624 5133 naturam
1635 5092 1716 5132 snam
1728 5078 1790 5132 oin·

981 5153 1026 5203 cat
1039 5167 1047 5203 ε
1061 5150 1232 5219 udideaipae
1239 5153 1476 5219 naturampemta
1485 5153 1535 5213 est,
1545 5150 1603 5203 illic
1612 5150 1636 5204 is
1646 5150 1790 5219 puimpra

981 5224 1110 5276 naturam
1120 5224 1168 5283 est,
1177 5221 1316 5276 advenisse
1324 5223 1501 5289 cognoscitur.
1513 5223 1584 5277 Num
1592 5221 1651 5274 sine
1659 5219 1719 5274 ulta
1727 5234 1790 5273 con·

982 5293 1113 5348 troversia
1128 5293 1159 5347 id
1167 5293 1239 5362 qaod
1249 5292 1367 5347 deterius
1376 5295 1415 5346 est
1427 5307 1445 5346 a
1456 5294 1607 5362 potentiore
1618 5291 1785 5345 destruitur.

1017 5353 1027 5392 ¹
1041 5364 1083 5418 Dc
1102 5360 1156 5419 hoc
1176 5360 1308 5434 peculiari
1325 5363 1411 5427 dono,
1426 5377 1460 5418 ac
1475 5361 1588 5435 speciali
1603 5361 1655 5417 Dei
1667 5360 1786 5428 auxilio,

982 5446 1038 5504 quo
1060 5442 1134 5490 recte
1155 5442 1183 5489 ct
1197 5432 1330 5490 catholice
1350 5433 1533 5506 intelligatur,
1556 5439 1622 5488 sunt
1636 5431 1698 5488 baec
1716 5430 1789 5489 scitu

981 5504 1147 5562 necessaria.
1161 5505 1255 5561 Primo
1266 5502 1468 5561 continentiam
1488 5514 1517 5561 et
1528 5504 1633 5561 donum
1649 5503 1700 5559 Dei
1715 5515 1788 5574 esso,

981 5582 1009 5629 et
1023 5583 1116 5632 tamen
1136 5576 1164 5632 in
1183 5575 1300 5632 arbitrio
1312 5584 1339 5631 11
1361 5583 1495 5647 potestate
1508 5574 1630 5631 bominis
1641 5574 1766 5645 positum
1779 5591 1788 5629 1

981 5661 1102 5717 quorum
1116 5647 1234 5705 alterum
1248 5646 1338 5704 nostri
1353 5647 1485 5717 temporis
1498 5644 1620 5704 namuci
1632 5643 1788 5714 atnrmmt,

980 5732 1081 5787 nempe
1104 5718 1208 5776 donum
1224 5718 1275 5775 Dei
1289 5733 1365 5785 essm
1385 5717 1501 5775 alterum
1522 5725 1624 5790 negant
1643 5717 1790 5774 :undeet

980 5789 1113 5862 eolligtmt
1139 5790 1278 5847 neminem
1305 5789 1406 5846 debere
1437 5803 1536 5845 vovere
1562 5787 1787 5855 contuentium,

979 5859 1044 5931 quia
1056 5858 1657 5925 111111111111111111111111111111111111
1669 5858 1785 5932 (bellat.
