3848 6158
152 254 199 306 551
689 236 829 294 toaNMs
848 236 997 293 cassiani
1016 235 1263 294 counitionis.
1750 238 1806 291 552

428 370 550 428 CAPUT
562 368 668 424 livill.
753 372 756 377 '
961 364 1100 438 Ajugiter
1112 364 1273 438 exigebant3
1290 374 1462 435 praeposuere
1479 359 1585 416 cunctis
1605 357 1658 416 illis
1675 358 1806 417 reiectio·

184 469 362 538 interrogatio
374 464 584 521 demntinentioe
593 460 796 529 tielreseetiunis
806 473 944 515 mensura.
999 474 1065 517 nem
1079 452 1190 516 ¹‘solius
1204 457 1292 531 panis,
1319 457 1399 530 cujus
1413 455 1600 528 aequissimum
1615 444 1737 512 modum
1751 466 1762 493 ⁶
1776 459 1808 515 iii

184 569 357 625 Germanus:
374 561 442 631 Quis
461 559 545 633 igitur
570 564 612 614 est
630 555 806 613 continentiae
829 554 943 625 modus,
1000 551 1108 610 duobus
1125 551 1279 626 paximaciis
1298 556 1460 619 statuerunt,
1484 564 1554 622 quus
1570 551 1696 622 parvulos
1718 566 1807 625 panes

148 677 231 734 quem
239 655 326 731 'aquo
343 648 531 713 moderamine
547 652 696 709 retinentes
714 649 787 708 inter
802 657 947 722 utramque
1002 648 1047 704 vix
1058 647 1134 706 librae
1145 648 1226 706 unius
1237 646 1450 722 ponduqbabere
1464 646 1650 704 certissimum
1664 648 1732 723 est]

148 755 318 812 nimietatem
332 751 408 809 illaesi
421 748 538 807 transire
550 747 704 821 possimus?
1297 752 1417 808 CAPUT
1442 751 1504 807 xx,

433 845 556 902 CAPUT
578 844 663 900 xlx·
1055 849 1172 921 Oby'eetiu
1186 851 1219 905 de
1230 850 1366 916 realitate
1381 848 1550 905 continentie
1564 863 1624 919 quie
1641 849 1750 906 dnobus

308 946 346 999 De
355 943 454 1013 optimu
466 940 520 994 cibi
529 937 687 1009 quintilliani
699 935 785 991 modu.
1229 923 1568 991 pommeraninetui.

184 1037 315 1110 Moyses:
331 1038 344 1067 ¹
359 1035 447 1106 Super
458 1031 510 1088 bac
521 1030 628 1088 reinter
641 1028 761 1101 majnres
774 1024 947 1085 nostrosiie·
1036 1024 1191 1081 Germanus
1207 1039 1215 1080 i
1231 1021 1314 1097 Quod
1333 1037 1387 1082 noa
1399 1032 1539 1099 gratanter
1552 1023 1809 1104 amplexiiespun

149 1139 265 1207 quenter
278 1130 409 1186 nevimus
418 1126 543 1184 habitum
551 1123 635 1183 fuisse
641 1130 800 1195 tractatum.
813 1124 884 1178 Mam
895 1118 947 1177 dis
1000 1115 1092 1176 dimus
1106 1117 1179 1176 bunc
1188 1117 1304 1176 mudum
1315 1134 1368 1178 iios
1383 1119 1498 1178 minime
1509 1134 1560 1193 pru
1572 1119 1744 1178 continentia
1759 1136 1808 1180 ra-

149 1227 282 1283 eutientes
304 1219 486 1278 continentias
505 1217 676 1276 diversorum
696 1215 743 1290 qui
759 1214 800 1272 vel
822 1213 889 1270 solis
908 1212 947 1270 le·
1001 1222 1107 1287 putare,
1123 1215 1223 1289 quippe
1234 1216 1281 1290 qui
1297 1216 1434 1290 integrum
1446 1230 1509 1274 eum
1521 1230 1695 1290 nequaquam
1710 1231 1807 1292 pusse-

147 1316 316 1393 geminibus,
342 1315 383 1373 val
404 1312 523 1372 oleribus
544 1319 662 1382 tautum,
684 1310 724 1367 rel
750 1308 840 1383 pomis
864 1307 947 1364 vitam
1002 1323 1065 1365 inus
1080 1309 1226 1368 insumere.

693 1444 819 1501 intubi
832 1441 953 1505 ,nazal
970 1441 1252 1500 COMMENTARIUS.

181 1573 194 1602 ¹
207 1566 275 1625 Vide
287 1566 332 1623 lib.
349 1581 369 1624 v
382 1564 485 1634 instit,
498 1579 522 1620 u.
537 1564 574 1619 5?
997 1561 1120 1616 attulisse
1130 1564 1251 1615 sunctum
1261 1560 1421 1623 Antonium,
1432 1562 1806 1632 eimenaoeuppuauisacquu

180 1638 291 1705 batim,
309 1637 375 1694 sicci
395 1636 484 1709 panis,
501 1632 598 1702 idest,
619 1629 723 1703 absque
742 1628 867 1687 obsonio.
882 1630 944 1686 Nun
998 1634 1060 1686 tuor
1070 1632 1229 1702 punumidiu
1248 1629 1286 1699 (id
1297 1639 1349 1697 est,
1362 1630 1523 1703 paximacia)
1538 1645 1586 1686 seu
1606 1633 1762 1697 unciuriun,
1777 1640 1805 1691 et

144 1710 218 1767 enim
229 1707 423 1767 excludebatur
436 1721 516 1779 aqua.
997 1702 1052 1757 sibi
1058 1704 1256 1773 quidemttnum
1265 1703 1439 1771 madefecisse
1448 1701 1536 1775 (erunt
1546 1704 1802 1776 utinsieci'punes),

179 1780 348 1854 cAmbigua
366 1779 478 1835 locutio.
491 1775 618 1834 Dubitari
636 1775 711 1832 euim
767 1780 822 1830 teat
840 1787 876 1830 aii
890 1771 944 1828 sin·
996 1775 1081 1830 Paulo
1109 1779 1199 1830 eutem
1227 1775 1350 1846 Simpiin
1376 1779 1441 1830 ties.
1466 1772 1529 1834 Ubi⁴
1546 1773 1698 1832 noandum
1723 1775 1805 1848 quud

148 1853 227 1926 gulos
244 1867 327 1925 panes
341 1850 405 1909 velit
420 1849 501 1907 unius
518 1847 730 1920 ierelibraepuu
750 1861 782 1903 us
804 1843 942 1909 habuisse,
996 1845 1047 1913 ait,
1077 1861 1125 1902 sear
1150 1848 1302 1915 ominium,
1323 1844 1397 1919 quud
1423 1843 1457 1902 de
1485 1843 1597 1917 singulis
1626 1846 1801 1920 paximaciis

144 1940 178 1981 aii
193 1939 257 1981 vero
275 1923 356 1980 binus
369 1938 402 1980 ac
416 1920 548 2004 geminus.
571 1918 689 1988 Quidam
708 1916 868 1974 existimant
884 1914 944 1971 sin·
997 1916 1052 1972 siie
1075 1916 1190 1989 panibus
1217 1915 1423 1989 intelligendum
1452 1931 1512 1973 esse
1539 1914 1604 1973 alias
1631 1916 1798 1976 docuimus.

144 1996 206 2069 gula
220 1994 371 2068 paximacia
386 1992 472 2049 fuisse
486 1993 566 2049 unius
580 1989 667 2058 libra,
689 1987 771 2046 etita
790 1985 944 2060 intelligunt
958 1977 984 2043 B
996 1988 1052 2044 Nee
1065 1989 1168 2046 mirum
1181 1986 1257 2061 quud
1272 1988 1323 2045 tria
1336 1986 1489 2060 paxamidia
1503 1987 1636 2044 Antonius
1647 1988 1733 2046 Paulo
1748 2005 1801 2063 ap·

143 2067 225 2124 verba
247 2065 352 2122 abbatis
367 2064 481 2135 Moysis,
498 2060 704 2142 quospuniulos
714 2074 809 2130 panea,
824 2058 945 2130 singulus
1015 2061 1129 2128 usuarii,
1153 2066 1181 2116 et
1208 2058 1260 2116 sibi
1274 2074 1360 2117 unuin
1384 2058 1529 2116 dumtaxat
1552 2059 1706 2128 recitarit,
1732 2075 1801 2117 eum

144 2138 289 2193 nimirum.
305 2137 411 2193 Verum
438 2148 495 2188 nun
509 2132 544 2189 de
566 2130 690 2202 singulis,
717 2130 765 2213 sed
778 2129 812 2186 de
834 2128 945 2188 duobus
996 2074 1096 2188 danius
1105 2131 1164 2204 jani
1176 2129 1310 2204 integram
1325 2129 1524 2188 hebdomadam
1538 2130 1649 2204 y'ey'unua
1663 2146 1801 2204 perman·

143 2206 258 2278 junctim
283 2205 309 2261 id
336 2219 396 2262 esse
417 2200 635 2275 intelligendum,
660 2200 754 2258 multis
777 2200 945 2275 argumentis
995 2201 1085 2273 sisset,
1106 2210 1139 2260 ut
1160 2209 1235 2275 patet
1248 2217 1281 2259 ex
1298 2203 1357 2274 ipsa
1375 2201 1498 2260 historia.
1514 2203 1555 2259 Ex
1578 2201 1678 2276 quibus
1702 2201 1800 2261 itidem

143 2286 269 2334 constare
282 2283 381 2348 potest,
406 2273 430 2331 si
444 2280 602 2331 resultante
617 2272 814 2339 consideretur,
827 2281 860 2329 ut
883 2287 945 2330 eiu-
998 2273 1171 2346 perspicuum
1185 2281 1227 2330 est
1240 2282 1341 2357 quanta
1368 2273 1529 2331 discretione
1551 2279 1580 2330 et
1604 2273 1800 2333 mederatione

143 2346 199 2405 dite
213 2348 294 2404 ducet
308 2349 344 2404 R.
357 2349 389 2402 P.
405 2344 567 2402 leonardus
576 2343 727 2401 Leesiusln
740 2342 831 2399 libello
841 2342 942 2416 insigni
995 2358 1025 2400 er
1042 2361 1058 2400 a
1073 2359 1139 2402 suus
1152 2344 1304 2402 coenubitas
1320 2360 1386 2402 usus
1401 2345 1437 2402 sit
1450 2345 1638 2402 mncbsumus
1650 2353 1730 2418 pater
1743 2348 1799 2404 Bu·

143 2419 177 2476 de
196 2419 316 2477 Ratione
329 2417 523 2475 conservandae
549 2414 722 2472 valetudinis.
737 2415 860 2471 Primum
877 2416 942 2487 quia
993 2361 1118 2473 nedictus
1134 2414 1209 2488 (Cup.
1224 2422 1258 2473 39
1278 2418 1409 2486 Maelo),
1426 2415 1526 2488 quilius
1539 2424 1641 2490 praeter
1654 2416 1796 2489 quetidia-

142 2490 228 2547 iioluit
241 2489 395 2566 exprimere
433 2496 549 2545 uantum
565 2495 623 2544 tuta
642 2501 771 2544 mensura
801 2485 860 2542 anis
873 2500 943 2558 quo-
993 2500 1059 2543 nam
1076 2487 1152 2543 illam
1166 2487 1243 2559 panis
1258 2486 1666 2556 libram,mensuramiideliuet
1679 2503 1696 2545 a
1709 2489 1801 2546 Patri-

142 2560 249 2633 titiani,
275 2577 338 2636 quae
360 2503 469 2619 duodus
500 2557 660 2642 paximaciis
677 2502 800 2641 'eonstad

140 2633 227 2705 deret,
248 2650 306 2692 nun
337 2639 471 2706 quantum
492 2629 600 2704 singula
623 2645 783 2703 paximacia.
812 2630 886 2685 Mam
906 2627 941 2687 de
992 2629 1137 2698 concessit,
1149 2634 1260 2701 propter
1271 2631 1437 2687 civennam
1459 2633 1640 2702 infimitates,
1655 2637 1689 2687 ut
1703 2635 1800 2704 quiea

140 2722 271 2765 mensura
291 2706 390 2764 diurna
412 2703 552 2777 agebatur.
568 2700 676 2759 Deinde
697 2701 786 2774 capite
800 2705 832 2756 at
863 2714 941 2773 aper·
992 2702 1329 2773 ununonpuasunteiieie,
1346 2717 1380 2757 ea
1393 2704 1448 2758 ulio
1462 2705 1626 2773 remeatur.
1642 2704 1747 2774 Quain
1764 2719 1798 2764 re

143 2780 171 2833 te
197 2778 299 2836 iudicat
330 2788 492 2834 mensuram
513 2775 587 2831 illam
614 2771 700 2830 fuisse
728 2772 794 2829 satis
815 2769 940 2842 exiguam
992 2768 1244 2843 speetasaetidetur
1252 2773 1415 2845 praeclarum
1426 2773 1584 2847 exemplum
1596 2782 1625 2831 et
1635 2773 1797 2833 doctrinam

143 2856 288 2907 etservatu
301 2846 451 2915 difficilem,
464 2844 570 2903 secluso
580 2844 655 2900 omni
666 2842 789 2900 obsonio.
802 2845 839 2898 iit
850 2841 873 2898 si
884 2842 939 2899 duo
989 2842 1017 2898 S.
1032 2842 1185 2910 Pachumii,
1198 2842 1255 2915 qui,
1268 2843 1335 2901 utin
1348 2843 1406 2917 ejus
1415 2844 1476 2900 Vita
1485 2844 1586 2917 legitur
1598 2846 1680 2916 (Gap.
1696 2849 1743 2914 lt)
1752 2847 1796 2905 iri·

144 2921 297 3045 paximacia
311 2927 389 2976 erant
404 2918 467 2974 duae
480 2916 557 2973 librae
564 2915 640 2988 panis
652 2915 680 2970 in
698 2914 782 2978 diem,
795 2919 868 2969 certe
882 2928 938 2970 nun
990 2912 1243 2986 gressumuuddam
1254 2917 1462 2986 monasterium,
1476 2925 1538 2989 pust
1548 2916 1703 2973 uradunem
1714 2919 1794 2977 venit

798 2563 836 2626 at,
876 2570 942 2630 pen·
992 2555 1044 2614 bus
1066 2565 1200 2615 statutam
1220 2566 1248 2614 et
1267 2565 1413 2625 mianum,
1434 2559 1516 2616 etiam
1530 2558 1586 2616 duu
1609 2559 1798 2632 pulmentaria

157 2992 239 3047 uisset
258 2991 303 3045 illa
322 3002 450 3046 mensura
474 2987 582 3058 exigua,
606 2999 657 3040 nec
675 2991 784 3041 servata
803 2981 935 3055 diflicilia,
990 2984 1025 3040 ad
1038 2989 1192 3058 coqulnam,
1208 2985 1387 3044 etinveniunt
1400 2984 1614 3060 fratremquicu
1655 2986 1711 3046 ‘ua
1725 3005 1797 3063 prai-

144 3061 299 3133 praesertim
311 3057 430 3115 senibus.
445 3055 513 3125 Quis
524 3055 596 3112 enim
614 3062 688 3136 tanta
702 3054 850 3126 quantitate
861 3056 937 3126 panis
990 3063 1048 3113 exat
1058 3056 1179 3128 psiathos
1195 3065 1366 3130 operantem,
1384 3073 1452 3129 quas
1469 3066 1569 3115 mattas
1583 3075 1618 3115 iu
1629 3075 1681 3133 gus
1695 3061 1794 3134 appel·

143 3138 283 3203 assumpta
306 3145 361 3211 noxi
379 3127 478 3183 babeat
490 3127 566 3195 satis,
579 3134 626 3190 aut
642 3125 748 3183 dicatur
768 3124 875 3183 modice
887 3136 937 3210 aut
990 3127 1037 3194 lat,
1047 3127 1130 3185 aitad
1144 3143 1209 3185 eum
1225 3145 1233 3186 i
1248 3127 1644 3257 Dicumibiiratenqnantum
1654 3133 1793 3214 temporis

143 3197 937 3341 inutilitatititillabitiutuitu
990 3198 1792 3343 illutibilttutiii‘aiiiiiitl'Mitti

143 3360 302 3428 mensuram
325 3342 417 3413 (unius
430 3341 536 3426 scilieet
549 3340 635 3424 librae)
650 3311 764 3398 minime
778 3342 937 3425 preeunti-
951 3381 974 3445 c
990 3340 1063 3399 mlus
1079 3342 1118 3399 ait
1136 3362 1143 3399 :
1160 3315 1250 3412 Quare
1267 3350 1362 3425 eontra
1381 3351 1544 3470 praeceptum
1561 3341 1651 3401 fauere
1660 3316 1789 3415 uolanti,

143 3424 236 3473 nentia
249 3423 389 3488 reputare,
403 3427 506 3487 quippe
527 3428 575 3486 qui
593 3420 727 3486 integram
741 3427 803 3469 eain
819 3428 860 3468 vix
875 3427 936 3485 pus
991 3420 1021 3469 ut
1030 3413 1230 3471 tantaiiatrum
1241 3415 1421 3488 negligeretur
1433 3422 1473 3471 uti
1484 3415 1616 3485 itasiQui
1626 3416 1678 3473 sub
1687 3416 1790 3475 bamili

142 3497 204 3544 rexit
215 3502 386 3569 consumere.
403 3484 530 3570 Namnvel
547 3483 708 3556 loquebatur
722 3483 756 3541 de
771 3483 936 3567 contuentia
989 3483 1175 3566 satisfactione
1188 3485 1331 3569 respondit
1345 3505 1353 3540 i
1366 3488 1530 3558 Optaveram
1541 3487 1661 3569 quidem,
1676 3502 1791 3546 mucra

142 3573 190 3614 seu
213 3557 376 3639 abstinentia
395 3564 549 3638 strictiore,
568 3569 630 3626 quae
649 3571 707 3638 non
727 3562 786 3636 erat
808 3557 936 3636 omnibus
989 3553 1048 3637 bilis
1064 3557 1602 3639 Pater,quuudieimplereministerium
1614 3572 1722 3628 meum;
1735 3561 1790 3619 aed

142 3643 297 3684 eommunis
314 3634 342 3683 et
359 3634 473 3694 usitata;
494 3626 536 3680 vel
555 3632 629 3707 carte
647 3624 816 3696 intelligebat
833 3625 935 3684 drumm
988 3641 1052 3698 quia
1064 3627 1196 3700 quidquid
1207 3626 1359 3700 coquebam
1372 3644 1428 3685 nun
1442 3630 1681 3687 consumebatura
1692 3629 1791 3688 iratri-

141 3714 299 3758 mensuram
314 3697 392 3772 panis
406 3712 469 3754 eum
487 3695 601 3779 obsonio
615 3704 667 3779 ειμιΙ
675 3696 816 3779 pulmento
830 3695 932 3769 aliquo,
987 3695 1049 3765 bus,
1064 3698 1126 3770 quia
1136 3713 1233 3782 omnes
1249 3699 1386 3756 abstinent
1400 3700 1460 3767 (soli
1473 3701 1573 3774 quippe
1584 3699 1663 3772 pueri
1677 3701 1790 3783 aliquid

139 3771 214 3844 quod
228 3770 313 3827 abbas
325 3772 434 3852 Moyses
446 3765 616 3836 excludit,ut
631 3767 668 3823 ibi
682 3766 775 3824 videre
790 3775 842 3824 est.
857 3769 934 3826 Prae-
987 3777 1107 3826 cucturae
1117 3774 1289 3842 percipiunt),
1304 3786 1339 3827 ne
1352 3778 1430 3828 tanto
1444 3771 1534 3829 labore
1544 3779 1644 3843 paratae
1657 3773 1787 3855 projice·

140 3851 213 3927 terea
224 3841 281 3901 duo
298 3854 448 3923 paximacia
463 3839 532 3923 adeo
546 3853 603 3894 non
619 3837 764 3911 explebant
775 3837 888 3921 famem,
903 3848 934 3897 ut
986 3847 1081 3923 rentur
1092 3856 1228 3915 expensae,
1243 3850 1387 3924 propterea
1401 3844 1568 3969 pulmentum
1584 3856 1641 3927 nun
1654 3857 1731 3898 coiri.
1746 3847 1792 3903 At

139 3909 934 4054 tillitultiilliltitiitffltiiliuii
985 3911 1789 4045 laudibiliiiillttttMMMtii‘t

138 4001 209 4127 dent,
222 4067 250 4115 et
262 4029 391 4131 ap’petitui
400 4052 594 4117 sadsiacerent,
609 4061 640 4109 ut
655 4068 685 4108 re
697 4060 739 4109 ert
758 4052 830 4109 idem
848 4053 933 4112 abbas
985 4052 1178 4128 hujuscemodi
1192 4071 1271 4129 pesse
1286 4001 1422 4123 difficere,
1438 4001 1577 4130 utIparias
1589 4028 1676 4127 mods,
1693 4002 1789 4128 id&

138 4132 250 4203 Moyses
262 4145 321 4203 cap.
336 4133 382 4194 24,
395 4126 441 4184 ubi
455 4125 538 4182 etiam
548 4123 574 4181 id
579 4123 733 4206 improbat.
745 4127 783 4180 lit
794 4123 855 4198 quis
867 4141 933 4198 pra
984 4125 1069 4184 olivas
1082 4136 1112 4184 et
1124 4126 1251 4184 herbulas
1262 4127 1297 4184 ad
1315 4126 1493 4186 resectionem
1509 4127 1642 4186 iratribus
1664 4138 1784 4202 pararet.

138 4202 235 4258 sertim
258 4199 360 4258 mentis
373 4197 505 4256 exercitiis
524 4195 632 4279 deditus
652 4195 778 4279 comedat
801 4197 933 4279 unayiee
984 4197 1051 4254 Haec
1071 4198 1185 4256 audieris
1200 4198 1503 4274 Pachomius,thuot
1515 4207 1591 4269 eunt,
1605 4199 1786 4273 inquit‚paia·

138 4281 259 4354 quatuor
270 4272 362 4337 libras,
377 4270 433 4326 sive
447 4273 483 4325 48
502 4283 594 4325 uncias
610 4268 674 4324 sicci
688 4271 781 4340 panis?
797 4269 943 4363 lienique,¹
983 4267 1117 4397 lbiquos
1128 4276 1155 4325 te
1165 4268 1263 4353 iecisse
1272 4269 1378 4353 dixisti?
1416 4271 1593 4345 uirespondit
1606 4272 1784 4357 :Quingenti

139 4351 170 4399 ut
193 4345 268 4400 idem
282 4342 367 4397 abbas
388 4339 474 4396 refert
485 4355 545 4412 cap.
572 4344 616 4404 il,
632 4338 716 4396 abbas
725 4341 854 4422 Serapion
866 4355 931 4396 cum
982 4340 1019 4396 iit
1037 4340 1081 4396 ile
1102 4359 1108 4395 :
1128 4339 1222 4406 Deier,
1239 4350 1335 4415 inquit,
1353 4341 1407 4399 buc
1424 4358 1538 4414 omnes,
1550 4351 1581 4400 ut
1594 4344 1713 4400 videam.
1732 4344 1785 4415 Qu

138 4411 228 4468 adbuc
246 4420 317 4467 essm
330 4408 554 4490 adolescentulus,
572 4425 622 4480 pus
655 4425 719 4491 iiam
737 4427 766 4466 in
784 4408 930 4469 selemiae
984 4425 1048 4467 cum
1061 4410 1176 4468 fuissent
1184 4412 1267 4481 allati,
1279 4413 1404 4485 protinus
1416 4429 1464 4471 eus
1476 4414 1539 4488 igne
1552 4414 1695 4488 supposito
1703 4415 1786 4488 jussit

138 4480 205 4536 bora
217 4482 350 4539 dieinonu
363 4487 524 4561 sumpsisset
549 4494 614 4534 eum
630 4495 645 4535 a
657 4480 691 4535 iis
701 4483 757 4537 duo
770 4481 929 4564 paximacia,
984 4482 1072 4540 exuri.
1088 4485 1166 4539 Tune
1181 4482 1221 4539 ait
1233 4483 1287 4540 illis
1302 4501 1309 4538 :
1323 4485 1398 4542 Sicut
1412 4500 1461 4542 vos
1479 4485 1609 4543 traditam
1623 4486 1704 4544 vobis
1718 4500 1784 4560 erga

138 4550 230 4608 adbuc
241 4550 373 4618 sumebat,
392 4558 419 4605 et
439 4548 541 4605 idcirco
565 4547 706 4607 iurabatur
717 4560 838 4620 tertium,
857 4554 931 4625 quod
983 4551 1336 4625 dispensabuucmiiatrum
1348 4557 1472 4628 regulam
1485 4556 1662 4630 despexistis,
1678 4558 1720 4615 sic
1732 4572 1785 4632 ego

137 4631 232 4696 posim
250 4621 406 4704 clanculum
416 4619 580 4704 comederet.
589 4623 628 4677 At
638 4622 700 4694 quis
713 4623 930 4681 adulescentulus
984 4625 1085 4697 passim
1097 4624 1204 4683 labores
1222 4634 1326 4684 sestius
1340 4626 1467 4685 incendio
1483 4629 1672 4699 mnuemaii,
1686 4638 1785 4703 ‹pmic-

137 4702 193 4752 tres
206 4695 287 4752 libras
300 4707 380 4775 panis
392 4707 445 4750 una
460 4689 605 4774 reiectione
619 4693 811 4751 comedatiEx
825 4694 869 4750 bis
884 4695 930 4753 itu-
983 4711 1035 4753 nus
1047 4697 1217 4770 cognoscatis
1230 4712 1312 4770 quam
1331 4699 1514 4772 perniciosum
1528 4699 1564 4756 sit
1577 4703 1694 4758 Petrum
1707 4700 1784 4759 insti·

136 4783 191 4841 que
204 4777 311 4851 certum
328 4764 435 4821 videtur
451 4762 559 4845 singula
575 4766 723 4847 paximacia
737 4765 822 4822 inisse
838 4765 929 4849 ¹sulum
942 4763 969 4828 b
984 4775 1043 4825 tuta
1059 4769 1221 4852 convellere,
1242 4784 1307 4852 quae
1320 4786 1371 4843 pro
1386 4771 1540 4828 animarum
1562 4772 1649 4829 salute
1676 4773 1784 4845 proiiaa

136 4833 800 4979 titillabit?(atililuuitiit
817 4847 930 4967 tiit}
982 4841 1784 4984 {uitiauittli.t'⁰.i.⁰ti¹¹i⁸-¹i’⁰mt‘·⁸”⁹⁶·

135 4926 218 5050 w.
242 4978 323 5064 ilnde
338 4979 498 5062 intelligitur·
507 4979 580 5061 apud
596 4979 657 5035 illos
670 4982 765 5064 Matres
778 4981 852 5064 bunc
864 4997 929 5039 mo·
983 4990 1023 5039 est
1034 4990 1167 5056 potestate
1179 4955 1270 5040 divina
1287 4929 1509 5043 eonsiddratiune
1525 4998 1556 5042 se
1571 4929 1715 5058 u’oddlinultz¹
1721 4929 1784 5044 {lu}

135 5067 195 5110 rem
210 5050 305 5124 funse,
322 5059 355 5109 ut
365 5052 479 5123 singulis
491 5065 520 5105 iu
530 5051 652 5124 singulus
665 5050 723 5108 dies
738 5060 846 5109 circiter
857 5052 928 5110 duu-
982 5069 1068 5127 gnum
1080 5055 1286 5126 consequitura'
1301 5057 1423 5114 Domino
1438 5058 1591 5130 praemium.
1608 5057 1654 5115 Ab
1664 5072 1700 5116 ea
1719 5072 1786 5117 veru

134 5124 224 5182 decim
234 5124 327 5182 uncias
340 5122 423 5206 panis
434 5120 586 5205 'comedere
601 5121 704 5206 liceret,
719 5138 781 5195 quae
800 5139 929 5182 mensura
981 5140 1022 5193 re,
1037 5126 1114 5199 cujus
1126 5126 1218 5183 utendi
1231 5126 1368 5184 licentiam
1378 5144 1436 5186 noxi
1449 5128 1542 5197 habet,
1557 5128 1679 5202 quadan
1692 5127 1786 5188 nosci·

134 5197 263 5253 omnibus
275 5210 377 5269 passim
390 5201 456 5276 satis
470 5207 530 5250 esse
543 5201 644 5276 posset.
659 5194 742 5251 Libra
766 5196 842 5252 euim
857 5195 930 5268 apud
982 5204 1027 5254 tur
1039 5198 1198 5255 necessitate
1208 5197 1346 5269 cobiberi3
1355 5200 1448 5258 etideu
1460 5209 1572 5275 propter
1584 5200 1786 5261 abstinentiam

133 5274 238 5323 veteres
258 5275 316 5324 erat
326 5263 484 5350 ‚duodecim
498 5280 654 5350 unciarum,
666 5280 722 5321 nun
736 5266 883 5349 uideam,
899 5274 931 5324 ut
982 5279 1106 5326 coaeum
1118 5277 1147 5352 et
1159 5268 1282 5327 inutilem
1288 5268 1388 5328 irustra
1398 5270 1506 5329 videtur
1517 5280 1787 5357 exspectarumeraa

132 5337 205 5394 aud
217 5353 269 5393 nos
283 5337 364 5405 (Vide
380 5341 472 5420 notum
485 5337 522 5391 ud
537 5337 590 5421 lib.¹
602 5352 633 5402 v,
644 5352 704 5406 cup.
721 5335 758 5417 ⁵d·
778 5336 825 5392 Sic
838 5336 929 5419 ,abias
982 5338 1060 5409 dem3
1075 5339 1269 5425 deniquecum
1285 5341 1376 5415 plures
1392 5357 1463 5401 meai
1480 5359 1514 5416 ap
1567 5353 1612 5402 nui
1626 5341 1789 5411 luennaci

132 5406 930 5608 tituiliiltgutliiitiilintuitui
981 5408 1790 5559 iilititutiliiililbtiniilliniti

130 5551 405 5695 {uitulini
418 5551 928 5697 ..titilittittiiiiiii
981 5555 1252 5685 attitulati
1269 5557 1425 5687 ”iiiiii
1462 5556 1789 5688 guillemans.

130 5699 377 5776 tumusextautum
397 5693 493 5776 uncias
522 5690 664 5776 bordeacei
682 5691 927 5778 paniscum'olere
980 5642 1311 5771 miumcuneedituri’lde
1349 5716 1383 5758 ue
1397 5645 1640 5776 prudterdaxrifg'uos
1654 5644 1789 5760 summ

128 5764 238 5823 modice
246 5773 325 5822 coctu
339 5781 368 5820 iii
380 5765 440 5821 cibo
449 5763 549 5847 ‚habuit
563 5763 600 5847 (85
611 5765 724 5819 Hiereia
736 5765 801 5821 Vite
812 5767 923 5837 Milan).
980 5776 1057 5827 tanta
1086 5770 1200 5831 inanum
1224 5786 1281 5830 non
1305 5714 1402 5831 ddiuit
1424 5771 1556 5833 iutermltl
1585 5773 1783 5836 summatim.

128 5837 288 5911 Deniquein
302 5836 367 5898 Vita
377 5835 457 5894 Pauli
476 5833 780 5908 Simpliciareiertidcm
787 5837 927 5898 Palladius
980 5841 1048 5900 iiiuc
1061 5840 1110 5901 ibi.
1575 5904 1584 5924 ι
