<?xml version="1.0" encoding="UTF-8"?>
<!DOCTYPE html PUBLIC "-//W3C//DTD XHTML 1.0 Transitional//EN"
    "http://www.w3.org/TR/xhtml1/DTD/xhtml1-transitional.dtd">
<html xmlns="http://www.w3.org/1999/xhtml" xml:lang="en" lang="en">
 <head>
  <title>
</title>
<meta http-equiv="Content-Type" content="text/html;charset=utf-8" />
  <meta name='ocr-system' content='tesseract 3.04.00' />
  <meta name='ocr-capabilities' content='ocr_page ocr_carea ocr_par ocr_line ocrx_word'/>
</head>
<body>
  <div class='ocr_page' id='page_1' title='image "./patrologiaecurs29unkngoog_0448.png"; bbox 0 0 3848 6158; ppageno 0'>
   <div class='ocr_carea' id='block_1_1' title="bbox 136 256 1798 331">
    <p class='ocr_par' dir='ltr' id='par_1_1' title="bbox 136 256 1798 331">
     <span class='ocr_line' id='line_1_1' title="bbox 136 256 1798 331; baseline 0.004 -17"><span class='ocrx_word' id='word_1_1' title='bbox 136 258 186 315; x_wconf 86' lang='lat' dir='ltr'>88l</span> <span class='ocrx_word' id='word_1_2' title='bbox 682 256 851 317; x_wconf 72' lang='lat' dir='ltr'>cotentio</span> <span class='ocrx_word' id='word_1_3' title='bbox 869 258 925 317; x_wconf 83' lang='lat' dir='ltr'>xil.</span> <span class='ocrx_word' id='word_1_4' title='bbox 945 288 981 303; x_wconf 91' lang='lat'>-·</span> <span class='ocrx_word' id='word_1_5' title='bbox 998 258 1044 317; x_wconf 79' lang='lat' dir='ltr'>DE</span> <span class='ocrx_word' id='word_1_6' title='bbox 1061 258 1262 318; x_wconf 70' lang='lat' dir='ltr'>eastitatis.</span> <span class='ocrx_word' id='word_1_7' title='bbox 1744 270 1798 331; x_wconf 71' lang='lat' dir='ltr'>tte-2</span> 
     </span>
    </p>
   </div>
   <div class='ocr_carea' id='block_1_2' title="bbox 137 382 1797 1121">
    <p class='ocr_par' dir='ltr' id='par_1_2' title="bbox 137 382 1797 1121">
     <span class='ocr_line' id='line_1_2' title="bbox 137 382 1795 466; baseline 0.007 -27"><span class='ocrx_word' id='word_1_8' title='bbox 137 383 258 455; x_wconf 84' lang='lat' dir='ltr'>Tertius,</span> <span class='ocrx_word' id='word_1_9' title='bbox 274 400 308 444; x_wconf 92' lang='lat' dir='ltr'>ne</span> <span class='ocrx_word' id='word_1_10' title='bbox 321 382 441 443; x_wconf 90' lang='lat' dir='ltr'>leminea</span> <span class='ocrx_word' id='word_1_11' title='bbox 453 398 504 443; x_wconf 92' lang='lat' dir='ltr'>nec</span> <span class='ocrx_word' id='word_1_12' title='bbox 516 382 635 443; x_wconf 90' lang='lat' dir='ltr'>teuniter</span> <span class='ocrx_word' id='word_1_13' title='bbox 647 384 682 441; x_wconf 86' lang='lat' dir='ltr'>nd</span> <span class='ocrx_word' id='word_1_14' title='bbox 690 384 937 458; x_wconf 85' lang='lat' dir='ltr'>concupiscentiam</span> <span class='ocrx_word' id='word_1_15' title='bbox 950 387 978 452; x_wconf 72' lang='grc' dir='ltr'>Α</span> <span class='ocrx_word' id='word_1_16' title='bbox 992 399 1061 458; x_wconf 90' lang='lat' dir='ltr'>puro</span> <span class='ocrx_word' id='word_1_17' title='bbox 1072 384 1163 443; x_wconf 88' lang='lat' dir='ltr'>cordis</span> <span class='ocrx_word' id='word_1_18' title='bbox 1179 386 1382 459; x_wconf 88' lang='lat' dir='ltr'>contempletur</span> <span class='ocrx_word' id='word_1_19' title='bbox 1396 388 1519 461; x_wconf 71' lang='lat' dir='ltr'>intuitur</span> <span class='ocrx_word' id='word_1_20' title='bbox 1539 388 1664 465; x_wconf 77' lang='lat' dir='ltr'>nihilque</span> <span class='ocrx_word' id='word_1_21' title='bbox 1675 392 1795 466; x_wconf 88' lang='lat' dir='ltr'>amplius</span> 
     </span>
     <span class='ocr_line' id='line_1_3' title="bbox 139 478 1796 558; baseline 0.005 -23"><span class='ocrx_word' id='word_1_22' title='bbox 139 488 284 536; x_wconf 86' lang='lat' dir='ltr'>mereatur</span> <span class='ocrx_word' id='word_1_23' title='bbox 302 487 422 553; x_wconf 86' lang='lat' dir='ltr'>aspectu.</span> <span class='ocrx_word' id='word_1_24' title='bbox 443 481 574 550; x_wconf 76' lang='lat' dir='ltr'><strong>Quartus,</strong></span> <span class='ocrx_word' id='word_1_25' title='bbox 585 489 600 515; x_wconf 78' lang='lat'>⁸</span> <span class='ocrx_word' id='word_1_26' title='bbox 614 495 651 536; x_wconf 92' lang='lat' dir='ltr'>ne</span> <span class='ocrx_word' id='word_1_27' title='bbox 672 478 787 553; x_wconf 86' lang='lat' dir='ltr'>vigilans</span> <span class='ocrx_word' id='word_1_28' title='bbox 806 479 849 535; x_wconf 86' lang='lat' dir='ltr'>rel</span> <span class='ocrx_word' id='word_1_29' title='bbox 868 479 939 537; x_wconf 73' lang='lat' dir='ltr'>nm·</span> <span class='ocrx_word' id='word_1_30' title='bbox 991 482 1026 539; x_wconf 89' lang='lat' dir='ltr'>de</span> <span class='ocrx_word' id='word_1_31' title='bbox 1043 480 1101 553; x_wconf 86' lang='lat' dir='ltr'>ejus</span> <span class='ocrx_word' id='word_1_32' title='bbox 1123 478 1310 538; x_wconf 74' lang='lat' dir='ltr'><strong>recordatione</strong></span> <span class='ocrx_word' id='word_1_33' title='bbox 1328 482 1481 555; x_wconf 77' lang='lat' dir='ltr'>concipiat,</span> <span class='ocrx_word' id='word_1_34' title='bbox 1500 499 1586 557; x_wconf 93' lang='lat' dir='ltr'>quam</span> <span class='ocrx_word' id='word_1_35' title='bbox 1606 484 1631 543; x_wconf 88' lang='lat' dir='ltr'>ai</span> <span class='ocrx_word' id='word_1_36' title='bbox 1654 486 1796 558; x_wconf 88' lang='lat' dir='ltr'>operatio-</span> 
     </span>
     <span class='ocr_line' id='line_1_4' title="bbox 138 572 1794 647; baseline 0.006 -20"><span class='ocrx_word' id='word_1_37' title='bbox 138 573 237 645; x_wconf 91' lang='lat' dir='ltr'>plicem</span> <span class='ocrx_word' id='word_1_38' title='bbox 248 572 596 645; x_wconf 84' lang='lat' dir='ltr'>earnisperieratmotum.</span> <span class='ocrx_word' id='word_1_39' title='bbox 609 573 739 645; x_wconf 81' lang='lat' dir='ltr'>Quintus,</span> <span class='ocrx_word' id='word_1_40' title='bbox 753 588 789 630; x_wconf 91' lang='lat' dir='ltr'>ne</span> <span class='ocrx_word' id='word_1_41' title='bbox 800 588 864 629; x_wconf 92' lang='lat' dir='ltr'>cum</span> <span class='ocrx_word' id='word_1_42' title='bbox 878 589 939 630; x_wconf 90' lang='lat' dir='ltr'>me-</span> <span class='ocrx_word' id='word_1_43' title='bbox 992 591 1056 633; x_wconf 90' lang='lat' dir='ltr'>nem</span> <span class='ocrx_word' id='word_1_44' title='bbox 1071 574 1201 645; x_wconf 88' lang='lat' dir='ltr'>laterum,</span> <span class='ocrx_word' id='word_1_45' title='bbox 1215 573 1257 631; x_wconf 85' lang='lat' dir='ltr'>vel</span> <span class='ocrx_word' id='word_1_46' title='bbox 1275 574 1424 647; x_wconf 81' lang='lat' dir='ltr'>cujuslibet</span> <span class='ocrx_word' id='word_1_47' title='bbox 1441 576 1553 635; x_wconf 87' lang='lat' dir='ltr'>alterius</span> <span class='ocrx_word' id='word_1_48' title='bbox 1565 576 1682 637; x_wconf 82' lang='lat' dir='ltr'>elliciuae</span> <span class='ocrx_word' id='word_1_49' title='bbox 1700 588 1794 637; x_wconf 87' lang='lat' dir='ltr'>mente</span> 
     </span>
     <span class='ocr_line' id='line_1_5' title="bbox 138 665 1797 743; baseline 0.006 -22"><span class='ocrx_word' id='word_1_50' title='bbox 138 666 257 723; x_wconf 88' lang='lat' dir='ltr'>moriam</span> <span class='ocrx_word' id='word_1_51' title='bbox 280 667 463 740; x_wconf 75' lang='lat' dir='ltr'>generationis</span> <span class='ocrx_word' id='word_1_52' title='bbox 483 666 624 738; x_wconf 78' lang='lat' dir='ltr'>humanm,</span> <span class='ocrx_word' id='word_1_53' title='bbox 654 672 696 725; x_wconf 85' lang='lat' dir='ltr'>vel</span> <span class='ocrx_word' id='word_1_54' title='bbox 717 675 851 723; x_wconf 81' lang='lat' dir='ltr'>tractatus</span> <span class='ocrx_word' id='word_1_55' title='bbox 869 667 940 724; x_wconf 90' lang='lat' dir='ltr'>ratio</span> <span class='ocrx_word' id='word_1_56' title='bbox 992 676 1148 743; x_wconf 90' lang='lat' dir='ltr'>pertractet.</span> <span class='ocrx_word' id='word_1_57' title='bbox 1170 670 1269 727; x_wconf 65' lang='lat' dir='ltr'>&amp;aare</span> <span class='ocrx_word' id='word_1_58' title='bbox 1287 668 1457 727; x_wconf 80' lang='lat' dir='ltr'>casbmouiec</span> <span class='ocrx_word' id='word_1_59' title='bbox 1472 670 1573 743; x_wconf 86' lang='lat' dir='ltr'>gradm</span> <span class='ocrx_word' id='word_1_60' title='bbox 1591 680 1643 742; x_wconf 89' lang='lat' dir='ltr'>est,</span> <span class='ocrx_word' id='word_1_61' title='bbox 1655 665 1670 707; x_wconf 55' lang='grc' dir='ltr'>δ</span> <span class='ocrx_word' id='word_1_62' title='bbox 1682 687 1718 729; x_wconf 91' lang='lat' dir='ltr'>ue</span> <span class='ocrx_word' id='word_1_63' title='bbox 1733 672 1797 731; x_wconf 84' lang='lat' dir='ltr'>ille-</span> 
     </span>
     <span class='ocr_line' id='line_1_6' title="bbox 138 760 1795 836; baseline 0.005 -21"><span class='ocrx_word' id='word_1_64' title='bbox 138 760 180 816; x_wconf 88' lang='lat' dir='ltr'>rel</span> <span class='ocrx_word' id='word_1_65' title='bbox 213 763 359 819; x_wconf 73' lang='lat' dir='ltr'>amasius</span> <span class='ocrx_word' id='word_1_66' title='bbox 396 762 520 820; x_wconf 89' lang='lat' dir='ltr'>lectionis</span> <span class='ocrx_word' id='word_1_67' title='bbox 554 761 713 836; x_wconf 74' lang='lat' dir='ltr'>ingesserit,</span> <span class='ocrx_word' id='word_1_68' title='bbox 748 761 940 819; x_wconf 85' lang='lat' dir='ltr'>subtilissimus</span> <span class='ocrx_word' id='word_1_69' title='bbox 992 763 1115 821; x_wconf 82' lang='lat' dir='ltr'>cabrosia</span> <span class='ocrx_word' id='word_1_70' title='bbox 1138 762 1378 836; x_wconf 77' lang='lat' dir='ltr'>phantasmatibus</span> <span class='ocrx_word' id='word_1_71' title='bbox 1400 762 1565 821; x_wconf 88' lang='lat' dir='ltr'>lemiuamm</span> <span class='ocrx_word' id='word_1_72' title='bbox 1588 764 1630 820; x_wconf 85' lang='lat' dir='ltr'>rel</span> <span class='ocrx_word' id='word_1_73' title='bbox 1652 763 1795 825; x_wconf 85' lang='lat' dir='ltr'>dormiens</span> 
     </span>
     <span class='ocr_line' id='line_1_7' title="bbox 138 856 1796 932; baseline 0.004 -21"><span class='ocrx_word' id='word_1_74' title='bbox 138 864 260 912; x_wconf 84' lang='lat' dir='ltr'>mentem</span> <span class='ocrx_word' id='word_1_75' title='bbox 285 857 446 929; x_wconf 74' lang='lat' dir='ltr'>voluptarias</span> <span class='ocrx_word' id='word_1_76' title='bbox 472 856 588 913; x_wconf 77' lang='lat' dir='ltr'>amicula</span> <span class='ocrx_word' id='word_1_77' title='bbox 610 856 775 929; x_wconf 87' lang='lat' dir='ltr'>perstringat</span> <span class='ocrx_word' id='word_1_78' title='bbox 798 871 939 927; x_wconf 79' lang='lat' dir='ltr'>assenms3</span> <span class='ocrx_word' id='word_1_79' title='bbox 994 856 1333 915; x_wconf 83' lang='lat' dir='ltr'>illudatur.1icctenim</span> <span class='ocrx_word' id='word_1_80' title='bbox 1356 857 1440 930; x_wconf 70' lang='lat' dir='ltr'>banc}</span> <span class='ocrx_word' id='word_1_81' title='bbox 1449 857 1665 915; x_wconf 83' lang='lat' dir='ltr'>ludificationem</span> <span class='ocrx_word' id='word_1_82' title='bbox 1683 868 1796 932; x_wconf 87' lang='lat' dir='ltr'>peceato</span> 
     </span>
     <span class='ocr_line' id='line_1_8' title="bbox 137 950 1795 1024; baseline 0.003 -17"><span class='ocrx_word' id='word_1_83' title='bbox 137 950 187 1007; x_wconf 91' lang='lat' dir='ltr'>sed</span> <span class='ocrx_word' id='word_1_84' title='bbox 210 951 284 1008; x_wconf 86' lang='lat' dir='ltr'>relut</span> <span class='ocrx_word' id='word_1_85' title='bbox 303 966 372 1023; x_wconf 88' lang='lat' dir='ltr'>opus</span> <span class='ocrx_word' id='word_1_86' title='bbox 397 950 537 1024; x_wconf 90' lang='lat' dir='ltr'>quoddam</span> <span class='ocrx_word' id='word_1_87' title='bbox 558 950 675 1024; x_wconf 82' lang='lat' dir='ltr'>simplex</span> <span class='ocrx_word' id='word_1_88' title='bbox 697 966 730 1007; x_wconf 91' lang='lat' dir='ltr'>ae</span> <span class='ocrx_word' id='word_1_89' title='bbox 756 950 941 1007; x_wconf 88' lang='lat' dir='ltr'>ministerium</span> <span class='ocrx_word' id='word_1_90' title='bbox 994 951 1216 1008; x_wconf 84' lang='lat' dir='ltr'>easeobnortiam</span> <span class='ocrx_word' id='word_1_91' title='bbox 1228 968 1285 1009; x_wconf 88' lang='lat' dir='ltr'>uon</span> <span class='ocrx_word' id='word_1_92' title='bbox 1295 950 1453 1020; x_wconf 88' lang='lat' dir='ltr'>credamus,</span> <span class='ocrx_word' id='word_1_93' title='bbox 1463 950 1693 1024; x_wconf 80' lang='lat' dir='ltr'>concupiscentiae</span> <span class='ocrx_word' id='word_1_94' title='bbox 1702 960 1795 1011; x_wconf 89' lang='lat' dir='ltr'>tamen</span> 
     </span>
     <span class='ocr_line' id='line_1_9' title="bbox 137 1043 1795 1121; baseline 0.002 -18"><span class='ocrx_word' id='word_1_95' title='bbox 137 1044 260 1103; x_wconf 88' lang='lat' dir='ltr'>bumuuo</span> <span class='ocrx_word' id='word_1_96' title='bbox 274 1047 365 1121; x_wconf 78' lang='lat' dir='ltr'>generi</span> <span class='ocrx_word' id='word_1_97' title='bbox 380 1046 535 1105; x_wconf 71' lang='lat' dir='ltr'>necmmrio</span> <span class='ocrx_word' id='word_1_98' title='bbox 548 1045 748 1111; x_wconf 84' lang='lat' dir='ltr'>matributum,</span> <span class='ocrx_word' id='word_1_99' title='bbox 757 1043 943 1118; x_wconf 81' lang='lat' dir='ltr'>nmquitleae</span> <span class='ocrx_word' id='word_1_100' title='bbox 995 1044 1083 1103; x_wconf 88' lang='lat' dir='ltr'>adhuc</span> <span class='ocrx_word' id='word_1_101' title='bbox 1096 1044 1252 1101; x_wconf 76' lang='lat' dir='ltr'>medullitus</span> <span class='ocrx_word' id='word_1_102' title='bbox 1266 1044 1399 1103; x_wconf 75' lang='lat' dir='ltr'>incuntis</span> <span class='ocrx_word' id='word_1_103' title='bbox 1410 1044 1544 1103; x_wconf 89' lang='lat' dir='ltr'>indicium</span> <span class='ocrx_word' id='word_1_104' title='bbox 1558 1054 1610 1105; x_wconf 84' lang='lat' dir='ltr'>est</span> <span class='ocrx_word' id='word_1_105' title='bbox 1623 1049 1636 1083; x_wconf 77' lang='lat'><strong>⁰</strong></span> <span class='ocrx_word' id='word_1_106' title='bbox 1648 1049 1739 1121; x_wconf 81' lang='lat' dir='ltr'>Quam</span> <span class='ocrx_word' id='word_1_107' title='bbox 1752 1056 1795 1107; x_wconf 90' lang='lat' dir='ltr'>ta-</span> 
     </span>
    </p>
   </div>
   <div class='ocr_carea' id='block_1_3' title="bbox 682 1205 1244 1268">
    <p class='ocr_par' dir='ltr' id='par_1_3' title="bbox 682 1205 1244 1268">
     <span class='ocr_line' id='line_1_10' title="bbox 682 1205 1244 1268; baseline -0.011 -1"><span class='ocrx_word' id='word_1_108' title='bbox 682 1207 813 1267; x_wconf 80' lang='lat' dir='ltr'>attunt</span> <span class='ocrx_word' id='word_1_109' title='bbox 831 1208 946 1268; x_wconf 69' lang='lat' dir='ltr'>ntzel</span> <span class='ocrx_word' id='word_1_110' title='bbox 964 1205 1244 1265; x_wconf 74' lang='lat' dir='ltr'><strong>COMMENTARIUS.</strong></span> 
     </span>
    </p>
   </div>
   <div class='ocr_carea' id='block_1_4' title="bbox 127 1358 1795 4410">
    <p class='ocr_par' dir='ltr' id='par_1_4' title="bbox 127 1358 1795 4410">
     <span class='ocr_line' id='line_1_11' title="bbox 135 1358 1793 1434; baseline -0.001 -15"><span class='ocrx_word' id='word_1_111' title='bbox 135 1368 259 1433; x_wconf 86' lang='lat' dir='ltr'>gratiam</span> <span class='ocrx_word' id='word_1_112' title='bbox 272 1358 940 1434; x_wconf 83' lang='lat' dir='ltr'>remittantur.Quibusrerbisapertedocetcou-</span> <span class='ocrx_word' id='word_1_113' title='bbox 994 1360 1397 1431; x_wconf 66' lang='lat' dir='ltr'>Erineolligitnneqrorierca</span> <span class='ocrx_word' id='word_1_114' title='bbox 1454 1358 1793 1433; x_wconf 75' lang='lat' dir='ltr'>nitentibnaomniapccec-</span> 
     </span>
     <span class='ocr_line' id='line_1_12' title="bbox 135 1430 1795 1519; baseline -0.001 -28"><span class='ocrx_word' id='word_1_115' title='bbox 135 1450 250 1493; x_wconf 85' lang='lat' dir='ltr'>sensum</span> <span class='ocrx_word' id='word_1_116' title='bbox 261 1436 291 1491; x_wconf 91' lang='lat' dir='ltr'>in</span> <span class='ocrx_word' id='word_1_117' title='bbox 305 1435 513 1491; x_wconf 85' lang='lat' dir='ltr'>delectationem</span> <span class='ocrx_word' id='word_1_118' title='bbox 525 1449 585 1491; x_wconf 90' lang='lat' dir='ltr'>esse</span> <span class='ocrx_word' id='word_1_119' title='bbox 598 1442 739 1515; x_wconf 84' lang='lat' dir='ltr'>peecatum</span> <span class='ocrx_word' id='word_1_120' title='bbox 751 1430 938 1500; x_wconf 85' lang='lat' dir='ltr'>mortiterum,</span> <span class='ocrx_word' id='word_1_121' title='bbox 995 1435 1024 1487; x_wconf 90' lang='lat' dir='ltr'>tc</span> <span class='ocrx_word' id='word_1_122' title='bbox 1032 1431 1170 1515; x_wconf 75' lang='lat' dir='ltr'>mortalia,</span> <span class='ocrx_word' id='word_1_123' title='bbox 1179 1436 1359 1515; x_wconf 78' lang='lat' dir='ltr'>qtronrmpest</span> <span class='ocrx_word' id='word_1_124' title='bbox 1370 1433 1403 1485; x_wconf 82' lang='lat' dir='ltr'>d·</span> <span class='ocrx_word' id='word_1_125' title='bbox 1413 1434 1526 1515; x_wconf 77' lang='lat' dir='ltr'>agentem</span> <span class='ocrx_word' id='word_1_126' title='bbox 1535 1435 1580 1487; x_wconf 84' lang='lat' dir='ltr'>sui</span> <span class='ocrx_word' id='word_1_127' title='bbox 1589 1434 1795 1519; x_wconf 59' lang='lat' dir='ltr'>decumanam,</span> 
     </span>
     <span class='ocr_line' id='line_1_13' title="bbox 136 1502 1794 1649; baseline -0.008 -16"><span class='ocrx_word' id='word_1_128' title='bbox 136 1506 463 1649; x_wconf 71' lang='lat' dir='ltr'>itiattt‘titt</span> <span class='ocrx_word' id='word_1_129' title='bbox 478 1502 941 1648; x_wconf 67' lang='lat' dir='ltr'>titilittitttittttt</span> <span class='ocrx_word' id='word_1_130' title='bbox 993 1504 1794 1635; x_wconf 54' lang='lat' dir='ltr'>tittttttittirannicam}</span> 
     </span>
     <span class='ocr_line' id='line_1_14' title="bbox 135 1634 1794 1791; baseline 0 -18"><span class='ocrx_word' id='word_1_131' title='bbox 135 1634 938 1791; x_wconf 53' lang='lat' dir='ltr'>t³ttmatbitttitffatititittrinitati²</span> <span class='ocrx_word' id='word_1_132' title='bbox 993 1645 1794 1787; x_wconf 61' lang='lat' dir='ltr'>titiitiitttltitatiititttitimmi</span> 
     </span>
     <span class='ocr_line' id='line_1_15' title="bbox 135 1733 1793 1863; baseline -0.001 -18"><span class='ocrx_word' id='word_1_133' title='bbox 135 1763 335 1863; x_wconf 66' lang='lat' dir='ltr'>etiam&#39;absque</span> <span class='ocrx_word' id='word_1_134' title='bbox 364 1733 490 1863; x_wconf 61' lang='lat' dir='ltr'>repositg</span> <span class='ocrx_word' id='word_1_135' title='bbox 500 1734 606 1859; x_wconf 62' lang='lat' dir='ltr'>operis,</span> <span class='ocrx_word' id='word_1_136' title='bbox 620 1790 649 1844; x_wconf 91' lang='lat' dir='ltr'>iu</span> <span class='ocrx_word' id='word_1_137' title='bbox 670 1788 788 1855; x_wconf 90' lang='lat' dir='ltr'>uiuatur,</span> <span class='ocrx_word' id='word_1_138' title='bbox 803 1800 861 1841; x_wconf 91' lang='lat' dir='ltr'>non</span> <span class='ocrx_word' id='word_1_139' title='bbox 882 1756 942 1841; x_wconf 65' lang='lat' dir='ltr'>esst&#39;r</span> <span class='ocrx_word' id='word_1_140' title='bbox 956 1744 980 1807; x_wconf 76' lang='lat' dir='ltr'>B</span> <span class='ocrx_word' id='word_1_141' title='bbox 995 1789 1064 1854; x_wconf 76' lang='lat' dir='ltr'>{esto</span> <span class='ocrx_word' id='word_1_142' title='bbox 1076 1758 1272 1841; x_wconf 63' lang='lat' dir='ltr'>admittuntu&#39;r.</span> <span class='ocrx_word' id='word_1_143' title='bbox 1286 1733 1325 1841; x_wconf 60' lang='lat' dir='ltr'>iit</span> <span class='ocrx_word' id='word_1_144' title='bbox 1336 1786 1418 1858; x_wconf 89' lang='lat' dir='ltr'>paulo</span> <span class='ocrx_word' id='word_1_145' title='bbox 1433 1794 1515 1857; x_wconf 90' lang='lat' dir='ltr'>post:</span> <span class='ocrx_word' id='word_1_146' title='bbox 1530 1789 1630 1843; x_wconf 86' lang='lat' dir='ltr'>Varum</span> <span class='ocrx_word' id='word_1_147' title='bbox 1649 1804 1711 1843; x_wconf 82' lang='lat' dir='ltr'>mm</span> <span class='ocrx_word' id='word_1_148' title='bbox 1727 1791 1793 1843; x_wconf 82' lang='lat' dir='ltr'>rcri-</span> 
     </span>
     <span class='ocr_line' id='line_1_16' title="bbox 135 1804 1793 1940; baseline -0.001 -23"><span class='ocrx_word' id='word_1_149' title='bbox 135 1861 264 1918; x_wconf 88' lang='lat' dir='ltr'>idonenm</span> <span class='ocrx_word' id='word_1_150' title='bbox 279 1862 315 1918; x_wconf 90' lang='lat' dir='ltr'>ad</span> <span class='ocrx_word' id='word_1_151' title='bbox 327 1807 498 1917; x_wconf 51' lang='lat' dir='ltr'>egerendum</span> <span class='ocrx_word' id='word_1_152' title='bbox 511 1862 569 1916; x_wconf 90' lang='lat' dir='ltr'>Deo</span> <span class='ocrx_word' id='word_1_153' title='bbox 581 1804 759 1940; x_wconf 48' lang='lat' dir='ltr'>semiariani,</span> <span class='ocrx_word' id='word_1_154' title='bbox 774 1855 864 1939; x_wconf 77' lang='lat' dir='ltr'>autad</span> <span class='ocrx_word' id='word_1_155' title='bbox 876 1856 939 1912; x_wconf 89' lang='lat' dir='ltr'>alie·</span> <span class='ocrx_word' id='word_1_156' title='bbox 994 1872 1071 1939; x_wconf 76' lang='lat' dir='ltr'>cerea</span> <span class='ocrx_word' id='word_1_157' title='bbox 1079 1859 1331 1940; x_wconf 65' lang='lat' dir='ltr'>mortabnpeecntc,</span> <span class='ocrx_word' id='word_1_158' title='bbox 1339 1860 1421 1912; x_wconf 77' lang='lat' dir='ltr'>anm</span> <span class='ocrx_word' id='word_1_159' title='bbox 1431 1860 1610 1927; x_wconf 75' lang='lat' dir='ltr'>rogitationis,</span> <span class='ocrx_word' id='word_1_160' title='bbox 1620 1860 1793 1915; x_wconf 81' lang='lat' dir='ltr'>bommesira</span> 
     </span>
     <span class='ocr_line' id='line_1_17' title="bbox 136 1928 1793 2003; baseline 0.001 -18"><span class='ocrx_word' id='word_1_161' title='bbox 136 1946 172 1985; x_wconf 91' lang='lat' dir='ltr'>na</span> <span class='ocrx_word' id='word_1_162' title='bbox 186 1940 295 2002; x_wconf 89' lang='lat' dir='ltr'>peccata</span> <span class='ocrx_word' id='word_1_163' title='bbox 318 1930 465 1997; x_wconf 86' lang='lat' dir='ltr'>diluenda,</span> <span class='ocrx_word' id='word_1_164' title='bbox 489 1944 538 2003; x_wconf 91' lang='lat' dir='ltr'>per</span> <span class='ocrx_word' id='word_1_165' title='bbox 550 1930 666 1987; x_wconf 88' lang='lat' dir='ltr'>modum</span> <span class='ocrx_word' id='word_1_166' title='bbox 686 1928 789 1985; x_wconf 82' lang='lat' dir='ltr'>seilicet</span> <span class='ocrx_word' id='word_1_167' title='bbox 807 1934 940 1983; x_wconf 81' lang='lat' dir='ltr'>interces-</span> <span class='ocrx_word' id='word_1_168' title='bbox 993 1929 1062 1997; x_wconf 73' lang='lat' dir='ltr'>giras</span> <span class='ocrx_word' id='word_1_169' title='bbox 1074 1928 1616 1992; x_wconf 69' lang='lat' dir='ltr'>erinanimatosreddantneccesarturn</span> <span class='ocrx_word' id='word_1_170' title='bbox 1626 1933 1793 1987; x_wconf 81' lang='lat' dir='ltr'>astumatum</span> 
     </span>
     <span class='ocr_line' id='line_1_18' title="bbox 136 1998 1794 2072; baseline 0.001 -18"><span class='ocrx_word' id='word_1_171' title='bbox 136 2002 227 2057; x_wconf 89' lang='lat' dir='ltr'>sionis</span> <span class='ocrx_word' id='word_1_172' title='bbox 244 2010 292 2056; x_wconf 90' lang='lat' dir='ltr'>aut</span> <span class='ocrx_word' id='word_1_173' title='bbox 309 2000 512 2070; x_wconf 81' lang='lat' dir='ltr'>satisfactionis,</span> <span class='ocrx_word' id='word_1_174' title='bbox 532 2008 564 2057; x_wconf 92' lang='lat' dir='ltr'>ut</span> <span class='ocrx_word' id='word_1_175' title='bbox 582 2008 659 2072; x_wconf 89' lang='lat' dir='ltr'>patet</span> <span class='ocrx_word' id='word_1_176' title='bbox 678 2016 711 2055; x_wconf 80' lang='lat' dir='ltr'>cr</span> <span class='ocrx_word' id='word_1_177' title='bbox 726 1998 817 2055; x_wconf 84' lang='lat' dir='ltr'>serbis</span> <span class='ocrx_word' id='word_1_178' title='bbox 835 1999 845 2052; x_wconf 95' lang='lat' dir='ltr'>i</span> <span class='ocrx_word' id='word_1_179' title='bbox 878 1998 937 2065; x_wconf 79' lang='lat' dir='ltr'>ius3</span> <span class='ocrx_word' id='word_1_180' title='bbox 993 2001 1076 2053; x_wconf 86' lang='lat' dir='ltr'>etiam</span> <span class='ocrx_word' id='word_1_181' title='bbox 1088 2000 1193 2053; x_wconf 61' lang='lat' dir='ltr'>iterium</span> <span class='ocrx_word' id='word_1_182' title='bbox 1204 2014 1264 2054; x_wconf 89' lang='lat' dir='ltr'>cum</span> <span class='ocrx_word' id='word_1_183' title='bbox 1282 2004 1380 2069; x_wconf 84' lang='lat' dir='ltr'>aperta</span> <span class='ocrx_word' id='word_1_184' title='bbox 1391 2003 1417 2053; x_wconf 89' lang='lat' dir='ltr'>et</span> <span class='ocrx_word' id='word_1_185' title='bbox 1433 2001 1584 2055; x_wconf 80' lang='lat' dir='ltr'>veremudo</span> <span class='ocrx_word' id='word_1_186' title='bbox 1597 2003 1763 2070; x_wconf 70' lang='lat' dir='ltr'>maternam</span> <span class='ocrx_word' id='word_1_187' title='bbox 1774 2019 1794 2055; x_wconf 89' lang='lat' dir='ltr'>a</span> 
     </span>
     <span class='ocr_line' id='line_1_19' title="bbox 135 2069 1792 2145; baseline 0.002 -20"><span class='ocrx_word' id='word_1_188' title='bbox 135 2071 211 2127; x_wconf 90' lang='lat' dir='ltr'>baud</span> <span class='ocrx_word' id='word_1_189' title='bbox 232 2071 348 2128; x_wconf 85' lang='lat' dir='ltr'>obscure</span> <span class='ocrx_word' id='word_1_190' title='bbox 368 2072 502 2145; x_wconf 84' lang='lat' dir='ltr'>signifieat</span> <span class='ocrx_word' id='word_1_191' title='bbox 514 2080 658 2143; x_wconf 81' lang='lat' dir='ltr'>peecatum</span> <span class='ocrx_word' id='word_1_192' title='bbox 675 2084 735 2127; x_wconf 85' lang='lat' dir='ltr'>esse</span> <span class='ocrx_word' id='word_1_193' title='bbox 753 2069 836 2127; x_wconf 85' lang='lat' dir='ltr'>morti</span> <span class='ocrx_word' id='word_1_194' title='bbox 848 2084 938 2125; x_wconf 89' lang='lat' dir='ltr'>erum.</span> <span class='ocrx_word' id='word_1_195' title='bbox 993 2072 1182 2140; x_wconf 79' lang='lat' dir='ltr'>Deoquoerere.</span> <span class='ocrx_word' id='word_1_196' title='bbox 1196 2072 1292 2141; x_wconf 89' lang='lat' dir='ltr'>ltaque</span> <span class='ocrx_word' id='word_1_197' title='bbox 1302 2071 1369 2125; x_wconf 79' lang='lat' dir='ltr'>ciram</span> <span class='ocrx_word' id='word_1_198' title='bbox 1377 2072 1470 2125; x_wconf 88' lang='lat' dir='ltr'>omnia</span> <span class='ocrx_word' id='word_1_199' title='bbox 1483 2075 1686 2141; x_wconf 78' lang='lat' dir='ltr'>quomemoria</span> <span class='ocrx_word' id='word_1_200' title='bbox 1699 2088 1792 2129; x_wconf 83' lang='lat' dir='ltr'>oecur-</span> 
     </span>
     <span class='ocr_line' id='line_1_20' title="bbox 135 2141 1791 2216; baseline 0.001 -17"><span class='ocrx_word' id='word_1_201' title='bbox 135 2143 191 2199; x_wconf 86' lang='lat' dir='ltr'>Sed</span> <span class='ocrx_word' id='word_1_202' title='bbox 212 2142 301 2214; x_wconf 91' lang='lat' dir='ltr'>ipsum</span> <span class='ocrx_word' id='word_1_203' title='bbox 324 2146 381 2200; x_wconf 90' lang='lat' dir='ltr'>suis</span> <span class='ocrx_word' id='word_1_204' title='bbox 399 2143 488 2200; x_wconf 82' lang='lat' dir='ltr'>verbis</span> <span class='ocrx_word' id='word_1_205' title='bbox 506 2150 617 2216; x_wconf 80' lang='lat' dir='ltr'>praestat</span> <span class='ocrx_word' id='word_1_206' title='bbox 638 2141 735 2199; x_wconf 88' lang='lat' dir='ltr'>audire</span> <span class='ocrx_word' id='word_1_207' title='bbox 757 2141 939 2212; x_wconf 89' lang='lat' dir='ltr'>loquentem:</span> <span class='ocrx_word' id='word_1_208' title='bbox 994 2142 1379 2213; x_wconf 72' lang='lat' dir='ltr'>runtpeccatat&#39;ltristittdetes</span> <span class='ocrx_word' id='word_1_209' title='bbox 1390 2143 1791 2215; x_wconf 64' lang='lat' dir='ltr'>nemetentdempreeutdu-</span> 
     </span>
     <span class='ocr_line' id='line_1_21' title="bbox 134 2210 1789 2285; baseline 0.002 -18"><span class='ocrx_word' id='word_1_210' title='bbox 134 2214 304 2269; x_wconf 84' lang='lat' dir='ltr'>Pondemsus</span> <span class='ocrx_word' id='word_1_211' title='bbox 319 2218 368 2283; x_wconf 82' lang='lat' dir='ltr'>cst,</span> <span class='ocrx_word' id='word_1_212' title='bbox 385 2214 486 2285; x_wconf 85' lang='lat' dir='ltr'>iuquit,</span> <span class='ocrx_word' id='word_1_213' title='bbox 500 2217 550 2285; x_wconf 90' lang='lat' dir='ltr'>qui</span> <span class='ocrx_word' id='word_1_214' title='bbox 563 2214 759 2285; x_wconf 79' lang='lat' dir='ltr'>turpitudinem</span> <span class='ocrx_word' id='word_1_215' title='bbox 772 2227 825 2265; x_wconf 90' lang='lat' dir='ltr'>non</span> <span class='ocrx_word' id='word_1_216' title='bbox 834 2216 939 2265; x_wconf 82' lang='lat' dir='ltr'>enarret</span> <span class='ocrx_word' id='word_1_217' title='bbox 994 2210 1038 2265; x_wconf 84' lang='lat' dir='ltr'>bio</span> <span class='ocrx_word' id='word_1_218' title='bbox 1049 2214 1139 2267; x_wconf 78' lang='lat' dir='ltr'>omnia</span> <span class='ocrx_word' id='word_1_219' title='bbox 1150 2212 1249 2267; x_wconf 80' lang='lat' dir='ltr'>diuina</span> <span class='ocrx_word' id='word_1_220' title='bbox 1260 2212 1626 2281; x_wconf 68' lang='lat' dir='ltr'>mnencmditccgnoseeuda</span> <span class='ocrx_word' id='word_1_221' title='bbox 1637 2220 1789 2285; x_wconf 79' lang='lat' dir='ltr'>caponum:</span> 
     </span>
     <span class='ocr_line' id='line_1_22' title="bbox 133 2283 1791 2410; baseline 0.001 -70"><span class='ocrx_word' id='word_1_222' title='bbox 133 2298 223 2410; x_wconf 52' lang='lat' dir='ltr'>me,</span> <span class='ocrx_word' id='word_1_223' title='bbox 241 2286 289 2340; x_wconf 84' lang='lat' dir='ltr'>sed</span> <span class='ocrx_word' id='word_1_224' title='bbox 303 2288 437 2341; x_wconf 86' lang='lat' dir='ltr'>tamenab</span> <span class='ocrx_word' id='word_1_225' title='bbox 451 2287 499 2340; x_wconf 82' lang='lat' dir='ltr'>liae</span> <span class='ocrx_word' id='word_1_226' title='bbox 512 2287 673 2353; x_wconf 76' lang='lat' dir='ltr'>cogitatione</span> <span class='ocrx_word' id='word_1_227' title='bbox 685 2284 798 2338; x_wconf 76' lang='lat' dir='ltr'>quidun</span> <span class='ocrx_word' id='word_1_228' title='bbox 811 2284 869 2337; x_wconf 73' lang='lat' dir='ltr'>nnc</span> <span class='ocrx_word' id='word_1_229' title='bbox 879 2296 939 2335; x_wconf 88' lang='lat' dir='ltr'>mo·</span> <span class='ocrx_word' id='word_1_230' title='bbox 992 2284 1042 2351; x_wconf 90' lang='lat' dir='ltr'>qni</span> <span class='ocrx_word' id='word_1_231' title='bbox 1051 2298 1116 2339; x_wconf 88' lang='lat' dir='ltr'>nero</span> <span class='ocrx_word' id='word_1_232' title='bbox 1125 2298 1199 2339; x_wconf 73' lang='lat' dir='ltr'>mnas</span> <span class='ocrx_word' id='word_1_233' title='bbox 1209 2285 1318 2352; x_wconf 70' lang='lat' dir='ltr'>temnant</span> <span class='ocrx_word' id='word_1_234' title='bbox 1327 2283 1474 2339; x_wconf 73' lang='lat' dir='ltr'>aranea</span> <span class='ocrx_word' id='word_1_235' title='bbox 1481 2285 1576 2353; x_wconf 88' lang='lat' dir='ltr'>aliqua</span> <span class='ocrx_word' id='word_1_236' title='bbox 1586 2286 1791 2353; x_wconf 84' lang='lat' dir='ltr'>retinent,ailtil</span> 
     </span>
     <span class='ocr_line' id='line_1_23' title="bbox 201 2352 1790 2428; baseline 0.001 -18"><span class='ocrx_word' id='word_1_237' title='bbox 201 2358 274 2411; x_wconf 87' lang='lat' dir='ltr'>mine</span> <span class='ocrx_word' id='word_1_238' title='bbox 282 2362 416 2425; x_wconf 76' lang='lat' dir='ltr'>gratabor</span> <span class='ocrx_word' id='word_1_239' title='bbox 428 2360 457 2411; x_wconf 89' lang='lat' dir='ltr'>in</span> <span class='ocrx_word' id='word_1_240' title='bbox 469 2362 572 2415; x_wconf 84' lang='lat' dir='ltr'>mente:</span> <span class='ocrx_word' id='word_1_241' title='bbox 587 2357 636 2425; x_wconf 88' lang='lat' dir='ltr'>qui</span> <span class='ocrx_word' id='word_1_242' title='bbox 645 2368 816 2425; x_wconf 83' lang='lat' dir='ltr'>neqrmqnnm</span> <span class='ocrx_word' id='word_1_243' title='bbox 828 2352 938 2421; x_wconf 75' lang='lat' dir='ltr'>quietem</span> <span class='ocrx_word' id='word_1_244' title='bbox 991 2354 1092 2409; x_wconf 80' lang='lat' dir='ltr'>dietrice</span> <span class='ocrx_word' id='word_1_245' title='bbox 1114 2355 1228 2411; x_wconf 89' lang='lat' dir='ltr'>bonitati</span> <span class='ocrx_word' id='word_1_246' title='bbox 1240 2372 1292 2427; x_wconf 87' lang='lat' dir='ltr'>per</span> <span class='ocrx_word' id='word_1_247' title='bbox 1304 2354 1467 2411; x_wconf 81' lang='lat' dir='ltr'>samrdotern</span> <span class='ocrx_word' id='word_1_248' title='bbox 1485 2357 1676 2412; x_wconf 64' lang='lat' dir='ltr'>contundam</span> <span class='ocrx_word' id='word_1_249' title='bbox 1689 2372 1790 2428; x_wconf 86' lang='lat' dir='ltr'>propo·</span> 
     </span>
     <span class='ocr_line' id='line_1_24' title="bbox 133 2425 1790 2498; baseline 0.002 -17"><span class='ocrx_word' id='word_1_250' title='bbox 133 2442 220 2496; x_wconf 78' lang='lat' dir='ltr'>utque</span> <span class='ocrx_word' id='word_1_251' title='bbox 229 2428 267 2482; x_wconf 86' lang='lat' dir='ltr'>ad</span> <span class='ocrx_word' id='word_1_252' title='bbox 277 2442 345 2498; x_wconf 81' lang='lat' dir='ltr'>opus</span> <span class='ocrx_word' id='word_1_253' title='bbox 353 2431 491 2496; x_wconf 74' lang='lat' dir='ltr'>nefarium</span> <span class='ocrx_word' id='word_1_254' title='bbox 500 2430 618 2498; x_wconf 83' lang='lat' dir='ltr'>rapitur,</span> <span class='ocrx_word' id='word_1_255' title='bbox 628 2426 676 2481; x_wconf 87' lang='lat' dir='ltr'>scd</span> <span class='ocrx_word' id='word_1_256' title='bbox 684 2426 741 2495; x_wconf 80' lang='lat' dir='ltr'>ejece</span> <span class='ocrx_word' id='word_1_257' title='bbox 747 2426 854 2479; x_wconf 84' lang='lat' dir='ltr'>animus</span> <span class='ocrx_word' id='word_1_258' title='bbox 863 2425 938 2479; x_wconf 85' lang='lat' dir='ltr'>colu·</span> <span class='ocrx_word' id='word_1_259' title='bbox 991 2430 1061 2480; x_wconf 87' lang='lat' dir='ltr'>nunt</span> <span class='ocrx_word' id='word_1_260' title='bbox 1074 2428 1119 2481; x_wconf 80' lang='lat' dir='ltr'>:si</span> <span class='ocrx_word' id='word_1_261' title='bbox 1131 2429 1203 2481; x_wconf 86' lang='lat' dir='ltr'>enim</span> <span class='ocrx_word' id='word_1_262' title='bbox 1213 2428 1352 2483; x_wconf 81' lang='lat' dir='ltr'>erubeseat</span> <span class='ocrx_word' id='word_1_263' title='bbox 1369 2428 1590 2495; x_wconf 72' lang='lat' dir='ltr'>agnouimus</span> <span class='ocrx_word' id='word_1_264' title='bbox 1601 2429 1703 2485; x_wconf 74' lang='lat' dir='ltr'>medico</span> <span class='ocrx_word' id='word_1_265' title='bbox 1717 2429 1790 2485; x_wconf 86' lang='lat' dir='ltr'>dete-</span> 
     </span>
     <span class='ocr_line' id='line_1_25' title="bbox 130 2494 1574 2569; baseline 0.001 -17"><span class='ocrx_word' id='word_1_266' title='bbox 130 2502 208 2568; x_wconf 88' lang='lat' dir='ltr'>ptate</span> <span class='ocrx_word' id='word_1_267' title='bbox 221 2498 340 2553; x_wconf 78' lang='lat' dir='ltr'>literaria</span> <span class='ocrx_word' id='word_1_268' title='bbox 348 2494 936 2569; x_wconf 78' lang='lat' dir='ltr'>sirteulloreprrrguatinnirobstanrlodeleeta·</span> <span class='ocrx_word' id='word_1_269' title='bbox 992 2512 1065 2567; x_wconf 88' lang='lat' dir='ltr'>gere,</span> <span class='ocrx_word' id='word_1_270' title='bbox 1079 2498 1152 2567; x_wconf 86' lang='lat' dir='ltr'>quod</span> <span class='ocrx_word' id='word_1_271' title='bbox 1162 2500 1270 2566; x_wconf 75' lang='lat' dir='ltr'>ignorm</span> <span class='ocrx_word' id='word_1_272' title='bbox 1279 2498 1474 2553; x_wconf 81' lang='lat' dir='ltr'>mediciuamn</span> <span class='ocrx_word' id='word_1_273' title='bbox 1487 2502 1574 2553; x_wconf 80' lang='lat' dir='ltr'>meat.</span> 
     </span>
     <span class='ocr_line' id='line_1_26' title="bbox 134 2566 1788 2640; baseline 0.002 -17"><span class='ocrx_word' id='word_1_274' title='bbox 134 2572 190 2623; x_wconf 84' lang='lat' dir='ltr'>mr.</span> <span class='ocrx_word' id='word_1_275' title='bbox 209 2570 381 2625; x_wconf 79' lang='lat' dir='ltr'>Pandaronus</span> <span class='ocrx_word' id='word_1_276' title='bbox 395 2586 456 2640; x_wconf 84' lang='lat' dir='ltr'>crgo</span> <span class='ocrx_word' id='word_1_277' title='bbox 475 2576 514 2626; x_wconf 81' lang='lat' dir='ltr'>est</span> <span class='ocrx_word' id='word_1_278' title='bbox 530 2572 579 2639; x_wconf 86' lang='lat' dir='ltr'>qui</span> <span class='ocrx_word' id='word_1_279' title='bbox 593 2570 655 2623; x_wconf 79' lang='lat' dir='ltr'>totis</span> <span class='ocrx_word' id='word_1_280' title='bbox 674 2566 881 2637; x_wconf 80' lang='lat' dir='ltr'>cogitationibus</span> <span class='ocrx_word' id='word_1_281' title='bbox 900 2568 937 2621; x_wconf 86' lang='lat' dir='ltr'>ad</span> <span class='ocrx_word' id='word_1_282' title='bbox 1026 2577 1040 2603; x_wconf 79' lang='lat'>⁸</span> <span class='ocrx_word' id='word_1_283' title='bbox 1060 2568 1202 2637; x_wconf 84' lang='lat' dir='ltr'>Quatenus</span> <span class='ocrx_word' id='word_1_284' title='bbox 1220 2568 1279 2625; x_wconf 83' lang='lat' dir='ltr'>baec</span> <span class='ocrx_word' id='word_1_285' title='bbox 1301 2576 1327 2623; x_wconf 86' lang='lat' dir='ltr'>et</span> <span class='ocrx_word' id='word_1_286' title='bbox 1343 2566 1396 2623; x_wconf 90' lang='lat' dir='ltr'>alia</span> <span class='ocrx_word' id='word_1_287' title='bbox 1422 2566 1466 2623; x_wconf 91' lang='lat' dir='ltr'>bis</span> <span class='ocrx_word' id='word_1_288' title='bbox 1483 2568 1583 2624; x_wconf 89' lang='lat' dir='ltr'>similia</span> <span class='ocrx_word' id='word_1_289' title='bbox 1602 2583 1664 2625; x_wconf 86' lang='lat' dir='ltr'>rere</span> <span class='ocrx_word' id='word_1_290' title='bbox 1683 2569 1740 2625; x_wconf 88' lang='lat' dir='ltr'>siut</span> <span class='ocrx_word' id='word_1_291' title='bbox 1758 2578 1788 2626; x_wconf 90' lang='lat' dir='ltr'>et</span> 
     </span>
     <span class='ocr_line' id='line_1_27' title="bbox 134 2636 1789 2713; baseline 0.002 -20"><span class='ocrx_word' id='word_1_292' title='bbox 134 2640 511 2713; x_wconf 78' lang='lat' dir='ltr'>lasnbiamdetlueuspondtn</span> <span class='ocrx_word' id='word_1_293' title='bbox 523 2637 935 2709; x_wconf 79' lang='lat' dir='ltr'>turpitudinirgeetctinaerde3</span> <span class='ocrx_word' id='word_1_294' title='bbox 990 2637 1132 2709; x_wconf 92' lang='lat' dir='ltr'>quomodo</span> <span class='ocrx_word' id='word_1_295' title='bbox 1155 2638 1342 2711; x_wconf 87' lang='lat' dir='ltr'>intelligenda,</span> <span class='ocrx_word' id='word_1_296' title='bbox 1362 2636 1423 2694; x_wconf 85' lang='lat' dir='ltr'>ride</span> <span class='ocrx_word' id='word_1_297' title='bbox 1445 2638 1608 2709; x_wconf 80' lang='lat' dir='ltr'>explicamm</span> <span class='ocrx_word' id='word_1_298' title='bbox 1630 2638 1667 2696; x_wconf 90' lang='lat' dir='ltr'>ad</span> <span class='ocrx_word' id='word_1_299' title='bbox 1687 2638 1735 2697; x_wconf 90' lang='lat' dir='ltr'>lib.</span> <span class='ocrx_word' id='word_1_300' title='bbox 1754 2655 1789 2697; x_wconf 84' lang='lat' dir='ltr'>rr</span> 
     </span>
     <span class='ocr_line' id='line_1_28' title="bbox 134 2710 1199 2783; baseline 0 -18"><span class='ocrx_word' id='word_1_301' title='bbox 134 2715 161 2765; x_wconf 91' lang='lat' dir='ltr'>et</span> <span class='ocrx_word' id='word_1_302' title='bbox 173 2714 295 2781; x_wconf 86' lang='lat' dir='ltr'>quamuis</span> <span class='ocrx_word' id='word_1_303' title='bbox 307 2728 397 2783; x_wconf 86' lang='lat' dir='ltr'>praua</span> <span class='ocrx_word' id='word_1_304' title='bbox 410 2729 464 2767; x_wconf 79' lang='lat' dir='ltr'>nori</span> <span class='ocrx_word' id='word_1_305' title='bbox 484 2716 604 2767; x_wconf 71' lang='lat' dir='ltr'>maneat</span> <span class='ocrx_word' id='word_1_306' title='bbox 617 2725 710 2781; x_wconf 74' lang='lat' dir='ltr'>egrere,</span> <span class='ocrx_word' id='word_1_307' title='bbox 726 2711 762 2764; x_wconf 91' lang='lat' dir='ltr'>ab</span> <span class='ocrx_word' id='word_1_308' title='bbox 781 2710 824 2763; x_wconf 84' lang='lat' dir='ltr'>bis</span> <span class='ocrx_word' id='word_1_309' title='bbox 847 2712 937 2764; x_wconf 86' lang='lat' dir='ltr'>tamen</span> <span class='ocrx_word' id='word_1_310' title='bbox 990 2712 1057 2765; x_wconf 90' lang='lat' dir='ltr'>luat.</span> <span class='ocrx_word' id='word_1_311' title='bbox 1071 2724 1131 2780; x_wconf 89' lang='lat' dir='ltr'>cap.</span> <span class='ocrx_word' id='word_1_312' title='bbox 1156 2716 1199 2765; x_wconf 85' lang='lat' dir='ltr'>to.</span> 
     </span>
     <span class='ocr_line' id='line_1_29' title="bbox 132 2772 1788 2855; baseline -0.001 -18"><span class='ocrx_word' id='word_1_313' title='bbox 132 2784 418 2840; x_wconf 86' lang='lat' dir='ltr'>noneretliturmcnte.</span> <span class='ocrx_word' id='word_1_314' title='bbox 433 2782 760 2855; x_wconf 72' lang='lat' dir='ltr'>Quisquisergoquolibet</span> <span class='ocrx_word' id='word_1_315' title='bbox 769 2780 936 2835; x_wconf 83' lang='lat' dir='ltr'>borumeitio</span> <span class='ocrx_word' id='word_1_316' title='bbox 1025 2772 1093 2837; x_wconf 75' lang='lat' dir='ltr'>blta</span> <span class='ocrx_word' id='word_1_317' title='bbox 1105 2780 1252 2837; x_wconf 83' lang='lat' dir='ltr'>Cassianus</span> <span class='ocrx_word' id='word_1_318' title='bbox 1262 2778 1310 2835; x_wconf 93' lang='lat' dir='ltr'>lib.</span> <span class='ocrx_word' id='word_1_319' title='bbox 1325 2793 1358 2837; x_wconf 88' lang='lat' dir='ltr'>vr</span> <span class='ocrx_word' id='word_1_320' title='bbox 1373 2793 1433 2850; x_wconf 59' lang='lat' dir='ltr'>cap,</span> <span class='ocrx_word' id='word_1_321' title='bbox 1451 2784 1504 2835; x_wconf 84' lang='lat' dir='ltr'>lo:</span> <span class='ocrx_word' id='word_1_322' title='bbox 1523 2782 1662 2849; x_wconf 70' lang='lat' dir='ltr'>Perfecta,</span> <span class='ocrx_word' id='word_1_323' title='bbox 1673 2779 1721 2847; x_wconf 90' lang='lat' dir='ltr'>ait,</span> <span class='ocrx_word' id='word_1_324' title='bbox 1731 2797 1788 2853; x_wconf 88' lang='lat' dir='ltr'>pu-</span> 
     </span>
     <span class='ocr_line' id='line_1_30' title="bbox 132 2851 1789 2923; baseline 0 -16"><span class='ocrx_word' id='word_1_325' title='bbox 132 2854 282 2922; x_wconf 83' lang='lat' dir='ltr'>subigitur,</span> <span class='ocrx_word' id='word_1_326' title='bbox 290 2869 374 2923; x_wconf 87' lang='lat' dir='ltr'>panes</span> <span class='ocrx_word' id='word_1_327' title='bbox 384 2856 495 2911; x_wconf 85' lang='lat' dir='ltr'>Domino</span> <span class='ocrx_word' id='word_1_328' title='bbox 504 2852 933 2923; x_wconf 70' lang='lat' dir='ltr'>offerepmliibetnrtnecprose·</span> <span class='ocrx_word' id='word_1_329' title='bbox 989 2852 1082 2905; x_wconf 80' lang='lat' dir='ltr'>sitatis</span> <span class='ocrx_word' id='word_1_330' title='bbox 1097 2852 1144 2905; x_wconf 84' lang='lat' dir='ltr'>boc</span> <span class='ocrx_word' id='word_1_331' title='bbox 1157 2853 1211 2905; x_wconf 86' lang='lat' dir='ltr'>erit</span> <span class='ocrx_word' id='word_1_332' title='bbox 1223 2851 1328 2907; x_wconf 72' lang='lat' dir='ltr'>mulares</span> <span class='ocrx_word' id='word_1_333' title='bbox 1344 2851 1609 2923; x_wconf 78' lang='lat' dir='ltr'>indicumceptena</span> <span class='ocrx_word' id='word_1_334' title='bbox 1674 2852 1789 2915; x_wconf 62' lang='lat' dir='ltr'>dationi</span> 
     </span>
     <span class='ocr_line' id='line_1_31' title="bbox 131 2922 1788 2993; baseline 0.001 -16"><span class='ocrx_word' id='word_1_335' title='bbox 131 2930 175 2978; x_wconf 89' lang='lat' dir='ltr'>eto</span> <span class='ocrx_word' id='word_1_336' title='bbox 187 2925 279 2977; x_wconf 89' lang='lat' dir='ltr'>aliena</span> <span class='ocrx_word' id='word_1_337' title='bbox 289 2925 392 2979; x_wconf 80' lang='lat' dir='ltr'>dilrrm</span> <span class='ocrx_word' id='word_1_338' title='bbox 406 2925 445 2992; x_wconf 89' lang='lat' dir='ltr'>(id</span> <span class='ocrx_word' id='word_1_339' title='bbox 454 2934 507 2991; x_wconf 86' lang='lat' dir='ltr'>est,</span> <span class='ocrx_word' id='word_1_340' title='bbox 519 2939 614 2979; x_wconf 87' lang='lat' dir='ltr'>eomm</span> <span class='ocrx_word' id='word_1_341' title='bbox 627 2924 734 2979; x_wconf 86' lang='lat' dir='ltr'>veniam</span> <span class='ocrx_word' id='word_1_342' title='bbox 745 2923 831 2977; x_wconf 89' lang='lat' dir='ltr'>aDeo</span> <span class='ocrx_word' id='word_1_343' title='bbox 844 2922 933 2993; x_wconf 88' lang='lat' dir='ltr'>impe·</span> <span class='ocrx_word' id='word_1_344' title='bbox 986 2922 1028 2977; x_wconf 84' lang='lat' dir='ltr'>ret</span> <span class='ocrx_word' id='word_1_345' title='bbox 1041 2923 1120 2977; x_wconf 87' lang='lat' dir='ltr'>nulla</span> <span class='ocrx_word' id='word_1_346' title='bbox 1135 2924 1226 2989; x_wconf 87' lang='lat' dir='ltr'>image</span> <span class='ocrx_word' id='word_1_347' title='bbox 1239 2922 1353 2976; x_wconf 77' lang='lat' dir='ltr'>illiciente</span> <span class='ocrx_word' id='word_1_348' title='bbox 1372 2924 1567 2992; x_wconf 73' lang='lat' dir='ltr'>quiescentibus</span> <span class='ocrx_word' id='word_1_349' title='bbox 1580 2940 1614 2979; x_wconf 92' lang='lat' dir='ltr'>no</span> <span class='ocrx_word' id='word_1_350' title='bbox 1638 2925 1644 2936; x_wconf 90' lang='lat'>&#39;</span> <span class='ocrx_word' id='word_1_351' title='bbox 1669 2927 1697 2979; x_wconf 88' lang='lat' dir='ltr'>et</span> <span class='ocrx_word' id='word_1_352' title='bbox 1707 2928 1788 2979; x_wconf 87' lang='lat' dir='ltr'>inae·</span> 
     </span>
     <span class='ocr_line' id='line_1_32' title="bbox 133 2992 1787 3065; baseline 0.002 -18"><span class='ocrx_word' id='word_1_353' title='bbox 133 2999 337 3063; x_wconf 88' lang='lat' dir='ltr'>trare)peccata</span> <span class='ocrx_word' id='word_1_354' title='bbox 348 2995 420 3048; x_wconf 85' lang='lat' dir='ltr'>calet</span> <span class='ocrx_word' id='word_1_355' title='bbox 434 2997 458 3048; x_wconf 88' lang='lat' dir='ltr'>ie</span> <span class='ocrx_word' id='word_1_356' title='bbox 471 3010 551 3063; x_wconf 88' lang='lat' dir='ltr'>quem</span> <span class='ocrx_word' id='word_1_357' title='bbox 560 2996 649 3049; x_wconf 85' lang='lat' dir='ltr'>adbuc</span> <span class='ocrx_word' id='word_1_358' title='bbox 660 2996 772 3065; x_wconf 84' lang='lat' dir='ltr'>propria</span> <span class='ocrx_word' id='word_1_359' title='bbox 781 2992 931 3049; x_wconf 79' lang='lat' dir='ltr'>decurtant.</span> <span class='ocrx_word' id='word_1_360' title='bbox 984 3008 1078 3064; x_wconf 79' lang='lat' dir='ltr'>persen</span> <span class='ocrx_word' id='word_1_361' title='bbox 1096 2993 1201 3047; x_wconf 78' lang='lat' dir='ltr'>lanatis</span> <span class='ocrx_word' id='word_1_362' title='bbox 1213 2997 1350 3056; x_wconf 79' lang='lat' dir='ltr'>manerat,</span> <span class='ocrx_word' id='word_1_363' title='bbox 1364 2993 1407 3048; x_wconf 86' lang='lat' dir='ltr'>uel</span> <span class='ocrx_word' id='word_1_364' title='bbox 1424 2996 1493 3049; x_wconf 85' lang='lat' dir='ltr'>certe</span> <span class='ocrx_word' id='word_1_365' title='bbox 1510 2996 1551 3049; x_wconf 90' lang='lat' dir='ltr'>int</span> <span class='ocrx_word' id='word_1_366' title='bbox 1614 2995 1685 3049; x_wconf 86' lang='lat' dir='ltr'>lions</span> <span class='ocrx_word' id='word_1_367' title='bbox 1698 2995 1787 3050; x_wconf 74' lang='lat' dir='ltr'>nudos</span> 
     </span>
     <span class='ocr_line' id='line_1_33' title="bbox 134 3064 1788 3137; baseline 0.002 -19"><span class='ocrx_word' id='word_1_368' title='bbox 134 3064 933 3137; x_wconf 66' lang='lat' dir='ltr'>llaeb.(tregorius.tlucetiamspectatitlantliercny-</span> <span class='ocrx_word' id='word_1_369' title='bbox 987 3066 1206 3135; x_wconf 71' lang='lat' dir='ltr'>concupiscentits</span> <span class='ocrx_word' id='word_1_370' title='bbox 1219 3064 1406 3119; x_wconf 88' lang='lat' dir='ltr'>motnsealeat</span> <span class='ocrx_word' id='word_1_371' title='bbox 1421 3066 1549 3120; x_wconf 69' lang='lat' dir='ltr'>cedmae.</span> <span class='ocrx_word' id='word_1_372' title='bbox 1586 3067 1638 3120; x_wconf 89' lang='lat' dir='ltr'>ieet</span> <span class='ocrx_word' id='word_1_373' title='bbox 1660 3066 1732 3121; x_wconf 87' lang='lat' dir='ltr'>enim</span> <span class='ocrx_word' id='word_1_374' title='bbox 1748 3067 1788 3121; x_wconf 81' lang='lat' dir='ltr'>aa</span> 
     </span>
     <span class='ocr_line' id='line_1_34' title="bbox 133 3121 1786 3207; baseline 0.001 -18"><span class='ocrx_word' id='word_1_375' title='bbox 133 3134 172 3189; x_wconf 93' lang='lat' dir='ltr'>mi</span> <span class='ocrx_word' id='word_1_376' title='bbox 183 3134 272 3205; x_wconf 65' lang='lat' dir='ltr'>marm</span> <span class='ocrx_word' id='word_1_377' title='bbox 284 3142 311 3189; x_wconf 88' lang='lat' dir='ltr'>et</span> <span class='ocrx_word' id='word_1_378' title='bbox 318 3142 396 3190; x_wconf 89' lang='lat' dir='ltr'>acuta</span> <span class='ocrx_word' id='word_1_379' title='bbox 407 3132 549 3189; x_wconf 88' lang='lat' dir='ltr'>sententia:</span> <span class='ocrx_word' id='word_1_380' title='bbox 558 3136 632 3189; x_wconf 84' lang='lat' dir='ltr'>Perit</span> <span class='ocrx_word' id='word_1_381' title='bbox 643 3140 668 3189; x_wconf 89' lang='lat' dir='ltr'>et</span> <span class='ocrx_word' id='word_1_382' title='bbox 677 3138 765 3189; x_wconf 80' lang='lat' dir='ltr'>merite</span> <span class='ocrx_word' id='word_1_383' title='bbox 772 3136 931 3201; x_wconf 66' lang='lat' dir='ltr'>turginitcsr</span> <span class='ocrx_word' id='word_1_384' title='bbox 946 3121 970 3185; x_wconf 89' lang='lat' dir='ltr'>C</span> <span class='ocrx_word' id='word_1_385' title='bbox 985 3134 1092 3205; x_wconf 86' lang='lat' dir='ltr'>plenam</span> <span class='ocrx_word' id='word_1_386' title='bbox 1102 3137 1207 3205; x_wconf 86' lang='lat' dir='ltr'>peceati</span> <span class='ocrx_word' id='word_1_387' title='bbox 1218 3150 1317 3189; x_wconf 81' lang='lat' dir='ltr'>nonam</span> <span class='ocrx_word' id='word_1_388' title='bbox 1332 3136 1395 3190; x_wconf 72' lang='lat' dir='ltr'>tales</span> <span class='ocrx_word' id='word_1_389' title='bbox 1409 3138 1546 3190; x_wconf 83' lang='lat' dir='ltr'>commotio</span> <span class='ocrx_word' id='word_1_390' title='bbox 1556 3137 1665 3191; x_wconf 88' lang='lat' dir='ltr'>minime</span> <span class='ocrx_word' id='word_1_391' title='bbox 1679 3140 1786 3207; x_wconf 84' lang='lat' dir='ltr'>repnte·</span> 
     </span>
     <span class='ocr_line' id='line_1_35' title="bbox 130 3204 1786 3277; baseline 0.001 -16"><span class='ocrx_word' id='word_1_392' title='bbox 130 3214 161 3261; x_wconf 89' lang='lat' dir='ltr'>et</span> <span class='ocrx_word' id='word_1_393' title='bbox 173 3205 236 3260; x_wconf 84' lang='lat' dir='ltr'>alibi</span> <span class='ocrx_word' id='word_1_394' title='bbox 252 3206 347 3276; x_wconf 79' lang='lat' dir='ltr'>(Epist.</span> <span class='ocrx_word' id='word_1_395' title='bbox 354 3213 381 3271; x_wconf 85' lang='grc'>4)</span> <span class='ocrx_word' id='word_1_396' title='bbox 395 3204 478 3261; x_wconf 89' lang='lat' dir='ltr'>docet</span> <span class='ocrx_word' id='word_1_397' title='bbox 487 3205 639 3259; x_wconf 88' lang='lat' dir='ltr'>monachos</span> <span class='ocrx_word' id='word_1_398' title='bbox 650 3204 792 3276; x_wconf 71' lang='lat' dir='ltr'>aigyptios</span> <span class='ocrx_word' id='word_1_399' title='bbox 805 3204 933 3275; x_wconf 89' lang='lat' dir='ltr'>operibus</span> <span class='ocrx_word' id='word_1_400' title='bbox 986 3210 1042 3268; x_wconf 90' lang='lat' dir='ltr'>tur,</span> <span class='ocrx_word' id='word_1_401' title='bbox 1060 3210 1150 3261; x_wconf 81' lang='lat' dir='ltr'>maren</span> <span class='ocrx_word' id='word_1_402' title='bbox 1163 3207 1276 3260; x_wconf 81' lang='lat' dir='ltr'>medum</span> <span class='ocrx_word' id='word_1_403' title='bbox 1288 3208 1413 3277; x_wconf 71' lang='lat' dir='ltr'>perfecta</span> <span class='ocrx_word' id='word_1_404' title='bbox 1423 3209 1519 3261; x_wconf 81' lang='lat' dir='ltr'>mertis</span> <span class='ocrx_word' id='word_1_405' title='bbox 1531 3208 1666 3263; x_wconf 86' lang='lat' dir='ltr'>indicium</span> <span class='ocrx_word' id='word_1_406' title='bbox 1678 3210 1727 3269; x_wconf 87' lang='lat' dir='ltr'>est,</span> <span class='ocrx_word' id='word_1_407' title='bbox 1739 3223 1786 3263; x_wconf 87' lang='lat' dir='ltr'>nec</span> 
     </span>
     <span class='ocr_line' id='line_1_36' title="bbox 132 3272 1786 3348; baseline 0.001 -15"><span class='ocrx_word' id='word_1_408' title='bbox 132 3292 267 3333; x_wconf 87' lang='lat' dir='ltr'>manuum</span> <span class='ocrx_word' id='word_1_409' title='bbox 277 3285 419 3348; x_wconf 87' lang='lat' dir='ltr'>tantopere</span> <span class='ocrx_word' id='word_1_410' title='bbox 430 3275 579 3344; x_wconf 85' lang='lat' dir='ltr'>insudasse,</span> <span class='ocrx_word' id='word_1_411' title='bbox 589 3290 646 3331; x_wconf 91' lang='lat' dir='ltr'>non</span> <span class='ocrx_word' id='word_1_412' title='bbox 655 3282 712 3331; x_wconf 92' lang='lat' dir='ltr'>tam</span> <span class='ocrx_word' id='word_1_413' title='bbox 723 3281 834 3345; x_wconf 91' lang='lat' dir='ltr'>propter</span> <span class='ocrx_word' id='word_1_414' title='bbox 846 3272 933 3330; x_wconf 89' lang='lat' dir='ltr'>victus</span> <span class='ocrx_word' id='word_1_415' title='bbox 984 3276 1022 3330; x_wconf 86' lang='lat' dir='ltr'>ad</span> <span class='ocrx_word' id='word_1_416' title='bbox 1033 3292 1136 3346; x_wconf 82' lang='lat' dir='ltr'>punam</span> <span class='ocrx_word' id='word_1_417' title='bbox 1149 3279 1249 3331; x_wconf 82' lang='lat' dir='ltr'>eaeoeti</span> <span class='ocrx_word' id='word_1_418' title='bbox 1262 3279 1325 3331; x_wconf 85' lang='lat' dir='ltr'>citii</span> <span class='ocrx_word' id='word_1_419' title='bbox 1334 3278 1530 3344; x_wconf 72' lang='lat' dir='ltr'>manifestatio,</span> <span class='ocrx_word' id='word_1_420' title='bbox 1545 3293 1604 3333; x_wconf 85' lang='lat' dir='ltr'>enm</span> <span class='ocrx_word' id='word_1_421' title='bbox 1614 3294 1666 3348; x_wconf 86' lang='lat' dir='ltr'>per</span> <span class='ocrx_word' id='word_1_422' title='bbox 1673 3278 1786 3345; x_wconf 69' lang='lat' dir='ltr'>[micres</span> 
     </span>
     <span class='ocr_line' id='line_1_37' title="bbox 132 3346 1784 3420; baseline 0.001 -17"><span class='ocrx_word' id='word_1_423' title='bbox 132 3348 336 3413; x_wconf 88' lang='lat' dir='ltr'>necessitatem,</span> <span class='ocrx_word' id='word_1_424' title='bbox 347 3346 652 3420; x_wconf 83' lang='lat' dir='ltr'>quampropterauimtn</span> <span class='ocrx_word' id='word_1_425' title='bbox 661 3346 933 3413; x_wconf 74' lang='lat' dir='ltr'>salutem3nernens,</span> <span class='ocrx_word' id='word_1_426' title='bbox 985 3348 1115 3415; x_wconf 76' lang='lat' dir='ltr'>imagines</span> <span class='ocrx_word' id='word_1_427' title='bbox 1129 3346 1287 3415; x_wconf 76' lang='lat' dir='ltr'>trijurmodi</span> <span class='ocrx_word' id='word_1_428' title='bbox 1306 3350 1436 3417; x_wconf 69' lang='lat' dir='ltr'>meatur</span> <span class='ocrx_word' id='word_1_429' title='bbox 1447 3348 1547 3403; x_wconf 82' lang='lat' dir='ltr'>illusio.</span> <span class='ocrx_word' id='word_1_430' title='bbox 1565 3348 1601 3402; x_wconf 82' lang='lat' dir='ltr'>Et</span> <span class='ocrx_word' id='word_1_431' title='bbox 1612 3362 1708 3403; x_wconf 91' lang='lat' dir='ltr'>rursus</span> <span class='ocrx_word' id='word_1_432' title='bbox 1723 3364 1754 3404; x_wconf 86' lang='lat' dir='ltr'>ca</span> <span class='ocrx_word' id='word_1_433' title='bbox 1776 3393 1784 3405; x_wconf 94' lang='lat'>.</span> 
     </span>
     <span class='ocr_line' id='line_1_38' title="bbox 132 3415 1787 3489; baseline 0 -16"><span class='ocrx_word' id='word_1_434' title='bbox 132 3416 180 3484; x_wconf 87' lang='lat' dir='ltr'>ait,</span> <span class='ocrx_word' id='word_1_435' title='bbox 189 3420 347 3489; x_wconf 79' lang='lat' dir='ltr'>perniciosis</span> <span class='ocrx_word' id='word_1_436' title='bbox 361 3418 568 3488; x_wconf 70' lang='lat' dir='ltr'>cogitationibus</span> <span class='ocrx_word' id='word_1_437' title='bbox 575 3422 732 3485; x_wconf 84' lang='lat' dir='ltr'>angeretur.</span> <span class='ocrx_word' id='word_1_438' title='bbox 741 3416 803 3471; x_wconf 89' lang='lat' dir='ltr'>lluc</span> <span class='ocrx_word' id='word_1_439' title='bbox 817 3415 934 3485; x_wconf 85' lang='lat' dir='ltr'>pertinet</span> <span class='ocrx_word' id='word_1_440' title='bbox 988 3422 1022 3471; x_wconf 75' lang='lat'>22</span> <span class='ocrx_word' id='word_1_441' title='bbox 1035 3436 1043 3471; x_wconf 74' lang='grc' dir='ltr'><strong><em>ε</em></strong></span> <span class='ocrx_word' id='word_1_442' title='bbox 1056 3420 1130 3473; x_wconf 76' lang='lat' dir='ltr'>blau</span> <span class='ocrx_word' id='word_1_443' title='bbox 1143 3416 1210 3471; x_wconf 76' lang='lat' dir='ltr'>eitam</span> <span class='ocrx_word' id='word_1_444' title='bbox 1220 3418 1309 3472; x_wconf 82' lang='lat' dir='ltr'>adbuc</span> <span class='ocrx_word' id='word_1_445' title='bbox 1321 3418 1456 3472; x_wconf 64' lang='lat' dir='ltr'>doemunt</span> <span class='ocrx_word' id='word_1_446' title='bbox 1467 3419 1617 3487; x_wconf 75' lang='lat' dir='ltr'>imaginum</span> <span class='ocrx_word' id='word_1_447' title='bbox 1630 3420 1732 3473; x_wconf 83' lang='lat' dir='ltr'>cisione</span> <span class='ocrx_word' id='word_1_448' title='bbox 1763 3435 1787 3473; x_wconf 83' lang='lat' dir='ltr'>c</span> 
     </span>
     <span class='ocr_line' id='line_1_39' title="bbox 135 3486 1784 3571; baseline 0.002 -27"><span class='ocrx_word' id='word_1_449' title='bbox 135 3488 184 3545; x_wconf 91' lang='lat' dir='ltr'>illa</span> <span class='ocrx_word' id='word_1_450' title='bbox 195 3490 308 3545; x_wconf 85' lang='lat' dir='ltr'>loannis</span> <span class='ocrx_word' id='word_1_451' title='bbox 322 3489 435 3545; x_wconf 85' lang='lat' dir='ltr'>climaci</span> <span class='ocrx_word' id='word_1_452' title='bbox 449 3489 506 3561; x_wconf 78' lang='lat' dir='ltr'>(uli</span> <span class='ocrx_word' id='word_1_453' title='bbox 521 3493 617 3571; x_wconf 74' lang='lat' dir='ltr'>supra)</span> <span class='ocrx_word' id='word_1_454' title='bbox 628 3486 790 3544; x_wconf 84' lang='lat' dir='ltr'>distinction</span> <span class='ocrx_word' id='word_1_455' title='bbox 804 3486 933 3542; x_wconf 89' lang='lat' dir='ltr'>Patribus</span> <span class='ocrx_word' id='word_1_456' title='bbox 987 3487 1102 3556; x_wconf 86' lang='lat' dir='ltr'>luditur,</span> <span class='ocrx_word' id='word_1_457' title='bbox 1117 3490 1220 3543; x_wconf 79' lang='lat' dir='ltr'>nocmit</span> <span class='ocrx_word' id='word_1_458' title='bbox 1232 3503 1260 3543; x_wconf 86' lang='lat' dir='ltr'>se</span> <span class='ocrx_word' id='word_1_459' title='bbox 1270 3489 1384 3543; x_wconf 85' lang='lat' dir='ltr'>necdum</span> <span class='ocrx_word' id='word_1_460' title='bbox 1393 3489 1430 3544; x_wconf 89' lang='lat' dir='ltr'>ad</span> <span class='ocrx_word' id='word_1_461' title='bbox 1443 3490 1579 3559; x_wconf 87' lang='lat' dir='ltr'>integram</span> <span class='ocrx_word' id='word_1_462' title='bbox 1591 3490 1784 3561; x_wconf 74' lang='lat' dir='ltr'>perfemicnem</span> 
     </span>
     <span class='ocr_line' id='line_1_40' title="bbox 131 3559 1280 3631; baseline -0.003 -14"><span class='ocrx_word' id='word_1_463' title='bbox 131 3568 241 3631; x_wconf 84' lang='lat' dir='ltr'>accepta</span> <span class='ocrx_word' id='word_1_464' title='bbox 257 3578 264 3615; x_wconf 82' lang='lat' dir='ltr'>r</span> <span class='ocrx_word' id='word_1_465' title='bbox 281 3563 403 3631; x_wconf 76' lang='lat' dir='ltr'>Plerique</span> <span class='ocrx_word' id='word_1_466' title='bbox 414 3564 538 3623; x_wconf 82' lang='lat' dir='ltr'>Petrum,</span> <span class='ocrx_word' id='word_1_467' title='bbox 548 3559 647 3629; x_wconf 80' lang='lat' dir='ltr'>inquit,</span> <span class='ocrx_word' id='word_1_468' title='bbox 659 3559 932 3627; x_wconf 84' lang='lat' dir='ltr'>discretionisgrntin</span> <span class='ocrx_word' id='word_1_469' title='bbox 987 3560 1122 3614; x_wconf 77' lang='lat' dir='ltr'>castitatis</span> <span class='ocrx_word' id='word_1_470' title='bbox 1135 3564 1280 3615; x_wconf 76' lang='lat' dir='ltr'>recoctam.</span> 
     </span>
     <span class='ocr_line' id='line_1_41' title="bbox 132 3629 1781 3703; baseline 0 -17"><span class='ocrx_word' id='word_1_471' title='bbox 132 3634 249 3686; x_wconf 78' lang='lat' dir='ltr'>manime</span> <span class='ocrx_word' id='word_1_472' title='bbox 264 3635 395 3701; x_wconf 84' lang='lat' dir='ltr'>irtsignes,</span> <span class='ocrx_word' id='word_1_473' title='bbox 408 3632 486 3686; x_wconf 88' lang='lat' dir='ltr'>alind</span> <span class='ocrx_word' id='word_1_474' title='bbox 504 3632 638 3701; x_wconf 79' lang='lat' dir='ltr'>definiunt</span> <span class='ocrx_word' id='word_1_475' title='bbox 649 3632 770 3700; x_wconf 85' lang='lat' dir='ltr'>primum</span> <span class='ocrx_word' id='word_1_476' title='bbox 783 3631 930 3699; x_wconf 85' lang='lat' dir='ltr'>impetum,</span> <span class='ocrx_word' id='word_1_477' title='bbox 1021 3632 1033 3693; x_wconf 59' lang='lat'>5</span> <span class='ocrx_word' id='word_1_478' title='bbox 1045 3633 1082 3685; x_wconf 92' lang='lat' dir='ltr'>D.</span> <span class='ocrx_word' id='word_1_479' title='bbox 1096 3630 1216 3686; x_wconf 83' lang='lat' dir='ltr'>Basilius</span> <span class='ocrx_word' id='word_1_480' title='bbox 1228 3630 1276 3687; x_wconf 90' lang='lat' dir='ltr'>lib.</span> <span class='ocrx_word' id='word_1_481' title='bbox 1291 3629 1325 3686; x_wconf 88' lang='lat' dir='ltr'>de</span> <span class='ocrx_word' id='word_1_482' title='bbox 1338 3630 1476 3688; x_wconf 87' lang='lat' dir='ltr'>institutis</span> <span class='ocrx_word' id='word_1_483' title='bbox 1488 3630 1690 3688; x_wconf 84' lang='lat' dir='ltr'>monachornm</span> <span class='ocrx_word' id='word_1_484' title='bbox 1704 3632 1781 3703; x_wconf 81' lang='lat' dir='ltr'>(cap.</span> 
     </span>
     <span class='ocr_line' id='line_1_42' title="bbox 132 3700 1781 3774; baseline 0.001 -16"><span class='ocrx_word' id='word_1_485' title='bbox 132 3700 873 3772; x_wconf 63' lang='lat' dir='ltr'>atinamcegitcnmmeramntimicansensum.clieta</span> <span class='ocrx_word' id='word_1_486' title='bbox 885 3714 931 3754; x_wconf 89' lang='lat' dir='ltr'>cc-</span> <span class='ocrx_word' id='word_1_487' title='bbox 986 3704 1033 3767; x_wconf 76' lang='lat'>2³)</span> <span class='ocrx_word' id='word_1_488' title='bbox 1055 3700 1194 3773; x_wconf 76' lang='lat' dir='ltr'>praemissa</span> <span class='ocrx_word' id='word_1_489' title='bbox 1215 3702 1266 3757; x_wconf 90' lang='lat' dir='ltr'>bac</span> <span class='ocrx_word' id='word_1_490' title='bbox 1288 3702 1498 3774; x_wconf 88' lang='lat' dir='ltr'>interrogatione</span> <span class='ocrx_word' id='word_1_491' title='bbox 1521 3720 1529 3758; x_wconf 82' lang='lat' dir='ltr'>r</span> <span class='ocrx_word' id='word_1_492' title='bbox 1554 3704 1629 3759; x_wconf 75' lang='lat' dir='ltr'>liade</span> <span class='ocrx_word' id='word_1_493' title='bbox 1642 3708 1781 3759; x_wconf 79' lang='lat' dir='ltr'>costuma</span> 
     </span>
     <span class='ocr_line' id='line_1_43' title="bbox 128 3773 1784 3845; baseline 0 -16"><span class='ocrx_word' id='word_1_494' title='bbox 128 3776 293 3845; x_wconf 83' lang='lat' dir='ltr'>pticitatem,</span> <span class='ocrx_word' id='word_1_495' title='bbox 305 3776 384 3829; x_wconf 77' lang='lat' dir='ltr'>clirici</span> <span class='ocrx_word' id='word_1_496' title='bbox 393 3775 501 3841; x_wconf 85' lang='lat' dir='ltr'>luctam,</span> <span class='ocrx_word' id='word_1_497' title='bbox 513 3779 539 3828; x_wconf 89' lang='lat' dir='ltr'>et</span> <span class='ocrx_word' id='word_1_498' title='bbox 547 3773 625 3827; x_wconf 85' lang='lat' dir='ltr'>aliud</span> <span class='ocrx_word' id='word_1_499' title='bbox 635 3789 694 3827; x_wconf 85' lang='lat' dir='ltr'>carn</span> <span class='ocrx_word' id='word_1_500' title='bbox 704 3788 763 3841; x_wconf 82' lang='lat' dir='ltr'>qum</span> <span class='ocrx_word' id='word_1_501' title='bbox 772 3773 865 3841; x_wconf 72' lang='lat' dir='ltr'>missio</span> <span class='ocrx_word' id='word_1_502' title='bbox 876 3774 932 3825; x_wconf 87' lang='lat' dir='ltr'>sire</span> <span class='ocrx_word' id='word_1_503' title='bbox 984 3774 1139 3841; x_wconf 80' lang='lat' dir='ltr'>pbarrtcsire</span> <span class='ocrx_word' id='word_1_504' title='bbox 1154 3774 1298 3828; x_wconf 70' lang='lat' dir='ltr'>inhonesta</span> <span class='ocrx_word' id='word_1_505' title='bbox 1308 3779 1333 3829; x_wconf 89' lang='lat' dir='ltr'>et</span> <span class='ocrx_word' id='word_1_506' title='bbox 1348 3779 1440 3843; x_wconf 85' lang='lat' dir='ltr'>turpes</span> <span class='ocrx_word' id='word_1_507' title='bbox 1450 3774 1574 3827; x_wconf 74' lang='lat' dir='ltr'>amulred</span> <span class='ocrx_word' id='word_1_508' title='bbox 1588 3774 1685 3828; x_wconf 70' lang='lat' dir='ltr'>nobb?</span> <span class='ocrx_word' id='word_1_509' title='bbox 1693 3775 1731 3829; x_wconf 84' lang='lat' dir='ltr'>ita</span> <span class='ocrx_word' id='word_1_510' title='bbox 1742 3788 1784 3829; x_wconf 91' lang='lat' dir='ltr'>re-</span> 
     </span>
     <span class='ocr_line' id='line_1_44' title="bbox 127 3843 1782 3917; baseline -0.001 -18"><span class='ocrx_word' id='word_1_511' title='bbox 127 3846 301 3917; x_wconf 85' lang='lat' dir='ltr'>perturbutio</span> <span class='ocrx_word' id='word_1_512' title='bbox 310 3848 340 3900; x_wconf 93' lang='lat' dir='ltr'>in</span> <span class='ocrx_word' id='word_1_513' title='bbox 350 3848 441 3899; x_wconf 87' lang='lat' dir='ltr'>animo</span> <span class='ocrx_word' id='word_1_514' title='bbox 452 3846 555 3899; x_wconf 83' lang='lat' dir='ltr'>dicitu-r</span> <span class='ocrx_word' id='word_1_515' title='bbox 564 3861 574 3896; x_wconf 95' lang='grc'>.·</span> <span class='ocrx_word' id='word_1_516' title='bbox 584 3846 714 3910; x_wconf 84' lang='lat' dir='ltr'>impetum</span> <span class='ocrx_word' id='word_1_517' title='bbox 724 3844 795 3896; x_wconf 85' lang='lat' dir='ltr'>mim</span> <span class='ocrx_word' id='word_1_518' title='bbox 807 3843 852 3896; x_wconf 90' lang='lat' dir='ltr'>illi</span> <span class='ocrx_word' id='word_1_519' title='bbox 861 3843 932 3896; x_wconf 88' lang='lat' dir='ltr'>beati</span> <span class='ocrx_word' id='word_1_520' title='bbox 986 3844 1112 3913; x_wconf 89' lang='lat' dir='ltr'>spondet:</span> <span class='ocrx_word' id='word_1_521' title='bbox 1127 3846 1246 3901; x_wconf 84' lang='lat' dir='ltr'>Veniunt</span> <span class='ocrx_word' id='word_1_522' title='bbox 1255 3845 1365 3913; x_wconf 89' lang='lat' dir='ltr'>quidem</span> <span class='ocrx_word' id='word_1_523' title='bbox 1372 3844 1552 3899; x_wconf 82' lang='lat' dir='ltr'>laemnaime</span> <span class='ocrx_word' id='word_1_524' title='bbox 1560 3859 1595 3899; x_wconf 82' lang='lat' dir='ltr'>ea·</span> <span class='ocrx_word' id='word_1_525' title='bbox 1605 3844 1782 3898; x_wconf 83' lang='lat' dir='ltr'>diumr&#39;scni·</span> 
     </span>
     <span class='ocr_line' id='line_1_45' title="bbox 130 3911 1784 3985; baseline -0.002 -14"><span class='ocrx_word' id='word_1_526' title='bbox 130 3930 187 3971; x_wconf 83' lang='lat' dir='ltr'>csse</span> <span class='ocrx_word' id='word_1_527' title='bbox 192 3918 407 3971; x_wconf 87' lang='lat' dir='ltr'>ciuntnotionem</span> <span class='ocrx_word' id='word_1_528' title='bbox 414 3916 562 3981; x_wconf 72' lang='lat' dir='ltr'>amplicem</span> <span class='ocrx_word' id='word_1_529' title='bbox 567 3915 622 3965; x_wconf 84' lang='lat' dir='ltr'>sive</span> <span class='ocrx_word' id='word_1_530' title='bbox 632 3914 776 3979; x_wconf 84' lang='lat' dir='ltr'>imaginem</span> <span class='ocrx_word' id='word_1_531' title='bbox 781 3911 932 3979; x_wconf 77' lang='lat' dir='ltr'>majencum-</span> <span class='ocrx_word' id='word_1_532' title='bbox 986 3928 1037 3967; x_wconf 81' lang='lat' dir='ltr'>mee</span> <span class='ocrx_word' id='word_1_533' title='bbox 1050 3916 1314 3971; x_wconf 84' lang='lat' dir='ltr'>motibusetactibus</span> <span class='ocrx_word' id='word_1_534' title='bbox 1326 3916 1485 3985; x_wconf 75' lang='lat' dir='ltr'>indigniori</span> <span class='ocrx_word' id='word_1_535' title='bbox 1496 3915 1784 3983; x_wconf 67' lang='lat' dir='ltr'>impurissimum</span> 
     </span>
     <span class='ocr_line' id='line_1_46' title="bbox 131 3982 1785 4057; baseline -0.002 -15"><span class='ocrx_word' id='word_1_536' title='bbox 131 3987 317 4057; x_wconf 86' lang='lat' dir='ltr'>quereieordi</span> <span class='ocrx_word' id='word_1_537' title='bbox 326 3989 445 4039; x_wconf 88' lang='lat' dir='ltr'>recenter</span> <span class='ocrx_word' id='word_1_538' title='bbox 454 3982 596 4051; x_wconf 69' lang='lat' dir='ltr'>iniectamg</span> <span class='ocrx_word' id='word_1_539' title='bbox 607 3994 710 4034; x_wconf 88' lang='lat' dir='ltr'>moram</span> <span class='ocrx_word' id='word_1_540' title='bbox 721 3984 931 4049; x_wconf 66' lang='lat' dir='ltr'>ceratumque·</span> <span class='ocrx_word' id='word_1_541' title='bbox 985 3988 1059 4037; x_wconf 67' lang='lat' dir='ltr'>eareat</span> <span class='ocrx_word' id='word_1_542' title='bbox 1068 3986 1097 4037; x_wconf 89' lang='lat' dir='ltr'>in</span> <span class='ocrx_word' id='word_1_543' title='bbox 1103 3985 1218 4053; x_wconf 73' lang='lat' dir='ltr'>judiciis</span> <span class='ocrx_word' id='word_1_544' title='bbox 1230 3989 1289 4053; x_wconf 86' lang='lat' dir='ltr'>Dei,</span> <span class='ocrx_word' id='word_1_545' title='bbox 1385 3986 1785 4055; x_wconf 83' lang='lat' dir='ltr'>gnturanimapermeditctio</span> 
     </span>
     <span class='ocr_line' id='line_1_47' title="bbox 129 4051 1784 4127; baseline -0.002 -14"><span class='ocrx_word' id='word_1_546' title='bbox 129 4060 157 4113; x_wconf 86' lang='lat' dir='ltr'>ei</span> <span class='ocrx_word' id='word_1_547' title='bbox 168 4060 296 4127; x_wconf 87' lang='lat' dir='ltr'>imagini,</span> <span class='ocrx_word' id='word_1_548' title='bbox 306 4058 363 4109; x_wconf 84' lang='lat' dir='ltr'>sire</span> <span class='ocrx_word' id='word_1_549' title='bbox 374 4070 434 4107; x_wconf 88' lang='lat' dir='ltr'>rum</span> <span class='ocrx_word' id='word_1_550' title='bbox 445 4054 570 4122; x_wconf 67' lang='lat' dir='ltr'>poenite</span> <span class='ocrx_word' id='word_1_551' title='bbox 579 4051 683 4119; x_wconf 88' lang='lat' dir='ltr'>aliqua,</span> <span class='ocrx_word' id='word_1_552' title='bbox 695 4052 751 4105; x_wconf 86' lang='lat' dir='ltr'>sr&#39;ue</span> <span class='ocrx_word' id='word_1_553' title='bbox 760 4053 861 4118; x_wconf 78' lang='lat' dir='ltr'>prater</span> <span class='ocrx_word' id='word_1_554' title='bbox 870 4066 932 4119; x_wconf 87' lang='lat' dir='ltr'>pas·</span> <span class='ocrx_word' id='word_1_555' title='bbox 985 4068 1046 4106; x_wconf 78' lang='lat' dir='ltr'>nan</span> <span class='ocrx_word' id='word_1_556' title='bbox 1058 4054 1123 4121; x_wconf 86' lang='lat' dir='ltr'>legis</span> <span class='ocrx_word' id='word_1_557' title='bbox 1133 4055 1314 4110; x_wconf 83' lang='lat' dir='ltr'>dirimeetstu</span> <span class='ocrx_word' id='word_1_558' title='bbox 1335 4060 1391 4109; x_wconf 88' lang='lat' dir='ltr'>ium</span> <span class='ocrx_word' id='word_1_559' title='bbox 1400 4055 1540 4123; x_wconf 78' lang='lat' dir='ltr'>nerbiliei,</span> <span class='ocrx_word' id='word_1_560' title='bbox 1550 4056 1642 4124; x_wconf 86' lang='lat' dir='ltr'>ibique</span> <span class='ocrx_word' id='word_1_561' title='bbox 1649 4057 1676 4110; x_wconf 89' lang='lat' dir='ltr'>si</span> <span class='ocrx_word' id='word_1_562' title='bbox 1683 4055 1784 4110; x_wconf 85' lang='lat' dir='ltr'>indesi-</span> 
     </span>
     <span class='ocr_line' id='line_1_48' title="bbox 130 4123 1784 4195; baseline -0.002 -10"><span class='ocrx_word' id='word_1_563' title='bbox 130 4130 243 4195; x_wconf 76' lang='lat' dir='ltr'>nentem,</span> <span class='ocrx_word' id='word_1_564' title='bbox 253 4129 431 4189; x_wconf 72' lang='lat' dir='ltr'>immemori-3</span> <span class='ocrx_word' id='word_1_565' title='bbox 443 4136 598 4177; x_wconf 83' lang='lat' dir='ltr'>emnensum</span> <span class='ocrx_word' id='word_1_566' title='bbox 607 4136 678 4185; x_wconf 79' lang='lat' dir='ltr'>atero,</span> <span class='ocrx_word' id='word_1_567' title='bbox 690 4124 876 4189; x_wconf 86' lang='lat' dir='ltr'>nrttumctque</span> <span class='ocrx_word' id='word_1_568' title='bbox 885 4123 931 4175; x_wconf 89' lang='lat' dir='ltr'>in·</span> <span class='ocrx_word' id='word_1_569' title='bbox 985 4126 1080 4177; x_wconf 83' lang='lat' dir='ltr'>neuter</span> <span class='ocrx_word' id='word_1_570' title='bbox 1095 4138 1123 4177; x_wconf 91' lang='lat' dir='ltr'>se</span> <span class='ocrx_word' id='word_1_571' title='bbox 1137 4129 1244 4193; x_wconf 82' lang='lat' dir='ltr'>occupet</span> <span class='ocrx_word' id='word_1_572' title='bbox 1256 4138 1360 4195; x_wconf 81' lang='lat' dir='ltr'>amiper</span> <span class='ocrx_word' id='word_1_573' title='bbox 1373 4126 1511 4194; x_wconf 88' lang='lat' dir='ltr'>requirens</span> <span class='ocrx_word' id='word_1_574' title='bbox 1525 4128 1550 4180; x_wconf 87' lang='lat' dir='ltr'>et</span> <span class='ocrx_word' id='word_1_575' title='bbox 1561 4130 1699 4190; x_wconf 66' lang='lat' dir='ltr'>maros,</span> <span class='ocrx_word' id='word_1_576' title='bbox 1712 4126 1784 4181; x_wconf 83' lang='lat' dir='ltr'>tolia</span> 
     </span>
     <span class='ocr_line' id='line_1_49' title="bbox 128 4192 1781 4262; baseline -0.001 -8"><span class='ocrx_word' id='word_1_577' title='bbox 128 4200 303 4255; x_wconf 82' lang='lat' dir='ltr'>clinationern</span> <span class='ocrx_word' id='word_1_578' title='bbox 314 4198 411 4249; x_wconf 80' lang='lat' dir='ltr'>anima</span> <span class='ocrx_word' id='word_1_579' title='bbox 423 4194 460 4248; x_wconf 85' lang='lat' dir='ltr'>cd</span> <span class='ocrx_word' id='word_1_580' title='bbox 469 4208 528 4248; x_wconf 90' lang='lat' dir='ltr'>eam</span> <span class='ocrx_word' id='word_1_581' title='bbox 545 4194 689 4262; x_wconf 85' lang='lat' dir='ltr'>imaginem</span> <span class='ocrx_word' id='word_1_582' title='bbox 704 4208 765 4247; x_wconf 87' lang='lat' dir='ltr'>enm</span> <span class='ocrx_word' id='word_1_583' title='bbox 777 4192 930 4262; x_wconf 74' lang='lat' dir='ltr'>uoluptatcr</span> <span class='ocrx_word' id='word_1_584' title='bbox 986 4194 1094 4249; x_wconf 80' lang='lat' dir='ltr'>babebit</span> <span class='ocrx_word' id='word_1_585' title='bbox 1108 4195 1192 4248; x_wconf 89' lang='lat' dir='ltr'>etiarn</span> <span class='ocrx_word' id='word_1_586' title='bbox 1203 4198 1316 4249; x_wconf 86' lang='lat' dir='ltr'>somnio.</span> <span class='ocrx_word' id='word_1_587' title='bbox 1329 4194 1475 4252; x_wconf 65' lang='lat' dir='ltr'>&amp;ananus</span> <span class='ocrx_word' id='word_1_588' title='bbox 1486 4194 1583 4252; x_wconf 88' lang='lat' dir='ltr'>itidem</span> <span class='ocrx_word' id='word_1_589' title='bbox 1596 4196 1646 4253; x_wconf 91' lang='lat' dir='ltr'>lib.</span> <span class='ocrx_word' id='word_1_590' title='bbox 1657 4210 1693 4253; x_wconf 83' lang='lat' dir='ltr'>vr</span> <span class='ocrx_word' id='word_1_591' title='bbox 1713 4199 1781 4253; x_wconf 89' lang='lat' dir='ltr'>lnst.</span> 
     </span>
     <span class='ocr_line' id='line_1_50' title="bbox 128 4264 1780 4340; baseline 0 -17"><span class='ocrx_word' id='word_1_592' title='bbox 128 4271 318 4339; x_wconf 74' lang='lat' dir='ltr'>captiuitatem</span> <span class='ocrx_word' id='word_1_593' title='bbox 324 4282 395 4333; x_wconf 88' lang='lat' dir='ltr'>nero,</span> <span class='ocrx_word' id='word_1_594' title='bbox 407 4266 550 4319; x_wconf 71' lang='lat' dir='ltr'>uiolentam</span> <span class='ocrx_word' id='word_1_595' title='bbox 562 4266 645 4319; x_wconf 86' lang='lat' dir='ltr'>inciti</span> <span class='ocrx_word' id='word_1_596' title='bbox 650 4264 738 4320; x_wconf 86' lang='lat' dir='ltr'>cordis</span> <span class='ocrx_word' id='word_1_597' title='bbox 746 4264 931 4319; x_wconf 69' lang='lat' dir='ltr'>maureconem</span> <span class='ocrx_word' id='word_1_598' title='bbox 986 4264 1063 4335; x_wconf 80' lang='lat' dir='ltr'>(cop.</span> <span class='ocrx_word' id='word_1_599' title='bbox 1079 4264 1120 4333; x_wconf 87' lang='lat' dir='ltr'>ll)</span> <span class='ocrx_word' id='word_1_600' title='bbox 1130 4265 1310 4338; x_wconf 77' lang='lat' dir='ltr'>explicanser</span> <span class='ocrx_word' id='word_1_601' title='bbox 1320 4280 1376 4338; x_wconf 93' lang='lat' dir='ltr'>quo</span> <span class='ocrx_word' id='word_1_602' title='bbox 1390 4264 1454 4322; x_wconf 82' lang='lat' dir='ltr'>vitio</span> <span class='ocrx_word' id='word_1_603' title='bbox 1464 4266 1554 4323; x_wconf 90' lang='lat' dir='ltr'>illusio</span> <span class='ocrx_word' id='word_1_604' title='bbox 1568 4274 1701 4324; x_wconf 86' lang='lat' dir='ltr'>nocturna</span> <span class='ocrx_word' id='word_1_605' title='bbox 1715 4282 1780 4340; x_wconf 90' lang='lat' dir='ltr'>pro·</span> 
     </span>
     <span class='ocr_line' id='line_1_51' title="bbox 129 4335 1783 4410; baseline 0.01 -31"><span class='ocrx_word' id='word_1_606' title='bbox 129 4337 933 4408; x_wconf 56' lang='lat' dir='ltr'>gggggggmadmenumqueingressumctqueoptiminestri</span> <span class='ocrx_word' id='word_1_607' title='bbox 986 4335 1367 4410; x_wconf 82' lang='lat' dir='ltr'>cedat:0nalitas‚iuqnit,eo</span> <span class='ocrx_word' id='word_1_608' title='bbox 1387 4340 1783 4409; x_wconf 81' lang='lat' dir='ltr'>itationnm,quadietenttoni</span> 
     </span>
    </p>
   </div>
   <div class='ocr_carea' id='block_1_5' title="bbox 127 4406 1781 4538">
    <p class='ocr_par' dir='ltr' id='par_1_5' title="bbox 127 4406 1781 4538">
     <span class='ocr_line' id='line_1_52' title="bbox 127 4406 1781 4538; baseline 0.002 -74"><span class='ocrx_word' id='word_1_609' title='bbox 127 4407 933 4477; x_wconf 69' lang='lat' dir='ltr'>statuainterminiumrluctamoernessedisttniuntmampcri</span> <span class='ocrx_word' id='word_1_610' title='bbox 985 4406 1297 4477; x_wconf 74' lang='lat' dir='ltr'>tmaianegttgennta..</span> <span class='ocrx_word' id='word_1_611' title='bbox 1376 4411 1781 4538; x_wconf 63' lang='lat' dir='ltr'>improbaturguietenoctnr-</span> 
     </span>
    </p>
   </div>
   <div class='ocr_carea' id='block_1_6' title="bbox 124 4478 1783 5830">
    <p class='ocr_par' dir='ltr' id='par_1_6' title="bbox 124 4478 1783 5689">
     <span class='ocr_line' id='line_1_53' title="bbox 126 4478 1782 4559; baseline 0.001 -22"><span class='ocrx_word' id='word_1_612' title='bbox 126 4484 232 4537; x_wconf 73' lang='lat' dir='ltr'>uirtute</span> <span class='ocrx_word' id='word_1_613' title='bbox 242 4484 393 4551; x_wconf 84' lang='lat' dir='ltr'>pugnatur,</span> <span class='ocrx_word' id='word_1_614' title='bbox 410 4484 434 4533; x_wconf 90' lang='lat' dir='ltr'>et</span> <span class='ocrx_word' id='word_1_615' title='bbox 447 4483 541 4548; x_wconf 79' lang='lat' dir='ltr'>rporrte</span> <span class='ocrx_word' id='word_1_616' title='bbox 551 4482 723 4547; x_wconf 84' lang='lat' dir='ltr'>euaqut&#39;sque</span> <span class='ocrx_word' id='word_1_617' title='bbox 735 4480 777 4533; x_wconf 88' lang='lat' dir='ltr'>eei</span> <span class='ocrx_word' id='word_1_618' title='bbox 785 4483 930 4548; x_wconf 81' lang='lat' dir='ltr'>supacmr</span> <span class='ocrx_word' id='word_1_619' title='bbox 944 4496 971 4559; x_wconf 74' lang='grc'>1)</span> <span class='ocrx_word' id='word_1_620' title='bbox 985 4493 1033 4532; x_wconf 88' lang='lat' dir='ltr'>nc.</span> <span class='ocrx_word' id='word_1_621' title='bbox 1043 4480 1079 4533; x_wconf 83' lang='lat' dir='ltr'>Et</span> <span class='ocrx_word' id='word_1_622' title='bbox 1089 4478 1189 4535; x_wconf 82' lang='lat' dir='ltr'>adcirm</span> <span class='ocrx_word' id='word_1_623' title='bbox 1198 4494 1258 4535; x_wconf 86' lang='lat' dir='ltr'>cum</span> <span class='ocrx_word' id='word_1_624' title='bbox 1263 4483 1442 4538; x_wconf 76' lang='lat' dir='ltr'>intercesserit</span> <span class='ocrx_word' id='word_1_625' title='bbox 1449 4483 1544 4553; x_wconf 86' lang='lat' dir='ltr'>aliqua</span> <span class='ocrx_word' id='word_1_626' title='bbox 1551 4488 1579 4539; x_wconf 91' lang='lat' dir='ltr'>ta</span> <span class='ocrx_word' id='word_1_627' title='bbox 1591 4484 1782 4547; x_wconf 64' lang='lat' dir='ltr'>istitutionon</span> 
     </span>
     <span class='ocr_line' id='line_1_54' title="bbox 127 4549 1782 4625; baseline 0.001 -18"><span class='ocrx_word' id='word_1_628' title='bbox 127 4553 174 4607; x_wconf 86' lang='lat' dir='ltr'>uei</span> <span class='ocrx_word' id='word_1_629' title='bbox 184 4552 275 4607; x_wconf 74' lang='lat' dir='ltr'>uincit</span> <span class='ocrx_word' id='word_1_630' title='bbox 287 4552 438 4608; x_wconf 85' lang='lat' dir='ltr'>Passionem</span> <span class='ocrx_word' id='word_1_631' title='bbox 446 4556 536 4605; x_wconf 88' lang='lat' dir='ltr'>antem</span> <span class='ocrx_word' id='word_1_632' title='bbox 545 4565 604 4603; x_wconf 90' lang='lat' dir='ltr'>eam</span> <span class='ocrx_word' id='word_1_633' title='bbox 613 4550 756 4619; x_wconf 85' lang='lat' dir='ltr'>propriam</span> <span class='ocrx_word' id='word_1_634' title='bbox 764 4549 929 4613; x_wconf 84' lang='lat' dir='ltr'>essedicunt,</span> <span class='ocrx_word' id='word_1_635' title='bbox 985 4565 1018 4605; x_wconf 85' lang='lat' dir='ltr'>eu</span> <span class='ocrx_word' id='word_1_636' title='bbox 1069 4552 1294 4609; x_wconf 83' lang='lat' dir='ltr'>comnicredenda</span> <span class='ocrx_word' id='word_1_637' title='bbox 1299 4554 1697 4624; x_wconf 79' lang='lat' dir='ltr'>ett,sednegligentratempcn&#39;s</span> <span class='ocrx_word' id='word_1_638' title='bbox 1704 4570 1782 4625; x_wconf 83' lang='lat' dir='ltr'>pra-</span> 
     </span>
     <span class='ocr_line' id='line_1_55' title="bbox 129 4620 1780 4693; baseline -0.001 -15"><span class='ocrx_word' id='word_1_639' title='bbox 129 4620 931 4693; x_wconf 81' lang='lat' dir='ltr'>quoetemporelongioreinanimotitioriusiuscditenmque</span> <span class='ocrx_word' id='word_1_640' title='bbox 985 4636 1013 4675; x_wconf 93' lang='lat' dir='ltr'>ce</span> <span class='ocrx_word' id='word_1_641' title='bbox 1033 4624 1101 4677; x_wconf 85' lang='lat' dir='ltr'>entia</span> <span class='ocrx_word' id='word_1_642' title='bbox 1115 4626 1142 4678; x_wconf 87' lang='lat' dir='ltr'>et</span> <span class='ocrx_word' id='word_1_643' title='bbox 1159 4626 1345 4693; x_wconf 71' lang='lat' dir='ltr'>manifestatio</span> <span class='ocrx_word' id='word_1_644' title='bbox 1363 4626 1453 4680; x_wconf 83' lang='lat' dir='ltr'>morbi</span> <span class='ocrx_word' id='word_1_645' title='bbox 1471 4626 1580 4679; x_wconf 85' lang='lat' dir='ltr'>latentis</span> <span class='ocrx_word' id='word_1_646' title='bbox 1599 4627 1780 4687; x_wconf 73' lang='lat' dir='ltr'>intrimeertrr</span> 
     </span>
     <span class='ocr_line' id='line_1_56' title="bbox 124 4690 1781 4767; baseline -0.001 -18"><span class='ocrx_word' id='word_1_647' title='bbox 124 4710 180 4767; x_wconf 83' lang='lat' dir='ltr'>pro</span> <span class='ocrx_word' id='word_1_648' title='bbox 190 4698 235 4749; x_wconf 84' lang='lat' dir='ltr'>sui</span> <span class='ocrx_word' id='word_1_649' title='bbox 240 4694 427 4749; x_wconf 80' lang='lat' dir='ltr'>mnrrmtudine</span> <span class='ocrx_word' id='word_1_650' title='bbox 436 4695 549 4746; x_wconf 86' lang='lat' dir='ltr'>insnum</span> <span class='ocrx_word' id='word_1_651' title='bbox 555 4691 677 4744; x_wconf 78' lang='lat' dir='ltr'>habitum</span> <span class='ocrx_word' id='word_1_652' title='bbox 686 4690 930 4746; x_wconf 73' lang='lat' dir='ltr'>nansduaitrndeo</span> <span class='ocrx_word' id='word_1_653' title='bbox 985 4708 1062 4762; x_wconf 89' lang='lat' dir='ltr'>quem</span> <span class='ocrx_word' id='word_1_654' title='bbox 1076 4710 1129 4748; x_wconf 92' lang='lat' dir='ltr'>non</span> <span class='ocrx_word' id='word_1_655' title='bbox 1137 4698 1269 4767; x_wconf 83' lang='lat' dir='ltr'>primitus</span> <span class='ocrx_word' id='word_1_656' title='bbox 1280 4698 1364 4751; x_wconf 88' lang='lat' dir='ltr'>nactis</span> <span class='ocrx_word' id='word_1_657' title='bbox 1378 4696 1446 4749; x_wconf 82' lang='lat' dir='ltr'>bora</span> <span class='ocrx_word' id='word_1_658' title='bbox 1456 4696 1601 4763; x_wconf 86' lang='lat' dir='ltr'>parturiit,</span> <span class='ocrx_word' id='word_1_659' title='bbox 1615 4693 1663 4747; x_wconf 82' lang='lat' dir='ltr'>sed</span> <span class='ocrx_word' id='word_1_660' title='bbox 1673 4694 1781 4747; x_wconf 85' lang='lat' dir='ltr'>intimis</span> 
     </span>
     <span class='ocr_line' id='line_1_57' title="bbox 128 4760 1781 4889; baseline -0.002 -68"><span class='ocrx_word' id='word_1_661' title='bbox 128 4770 162 4821; x_wconf 86' lang='lat' dir='ltr'>ut</span> <span class='ocrx_word' id='word_1_662' title='bbox 173 4780 224 4819; x_wconf 87' lang='lat' dir='ltr'>sun</span> <span class='ocrx_word' id='word_1_663' title='bbox 236 4770 328 4834; x_wconf 86' lang='lat' dir='ltr'>sponte</span> <span class='ocrx_word' id='word_1_664' title='bbox 338 4765 503 4889; x_wconf 32' lang='lat' dir='ltr'>mariaque</span> <span class='ocrx_word' id='word_1_665' title='bbox 511 4764 646 4817; x_wconf 84' lang='lat' dir='ltr'>relrtntaie</span> <span class='ocrx_word' id='word_1_666' title='bbox 657 4760 695 4815; x_wconf 85' lang='lat' dir='ltr'>ad</span> <span class='ocrx_word' id='word_1_667' title='bbox 702 4776 760 4814; x_wconf 87' lang='lat' dir='ltr'>enm</span> <span class='ocrx_word' id='word_1_668' title='bbox 771 4766 874 4815; x_wconf 73' lang='lat' dir='ltr'>cernat.</span> <span class='ocrx_word' id='word_1_669' title='bbox 887 4766 931 4818; x_wconf 72' lang='lat' dir='ltr'>Fa</span> <span class='ocrx_word' id='word_1_670' title='bbox 984 4767 1257 4820; x_wconf 77' lang='lat' dir='ltr'>animaremnditum</span> <span class='ocrx_word' id='word_1_671' title='bbox 1264 4768 1341 4835; x_wconf 68' lang='lat' dir='ltr'>toris</span> <span class='ocrx_word' id='word_1_672' title='bbox 1349 4766 1387 4820; x_wconf 88' lang='lat' dir='ltr'>ad</span> <span class='ocrx_word' id='word_1_673' title='bbox 1393 4766 1462 4818; x_wconf 86' lang='lat' dir='ltr'>cutis</span> <span class='ocrx_word' id='word_1_674' title='bbox 1471 4765 1636 4833; x_wconf 61' lang='lat' dir='ltr'>nmaidein</span> <span class='ocrx_word' id='word_1_675' title='bbox 1641 4764 1728 4818; x_wconf 83' lang='lat' dir='ltr'>mmai</span> <span class='ocrx_word' id='word_1_676' title='bbox 1735 4778 1781 4818; x_wconf 86' lang='lat' dir='ltr'>re-</span> 
     </span>
     <span class='ocr_line' id='line_1_58' title="bbox 128 4833 1782 4905; baseline -0.001 -13"><span class='ocrx_word' id='word_1_677' title='bbox 128 4838 174 4892; x_wconf 86' lang='lat' dir='ltr'>ln&#39;s</span> <span class='ocrx_word' id='word_1_678' title='bbox 188 4836 312 4889; x_wconf 85' lang='lat' dir='ltr'>omnibus</span> <span class='ocrx_word' id='word_1_679' title='bbox 328 4851 377 4903; x_wconf 85' lang='lat' dir='ltr'>gra</span> <span class='ocrx_word' id='word_1_680' title='bbox 404 4836 458 4889; x_wconf 81' lang='lat' dir='ltr'>&#39;beas</span> <span class='ocrx_word' id='word_1_681' title='bbox 472 4836 550 4905; x_wconf 81' lang='lat' dir='ltr'>prior</span> <span class='ocrx_word' id='word_1_682' title='bbox 564 4834 672 4903; x_wconf 84' lang='lat' dir='ltr'>quidem</span> <span class='ocrx_word' id='word_1_683' title='bbox 689 4834 746 4887; x_wconf 79' lang='lat' dir='ltr'>sirie</span> <span class='ocrx_word' id='word_1_684' title='bbox 758 4837 866 4901; x_wconf 87' lang='lat' dir='ltr'>peceato</span> <span class='ocrx_word' id='word_1_685' title='bbox 876 4839 929 4895; x_wconf 77' lang='lat' dir='ltr'>est:</span> <span class='ocrx_word' id='word_1_686' title='bbox 984 4834 1097 4901; x_wconf 73' lang='lat' dir='ltr'>sectione</span> <span class='ocrx_word' id='word_1_687' title='bbox 1104 4835 1247 4903; x_wconf 73' lang='lat' dir='ltr'>prodeunti,</span> <span class='ocrx_word' id='word_1_688' title='bbox 1255 4833 1489 4903; x_wconf 77' lang='lat' dir='ltr'>arguanoceuitcs</span> <span class='ocrx_word' id='word_1_689' title='bbox 1496 4838 1612 4887; x_wconf 78' lang='lat' dir='ltr'>asturem</span> <span class='ocrx_word' id='word_1_690' title='bbox 1616 4834 1782 4905; x_wconf 70' lang='lat' dir='ltr'>talemquese</span> 
     </span>
     <span class='ocr_line' id='line_1_59' title="bbox 127 4905 1783 4977; baseline 0.002 -18"><span class='ocrx_word' id='word_1_691' title='bbox 127 4908 264 4963; x_wconf 74' lang='lat' dir='ltr'>amnonius</span> <span class='ocrx_word' id='word_1_692' title='bbox 279 4922 332 4960; x_wconf 88' lang='lat' dir='ltr'>non</span> <span class='ocrx_word' id='word_1_693' title='bbox 343 4908 394 4967; x_wconf 86' lang='lat' dir='ltr'>ita,</span> <span class='ocrx_word' id='word_1_694' title='bbox 409 4906 456 4960; x_wconf 85' lang='lat' dir='ltr'>aeri</span> <span class='ocrx_word' id='word_1_695' title='bbox 468 4922 526 4959; x_wconf 82' lang='lat' dir='ltr'>etim</span> <span class='ocrx_word' id='word_1_696' title='bbox 541 4906 634 4975; x_wconf 87' lang='lat' dir='ltr'>aliquo</span> <span class='ocrx_word' id='word_1_697' title='bbox 648 4908 755 4975; x_wconf 87' lang='lat' dir='ltr'>peccato</span> <span class='ocrx_word' id='word_1_698' title='bbox 769 4907 824 4964; x_wconf 77' lang='lat' dir='ltr'>est:</span> <span class='ocrx_word' id='word_1_699' title='bbox 837 4906 931 4959; x_wconf 85' lang='lat' dir='ltr'>tertius</span> <span class='ocrx_word' id='word_1_700' title='bbox 981 4908 1124 4973; x_wconf 67' lang='lat' dir='ltr'>pintolam</span> <span class='ocrx_word' id='word_1_701' title='bbox 1134 4905 1710 4977; x_wconf 74' lang='lat' dir='ltr'>dtaspnttnmneciiceagitationilmpasti</span> <span class='ocrx_word' id='word_1_702' title='bbox 1717 4920 1783 4962; x_wconf 85' lang='lat' dir='ltr'>cott-</span> 
     </span>
     <span class='ocr_line' id='line_1_60' title="bbox 127 4974 1781 5049; baseline 0 -16"><span class='ocrx_word' id='word_1_703' title='bbox 127 4994 192 5033; x_wconf 84' lang='lat' dir='ltr'>rero</span> <span class='ocrx_word' id='word_1_704' title='bbox 204 4993 256 5047; x_wconf 82' lang='lat' dir='ltr'>pro</span> <span class='ocrx_word' id='word_1_705' title='bbox 270 4979 429 5031; x_wconf 85' lang='lat' dir='ltr'>certantium</span> <span class='ocrx_word' id='word_1_706' title='bbox 440 4979 576 5045; x_wconf 85' lang='lat' dir='ltr'>colligitur</span> <span class='ocrx_word' id='word_1_707' title='bbox 589 4981 665 5031; x_wconf 88' lang='lat' dir='ltr'>stctn</span> <span class='ocrx_word' id='word_1_708' title='bbox 675 4992 685 5028; x_wconf 94' lang='lat'>.·</span> <span class='ocrx_word' id='word_1_709' title='bbox 697 4990 780 5045; x_wconf 84' lang='lat' dir='ltr'>porro</span> <span class='ocrx_word' id='word_1_710' title='bbox 792 4975 875 5037; x_wconf 84' lang='lat' dir='ltr'>incia,</span> <span class='ocrx_word' id='word_1_711' title='bbox 889 4976 931 5029; x_wconf 89' lang='lat' dir='ltr'>cel</span> <span class='ocrx_word' id='word_1_712' title='bbox 984 4977 1129 5041; x_wconf 74' lang='lat' dir='ltr'>namura,</span> <span class='ocrx_word' id='word_1_713' title='bbox 1144 4983 1196 5030; x_wconf 89' lang='lat' dir='ltr'>etc.</span> <span class='ocrx_word' id='word_1_714' title='bbox 1219 4974 1369 5046; x_wconf 87' lang='lat' dir='ltr'>Gregorius</span> <span class='ocrx_word' id='word_1_715' title='bbox 1385 4976 1523 5047; x_wconf 87' lang='lat' dir='ltr'>Nyssenus</span> <span class='ocrx_word' id='word_1_716' title='bbox 1541 4976 1589 5031; x_wconf 92' lang='lat' dir='ltr'>lib.</span> <span class='ocrx_word' id='word_1_717' title='bbox 1613 4977 1648 5033; x_wconf 91' lang='lat' dir='ltr'>de</span> <span class='ocrx_word' id='word_1_718' title='bbox 1666 4977 1781 5049; x_wconf 86' lang='lat' dir='ltr'>Opilicio</span> 
     </span>
     <span class='ocr_line' id='line_1_61' title="bbox 127 5044 1778 5119; baseline -0.001 -15"><span class='ocrx_word' id='word_1_719' title='bbox 127 5064 235 5105; x_wconf 82' lang='lat' dir='ltr'>eormroe</span> <span class='ocrx_word' id='word_1_720' title='bbox 248 5049 291 5103; x_wconf 87' lang='lat' dir='ltr'>rel</span> <span class='ocrx_word' id='word_1_721' title='bbox 306 5049 436 5119; x_wconf 76' lang='lat' dir='ltr'>supplicii</span> <span class='ocrx_word' id='word_1_722' title='bbox 450 5064 532 5102; x_wconf 74' lang='lat' dir='ltr'>rrrrrsn</span> <span class='ocrx_word' id='word_1_723' title='bbox 546 5052 594 5102; x_wconf 74' lang='lat' dir='ltr'>est.</span> <span class='ocrx_word' id='word_1_724' title='bbox 611 5047 758 5115; x_wconf 81' lang='lat' dir='ltr'>Capticitrrs</span> <span class='ocrx_word' id='word_1_725' title='bbox 771 5060 833 5101; x_wconf 84' lang='lat' dir='ltr'>uero</span> <span class='ocrx_word' id='word_1_726' title='bbox 851 5046 931 5101; x_wconf 88' lang='lat' dir='ltr'>aliter</span> <span class='ocrx_word' id='word_1_727' title='bbox 985 5044 1104 5100; x_wconf 92' lang='lat' dir='ltr'>bominis</span> <span class='ocrx_word' id='word_1_728' title='bbox 1116 5060 1175 5117; x_wconf 88' lang='lat' dir='ltr'>cap.</span> <span class='ocrx_word' id='word_1_729' title='bbox 1189 5051 1222 5102; x_wconf 82' lang='lat' dir='ltr'>ts</span> <span class='ocrx_word' id='word_1_730' title='bbox 1237 5049 1306 5103; x_wconf 84' lang='lat' dir='ltr'>:Est</span> <span class='ocrx_word' id='word_1_731' title='bbox 1315 5052 1341 5102; x_wconf 90' lang='lat' dir='ltr'>et</span> <span class='ocrx_word' id='word_1_732' title='bbox 1351 5047 1430 5103; x_wconf 86' lang='lat' dir='ltr'>aliud</span> <span class='ocrx_word' id='word_1_733' title='bbox 1438 5049 1600 5103; x_wconf 85' lang='lat' dir='ltr'>somniorum</span> <span class='ocrx_word' id='word_1_734' title='bbox 1609 5064 1694 5118; x_wconf 79' lang='lat' dir='ltr'>gertus</span> <span class='ocrx_word' id='word_1_735' title='bbox 1705 5049 1778 5119; x_wconf 85' lang='lat' dir='ltr'>quod</span> 
     </span>
     <span class='ocr_line' id='line_1_62' title="bbox 126 5117 1779 5189; baseline -0.001 -14"><span class='ocrx_word' id='word_1_736' title='bbox 126 5122 262 5175; x_wconf 83' lang='lat' dir='ltr'>orationis</span> <span class='ocrx_word' id='word_1_737' title='bbox 273 5124 407 5189; x_wconf 82' lang='lat' dir='ltr'>tempore.-</span> <span class='ocrx_word' id='word_1_738' title='bbox 419 5120 500 5172; x_wconf 84' lang='lat' dir='ltr'>aliter</span> <span class='ocrx_word' id='word_1_739' title='bbox 509 5124 610 5189; x_wconf 77' lang='lat' dir='ltr'>prater</span> <span class='ocrx_word' id='word_1_740' title='bbox 624 5118 754 5171; x_wconf 79' lang='lat' dir='ltr'>nationis</span> <span class='ocrx_word' id='word_1_741' title='bbox 768 5122 873 5185; x_wconf 85' lang='lat' dir='ltr'>tempus</span> <span class='ocrx_word' id='word_1_742' title='bbox 879 5117 929 5185; x_wconf 81' lang='lat' dir='ltr'>ju-</span> <span class='ocrx_word' id='word_1_743' title='bbox 981 5131 1032 5186; x_wconf 88' lang='lat' dir='ltr'>pro</span> <span class='ocrx_word' id='word_1_744' title='bbox 1040 5130 1141 5170; x_wconf 85' lang='lat' dir='ltr'>morum</span> <span class='ocrx_word' id='word_1_745' title='bbox 1146 5117 1711 5187; x_wconf 71' lang='lat' dir='ltr'>cujusqucnarietcteforrnatur.snatenim</span> <span class='ocrx_word' id='word_1_746' title='bbox 1716 5120 1779 5173; x_wconf 81' lang='lat' dir='ltr'>alite</span> 
     </span>
     <span class='ocr_line' id='line_1_63' title="bbox 128 5188 1780 5259; baseline -0.001 -12"><span class='ocrx_word' id='word_1_747' title='bbox 128 5192 257 5251; x_wconf 78' lang='lat' dir='ltr'>dicatur:</span> <span class='ocrx_word' id='word_1_748' title='bbox 271 5192 352 5245; x_wconf 84' lang='lat' dir='ltr'>aliter</span> <span class='ocrx_word' id='word_1_749' title='bbox 364 5192 428 5245; x_wconf 84' lang='lat' dir='ltr'>item</span> <span class='ocrx_word' id='word_1_750' title='bbox 440 5192 467 5244; x_wconf 86' lang='lat' dir='ltr'>in</span> <span class='ocrx_word' id='word_1_751' title='bbox 478 5190 573 5245; x_wconf 82' lang='lat' dir='ltr'>mediis</span> <span class='ocrx_word' id='word_1_752' title='bbox 585 5194 669 5259; x_wconf 89' lang='lat' dir='ltr'>atque</span> <span class='ocrx_word' id='word_1_753' title='bbox 680 5190 710 5243; x_wconf 85' lang='lat' dir='ltr'>iu</span> <span class='ocrx_word' id='word_1_754' title='bbox 722 5189 843 5243; x_wconf 82' lang='lat' dir='ltr'>omrtibrrs</span> <span class='ocrx_word' id='word_1_755' title='bbox 853 5190 930 5244; x_wconf 81' lang='lat' dir='ltr'>naulis</span> <span class='ocrx_word' id='word_1_756' title='bbox 984 5188 1101 5243; x_wconf 79' lang='lat' dir='ltr'>leoninis</span> <span class='ocrx_word' id='word_1_757' title='bbox 1106 5188 1361 5257; x_wconf 70' lang='lat' dir='ltr'>tortinalioetimidi</span> <span class='ocrx_word' id='word_1_758' title='bbox 1364 5192 1569 5259; x_wconf 77' lang='lat' dir='ltr'>imaginationes</span> <span class='ocrx_word' id='word_1_759' title='bbox 1574 5190 1780 5258; x_wconf 69' lang='lat' dir='ltr'>noeturnamiia</span> 
     </span>
     <span class='ocr_line' id='line_1_64' title="bbox 127 5260 1781 5333; baseline 0.001 -18"><span class='ocrx_word' id='word_1_760' title='bbox 127 5262 338 5333; x_wconf 79' lang='lat' dir='ltr'>cogitationibus</span> <span class='ocrx_word' id='word_1_761' title='bbox 346 5265 508 5317; x_wconf 78' lang='lat' dir='ltr'>estimatur.</span> <span class='ocrx_word' id='word_1_762' title='bbox 523 5262 678 5331; x_wconf 70' lang='lat' dir='ltr'>stagnano</span> <span class='ocrx_word' id='word_1_763' title='bbox 690 5262 796 5315; x_wconf 76' lang='lat' dir='ltr'>certain</span> <span class='ocrx_word' id='word_1_764' title='bbox 808 5260 930 5314; x_wconf 80' lang='lat' dir='ltr'>amitibus</span> <span class='ocrx_word' id='word_1_765' title='bbox 982 5262 1669 5331; x_wconf 72' lang='lat' dir='ltr'>tcmpnnnrtsgttnqinrutncperamnsomnusque</span> <span class='ocrx_word' id='word_1_766' title='bbox 1677 5262 1781 5317; x_wconf 80' lang='lat' dir='ltr'>bomini</span> 
     </span>
     <span class='ocr_line' id='line_1_65' title="bbox 128 5332 1781 5405; baseline -0.001 -16"><span class='ocrx_word' id='word_1_767' title='bbox 128 5332 929 5405; x_wconf 75' lang='lat' dir='ltr'>abequeullaeoutroccrsiaceldigneeprenitentioerelttrturo</span> <span class='ocrx_word' id='word_1_768' title='bbox 983 5333 1510 5403; x_wconf 76' lang='lat' dir='ltr'>maritiairteaplebili,alialiberaliper</span> <span class='ocrx_word' id='word_1_769' title='bbox 1518 5348 1640 5389; x_wconf 81' lang='lat' dir='ltr'>somnum</span> <span class='ocrx_word' id='word_1_770' title='bbox 1649 5333 1781 5403; x_wconf 73' lang='lat' dir='ltr'>objicim-</span> 
     </span>
     <span class='ocr_line' id='line_1_66' title="bbox 129 5400 1782 5476; baseline -0.001 -17"><span class='ocrx_word' id='word_1_771' title='bbox 129 5406 266 5459; x_wconf 83' lang='lat' dir='ltr'>crnaiatui</span> <span class='ocrx_word' id='word_1_772' title='bbox 277 5404 398 5475; x_wconf 77' lang='lat' dir='ltr'>sribg&#39;ecta</span> <span class='ocrx_word' id='word_1_773' title='bbox 411 5410 461 5459; x_wconf 85' lang='lat' dir='ltr'>est.</span> <span class='ocrx_word' id='word_1_774' title='bbox 476 5406 543 5461; x_wconf 85' lang='lat' dir='ltr'>llaec</span> <span class='ocrx_word' id='word_1_775' title='bbox 557 5405 617 5472; x_wconf 91' lang='lat' dir='ltr'>ille,</span> <span class='ocrx_word' id='word_1_776' title='bbox 631 5404 782 5475; x_wconf 90' lang='lat' dir='ltr'>passionem</span> <span class='ocrx_word' id='word_1_777' title='bbox 800 5400 854 5457; x_wconf 92' lang='lat' dir='ltr'>boc</span> <span class='ocrx_word' id='word_1_778' title='bbox 869 5403 928 5458; x_wconf 89' lang='lat' dir='ltr'>loco</span> <span class='ocrx_word' id='word_1_779' title='bbox 983 5406 1039 5455; x_wconf 89' lang='lat' dir='ltr'>tur.</span> <span class='ocrx_word' id='word_1_780' title='bbox 1051 5405 1141 5472; x_wconf 82' lang='lat' dir='ltr'>Atque</span> <span class='ocrx_word' id='word_1_781' title='bbox 1147 5408 1208 5458; x_wconf 52' lang='lat' dir='ltr'>arira</span> <span class='ocrx_word' id='word_1_782' title='bbox 1219 5406 1283 5467; x_wconf 79' lang='lat' dir='ltr'>brec,</span> <span class='ocrx_word' id='word_1_783' title='bbox 1294 5419 1467 5475; x_wconf 87' lang='lat' dir='ltr'>nequaqnam</span> <span class='ocrx_word' id='word_1_784' title='bbox 1477 5419 1561 5468; x_wconf 75' lang='lat' dir='ltr'>mois,</span> <span class='ocrx_word' id='word_1_785' title='bbox 1571 5404 1618 5460; x_wconf 86' lang='lat' dir='ltr'>sed</span> <span class='ocrx_word' id='word_1_786' title='bbox 1629 5418 1724 5476; x_wconf 76' lang='lat' dir='ltr'>capere</span> <span class='ocrx_word' id='word_1_787' title='bbox 1731 5404 1782 5458; x_wconf 88' lang='lat' dir='ltr'>illa</span> 
     </span>
     <span class='ocr_line' id='line_1_67' title="bbox 132 5472 1782 5557; baseline -0.001 -26"><span class='ocrx_word' id='word_1_788' title='bbox 132 5474 214 5556; x_wconf 83' lang='lat' dir='ltr'>longe</span> <span class='ocrx_word' id='word_1_789' title='bbox 229 5475 310 5531; x_wconf 89' lang='lat' dir='ltr'>aliter</span> <span class='ocrx_word' id='word_1_790' title='bbox 319 5490 464 5546; x_wconf 88' lang='lat' dir='ltr'>usurpans,</span> <span class='ocrx_word' id='word_1_791' title='bbox 474 5490 555 5557; x_wconf 90' lang='lat' dir='ltr'>quam</span> <span class='ocrx_word' id='word_1_792' title='bbox 566 5474 751 5531; x_wconf 89' lang='lat' dir='ltr'>communiter</span> <span class='ocrx_word' id='word_1_793' title='bbox 762 5482 818 5527; x_wconf 89' lang='lat' dir='ltr'>tam</span> <span class='ocrx_word' id='word_1_794' title='bbox 828 5488 843 5527; x_wconf 90' lang='lat' dir='ltr'>a</span> <span class='ocrx_word' id='word_1_795' title='bbox 853 5472 931 5529; x_wconf 90' lang='lat' dir='ltr'>tbec-</span> <span class='ocrx_word' id='word_1_796' title='bbox 983 5475 1098 5527; x_wconf 79' lang='lat' dir='ltr'>retiariis</span> <span class='ocrx_word' id='word_1_797' title='bbox 1117 5474 1231 5541; x_wconf 71' lang='lat' dir='ltr'>affectio</span> <span class='ocrx_word' id='word_1_798' title='bbox 1241 5478 1384 5543; x_wconf 71' lang='lat' dir='ltr'>informat.</span> <span class='ocrx_word' id='word_1_799' title='bbox 1399 5478 1468 5533; x_wconf 87' lang='lat' dir='ltr'>Nam</span> <span class='ocrx_word' id='word_1_800' title='bbox 1478 5474 1576 5546; x_wconf 84' lang='lat' dir='ltr'>quibus</span> <span class='ocrx_word' id='word_1_801' title='bbox 1587 5478 1648 5545; x_wconf 86' lang='lat' dir='ltr'>quis</span> <span class='ocrx_word' id='word_1_802' title='bbox 1664 5478 1782 5533; x_wconf 77' lang='lat' dir='ltr'>assumit</span> 
     </span>
     <span class='ocr_line' id='line_1_68' title="bbox 131 5544 1781 5629; baseline 0 -28"><span class='ocrx_word' id='word_1_803' title='bbox 131 5546 222 5629; x_wconf 87' lang='lat' dir='ltr'>logrsq</span> <span class='ocrx_word' id='word_1_804' title='bbox 230 5561 320 5602; x_wconf 82' lang='lat' dir='ltr'>name</span> <span class='ocrx_word' id='word_1_805' title='bbox 333 5545 578 5618; x_wconf 89' lang='lat' dir='ltr'>pbilosopbrssolct</span> <span class='ocrx_word' id='word_1_806' title='bbox 586 5544 683 5617; x_wconf 91' lang='lat' dir='ltr'>accipi.</span> <span class='ocrx_word' id='word_1_807' title='bbox 692 5544 851 5600; x_wconf 90' lang='lat' dir='ltr'>Passionem</span> <span class='ocrx_word' id='word_1_808' title='bbox 860 5545 932 5599; x_wconf 90' lang='lat' dir='ltr'>enim</span> <span class='ocrx_word' id='word_1_809' title='bbox 984 5544 1083 5599; x_wconf 87' lang='lat' dir='ltr'>diurno</span> <span class='ocrx_word' id='word_1_810' title='bbox 1089 5546 1282 5613; x_wconf 67' lang='lat' dir='ltr'>stamineorum</span> <span class='ocrx_word' id='word_1_811' title='bbox 1288 5548 1318 5601; x_wconf 86' lang='lat' dir='ltr'>in</span> <span class='ocrx_word' id='word_1_812' title='bbox 1327 5547 1438 5602; x_wconf 84' lang='lat' dir='ltr'>somniis</span> <span class='ocrx_word' id='word_1_813' title='bbox 1446 5548 1528 5601; x_wconf 87' lang='lat' dir='ltr'>etiam</span> <span class='ocrx_word' id='word_1_814' title='bbox 1539 5548 1683 5617; x_wconf 80' lang='lat' dir='ltr'>simulacra</span> <span class='ocrx_word' id='word_1_815' title='bbox 1691 5550 1781 5619; x_wconf 69' lang='lat' dir='ltr'>fingit.</span> 
     </span>
     <span class='ocr_line' id='line_1_69' title="bbox 132 5613 1700 5689; baseline 0.003 -16"><span class='ocrx_word' id='word_1_816' title='bbox 132 5616 260 5689; x_wconf 80' lang='lat' dir='ltr'>intelligit</span> <span class='ocrx_word' id='word_1_817' title='bbox 273 5616 396 5673; x_wconf 87' lang='lat' dir='ltr'>habitum</span> <span class='ocrx_word' id='word_1_818' title='bbox 406 5659 414 5681; x_wconf 90' lang='lat'>‚</span> <span class='ocrx_word' id='word_1_819' title='bbox 424 5632 472 5673; x_wconf 90' lang='lat' dir='ltr'>seu</span> <span class='ocrx_word' id='word_1_820' title='bbox 487 5618 696 5688; x_wconf 83' lang='lat' dir='ltr'>propensionem</span> <span class='ocrx_word' id='word_1_821' title='bbox 709 5615 743 5672; x_wconf 92' lang='lat' dir='ltr'>ad</span> <span class='ocrx_word' id='word_1_822' title='bbox 755 5623 833 5671; x_wconf 85' lang='lat' dir='ltr'>aetus</span> <span class='ocrx_word' id='word_1_823' title='bbox 845 5613 933 5671; x_wconf 89' lang='lat' dir='ltr'>libidi·</span> <span class='ocrx_word' id='word_1_824' title='bbox 985 5615 1136 5689; x_wconf 88' lang='lat' dir='ltr'>Gregorius</span> <span class='ocrx_word' id='word_1_825' title='bbox 1150 5617 1338 5675; x_wconf 84' lang='lat' dir='ltr'>Nazianzenus</span> <span class='ocrx_word' id='word_1_826' title='bbox 1349 5618 1377 5675; x_wconf 91' lang='lat' dir='ltr'>iu</span> <span class='ocrx_word' id='word_1_827' title='bbox 1388 5617 1509 5675; x_wconf 91' lang='lat' dir='ltr'>carmine</span> <span class='ocrx_word' id='word_1_828' title='bbox 1520 5616 1556 5676; x_wconf 92' lang='lat' dir='ltr'>de</span> <span class='ocrx_word' id='word_1_829' title='bbox 1567 5618 1621 5675; x_wconf 85' lang='lat' dir='ltr'>vita</span> <span class='ocrx_word' id='word_1_830' title='bbox 1633 5634 1700 5677; x_wconf 90' lang='lat' dir='ltr'>sna:</span> 
     </span>
    </p>

    <p class='ocr_par' dir='ltr' id='par_1_7' title="bbox 129 5686 933 5830">
     <span class='ocr_line' id='line_1_70' title="bbox 130 5686 933 5756; baseline -0.005 -11"><span class='ocrx_word' id='word_1_831' title='bbox 130 5688 191 5755; x_wconf 84' lang='lat' dir='ltr'>nis,</span> <span class='ocrx_word' id='word_1_832' title='bbox 206 5705 274 5753; x_wconf 86' lang='lat' dir='ltr'>usu,</span> <span class='ocrx_word' id='word_1_833' title='bbox 288 5697 316 5745; x_wconf 91' lang='lat' dir='ltr'>et</span> <span class='ocrx_word' id='word_1_834' title='bbox 329 5687 524 5745; x_wconf 89' lang='lat' dir='ltr'>consuetudine</span> <span class='ocrx_word' id='word_1_835' title='bbox 538 5689 743 5753; x_wconf 75' lang='lat' dir='ltr'>confirmatam,</span> <span class='ocrx_word' id='word_1_836' title='bbox 761 5698 792 5742; x_wconf 90' lang='lat' dir='ltr'>ut</span> <span class='ocrx_word' id='word_1_837' title='bbox 805 5701 838 5741; x_wconf 87' lang='lat' dir='ltr'>err</span> <span class='ocrx_word' id='word_1_838' title='bbox 851 5686 933 5756; x_wconf 87' lang='lat' dir='ltr'>ipsius</span> 
     </span>
     <span class='ocr_line' id='line_1_71' title="bbox 129 5756 933 5830; baseline -0.004 -15"><span class='ocrx_word' id='word_1_839' title='bbox 129 5756 312 5827; x_wconf 85' lang='lat' dir='ltr'>descriptione</span> <span class='ocrx_word' id='word_1_840' title='bbox 325 5760 492 5830; x_wconf 81' lang='lat' dir='ltr'>intelligitur.</span> <span class='ocrx_word' id='word_1_841' title='bbox 505 5759 555 5814; x_wconf 87' lang='lat' dir='ltr'>llis</span> <span class='ocrx_word' id='word_1_842' title='bbox 563 5760 674 5815; x_wconf 90' lang='lat' dir='ltr'>demum</span> <span class='ocrx_word' id='word_1_843' title='bbox 687 5758 797 5815; x_wconf 82' lang='lat' dir='ltr'>accedat</span> <span class='ocrx_word' id='word_1_844' title='bbox 809 5757 933 5813; x_wconf 88' lang='lat' dir='ltr'>delinitio</span> 
     </span>
    </p>
   </div>
   <div class='ocr_carea' id='block_1_7' title="bbox 129 5814 1885 5909">
    <p class='ocr_par' dir='ltr' id='par_1_8' title="bbox 129 5814 1885 5909">
     <span class='ocr_line' id='line_1_72' title="bbox 129 5814 1885 5909; baseline -0.002 -22"><span class='ocrx_word' id='word_1_845' title='bbox 129 5832 240 5887; x_wconf 88' lang='lat' dir='ltr'>concilii</span> <span class='ocrx_word' id='word_1_846' title='bbox 255 5831 407 5889; x_wconf 87' lang='lat' dir='ltr'>Tridentini</span> <span class='ocrx_word' id='word_1_847' title='bbox 425 5832 504 5899; x_wconf 78' lang='lat' dir='ltr'>(sess.</span> <span class='ocrx_word' id='word_1_848' title='bbox 520 5835 564 5900; x_wconf 82' lang='lat' dir='ltr'>tl,</span> <span class='ocrx_word' id='word_1_849' title='bbox 576 5846 635 5899; x_wconf 81' lang='lat' dir='ltr'>cop.</span> <span class='ocrx_word' id='word_1_850' title='bbox 648 5832 687 5901; x_wconf 76' lang='lat' dir='ltr'>e),</span> <span class='ocrx_word' id='word_1_851' title='bbox 700 5832 729 5886; x_wconf 93' lang='lat' dir='ltr'>in</span> <span class='ocrx_word' id='word_1_852' title='bbox 746 5828 806 5887; x_wconf 78' lang='lat' dir='ltr'>brec</span> <span class='ocrx_word' id='word_1_853' title='bbox 828 5830 930 5885; x_wconf 80' lang='lat' dir='ltr'>verba:</span> <span class='ocrx_word' id='word_1_854' title='bbox 984 5829 1173 5893; x_wconf 77' lang='lat' dir='ltr'>Subscribuut</span> <span class='ocrx_word' id='word_1_855' title='bbox 1192 5836 1282 5895; x_wconf 86' lang='lat' dir='ltr'>etiam</span> <span class='ocrx_word' id='word_1_856' title='bbox 1292 5837 1586 5909; x_wconf 58' lang='lat' dir='ltr'>omnicreantem.</span> <span class='ocrx_word' id='word_1_857' title='bbox 1598 5822 1786 5885; x_wconf 53' lang='lat' dir='ltr'>bernw</span> <span class='ocrx_word' id='word_1_858' title='bbox 1796 5814 1841 5865; x_wconf 58' lang='lat' dir='ltr'>&#39;W</span> <span class='ocrx_word' id='word_1_859' title='bbox 1883 5866 1885 5871; x_wconf 88' lang='lat'>-</span> 
     </span>
    </p>
   </div>
   <div class='ocr_carea' id='block_1_8' title="bbox 1072 5725 1711 5779">
    <p class='ocr_par' dir='ltr' id='par_1_9' title="bbox 1072 5725 1711 5779">
     <span class='ocr_line' id='line_1_73' title="bbox 1072 5725 1711 5779; baseline 0.002 -7"><span class='ocrx_word' id='word_1_860' title='bbox 1072 5725 1132 5775; x_wconf 79' lang='lat' dir='ltr'>visa</span> <span class='ocrx_word' id='word_1_861' title='bbox 1143 5726 1237 5777; x_wconf 90' lang='lat' dir='ltr'>etenim</span> <span class='ocrx_word' id='word_1_862' title='bbox 1250 5740 1326 5777; x_wconf 87' lang='lat' dir='ltr'>curas</span> <span class='ocrx_word' id='word_1_863' title='bbox 1335 5728 1447 5779; x_wconf 88' lang='lat' dir='ltr'>relerunt</span> <span class='ocrx_word' id='word_1_864' title='bbox 1457 5730 1585 5779; x_wconf 79' lang='lat' dir='ltr'>nocturna</span> <span class='ocrx_word' id='word_1_865' title='bbox 1591 5728 1711 5776; x_wconf 69' lang='lat' dir='ltr'>diurnas.</span> 
     </span>
    </p>
   </div>
   <div class='ocr_carea' id='block_1_9' title="bbox 0 0 1928 6152">
    <p class='ocr_par' dir='ltr' id='par_1_10' title="bbox 0 0 1928 6152">
     <span class='ocr_line' id='line_1_74' title="bbox 0 0 1928 6152; baseline 0 0"><span class='ocrx_word' id='word_1_866' title='bbox 0 0 1928 6152; x_wconf 95' lang='lat' dir='ltr'> </span> 
     </span>
    </p>
   </div>
  </div>
 </body>
</html>
