3848 6158
69 270 120 326 stt
523 268 690 327 cuttATto
709 268 779 324 tltv.
797 296 834 309 -
852 266 897 323 DE
915 269 1083 333 SPllllTALl
1101 276 1266 335 scibitis.

1669 292 1721 348 itt

68 392 167 451 messis
181 392 344 466 quibusdam
358 393 466 451 nebulis
480 393 612 463 inuoluta,
626 409 676 450 nee
686 392 864 449 subtilitatem
879 395 907 460 A
920 397 1142 468 conjecturaveris
1155 405 1264 468 (coloss.
1278 404 1322 476 ιι).
1338 407 1405 475 Quae
1421 406 1456 464 de
1469 412 1720 483 superstitionibus,

67 484 127 558 ejus
143 484 358 558 deprehendere,
371 502 423 545 nec
439 486 575 561 fulgorem
588 487 696 544 valeant
717 486 863 543 sustinere.
919 489 987 565 legis
1004 492 1078 551 dicta
1093 510 1151 552 esse
1162 512 1217 552 non
1230 495 1347 555 dubium
1359 506 1414 567 est,
1432 499 1461 555 in
1482 517 1550 573 quas
1564 504 1587 560 si
1601 505 1664 577 quis
1677 506 1720 563 iu·

68 581 124 640 Sed
133 592 163 638 ut
175 582 227 639 hoc
237 584 327 656 ipsum
341 583 416 655 quod
429 592 555 642 astruere
569 584 693 653 nitimur,
704 583 795 655 aliquo
806 583 863 640 ola·
919 584 1025 656 uiderit,
1039 590 1377 661 proculdubiomoeebatus
1389 592 1526 664 schristo,
1540 597 1575 653 ah
1585 599 1721 669 Apostolo

68 677 124 733 rius
137 676 273 749 pandatur
286 678 422 749 exemplo,
432 694 519 735 unum
531 678 595 751 leg‘s
607 676 796 733 testimonium
807 691 866 747 pre
919 693 975 735 non
985 686 1104 737 meretur
1116 682 1211 739 audire
1225 702 1232 736 :
1249 686 1384 755 bespondi
1394 689 1464 742 enim
1473 703 1519 743 uus
1531 693 1582 745 nni
1592 694 1652 747 uiro
1662 696 1721 747 uir-

66 769 160 827 tulisse
183 769 322 840 sufficiat,
343 787 392 842 per
410 771 485 844 quod
506 772 590 829 etiam
610 770 703 828 omnia
730 775 866 843 prmeepta
920 774 1008 840 pinem
1021 782 1124 831 costam
1138 777 1262 833 abhibere
1275 779 1378 835 cbristo
1389 778 1424 851 (ll
1438 782 1500 838 Cer.
1513 786 1577 852 xt);
1594 784 1641 841 sed
1654 785 1721 845 illud

66 863 186 921 coelestin
203 864 354 921 secundum
367 880 525 922 mensuram
536 873 627 923 status
640 864 725 921 nostri
735 863 769 920 ad
781 877 865 919 omne
920 865 956 922 ad
970 882 1032 924 eum
1045 868 1119 941 qued
1130 870 1253 941 sequitur
1263 886 1330 928 soce
1339 871 1462 944 ejusdem
1476 877 1603 946 Apostoli
1617 877 1720 952 dirige-

68 956 211 1013 bominum
228 972 313 1029 genus
327 957 477 1030 probemus
490 957 608 1015 extendi.
624 958 763 1029 Scriptum
782 964 825 1012 est
838 956 866 1011 in
920 966 980 1016 tur:
995 965 1083 1017 Timeo
1095 970 1185 1019 autem
1200 980 1256 1027 eos,
1271 981 1304 1020 nc
1314 970 1385 1021 ιιιιι
1396 983 1503 1038 superis
1517 973 1628 1028 seducit
1635 976 1719 1029 Euam

66 1048 124 1123 lege
137 1068 145 1103 ε
158 1051 218 1113 Neu
238 1050 418 1118 seminaberis
431 1050 615 1123 (Euodus).
632 1054 694 1108 lloc
705 1050 739 1107 ah
754 1048 867 1107 bomine
920 1057 1024 1109 astutio
1035 1070 1095 1119 sua,
1106 1059 1148 1111 itu
1157 1064 1580 1127 corrumpuntursensnseestriu
1590 1068 1717 1135 simplici·

66 1141 216 1200 camaliam
233 1143 324 1201 adbuc
344 1145 545 1203 obscenitatum
558 1146 734 1219 passionibus
745 1144 865 1219 obligato
920 1154 975 1205 tate
985 1166 1046 1219 pne
1059 1156 1097 1206 ιιι
1112 1153 1141 1206 iu
1155 1152 1260 1209 cbristo
1271 1156 1333 1208 lesu
1348 1153 1450 1221 (ibim).
1467 1154 1584 1223 Quodsi
1599 1157 1717 1215 immun·

65 1237 217 1294 seeundum
228 1238 382 1311 simplicem
395 1240 495 1297 litterae
507 1256 607 1297 sonum
618 1240 763 1298 salubriter
775 1248 866 1296 eusto-
918 1240 1014 1298 ditium
1033 1242 1114 1314 hujus
1127 1258 1236 1316 quoque
1250 1241 1439 1301 fornicationis
1453 1244 1592 1318 eilugcrit,
1609 1248 1719 1306 habebit
1786 1274 1792 1283 ·

64 1329 149 1387 ditur.
163 1332 205 1388 Ab
219 1347 254 1389 eo
266 1341 358 1389 autem
372 1333 418 1405 qui
429 1334 489 1407 jam
502 1335 536 1390 ab
551 1332 602 1389 bac
615 1334 722 1389 actione
730 1332 864 1388 lutulenta
918 1344 1044 1408 quartam
1059 1352 1120 1409 qum
1137 1337 1257 1394 haeretiei
1272 1339 1409 1409 dogmatis
1427 1338 1563 1397 adulterio
1579 1352 1717 1414 perpetra-

65 1433 93 1482 ιι
111 1425 219 1496 impuro
241 1425 366 1483 discessit
386 1424 503 1496 aflectu,
524 1435 537 1462 ⁸
555 1440 663 1482 necesse
683 1431 725 1481 est
743 1423 864 1497 idipsum
917 1436 972 1485 tur.
985 1432 1027 1485 De
1041 1446 1094 1501 qua
1109 1430 1182 1487 idem
1204 1435 1238 1487 tt.
1257 1432 1428 1503 Apostolus:
1445 1434 1629 1505 lipo,inquit,
1648 1440 1719 1505 scio,

63 1518 220 1591 spiritaliter
233 1520 380 1589 observari,
399 1529 431 1576 ut
443 1521 546 1577 scilieet
560 1536 616 1576 non
630 1520 721 1576 solum
741 1535 757 1575 a
776 1534 862 1575 omre-
917 1525 1048 1593 puiapost
1061 1524 1251 1580 discussionem
1264 1541 1353 1580 mecm
1362 1527 1504 1581 intrabunt
1517 1528 1577 1597 lupi
1586 1533 1719 1597 provesin

65 1613 164 1669 moniis
176 1612 332 1682 idolorum,
353 1613 498 1671 sedetiam
516 1614 550 1670 ab
569 1614 647 1670 omni
673 1612 864 1685 superstitione
918 1631 974 1684 tus,
992 1633 1046 1672 nou
1054 1623 1195 1689 parcentes
1202 1621 1285 1688 prepi,
1301 1624 1327 1675 et
1336 1636 1370 1674 eae
1381 1620 1456 1675 cobis
1469 1622 1535 1690 ipsis
1547 1627 1654 1690 surpuit
1663 1626 1721 1678 etri

64 1705 207 1778 gentilium
233 1715 261 1764 et
277 1708 457 1779 auguriorum
479 1706 657 1779 omniumque
681 1705 822 1778 signorum
839 1713 866 1762 et
920 1709 1055 1780 loquentes
1073 1728 1220 1781 peruersa,
1243 1716 1274 1767 nt
1292 1712 1430 1767 abducant
1446 1713 1593 1781 discipules
1612 1719 1672 1783 post
1693 1729 1720 1771 se

64 1796 172 1855 dierum
185 1815 217 1854 ac
225 1807 382 1871 temporum
395 1800 584 1856 observatione
592 1799 722 1867 discedat,
735 1800 776 1855 vel
785 1807 861 1856 certe
881 1822 905 1885 B
919 1805 1021 1871 (Actor.
1035 1805 1094 1877 xx).
1111 1808 1190 1862 llane
1203 1805 1286 1863 etiam
1301 1808 1347 1878 qui
1357 1852 1359 1856 .
1370 1806 1489 1877 potuerit
1505 1804 1659 1874 declinare,
1671 1824 1720 1865 ea-

64 1891 452 1965 nequorumdamrerborum
468 1900 516 1949 aut
529 1893 675 1948 nominum
688 1892 863 1964 conjecturis,
919 1905 1025 1954 teatne
1050 1899 1192 1956 subtiliore
1217 1908 1328 1971 peceato
1353 1898 1381 1954 in
1408 1898 1597 1956 fornicationis
1620 1902 1719 1957 vitium

65 1999 127 2055 qum
149 1985 333 2041 sinceritatem
345 1984 407 2041 fidei
427 1995 530 2042 nestrae
544 1985 688 2057 polluunt,
703 1986 862 2056 implicetur.
918 1990 1080 2058 collabatur,
1103 2006 1165 2062 quim
1183 1992 1287 2047 scilicet
1314 1992 1341 2046 iu
1364 1991 1560 2063 cogitationum
1589 2009 1718 2067 pervaga-

63 2078 124 2131 llac
137 2076 211 2133 enim
221 2077 400 2134 fornicatione
414 2079 500 2135 etiam
511 2079 663 2136 Jerusalem
682 2077 783 2135 dicitur
797 2095 865 2135 eon·
918 2084 1136 2148 tioneoonsistit,
1152 2084 1214 2155 quia
1228 2085 1322 2140 omnis
1334 2085 1462 2156 cogitatio
1480 2101 1536 2142 nen
1554 2086 1646 2143 solum
1656 2093 1716 2141 tur-

64 2176 196 2239 stuprata,
214 2186 275 2242 qrtae
293 2173 428 2238 fornicata
442 2179 481 2228 cst
498 2174 529 2226 in
542 2174 617 2227 enini
628 2172 693 2226 colle
706 2172 827 2240 sublimi,
842 2178 867 2228 et
920 2178 970 2249 pis,
986 2177 1128 2235 sedetiam
1142 2178 1241 2247 otiosa,
1257 2194 1272 2233 ι
1287 2180 1347 2233 Deo
1365 2179 1652 2251 quantulumcumque
1665 2178 1720 2235 dis-

64 2263 197 2318 sttbcmut'
207 2265 417 2333 liquescentium
433 2267 536 2338 (seren.
549 2271 608 2333 stt).
624 2269 752 2337 thuam
767 2266 866 2322 Demi·
919 2271 1035 2340 cedens,
1056 2288 1073 2329 a
1095 2270 1218 2345 perlecto
1244 2272 1303 2327 riro
1328 2270 1549 2328 immundissima
1574 2269 1719 2329 fornicatio

65 2371 116 2413 nus
128 2356 227 2412 iterum
241 2357 386 2430 increpans
405 2376 452 2432 per
466 2361 641 2433 prophetam:
654 2363 745 2424 8ιιιι,
762 2360 863 2432 iuquit,
918 2364 1076 2436 deputatur.

64 2457 90 2508 ιι
103 2454 205 2507 salvent
215 2458 240 2509 te
256 2456 447 2523 supersecuta,
461 2455 764 2525 pnieentemplabaniur
774 2454 865 2509 sideru
1208 2460 1329 2516 CAPUT
1360 2460 1427 2514 Xll.

63 2550 92 2601 et
105 2548 412 2616 supputabantmenses,
428 2554 458 2605 ut
469 2566 503 2605 ιι
515 2552 551 2605 ιιι
562 2551 760 2604 crtrtnnticrent
772 2554 864 2604 uentu-
989 2565 1181 2631 pmprpoqapg'
1197 2563 1327 2631 quomo
1339 2564 1424 2631 possse
1440 2562 1477 2615 aa
1491 2562 1647 2639 oppinum,

63 2654 97 2693 ra
110 2640 162 2694 tibi
172 2643 261 2710 (lsaic
271 2644 378 2711 nsunt).
395 2647 496 2716 Dequa
510 2642 687 2698 lornieatione
702 2651 728 2698 et
738 2642 801 2697 alibi
818 2657 864 2697 ar·
1071 2633 1240 2687 scatianum
1255 2635 1406 2687 camillum
1416 2634 1561 2701 llm'ffll‘li·

62 2745 147 2803 guens
158 2748 205 2788 eos
215 2734 364 2802 Dominus,
374 2735 413 2790 ait
429 2738 752 2805 :Spiritussmna'eationis
762 2736 865 2805 decepit
953 2741 1109 2796 Germanus
1124 2757 1131 2793 r
1148 2738 1189 2795 Ad
1204 2738 1262 2794 haee
1276 2752 1326 2809 ego
1338 2735 1443 2792 occulta
1454 2736 1573 2806 primum
1585 2750 1719 2805 cumpun-

62 2838 114 2886 eos,
133 2828 157 2879 et
170 2827 304 2891 fornicati
322 2832 384 2883 sunt
402 2831 484 2884 allec
510 2845 558 2885 suo
574 2830 641 2901 (Osa
660 2831 713 2897 tv).
732 2828 862 2899 Quisquis
917 2828 1007 2884 ctione
1031 2834 1181 2898 permotus,
1204 2842 1236 2881 ae
1258 2823 1357 2882 deinde
1379 2825 1499 2898 graviter
1522 2824 1718 2897 ingemiscens,

61 2928 129 2969 sero
149 2917 287 2984 agcmlna
299 2917 352 2972 hac
369 2918 551 2976 fornicatione
561 2921 733 2990 discesserit,
752 2919 863 2976 habebit
917 2924 999 2991 llaec,
1021 2921 1151 2994 inquam,
1174 2921 1265 2976 omnia
1287 2935 1351 2990 quae
1373 2920 1561 2991 copiosissime
1581 2918 1718 2991 digessisti

61 3005 172 3061 tertiam
186 3022 269 3077 quam
283 3006 396 3076 devitet,
404 3024 466 3079 quae
477 3010 570 3083 inlege
583 3021 610 3067 et
623 3011 756 3068 ludaismi
767 3028 863 3082 super·
918 3016 1021 3088 majora
1053 3015 1122 3069 mibi
1154 3013 1305 3069 intulerunt
1338 3010 1536 3084 desperationis
1571 3021 1716 3085 augmenta

62 3098 222 3155 stitionibus
244 3099 406 3155 continetur.
424 3102 576 3172 Dequibus
598 3105 746 3175 Apostolus
773 3107 862 3169 :llius
919 3126 999 3183 quam
1032 3108 1164 3165 hactenus
1195 3107 1372 3163 sustinebam.
1404 3106 1511 3177 Quippe
1538 3106 1582 3161 eui
1620 3116 1718 3178 praeter

62 3196 161 3271 inquit,
175 3198 322 3253 ebsemutis
332 3204 357 3253 et
370 3203 751 3270 mensesettemporactanuos
765 3202 864 3273 (Galat.
883 3216 906 3279 (ζ
920 3203 978 3259 illas
991 3202 1129 3274 generales
1140 3200 1240 3256 animm
1253 3202 1266 3234 s
1288 3199 1466 3270 captivitates,
1486 3200 1584 3270 quibus
1598 3216 1652 3255 non
1667 3200 1717 3256 du-

62 3296 119 3358 tv).
136 3295 171 3348 Et
192 3293 315 3350 iterum:
341 3297 379 3352 Ne
393 3298 522 3363 tetigeris,
546 3313 579 3351 ne
601 3299 768 3366 gustaveris,
786 3314 870 3367 neque
924 3297 979 3352 bito
990 3296 1115 3351 inllrntos
1127 3307 1251 3365 quosque
1265 3292 1365 3364 pulsari
1379 3292 1560 3361 extrinsecus,
1580 3294 1720 3365 ⁰speciale

615 3434 743 3491 AtAttttl
761 3436 873 3491 GAZAEl
891 3432 1170 3489 constristatus.

99 3562 112 3587 ²
126 3554 211 3610 Notat
222 3553 265 3609 bie
280 3564 400 3680 quatuor
411 3555 859 3629 speciosiornicationisspiritalis.
915 3556 1096 3628 perniciosum
1111 3553 1228 3625 censeri;
1245 3552 1462 3625 quandoquidem
1479 3553 1593 3609 orationi
1616 3564 1643 3611 et
1661 3572 1717 3613 me-

62 3623 155 3680 Prima
167 3625 289 3681 estidolo
300 3627 384 3694 atria;
395 3628 524 3692 secunda,
537 3629 860 3701 omnissuperstitiogen-
914 3628 1041 3683 ditationi
1058 3644 1101 3682 ma
1121 3642 1189 3681 rium
1210 3624 1307 3680 aflerat
1322 3623 1542 3693 incommodum,
1558 3642 1589 3681 ae
1605 3627 1716 3697 proinde

63 3692 165 3757 tilium,
177 3695 204 3751 ln
217 3697 338 3768 auguriis
349 3707 376 3753 et
386 3698 622 3755 observationibus
635 3700 744 3756 dicrum
754 3709 781 3756 et
791 3709 861 3757 tent·
913 3699 1009 3755 salutis
1020 3700 1091 3770 impe
1112 3700 1258 3765 imentum,
1271 3694 1338 3752 dum
1349 3710 1425 3750 mens
1437 3694 1623 3763 historiarum,
1639 3698 1717 3753 labu-

917 3769 1022 3829 larunt.
1044 3769 1216 3833 carminum,
1237 3775 1307 3835 ete,
1326 3764 1517 3821 recordatione
1540 3766 1569 3819 in
1592 3767 1716 3823 oratione

63 3780 178 3836 perum;
191 3768 280 3833 tertia,
300 3770 458 3839 superstitio
469 3769 581 3825 ludaica
594 3772 621 3825 in
635 3773 808 3827 cmremoniis
821 3772 862 3827 le-

915 3840 1083 3905 distrahitur,
1099 3850 1126 3895 et
1140 3854 1155 3893 a
1170 3837 1350 3893 sanctioribus
1363 3835 1499 3891 exercitiis
1515 3846 1541 3889 et
1555 3837 1714 3907 occupatio-

63 3835 179 3909 galibus.
191 3840 305 3907 Quarta,
315 3839 440 3894 hmresis.
458 3839 543 3894 Addit
555 3848 582 3893 et
593 3841 721 3909 quiritant
730 3843 860 3910 speciem,

63 3906 221 3979 generalem
244 3908 469 3972 fornicationem,
484 3923 545 3975 qum
560 3916 600 3961 est
622 3924 703 3962 omne
721 3917 861 3978 peecatum

101 3979 190 4049 equis
202 3982 285 4033 alleo
295 3978 427 4031 avertitur
437 3985 463 4030 et
475 3976 509 4031 ad
519 3985 671 4031 creaturam
683 3978 860 4033 convertitur.

62 3992 105 4103 a
123 4065 176 4119 qaia
191 4047 371 4102 fornicatione
384 4047 437 4100 dir.
459 4046 629 4117 Augustinus
645 4046 693 4100 lih.
711 4062 735 4101 ιι
747 4046 862 4103 Contes-

62 4117 173 4175 tionum
188 4134 248 4188 cap.
262 4122 279 4172 6
294 4136 300 4169 :
315 4118 487 4177 Fornicntur,
498 4116 595 4189 inquit,
607 4120 710 4179 ultima,
721 4134 780 4171 atem
789 4134 863 4173 αιιι-

63 4192 136 4245 titur
144 4190 232 4252 caliste,
246 4194 271 4242 ιι
281 4189 502 4256 qncetteatrate,
511 4195 680 4258 estepanum
693 4190 800 4258 lipur'aiu
810 4205 862 4245 iton

65 4261 180 4325 inuenit,
195 4261 251 4313 nisi
262 4273 323 4312 cum
333 4258 490 4313 reditadte.
504 4262 536 4313 Et
549 4259 719 4315 librocoutra
729 4259 863 4315 Adiman-

62 4338 127 4385 tum
139 4344 198 4397 ιιι).
213 4336 227 4383 ι
242 4350 248 4383 ;
262 4333 309 4385 list
323 4334 411 4383 utitem
420 4332 664 4398 animasset·rri‹mtic
675 4334 780 4387 reversio
795 4348 813 4385 a
822 4333 864 4397 fc-

63 4399 206 4455 eunalilclc
217 4402 366 4469 sapientiae,
378 4402 601 4471 etcdcuucepttmt
613 4403 863 4474 tauperuiiumillc·

63 4472 207 4527 ecbrurnm
222 4474 471 4542 corruptionumque
484 4476 627 4528 ιοιιιιιιιο.

102 4535 116 4572 ι’
130 4541 160 4597 ld
176 4550 227 4607 est,
244 4542 348 4598 innatas
360 4552 387 4597 et
399 4543 532 4613 ingenitas
547 4552 606 4597 tunt
626 4543 709 4600 animi
721 4552 782 4599 tum
797 4559 862 4599 cor-

916 3910 1015 3969 nibus,
1032 3909 1187 3980 hujusmodi
1209 3907 1443 3978 phantasmatibus
1465 3916 1605 3972 avocatur,
1628 3915 1659 3962 ut
1671 3905 1715 3963 hic

915 3978 1001 4033 abbas
1016 3980 1170 4032 Germanus
1184 3979 1211 4030 in
1228 3979 1318 4046 seipso
1332 3986 1458 4047 expertus
1472 3986 1500 4031 et
1512 3976 1607 4032 doletis
1629 3986 1713 4031 testa-

916 4055 972 4102 tur.
992 4048 1039 4101 Cui
1055 4048 1160 4101 accedit
1179 4046 1333 4117 gravissima
1348 4046 1494 4099 auctoritas
1517 4055 1543 4099 et
1557 4047 1713 4116 exemplum

915 4116 1094 4173 memorabile
1107 4116 1162 4171 div.
1177 4116 1352 4186 llieronynri,
1368 4114 1415 4184 qui
1436 4129 1465 4169 se
1478 4130 1538 4169 eam
1551 4117 1588 4170 ob
1602 4133 1714 4173 causam

915 4203 1010 4260 graves
1030 4202 1125 4257 poeuas
1150 4185 1283 4241 divinitus
1303 4184 1384 4240 luisse
1402 4196 1620 4255 commemorat,
1639 4189 1712 4259 quod

916 4258 1075 4316 Ciceronem
1094 4256 1199 4314 aridius
1211 4264 1240 4311 et
1251 4254 1424 4326 frequentius
1441 4254 1583 4323 lectitaret,
1597 4274 1654 4313 rem
1676 4260 1713 4315 ita

916 4345 1044 4385 enarrans
1056 4330 1082 4383 in
1094 4328 1209 4399 epistola
1220 4327 1253 4382 ad
1269 4325 1445 4382 Eustochium
1459 4328 1556 4397 (Epist.
1569 4330 1613 4401 20)
1626 4347 1633 4384 :
1648 4331 1713 4387 Cum

914 4405 977 4455 arete
988 4416 1072 4455 aturrus
1080 4401 1212 4469 plurimus
1224 4399 1312 4459 dorne,
1322 4399 1491 4468 pareretibus,
1501 4414 1601 4469 serore,
1613 4417 1713 4471 copem-

916 4474 961 4538 ιιι,
977 4477 1011 4535 ιι,
1026 4473 1097 4541 quud
1111 4472 1153 4525 bis
1167 4470 1310 4540 difficilius
1323 4474 1372 4532 cst,
1387 4471 1576 4526 ccmnetmiine
1589 4473 1713 4529 lautioris

914 4544 977 4605 cibi,
990 4548 1103 4612 prepter
1116 4544 1240 4597 culorum
1254 4557 1295 4595 me
1309 4557 1389 4610 reprea
1403 4546 1569 4603 castrassem,
1583 4550 1608 4596 et
1618 4546 1712 4598 llicre-

65 4610 140 4685 poris
157 4612 330 4669 infirmitates
353 4620 380 4668 et
409 4613 532 4668 miserias
554 4613 682 4670 omnibus
702 4614 863 4671 homiuibus
913 4615 1216 4683 solpruarumr'lituturns
1225 4628 1371 4683 pergerent,
1383 4612 1550 4672 bibliotheca,
1558 4613 1714 4679 cumsimilis*

64 4698 229 4739 communes
248 4684 348 4755 quibus
363 4683 440 4755 quasi
461 4683 573 4739 vinculis
587 4684 678 4739 anima
692 4684 719 4738 itt
733 4700 864 4755 corpore,
917 4688 1007 4742 Romu
1026 4700 1129 4740 summe
1149 4685 1238 4739 studio
1261 4699 1293 4736 ac
1311 4684 1402 4735 lubere
1421 4682 1597 4746 auriferorum,
1623 4696 1713 4735 carcere

65 4754 140 4811 velut
154 4754 183 4807 in
198 4770 306 4811 earcere
318 4756 426 4824 captu-a
437 4755 642 4825 constringitur,
656 4754 817 4825 deprimitur
830 4770 862 4811 ac
915 4758 1018 4809 omnino
1030 4772 1082 4809 non
1129 4760 1224 4808 terum.
1243 4757 1335 4820 ltctpaae
1354 4753 1436 4803 miser
1452 4762 1500 4815 epu
1519 4751 1635 4831 lecturus
1655 4752 1714 4805 Tul·

65 4824 221 4885 distinetur.
235 4827 419 4894 erasauimae
439 4825 609 4895 captivitates
623 4826 649 4879 in
669 4840 697 4881 se
717 4826 863 4895 deplorans
917 4828 985 4881 lium
994 4826 1092 4894 jejuna
1126 4840 1166 4887 m;
1188 4828 1248 4891 post
1264 4823 1381 4875 noctium
1393 4820 1497 4873 crebras
1512 4822 1713 4891 trinitrempost

64 4894 227 4967 Apostolus,
243 4895 358 4963 Infulis,
368 4895 415 4958 ait,
424 4898 561 4965 epobume.
571 4900 631 4966 quis
643 4912 684 4951 me
696 4896 821 4951 liberabit
830 4898 863 4951 de
876 4865 902 4926 D
917 4899 1059 4965 lacrymas,
1075 4909 1143 4963 prcus
1151 4894 1221 4946 milri
1232 4893 1429 4961 preteritorum
1440 4892 1586 4946 recordatio
1597 4898 1713 4961 peccatu·

65 4981 175 5091 ιιιῖιιι
189 4968 282 5021 utortis
296 4965 377 5035 hujus
392 4964 477 5037 (ilem.
498 4970 572 5033 vrt)?
586 4982 684 5037 easque
706 4966 800 5038 paucis
819 4966 863 5023 his
915 4983 977 5023 rum
990 4982 1025 5020 ec
1035 4968 1097 5020 imis
1107 4962 1251 5017 uisceribus
1262 4962 1382 5023 enecat,
1392 4962 1505 5017 Plautus
1515 4964 1672 5019 sumebatur
1684 4968 1712 5019 in

66 5051 114 5094 uer
134 5034 157 5092 is
171 5037 330 5107 complexus
353 5036 406 5091 dlv.
426 5038 579 5093 Bernartius
596 5040 690 5103 (serm.
705 5044 722 5092 5
737 5040 767 5092 in
788 5038 864 5094 Dedi·
918 5051 1033 5102 manns;
1045 5034 1186 5105 siquando
1199 5036 1314 5089 inmeme
1355 5048 1552 5102 sumreeersus,
1566 5036 1713 5104 Prophetas

65 5106 133 5177 tat.)
152 5124 160 5161 t
180 5110 251 5175 Quid
269 5122 371 5164 neccsse
382 5113 420 5163 est
436 5110 555 5177 singulus
567 5108 624 5178 ejus
639 5112 762 5164 miserias
776 5124 866 5164 rrume·
920 5038 1714 5179 ιιιινιιιιριιιιιι,ιιιιιιιωνιιΐαιιιωιωςιιᾳιιιιωιιι

65 5194 139 5240 sure,
153 5195 235 5247 quum
248 5182 285 5235 ιιι
292 5196 400 5235 onerosa
410 5182 538 5249 peccatis,
553 5180 651 5247 obfusa
660 5180 786 5243 tenebris,
799 5182 866 5235 irre·
920 5182 993 5235 cacis
1007 5179 1089 5234 oculis
1101 5193 1153 5233 nou
1164 5176 1286 5231 videbam
1300 5215 1307 5241 ,
1323 5190 1377 5228 riou
1390 5177 1523 5230 omniorum
1538 5177 1645 5245 culpam
1660 5190 1715 5231 csse

66 5250 397 5321 mastecebnnpmnens
406 5253 634 5321 concupiscentiis,
643 5251 866 5322 obnoniapussiu
917 5250 1061 5321 putabam,
1077 5250 1202 5305 sedselis.
1216 5246 1332 5302 llumitu
1346 5261 1387 5300 me
1396 5248 1525 5316 antiquus
1535 5248 1713 5317 serpensille·

64 5320 156 5386 uibus,
172 5322 281 5391 impletu
299 5322 475 5387 illusionibus,
487 5339 573 5393 prona
590 5338 694 5394 semper
706 5324 743 5379 ad
751 5325 863 5391 mulum
920 5322 1003 5389 deret,
1018 5322 1107 5377 mediis
1120 5318 1420 5389 (erchuudrapesimu
1430 5318 1555 5372 medullis
1569 5318 1666 5384 insum
1675 5320 1716 5385 se·

66 5392 97 5447 iu
110 5393 209 5447 uitium
222 5408 298 5447 omne
307 5394 444 5462 proclivis,
455 5400 589 5465 postremo
604 5400 687 5451 totius
699 5397 866 5463 confusionis
922 5392 978 5448 bris
985 5408 1079 5463 corpus
1084 5394 1185 5447 teremit
1191 5391 1361 5451 estensium,
1370 5395 1395 5444 ιι
1400 5389 1517 5443 sincello
1525 5391 1631 5459 reprric:
1644 5390 1717 5459 puori

64 5465 93 5517 st
105 5463 268 5532 ipueruutias
279 5464 408 5533 impleta?
920 5463 997 5519 dictu
1010 5478 1112 5533 puepue
1122 5461 1276 5517 irreredibile
1289 5462 1336 5522 sit,
1350 5462 1389 5515 sic
1400 5460 1521 5526 irrselicio
1527 5460 1648 5514 membru
1669 5460 1716 5516 de·

66 5538 90 5597 t,
103 5540 116 5568 ι
127 5534 234 5589 llorurn
251 5534 394 5590 occasione
412 5535 557 5593 verborum
578 5536 662 5608 quaeri
686 5544 778 5608 posset
798 5550 865 5590 num
917 5538 1002 5606 posta
1016 5538 1064 5601 est,
1083 5538 1114 5588 nt
1127 5532 1230 5587 ossibus
1243 5533 1291 5585 ιιι
1305 5531 1442 5586 hermem.
1462 5531 1575 5585 iuterim
1583 5536 1719 5601 parantur

65 5602 349 5688 espediatmonacbis
360 5604 470 5689 studere
490 5616 538 5689 aut
558 5608 693 5664 studuisse
711 5606 867 5687 liberalibus
920 5608 1067 5689 ensequioe,
1079 5604 1206 5659 etuilalis
1223 5604 1320 5657 anime
1334 5604 1417 5665 calor,
1433 5603 1487 5656 tote
1494 5602 1652 5687 frigescente
1669 5606 1720 5659 'um

24 5754 28 5759 Ι
64 5672 439 5761 dmiptrrirs,gnnrmsuere,
461 5677 867 5760 poetteae,·rhetorieae,plrtlo-
921 5692 1039 5747 corpore,
1050 5692 1084 5761 'tu
1095 5676 1266 5759 salutantum
1278 5678 1382 5758 tepente
1413 5674 1543 5757 ecttuculo
1607 5622 1718 5759 ἰιαίιις

65 5744 183 5818 sophin
199 5755 228 5804 et
245 5747 399 5813 sensilibus?
412 5752 533 5875 Azparet
549 5764 625 5805 enim
638 5766 671 5806 es
689 5750 741 5807 boc
765 5751 824 5805 loco
838 5748 867 5805 td
921 5762 981 5803 oum
995 5748 1191 5818 subatorcptus
1202 5750 1352 5817 suspiritu,
1409 5745 1561 5801 tribuendi
1601 5756 1721 5813 ansper-

17 5884 22 5887 ,
64 5830 125 5874 non
139 5819 224 5879 medo
236 5819 331 5885 inutile
344 5833 443 5885 monac
464 5835 492 5889 o,
505 5834 601 5877 rerum
615 5820 698 5885 etium
710 5820 826 5879 notium
841 5828 869 5877 et
922 5818 1025 5885 trabem
1038 5819 1086 5875 ubi
1098 5823 1205 5876 mettum
1215 5819 1325 5875 trutinis
1336 5820 1362 5874 ιι
1375 5820 1483 5888 tautum
1497 5821 1556 5873 ιιιι
1566 5816 1720 5871 museum·
