3848 6158
113 220 161 274 f8f
280 226 284 233 '
314 220 357 275 DE
376 219 617 278 cOEh'outettutt
636 222 762 279 isselt.
781 222 846 278 ΗΒ.
867 224 916 281 IV.
935 253 972 267 -
990 225 1034 281 DE
1054 225 1250 284 lNSTfTUTIS
1270 228 1571 286 RENUNTIANTIUM.
1717 235 1768 289 {82

109 345 254 416 Tantaque
272 343 327 401 tide
341 346 464 404 universa
484 357 631 420 procurant
643 357 724 421 atque
742 349 909 422 dispensant,
925 354 952 418 Α
966 352 1024 408 avia
1046 352 1239 425 discurrentes,
1259 364 1287 412 ct
1307 349 1320 388 b
1339 373 1474 424 eremum,
1494 374 1559 430 quae
1580 373 1673 416 versus
1692 376 1768 417 mare

109 449 144 496 ut
156 440 240 496 etiam
255 455 285 496 ea
298 456 360 512 quae
376 440 514 513 despectui
529 442 672 511 habentur,
685 459 821 517 parvaque
834 462 911 517 repu·
964 448 1107 504 Mortuum
1122 449 1253 519 tenditur,
1267 449 1408 518 obeuntes,
1430 449 1546 507 festucas
1558 460 1653 508 tenues
1664 468 1696 508 ac
1712 455 1767 525 spi·

108 541 205 591 tantur
224 534 342 605 acvilia,
357 535 380 590 si
394 535 433 591 vei
451 537 510 592 loco
524 536 671 605 moverint,
691 536 733 593 vel
751 548 910 610 competen-
964 542 1059 609 nuiss)
1084 559 1152 615 quas
1172 552 1269 601 ventus
1293 546 1346 602 huc
1369 546 1485 619 illucque
1507 546 1689 618 disperserat,
1714 563 1765 605 suo

108 626 166 684 tius
178 626 383 695 collocaverint,
398 628 549 700 sigillonem
563 644 631 701 aqua
646 630 828 702 impleverint,
841 633 862 687 si
877 648 910 688 ex
964 637 1074 693 sinuat
1094 639 1205 710 gremiis
1225 640 1390 713 colligentes,
1413 648 1541 697 cunctam
1561 642 1764 699 solemnitatem

107 735 144 777 eo
158 720 285 792 cuiquam
300 719 450 777 obtulerint
468 720 502 777 ad
521 721 684 790 bibendum,
704 724 726 779 si
739 733 849 781 tenuem
870 725 911 785 fe·
965 731 1090 788 ciborum
1100 733 1259 804 spontaneis
1272 734 1409 807 obsequiis
1422 744 1606 807 praepararent
1619 756 1626 792 ε
1641 737 1677 792 ita
1691 745 1723 794 ut
1732 738 1765 795 de

106 822 218 869 saxeam
232 811 267 869 de
281 814 401 869 oratorio
418 814 520 873 cellave
534 815 737 881 submoverint,
753 817 910 875 mercedem
964 825 1044 881 solita
1054 825 1215 898 praebitione
1227 828 1295 884 nihil
1307 837 1465 900 paterentur
1474 829 1613 897 imminui,
1625 837 1698 887 tanta
1712 832 1765 888 fide

105 921 139 963 se
150 913 372 964 consecuturosa
386 907 507 966 nomino
518 915 577 964 tota
590 907 750 966 credulitate
760 909 908 970 conadam.
965 917 1025 976 baec
1038 935 1088 976 sua
1105 920 1197 976 munia
1217 919 1350 978 fratribus
1365 921 1539 988 exhibentes,
1554 931 1586 978 ut
1603 924 1686 979 etiam
1701 941 1764 980 cum

399 1041 521 1099 CAPUT
538 1042 618 1097 XXI·
962 1012 1023 1069 illos
1037 1013 1152 1070 honeste
1166 1022 1259 1085 posset
1281 1014 1322 1071 vel
1343 1015 1479 1087 lignorum
1495 1031 1624 1072 excusare
1640 1019 1763 1089 penuria,

859 1124 861 1128 ⁴
964 1105 1004 1161 vel
1018 1106 1124 1163 abbatis
1135 1107 1291 1179 imperium,
1308 1124 1356 1181 pro
1371 1107 1462 1166 fructa
1476 1125 1526 1165 suo
1540 1118 1622 1181 atque
1635 1111 1762 1170 mercede

962 1199 1101 1257 noluerint
1114 1199 1166 1257 hac
1178 1200 1255 1257 abuti
1268 1200 1386 1260 licentia.

142 1285 399 1356 Novimusiratres,
412 1286 570 1360 inquorum
584 1287 746 1359 septimana,
759 1304 823 1346 eum
836 1289 907 1346 acci·
1244 1305 1366 1363 cgpup
1379 1306 1475 1362 xxx),

104 1378 193 1437 disset
205 1387 280 1436 tanta
297 1378 432 1452 lignomm
451 1380 571 1451 penuria,
590 1388 622 1437 ut
641 1396 697 1436 non
711 1391 782 1438 esset
803 1382 908 1455 penitus
961 1404 1000 1457 pe
1012 1403 1197 1473 ,29ng
1212 1408 1285 1472 typo,
1301 1406 1349 1473 qm·
1368 1409 1408 1458 ρει
1426 1418 1505 1473 supe,
1517 1403 1684 1473 median),
1698 1405 1761 1472 spa.

103 1471 183 1529 unde
195 1471 267 1529 soliti
287 1472 343 1528 cibi
362 1470 495 1528 fratribus
510 1479 681 1543 pararentur,
693 1481 722 1529 et
739 1471 826 1530 donec
844 1489 906 1547 pos·
1181 1479 1253 1529 trum
1265 1480 1381 1531 statutus
1394 1476 1536 1545 obsequiis.
1770 1475 1782 1500 ·

102 1574 168 1624 sent
184 1574 311 1638 coempta
325 1564 434 1631 deferri,
449 1573 481 1622 ut
499 1566 584 1622 cruda
597 1565 774 1634 comestione,
793 1582 855 1639 quae
868 1569 907 1625 di·
997 1576 1065 1631 ilaec
1081 1572 1224 1633 dictasint
1242 1576 1394 1634 secundum
1415 1584 1526 1649 typum,
1541 1585 1573 1633 ut
1590 1576 1696 1650 prefati
1715 1592 1760 1634 su-

102 1661 178 1718 eitur
195 1664 210 1696 ¹
230 1659 406 1733 xerophagia,
427 1661 546 1717 contenti
564 1669 663 1728 essem,
685 1661 792 1719 abbatis
811 1661 907 1720 fuisset
959 1683 1033 1737 mus,
1046 1669 1129 1726 totius
1139 1670 1260 1727 Orientis
1273 1688 1281 1725 z
1293 1686 1376 1743 quem
1389 1672 1472 1728 etiam
1483 1672 1511 1726 in
1523 1672 1645 1744 partibus
1655 1673 1760 1729 neuris

101 1755 267 1812 auuontate
286 1763 465 1827 praeceptum,
482 1763 607 1827 essetque
627 1755 679 1811 boc
699 1755 832 1814 universis
845 1757 903 1829 pla·
923 1763 1113 1839 Bnecessario
1136 1763 1251 1820 dicimus
1273 1762 1373 1820 debere
1392 1765 1504 1820 servari.
1528 1767 1664 1821 Caeterum
1686 1765 1758 1837 apud

101 1851 202 1918 citum,
214 1865 267 1906 nec
285 1851 429 1922 quisquam
444 1857 537 1922 posset
552 1849 639 1906 ullum
652 1850 782 1907 coctionis
796 1865 905 1924 sperare
957 1855 1109 1928 AEgvptios,
1124 1855 1224 1928 quibus
1239 1856 1359 1913 maxima
1378 1873 1444 1912 cura
1463 1866 1505 1913 est
1523 1857 1624 1928 operis,
1643 1874 1700 1914 non
1714 1867 1756 1914 est

101 1943 289 2017 pulmentum,
302 1944 363 1999 illos
375 1943 449 2000 velut
463 1944 508 2015 qui
524 1941 614 1999 fructu
627 1957 659 1998 ac
671 1941 797 1999 mercede
810 1944 852 2000 sui
865 1944 904 1999 la·
958 1946 1192 2004 hebdomadarum
1206 1959 1300 2005 mutua
1312 1949 1482 2014 vicissitudo,
1496 1966 1530 2006 ne
1542 1951 1593 2006 sub
1612 1951 1756 2008 occasione

102 2038 181 2096 boris
194 2047 222 2095 et
234 2037 357 2110 obsequii
370 2036 570 2107 fraudarentur,
583 2037 606 2093 si
619 2037 646 2093 in
659 2036 755 2094 ordine
768 2038 834 2094 sicis
846 2052 905 2095 susa
958 2039 1039 2112 huJ'us
1054 2039 1136 2096 officii
1153 2056 1248 2097 omnes
1268 2042 1303 2097 ab
1322 2041 1414 2113 operis
1426 2057 1531 2098 cauom
1549 2043 1734 2116 impediantur
1747 2065 1753 2101 :

102 2131 181 2190 cibos
196 2131 327 2189 fratribus
340 2147 397 2189 non
414 2131 803 2190 secundumconsuetudinem
823 2147 904 2205 para-
957 2134 1006 2191 sed
1023 2134 1069 2189 uni
1084 2134 1278 2206 probatissimo
1300 2133 1416 2191 fratmm
1433 2136 1544 2203 cellarii,
1561 2137 1602 2192 vel
1619 2139 1755 2208 coquinae,

102 2226 221 2291 sissent,
230 2233 338 2282 tantum
350 2225 400 2282 sibi
411 2225 557 2298 spontanei
570 2226 661 2298 operis
673 2241 705 2283 ac
715 2226 904 2283 sollicitudinis
956 2244 1021 2285 cura
1043 2229 1234 2296 committitur,
1258 2229 1305 2300 qui
1327 2237 1457 2301 perpetrm
1479 2230 1568 2285 donec
1592 2229 1662 2285 vires
1684 2231 1754 2301 eius,

104 2319 246 2385 indixisse,
262 2329 295 2377 ut
312 2319 340 2375 in
355 2320 407 2375 iltis
422 2319 503 2375 aridis
515 2335 547 2376 ac
559 2319 696 2376 sterilibus
709 2319 785 2388 locis,
801 2320 830 2377 in
843 2320 903 2392 qui·
956 2321 998 2377 vel
1012 2329 1078 2378 aetas
1096 2321 1228 2387 admittit,
1243 2321 1345 2394 jugiter
1361 2336 1430 2393 opus
1452 2320 1524 2377 istud
1543 2329 1676 2378 exerceat.
1692 2324 1754 2378 Non

102 2411 157 2469 bus
175 2411 257 2486 ligera,
276 2412 330 2470 nisi
350 2413 384 2469 da
399 2412 547 2470 fructiferis
566 2412 711 2469 arboribus
731 2413 902 2483 excidantur,
955 2416 1029 2472 enim
1043 2430 1142 2489 magno
1158 2417 1249 2474 labore
1261 2418 1384 2489 corporis
1395 2417 1535 2492 fatigatur,
1548 2418 1594 2490 qui
1613 2434 1665 2475 nec
1678 2426 1752 2475 tauta

103 2507 272 2564 omnimodis
290 2515 429 2579 nequeunt
452 2507 565 2563 inveniri
587 2513 652 2574 (nec
672 2507 757 2576 enim,
778 2517 810 2565 ut
829 2509 903 2582 apud
954 2525 1019 2567 cura
1039 2510 1110 2567 inter
1128 2526 1177 2568 eos
1195 2510 1380 2583 parandomm
1400 2511 1537 2576 ciborum,
1553 2512 1594 2569 rel
1612 2513 1752 2576 mmonis,

102 2614 164 2672 nos,
176 2600 233 2658 ulla
247 2602 423 2675 reperiuntur
441 2599 541 2658 fruteta
560 2601 710 2669 silvestria)
727 2618 775 2674 per
793 2610 902 2659 extenta
954 2603 1131 2678 impenditur,
1151 2606 1252 2678 quippe
1273 2605 1322 2679 qui
1340 2606 1460 2663 maxima
1478 2609 1491 2639 ⁰
1509 2605 1692 2678 xerophagiis,
1710 2606 1751 2660 vel

647 2710 777 2765 strabi
796 2710 910 2768 GazAEt
927 2711 1207 2769 COMMENTARIUS.

135 2820 226 2877 ·taoc
244 2827 297 2887 est,
311 2818 391 2876 siccis
410 2825 438 2874 et
455 2816 636 2875 crudiscibia-
659 2818 729 2873 Nem
749 2816 897 2901 ξηροφαχεῖν
951 2818 1127 2886 stisaccedit,
1142 2819 1220 2893 cujus
1234 2818 1463 2877 haecsuntverba
1482 2819 1630 2876 subtinem
1647 2817 1695 2874 fib.
1710 2832 1750 2875 ru
1808 2855 1810 2859 ,
1885 2830 1889 2835 ·

102 2892 326 2957 ¹estsiccascecas
337 2890 426 2956 edere,
439 2890 506 2945 cibis
518 2888 682 2945 aridioribus
699 2889 747 2955 uti,
761 2889 898 2946 ueletiam
951 2901 1047 2947 contra
1067 2890 1185 2947 haereses
1202 2895 1274 2948 :Per
1288 2893 1335 2947 hos
1356 2907 1404 2946 sec
1423 2892 1481 2947 dics
1503 2891 1624 2959 (scilicet
1643 2890 1750 2946 bebdo-

101 2962 192 3022 crudis
204 2973 233 3020 et
246 2963 370 3027 incoctis,
383 2972 414 3016 ut
424 2976 456 3017 ex
470 2960 524 3017 hoc
538 2961 599 3016 loco
614 2959 757 3031 colligitur.
771 2961 841 3016 Nam
856 2960 897 3018 id·
951 2963 1040 3019 madae
1054 2967 1169 3029 sauctae)
1183 2979 1270 3019 aarum
1280 2963 1378 3034 populi
1390 2965 1420 3018 in
1432 2965 1560 3019 nocuum
1573 2979 1619 3018 esu
1627 2976 1750 3032 persece-

66 3038 69 3043 ’
101 3035 174 3093 cirac
186 3033 351 3106 xerophagia
365 3039 509 3088 contentos
522 3047 580 3088 esse
588 3031 703 3104 jubebat
717 3030 811 3099 abbas,
825 3032 898 3103 qrtod
951 3037 1026 3097 rant,
1044 3049 1125 3105 pane,
1144 3035 1267 3105 inaquam,
1282 3035 1384 3096 etsufe,
1399 3038 1508 3103 stoque
1522 3036 1696 3088 lucescentes
1713 3032 1751 3086 od

161 1164 201 1217 De
213 1163 356 1230 spontanea
370 1159 546 1230 quuumdem
562 1160 682 1226 trunam
695 1163 854 1218 miraistuu'o.

100 3103 172 3178 ligna
186 3122 243 3161 non
256 3112 431 3176 suppeterent
444 3102 478 3157 nd
489 3102 645 3174 coquendos
660 3101 745 3158 cibos.
764 3101 846 3158 Unde
857 3102 897 3170 ξη·
951 3120 1096 3176 uesperam.
1121 3106 1207 3161 Porro
1235 3102 1311 3161 fuere
1340 3105 1421 3160 etiam
1446 3104 1582 3160 haereticis
1603 3102 1750 3230 Keculiares

101 3178 222 3248 poqeqtav
241 3175 425 3232 Tertullianus
443 3173 533 3230 aridas
553 3188 638 3240 escas,
653 3173 821 3245 Epiphanius
843 3175 895 3230 sic·
951 3175 1125 3246 xerophagiae
1140 3190 1202 3232 seru
1223 3176 1298 3232 close
1317 3174 1465 3231 &modum
1480 3174 1514 3230 ab
1533 3175 1603 3231 niso
1623 3182 1748 3243 servatae,

97 3263 199 3304 corum
215 3262 303 3313 uum,
324 3246 475 3301 Rhenanus
495 3243 634 3300 aridorum
659 3245 794 3299 esculenta
816 3245 898 3300 inter·
914 3241 938 3304 C
952 3261 1021 3317 quas
1033 3246 1104 3301 idem
1118 3192 1299 3302 Tertullianus
1317 3246 1344 3300 iu
1362 3246 1482 3301 Montani
1501 3254 1604 3300 sectam
1616 3243 1748 3300 abductus

100 3326 237 3391 pretatur.
257 3319 319 3374 Fuit
343 3317 396 3373 hoc
419 3331 504 3385 genus
523 3313 708 3379 abstinentiae,
732 3329 781 3370 seu
801 3314 897 3386 jejunii
952 3325 1048 3371 corrtra
1068 3316 1216 3372 catholicos
1237 3317 1406 3388 pertinaciter
1427 3316 1548 3372 defendit
1570 3316 1640 3381 (Ubi
1654 3331 1745 3385 utun,

99 3388 248 3445 strictioris
265 3397 292 3444 et
310 3387 480 3454 austerioris,
502 3401 557 3457 quo
570 3401 624 3441 uon
637 3386 755 3440 soluma
772 3386 897 3442 carnibus
950 3404 1011 3457 cup.
1029 3391 1072 3453 t),
1087 3402 1186 3459 easque
1200 3387 1328 3443 describit
1346 3387 1386 3442 his
1409 3387 1497 3442 verbis
1520 3406 1527 3441 2
1552 3389 1678 3455 Arguunt
1699 3403 1746 3442 suos

99 3467 128 3515 et
145 3460 221 3527 vino,
244 3474 335 3515 rerum
355 3457 467 3514 etiama
486 3454 603 3529 piscibus
617 3455 715 3511 etaliis
733 3455 802 3511 cibis
815 3455 894 3528 juru-
950 3459 1066 3525 (scilicet
1079 3456 1219 3527 catholici)
1232 3460 1303 3528 quod
1315 3459 1494 3528 ceroplastas
1513 3458 1675 3513 obser-cemus
1691 3460 1745 3513 sie-

98 3530 179 3587 lentis
192 3539 220 3585 et
230 3531 392 3587 succulentis
404 3529 598 3590 abstinebatur,
609 3536 637 3583 et
650 3527 708 3583 solo
718 3542 787 3598 pane
798 3537 826 3584 et
838 3530 895 3584 sals
947 3534 1035 3585 aarum
1049 3530 1135 3585 udum
1146 3529 1180 3583 ab
1193 3532 1266 3585 omni
1279 3545 1367 3591 canu,
1382 3534 1408 3585 et
1416 3530 1579 3599 junctente'o,
1591 3534 1617 3584 et
1628 3529 1746 3583 uiridio-

98 3604 175 3673 (quas
194 3601 330 3659 siccorum
348 3600 479 3657 vocabulo
501 3599 608 3671 proprie
629 3598 847 3668 intelliguntur),
867 3609 895 3656 et
946 3602 1022 3655 ribus
1036 3615 1137 3670 quoque
1149 3602 1245 3670 percu,
1261 3616 1294 3655 ne
1309 3601 1376 3683 quid
1395 3601 1548 3655 cirmsitutis
1562 3600 1682 3668 mamm,
1697 3606 1746 3655 cut

98 3672 191 3729 crudis
205 3671 297 3729 berbis
314 3673 341 3728 in
356 3685 459 3738 escam,
478 3679 505 3725 et
520 3686 590 3742 aqua
605 3669 633 3725 iu
653 3678 760 3741 potum,
776 3670 816 3726 uti
833 3686 894 3726 mos
943 3677 1074 3742 polemeus.
1090 3671 1195 3741 Quibus
1214 3672 1302 3728 verbis
1316 3671 1432 3726 radicare
1446 3670 1550 3726 videtur
1566 3671 1744 3727 hlontanista-

98 3752 166 3800 arat.
180 3742 346 3816 Huiusmodi
360 3741 537 3824 xerophagias
547 3743 607 3812 jam
622 3741 684 3796 inde
704 3741 737 3796 ab
755 3738 894 3812 apos'tclo-
946 3759 1009 3798 rum
1022 3741 1169 3813 ξηροφαγῐας
1180 3742 1335 3813 hujusmodi
1348 3741 1441 3808 fuisse,
1454 3749 1485 3797 ut
1496 3757 1552 3797 non
1563 3742 1652 3798 solum
1667 3741 1746 3796 slecis

97 3828 159 3871 ttrtn
167 3814 340 3886 temporibus
349 3814 420 3869 inter
429 3812 597 3868 (irrrstianos
610 3813 722 3868 usitatus
735 3810 819 3867 fuisse
828 3827 893 3867 con·
946 3822 994 3869 aut
1011 3815 1103 3870 crudis
1123 3812 1191 3868 cibis
1210 3821 1393 3881 vescerentur,
1413 3827 1506 3868 rerum
1528 3813 1622 3877 etiam,
1643 3817 1671 3865 et
1689 3825 1745 3890 non

97 3885 464 3953 stettiiorom'usudcnaum
480 3884 742 3951 discutientibus
758 3886 893 3938 Vitueon-
945 3885 997 3941 uisi
1020 3884 1144 3941 exsuccis
1163 3893 1192 3940 et
1214 3885 1320 3955 penitus
1341 3883 1498 3943 exsiccatis:
1523 3882 1598 3936 omui
1621 3879 1745 3935 videtrcer
1814 3882 1824 3899 ·

98 3960 190 4029 ternpt.
199 3958 329 4028 supplem.
341 3962 372 4020 ες
383 3958 491 4011 Hieron.
500 3956 533 4010 tle
542 3955 731 4024 Script.Eacl.;
740 3955 768 4007 in
775 3952 892 4017 Philone,
945 3971 1028 4012 succo
1038 3972 1071 4010 ex
1082 3956 1170 4027 pomis
1179 3954 1260 4011 etiarn
1270 3964 1297 4011 et
1308 3954 1427 4010 oleribus
1436 3967 1564 4024 expresso
1577 3958 1604 4006 et
1613 3957 1743 4007 extracto.

99 4026 145 4082 hh.
159 4043 183 4084 at
200 4029 270 4084 illst.
283 4042 343 4097 cap.
356 4028 416 4096 16).
432 4027 501 4082 Nam
515 4025 544 4081 in
556 4024 653 4097 primis
665 4023 745 4095 hujus
756 4021 895 4078 abstinen-
947 4028 1049 4081 Verum
1069 4024 1142 4095 apud
1161 4024 1311 4081 catholicos
1326 4026 1470 4095 scriptores
1483 4036 1538 4077 non
1554 4035 1743 4083 exsuccorum,

98 4099 145 4154 tie
166 4098 247 4169 primi
266 4098 305 4152 illi
323 4107 431 4164 ascetae,
449 4113 497 4152 seu
518 4096 685 4167 therapeutas
706 4091 892 4160 Alexandrini,
946 4097 994 4151 sed
1009 4096 1143 4152 siccorum
1161 4111 1227 4150 usus
1248 4104 1276 4152 et
1290 4110 1353 4150 esus
1371 4092 1562 4149 tautummodo
1577 4099 1746 4147 memoratur

98 4185 216 4261 quonam
229 4184 320 4224 mores
334 4183 380 4223 seu
395 4169 513 4223 instituta
530 4166 607 4223 Philo
618 4163 758 4232 describit,
771 4178 895 4237 quosque
947 4174 974 4220 et
988 4165 1205 4221 commendatur.
1515 4234 1517 4239 Ι

98 4240 319 4307 spumasque
333 4240 362 4295 S.
383 4238 466 4294 Marci
484 4236 548 4294 disci
570 4237 629 4293 ulos
644 4234 727 4293 fuisse
740 4239 776 4292 1).
792 4235 894 4291 fliero-
982 4230 996 4269 l
1017 4240 1059 4292 De
1082 4236 1134 4291 hac
1154 4250 1247 4290 eremo
1264 4243 1292 4290 et
1306 4232 1375 4289 mari
1391 4235 1502 4290 Mortuo
1524 4232 1585 4289 eide
1601 4238 1694 4289 notata
1710 4231 1745 4289 ad

96 4253 832 4434 aymusasserit,exemplueraeguere,Kotissimum
847 4321 893 4389 sa-
948 4308 1142 4378 collantlcap.
1161 4313 1186 4361 t.
1234 4376 1240 4389 ι
1507 4376 1513 4390 ⁸
1707 4376 1713 4388 ι

96 4382 151 4438 cais
172 4382 310 4454 pessimis
329 4380 473 4437 dominieae
505 4380 593 4444 iebus,
610 4379 655 4449 qui
678 4393 710 4433 us
729 4386 758 4433 ut
778 4392 812 4432 ex
827 4376 894 4433 Phr·
982 4381 1082 4434 ‘luter
1093 4377 1288 4449 xerophagiam
1302 4386 1330 4433 et
1348 4376 1562 4450 homophagtam
1575 4389 1672 4449 pamm
1686 4375 1745 4433 drs-

95 4451 160 4509 lons
178 4452 263 4510 refert
279 4453 422 4518 Eusebius,
436 4453 528 4505 atinum
545 4451 651 4503 omnim
669 4463 722 4502 non
739 4450 892 4517 querebant,
946 4448 1067 4505 criminis
1087 4464 1120 4504 ex
1137 4457 1230 4505 mente
1251 4450 1377 4505 sucum
1395 4465 1454 4506 esse
1472 4449 1589 4516 videtur,
1608 4455 1639 4503 ut
1651 4462 1684 4503 ex
1702 4448 1747 4503 di-

95 4524 379 4586 tumescentibus,
389 4538 436 4577 rue
445 4523 536 4591 aliquo
545 4535 636 4589 ponere
644 4519 813 4582 abnuerem,
824 4521 894 4589 meod
946 4521 997 4577 ctis
1016 4520 1163 4591 colligitur.
1176 4521 1246 4575 Nam
1264 4521 1398 4593 ὠμοφαγίαι
1412 4519 1511 4577 crudos
1531 4528 1558 4576 et
1571 4521 1694 4576 incoctos
1706 4519 1747 4574 ci-

94 4590 932 4720 essstsoupuinigrorfioeps,saesoemmur3etmlomwitlisD
948 4591 1009 4658 bos,
1024 4601 1070 4647 aut
1084 4606 1181 4648 eorum
1194 4606 1272 4647 mum
1289 4592 1429 4661 signifieat.
1444 4592 1527 4649 Unde
1538 4591 1684 4663 ὡμοφαγός,
1700 4591 1746 4661 (tui

186 4670 261 4721 erut·
282 4682 295 4721 s
323 4670 375 4720 eet
394 4666 505 4734 hyssopo
517 4679 567 4733 pro
584 4663 689 4717 obsonio
709 4665 734 4716 et
744 4677 816 4732 purte
832 4667 893 4716 ute-
945 4663 1037 4719 crudis
1060 4662 1176 4719 vescitur
1196 4680 1203 4716 :
1226 4664 1378 4735 cujusmodi
1399 4674 1475 4719 erant
1494 4664 1578 4727 olera,
1599 4677 1648 4717 seu
1669 4662 1748 4730 legu-

195 4777 203 4792 .
220 4739 314 4792 Exstat
332 4737 415 4790 etiam
429 4733 572 4791 decretum
586 4733 768 4804 apostolicum
785 4732 818 4787 B.
835 4734 894 4788 Cle·
946 4735 1032 4800 mina,
1047 4733 1147 4804 quibus
1168 4731 1313 4790 dumtaxat
1326 4735 1382 4791 sale
1400 4734 1528 4798 corrditis,
1540 4742 1589 4788 aut
1602 4746 1670 4802 aqua
1685 4746 1745 4783 nta-

90 4808 195 4864 mentis
207 4806 344 4876 pontificis
357 4806 407 4862 lib.
429 4820 448 4861 v
465 4805 612 4861 consutut.
628 4802 753 4873 Apostol.
769 4817 830 4874 cap.
848 4811 891 4869 19,
946 4805 1070 4869 defectis,
1085 4812 1112 4859 et
1125 4804 1239 4859 subinde
1253 4805 1333 4860 etiam
1348 4806 1462 4861 incoctis
1478 4812 1506 4858 et
1520 4802 1612 4858 crudis
1630 4800 1746 4856 uteban-

91 4873 896 5006 stalariis?‘thirttttl'l‘tutistertit
943 4875 1478 5016 γ11111·1111·1111111Ῑέ11ξὲ1,1111111
1492 4870 1746 5009 'ill-''uflill'

93 5020 171 5088 rino,
184 5020 305 5092 idipsum
316 4990 411 5075 ’inultis
423 5017 565 5089 scripturis
576 5015 759 5087 comprobans
771 5015 893 5086 ejusdem
947 5015 1047 5086 iuquit,
1063 5019 1090 5070 et
1106 5021 1174 5085 potu
1185 5020 1267 5077 taceo,
1281 5018 1437 5070 nemetiam
1450 5017 1606 5083 uouemus
1625 5015 1749 5069 mmmcln'

92 5090 144 5149 lfb.
154 5107 216 5161 cap.
230 5098 277 5158 st,
290 5100 372 5173 atque
385 5092 443 5162 ejus
455 5089 493 5145 rei
508 5088 614 5161 praxim
628 5091 653 5141 iu
665 5088 697 5140 B.
713 5090 793 5142 Petm
806 5102 896 5142 recen·
947 5103 1020 5156 aqam
1029 5080 1412 5155 lugedcutcntunetcoctum
1421 5085 1527 5156 aliquid
1535 5086 1747 5156 occepuselucu-

90 5177 167 5230 une,
189 5163 422 5234 Recognitronum
437 5161 487 5217 lib.
511 5174 568 5214 vrr.
590 5157 645 5213 Sed
666 5166 694 5213 et
714 5157 895 5213 Tertullianus
949 5162 993 5212 sic
1004 5159 1050 5213 sit.
1066 5159 1100 5212 Et
1110 5156 1145 5213 de
1158 5157 1297 5213 llilarione
1308 5158 1411 5224 scribit,
1423 5175 1441 5212 o
1454 5159 1581 5225 arpenno
1595 5160 1694 5228 quarto
1708 5173 1747 5210 u-

92 5236 167 5299 (tto.
181 5234 216 5289 dc
224 5234 331 5304 fumun
343 5248 367 5288 c.
382 5239 394 5288 t
411 5240 440 5288 ot
449 5237 479 5295 a)
488 5229 712 5301 xerophagiarum
725 5236 753 5284 et
765 5229 818 5283 uini
830 5228 896 5283 abs·
949 5229 1015 5284 tatis
1027 5243 1097 5283 cuno
1110 5243 1194 5299 usque
1207 5228 1245 5282 od
1255 5231 1410 5298 uiqesimm
1421 5232 1574 5299 septimum,
1584 5244 1684 5300 panem
1695 5232 1748 5282 acl

91 5305 218 5363 matisc
229 5302 448 5377 antiquissimam
463 5301 621 5373 religionem
634 5299 754 5355 ostendit
767 5299 897 5367 exemplis
949 5300 1014 5355 dum
1025 5316 1084 5355 uem
1094 5301 1152 5355 sule
1166 5304 1191 5355 et
1204 5315 1277 5369 uque
1290 5301 1431 5356 comedisse
1443 5303 1498 5366 (Eu
1515 5298 1704 5372 xerophagia).
1721 5302 1747 5356 A

92 5376 214 5433 lienielis
230 5383 259 5431 et
277 5374 418 5432 sodomm
433 5375 500 5438 e'us,
516 5372 592 5437 Elian,
608 5369 731 5437 Davidis,
752 5369 894 5431 Samuelis.
948 5374 1075 5440 utquimo
1088 5376 1180 5426 euleu
1193 5373 1304 5440 sepum
1318 5386 1402 5441 suque
1419 5373 1457 5427 od
1471 5373 1643 5434 incursuum,
1661 5371 1747 5426 herbis

93 5447 226 5511 heronis,
247 5445 353 5502 Psulin
374 5446 464 5512 ostoli,
480 5459 512 5500 ac
529 5441 666 5498 Timothei
688 5441 747 5513 ejus
762 5440 894 5511 discipuli.
949 5442 1748 5512 agrestibusetuirqultorumquontmdumrodr'cibuserudr's

93 5518 248 5575 Concilium
270 5518 338 5573 item
393 5515 538 5572 odicenum
554 5521 616 5568 ante
630 5528 717 5568 annos
735 5512 808 5568 mille
821 5511 896 5568 cele·
950 5513 1004 5582 (eu
1024 5513 1205 5597 homophagia
1227 5513 1335 5638 groprie
1349 5513 1433 5579 dicta)
1453 5516 1541 5581 ruisse
1558 5517 1747 5569 sustentatum.
1857 5518 1860 5523 '

92 5588 216 5657 uratum
230 5604 336 5645 canone
350 5593 396 5653 50,
409 5588 447 5643 sic
463 5585 559 5642 statuit
575 5605 581 5639 ι
597 5584 640 5637 δεῖ
654 5581 897 5649 semermem-
950 5583 1077 5656 Denique
1098 5584 1126 5640 iu
1147 5588 1206 5641 tha
1249 5583 1410 5641 .Pachomii
1431 5586 1513 5656 (Cup.
1535 5590 1595 5652 te),
1613 5584 1748 5654 quaerenti

92 5659 220 5731 ραωιὴν
229 5659 358 5727 νηστεύειν
371 5659 580 5730 ξηροφαγοῡντας,
594 5655 650 5710 boc
662 5664 713 5721 est,
726 5662 835 5739 oportet
846 5670 897 5727 nos
950 5655 1101 5712 Pachomio
1121 5672 1170 5713 cur
1191 5670 1294 5726 coquus
1309 5671 1356 5727 per
1369 5656 1472 5727 aliquot
1493 5670 1601 5712 menses
1615 5654 1688 5709 olera
1708 5656 1748 5709 ret

91 5737 188 5787 totam
206 5730 442 5803 quadragesimam
453 5728 577 5813 jejuuare
597 5726 716 5797 xeropha
736 5727 769 5781 its
781 5734 896 5780 utentes.
950 5726 1086 5798 legumina
1100 5726 1225 5783 frutribus
1235 5743 1290 5782 non
1301 5728 1437 5783 coxisset?
1450 5726 1591 5797 respondit
1600 5724 1646 5780 illc
1658 5742 1665 5780 ε
1679 5725 1750 5807 (tuin
1801 5718 1820 5775 Ι

90 5800 222 5888 Denique
232 5801 400 5885 Bpipfnnim
413 5800 495 5873 hujus
505 5797 704 5859 observationis
718 5742 840 5877 locuples
852 5804 896 5853 ts-
949 5798 1084 5871 quidquid
1090 5799 1292 5884 coquebamucu
1301 5796 1750 5879 mourmeboturofmtrrbrts,quso
