3848 6158
106 263 160 317 sta
489 266 658 326 contestu
679 273 699 325 Ι.
719 299 754 311 -
773 272 817 327 DE
836 272 990 333 trusseth
1010 278 1218 336 lNTENTIONE
1238 283 1280 338 ΑΟ
1301 285 1388 341 r‘th'u.
1712 295 1763 347 hil

104 385 174 443 bere
202 384 359 459 spiritaliter
382 388 528 449 observare
555 395 724 467 evangelicus
754 412 845 456 sermo
860 400 911 457 sub
924 405 951 468 Α
966 401 1002 459 illi
1016 419 1125 476 quoquc
1140 405 1256 479 decepti,
1269 409 1316 481 qui
1335 418 1398 481 post
1410 408 1609 480 professionem
1622 413 1762 482 monachi,

103 479 191 554 hrrjus
215 480 334 538 nominis
359 482 529 543 demonstrat
556 490 688 563 exemplo.
712 491 853 563 Primum,
883 503 913 552 ut
965 497 1055 553 nitore
1071 499 1216 568 sermonis,
1232 507 1259 558 et
1278 500 1441 572 quibusdam
1456 512 1522 559 sunt
1537 502 1763 576 philosophomm

104 571 240 646 quidquid
251 573 383 633 cordibus
397 580 500 636 nostris
512 580 665 654 irrepserit,
680 584 721 641 rel
739 584 762 641 si
773 586 848 657 quod
859 602 912 644 no·
965 591 1139 664 dogmatibus
1151 593 1242 663 illecti,
1260 611 1321 668 quar
1335 599 1424 669 prima
1438 596 1529 656 fronte
1539 599 1589 672 piis
1601 598 1764 672 quibusdam

105 663 148 722 bis
160 664 262 740 dogma
275 666 359 725 luerit
375 669 577 739 intromissum,
599 681 758 733 utrumnam
771 677 809 734 tit
820 677 911 735 divino
965 687 1091 745 sensibus
1111 704 1143 745 ac
1155 689 1277 763 religioni
1295 692 1426 748 consonis
1443 692 1598 762 audientes,
1613 694 1687 750 velut
1706 693 1764 750 auri

104 757 155 817 illo
169 768 197 817 et
215 761 320 820 coelesti
335 763 449 837 Spiritus
468 769 557 824 sancti
578 769 640 843 igne
656 781 811 845 purgatum,
828 789 863 830 an
876 776 911 833 ad
965 779 1070 853 fulgore
1090 781 1220 849 fallentia,
1243 800 1311 857 quas
1335 787 1419 844 semel
1444 788 1586 860 superficie
1605 789 1761 859 illexerant,

105 855 250 914 iudaicam
264 859 489 932 superstitionem
501 863 651 936 pertinens,
664 881 712 924 seu
726 867 761 925 de
773 868 912 925 secularis
964 874 1038 932 velut
1058 877 1269 935 numismatibus
1288 880 1367 937 tersis
1388 879 1519 953 falsisque
1539 882 1682 954 deceptos,
1704 897 1765 954 per·

105 950 287 1027 philosophiae
297 960 408 1012 tumore
421 956 600 1030 descendens,
612 961 639 1018 in
650 961 793 1035 superficie
803 973 910 1022 tuntum
964 971 1045 1034 petua
1064 964 1154 1023 nudos
1172 982 1204 1023 ac
1222 968 1340 1024 miseros
1353 968 1541 1037 reddiderunt,
1556 973 1599 1026 vel
1619 971 1653 1028 ad
1672 972 1764 1028 saeculi

106 1045 236 1120 praeferat
278 1048 424 1122 pietatem,
463 1051 668 1125 diligentissime
700 1066 910 1128 perscrutemur.
964 1070 1011 1112 eos
1024 1058 1166 1130 strepitum
1181 1068 1349 1130 revocantes,
1365 1056 1429 1117 velb
1444 1062 1479 1118 ad
1497 1062 1641 1120 haereticos
1657 1080 1764 1122 errores

106 1140 190 1211 Quod
202 1141 240 1199 ita
251 1144 404 1216 poterimus
419 1145 544 1218 implere,
558 1147 581 1205 si
594 1148 660 1206 illud
673 1150 863 1223 apostolicum
873 1151 914 1210 ie·
964 1165 996 1208 ac
1009 1153 1234 1225 praesumptiones
1248 1154 1366 1213 tumidas
1375 1156 1570 1226 pertrahentes.
1587 1158 1669 1228 Quod
1682 1158 1763 1215 etiam

106 1236 239 1308 errimus,
253 1247 266 1275 ⁸
281 1241 370 1298 Nolite
384 1244 459 1297 omui
478 1244 591 1313 spiritui
604 1246 725 1310 medere,
744 1248 792 1303 sed
803 1250 914 1319 probate
966 1245 1086 1302 edaban
1100 1246 1129 1302 in
1146 1247 1218 1304 libro
1234 1249 1299 1305 iesu
1312 1236 1411 1304 Nared
1427 1248 1543 1320 legimus
1556 1247 1639 1306 tuime
1652 1265 1763 1322 perpes·

106 1333 257 1403 spirihtssi
267 1349 302 1389 ea
317 1338 372 1391 Deo
385 1337 440 1391 siut
453 1338 481 1402 (l
495 1339 574 1393 Joau.
594 1341 647 1408 ru).
658 1339 721 1409 Quo
740 1357 838 1415 genere
851 1350 914 1400 sunt
966 1356 1039 1411 sum,
1052 1341 1099 1413 qui
1111 1341 1145 1399 de
1156 1342 1251 1401 castris
1269 1342 1479 1416 allophylorum
1493 1351 1504 1379 0
1519 1341 1642 1415 regulam
1653 1357 1763 1400 auream

657 1510 788 1567 ALARDl
807 1512 920 1568 GhZAEl
939 1511 1218 1570 COMMENTARIUS.

1530 1620 1547 1647 Ι

109 1677 171 1717 cum
182 1661 487 1734 umuoaapereipiuut,
500 1668 578 1736 prius
590 1669 747 1737 quatiatem
756 1670 910 1742 illiuspast
962 1671 1101 1729 neratiane
1110 1671 1299 1745 amplectendi.
1313 1671 1630 1742 Tertiosciendum‚non
1639 1673 1764 1729 omnium

109 1735 284 1818 squamea
297 1739 513 1819 eetremumuero
520 1739 627 1807 modus
635 1744 849 1807 ecamiucutrue
860 1747 910 1798 aut
962 1757 1021 1800 essa
1035 1743 1089 1800 hoc
1104 1759 1204 1799 munus
1218 1741 1382 1815 dijudicandi
1396 1743 1505 1815 spiritus
1518 1751 1546 1799 et
1562 1741 1704 1825 probandi,
1716 1742 1766 1800 sed

109 1806 160 1860 sub
173 1821 333 1877 conspecte
349 1822 386 1862 oes
401 1808 494 1877 lateat,
509 1814 559 1864 aut
572 1811 618 1865 lrac
631 1813 843 1881 puodueraciter
857 1831 909 1869 au·
962 1814 1257 1885 eommquipraesunt,
1272 1815 1311 1870 vel
1326 1829 1423 1871 eorum
1456 1815 1494 1883 ul,
1507 1822 1584 1870 utart
1599 1814 1759 1885 Apostolus,

109 1892 171 1932 rum
182 1881 231 1941 est,
245 1880 484 1949 moadoereprohoe
498 1883 586 1950 figura
597 1882 747 1939 dehorrestet
759 1904 767 1938 r
778 1890 826 1940 out
840 1886 911 1955 qttad
927 1890 1014 1955 Bpra
1032 1887 1219 1941 carrsuetudr'ue
1230 1888 1390 1942 exercitatas
1402 1888 1437 1940 ha
1477 1891 1498 1940 rt
1516 1901 1607 1941 serratis
1617 1887 1655 1941 ad
1664 1888 1765 1941 disere-

109 1952 472 2020 etaurametrectoettguroe
484 1953 910 2027 est,aoon0ntnteprumponaus
965 1959 1064 2011 tionem
1087 1958 1185 2010 hauriet
1201 1956 1272 2010 mali
1294 1957 1437 2023 (ileos),
1461 1957 1560 2029 quique
1580 1957 1685 2028 praediti
1701 1965 1766 2013 sunt

111 2018 228 2104 leviget..
242 2020 307 2076 Cum
324 2022 408 2104 igitur
421 2025 493 2076 mira
513 2026 664 2092 ignotorum
684 2026 821 2082 homiuum
834 2029 911 2096 saeta
963 2025 1038 2084 dano
1049 2025 1220 2084 discretionis
1236 2027 1393 2099 spirituum,
1412 2026 1512 2098 dequo
1528 2027 1613 2095 inlra;
1629 2027 1702 2099 quod
1717 2028 1766 2085 dc-

110 2105 296 2161 aouspaumus,
307 2092 567 2150 resedereadmeutis
576 2101 674 2151 nostrae
681 2100 820 2161 trutinam,
832 2101 913 2168 quasi
964 2112 1032 2155 num
1051 2113 1107 2153 non
1120 2096 1248 2154 omnibus
1270 2096 1363 2163 datur;
1379 2104 1410 2152 ut
1431 2097 1511 2153 docet
1528 2097 1601 2154 idem
1617 2099 1766 2169 Apostolus

111 2162 220 2217 solertes
233 2162 421 2246 nummularii,
431 2164 570 2232 mhauus,
591 2172 621 2222 ut
629 2169 707 2237 miras
721 2168 844 2226 dumetis
859 2186 910 2224 aa·
963 2170 1054 2226 lCor.
1069 2183 1137 2226 111:
1153 2170 1241 2224 Datur
1253 2175 1356 2234 mmen,
1375 2175 1508 2239 quantum
1520 2167 1637 2238 expedit,
1652 2169 1765 2239 petenti·

32 2254 40 2267 ν
113 2234 669 2301 mmeramuetmesututrruteseatreum
677 2240 912 2311 occultet,etquad
964 2239 1016 2297 bus
1039 2239 1117 2296 etad
1141 2243 1232 2295 Deum
1253 2237 1478 2309 confugientibus.
1495 2237 1613 2293 Proinde
1635 2240 1681 2308 qui
1700 2238 1767 2296 illud

111 2318 201 2372 praem
212 2305 357 2360 intentabat
369 2308 470 2376 agitttr,
485 2311 551 2363 recti
562 2312 663 2365 cisione
671 2311 813 2381 pallietur.
830 2313 850 2368 G
875 2313 912 2367 'us
964 2325 1020 2367 non
1034 2310 1125 2378 habet,
1140 2326 1187 2367 seu
1202 2312 1251 2381 qui
1264 2311 1366 2378 indiget
1379 2310 1526 2380 sapierttia,
1540 2310 1657 2378 postulet
1671 2325 1688 2363 a
1701 2313 1765 2373 Deo,
1822 2337 1827 2346 ·

112 2375 140 2428 si
149 2377 304 2431 Mmta'oais
311 2376 428 2447 pualitm
439 2381 612 2450 approbetur,
626 2384 762 2450 impressae
773 2398 837 2437 mac
849 2328 913 2450 'xar-
964 2384 1013 2452 pui
1027 2383 1076 2436 dut
1085 2382 1203 2437 munibus
1216 2382 1369 2450 aftluutter,
1384 2385 1411 2435 et
1426 2382 1529 2434 ueaaiui
1542 2383 1716 2449 iraproperat,
1730 2381 1769 2436 ait

112 2446 193 2499 multe
236 2449 442 2518 urapuaereada
449 2453 692 2521 est,siapprobatis
702 2455 870 2516 monetariis,
881 2452 912 2509 id
965 2452 1114 2523 Apostolus
1129 2452 1248 2509 lacobus
1261 2452 1367 2518 (Jacob.
1382 2457 1439 2518 ιν).
1455 2453 1570 2522 Quarto,
1585 2450 1655 2505 sicut
1666 2466 1766 2508 aarum

111 2520 192 2579 esta
218 2519 340 2589 ouhpuis
352 2520 478 2576 Patribus
489 2522 609 2591 ducitur,
619 2527 645 2579 ct
655 2524 689 2577 ah
700 2538 791 2579 aarum
803 2526 913 2580 uitoesi·
966 2523 1025 2593 igne
1049 2524 1179 2595 probatur
1197 2531 1225 2580 et
1242 2522 1421 2589 examinatur,
1441 2523 1486 2578 rel
1502 2521 1590 2594 Lydio
1605 2520 1703 2593 lapide,
1719 2520 1766 2604 qui

111 2587 266 2643 mriihtdiae
278 2590 354 2644 uuila
366 2606 455 2647 errore
470 2594 592 2649 ututur.
609 2594 675 2651 uum
695 2610 756 2655 uera
770 2598 796 2650 et
806 2610 857 2665 per
870 2596 913 2650 irt-
966 2595 1083 2677 ppuolrrg
1100 2603 1213 2650 vocatur
1232 2602 1281 2649 aut
1299 2592 1359 2648 aliis
1375 2591 1535 2664 opportunis
1555 2593 1766 2662 experimentis:

112 2659 255 2714 tmtiarrem
268 2661 400 2731 quatias,
416 2667 442 2717 et
455 2667 527 2719 reeta
537 2679 588 2735 per
600 2666 749 2734 coemptum
762 2667 851 2734 ligura
870 2681 913 2720 aa·
966 2673 1004 2720 rta
1016 2665 1075 2721 baec
1089 2665 1182 2737 regula
1196 2663 1309 2720 certain
1322 2661 1469 2734 probandis
1484 2662 1622 2733 spiritibus
1634 2663 1768 2720 servanda

112 2732 259 2800 multae,
272 2734 358 2787 restat
370 2738 401 2788 ut
411 2735 546 2803 iuteprum
556 2736 613 2805 ejus
621 2736 728 2806 paraus
740 2738 912 2805 acquiratur.
967 2743 1021 2802 est,
1031 2734 1143 2791 utillam
1152 2734 1316 2799 doctrinam,
1327 2733 1539 2805 suggestionem,
1550 2732 1767 2802 inspirationem,

113 2804 215 2858 acaum
228 2804 329 2874 quippe
337 2804 410 2875 quod
418 2821 469 2875 per
478 2808 555 2876 apua
567 2812 593 2862 et
601 2807 735 2863 miracula
745 2813 875 2871 censeat,
888 2808 914 2862 si
967 2811 1033 2872 etc,
1053 2821 1104 2879 pro
1127 2821 1200 2870 vera,
1221 2804 1350 2861 catholica
1373 2812 1401 2860 et
1425 2802 1537 2860 salutari
1558 2802 1767 2884 amplectamur,
1810 2818 1816 2827 ·

109 2875 285 2943 pateamus
296 2871 429 2931 summam
437 2892 491 2931 recu
510 2879 598 2941 habet,
615 2880 726 2949 pensari
738 2879 852 2934 sollicite
863 2894 914 2949 per
967 2891 1028 2947 auae
1040 2891 1162 2933 consona
1176 2884 1217 2933 est
1236 2876 1385 2946 Scripturae
1397 2889 1494 2940 sacrae,
1506 2873 1627 2930 conciliis
1639 2875 1770 2946 generali·

113 2944 489 3017 muteiamoircumspecti'ouis
499 2948 587 3017 dehet,
596 2951 862 3021 rudumirrperseeta
872 2964 914 3005 res
967 2947 1028 3015 bus,
1042 2947 1243 3005 delinitionibus
1263 2946 1423 3018 pontificum
1436 2954 1464 3002 et
1477 2946 1591 3001 Patmm
1609 2945 1768 3014 sententiis,

113 3017 915 3160 &ffitlhhttsstil‘ihtuht‘hhttt
967 3015 1769 3158 lthtltalttltuttlt‘,tutelstete

106 3109 753 3240 'ramnumismatisqualitatemteueutmuiiuhis
763 3167 913 3232 aucupant
966 3168 1013 3218 aut
1023 3162 1050 3217 in
1059 3132 1135 3233 parte
1149 3159 1290 3230 dissident,
1303 3157 1377 3216 velut
1389 3129 1660 3231 spuriamdulterina,
1674 3157 1768 3226 noxia,

114 3231 356 3286 emauiomsrectae
372 3233 429 3286 uim
442 3233 912 3302 nesciunt,putaperhoec,aaacoe·
966 3230 1144 3301 repudianda.
1385 3278 1387 3282 Α
1469 3299 1474 3311 .
1548 3299 1554 3311 .
1652 3299 1657 3311 ι
1719 3298 1751 3310 ..

115 3300 914 3374 lestempatrirm,srdeulmeuglorioetemporaliseapuiruat?
930 3276 953 3340 C
1001 3305 1014 3337 ¹³
1027 3303 1107 3358 Tales
1119 3301 1186 3357 olim
1199 3300 1326 3358 monachi
1348 3299 1492 3371 permulti,
1508 3315 1555 3371 qur
1577 3299 1618 3354 rel
1637 3299 1766 3370 simplici-

116 3371 275 3439 Quaruadoa
289 3379 400 3429 monetae
415 3376 503 3443 figura
515 3375 831 3445 aaudhmepautquiud
844 3375 918 3429 omui
968 3380 1024 3429 tate
1038 3381 1067 3428 et
1087 3371 1239 3444 ignorantia
1257 3370 1342 3437 ducu,
1358 3370 1399 3426 vel
1415 3369 1670 3451 haereticorum-aut
1683 3369 1772 3441 philo·

113 3443 355 3513 pietalejrtstarum
367 3446 455 3515 justas
466 3446 649 3517 persequenda
661 3446 834 3501 discordaret?
848 3447 918 3513 Qua-
967 3442 1118 3525 sophorum
1127 3440 1238 3501 idlaciis
1256 3440 1372 3510 seducti,
1388 3447 1416 3496 et
1430 3457 1445 3496 a
1460 3449 1542 3497 rectae
1553 3439 1701 3513 disciplinae
1714 3447 1770 3522 tra·

116 3513 194 3569 nuda
206 3517 708 3587 iuseiutepritatispcudusasteuduat,
716 3518 917 3588 puiuerrsalum
968 3523 1034 3571 mrte
1046 3513 1195 3583 deviantes,
1209 3514 1237 3570 in
1249 3527 1345 3586 graves
1358 3527 1466 3568 errares
1479 3511 1647 3594 inciderunt,
1662 3520 1690 3568 et
1703 3511 1771 3568 ahos

117 3585 280 3642 humilitatis
288 3589 479 3658 perfectionem
489 3605 656 3661 nequaquam
665 3591 779 3646 assecuti
787 3588 916 3651 suut,sed
968 3586 1142 3655 induxerunt,
1156 3599 1323 3660 magnosque
1336 3583 1364 3639 in
1383 3583 1503 3640 Ecclesra
1525 3584 1659 3640 tumultus
1672 3590 1701 3640 et
1712 3590 1771 3639 tra·

117 3671 203 3726 acque
214 3659 301 3727 ipsam
312 3661 428 3729 maram
437 3661 553 3731 januam
565 3664 750 3734 mutiperuut?
765 3661 825 3716 birro
837 3675 914 3729 erpa,
968 3657 1072 3731 goedias
1090 3658 1251 3715 excitarunt.
1267 3658 1309 3711 Ex
1323 3656 1423 3728 quibus
1438 3655 1521 3712 etiam
1543 3655 1670 3738 prodiere
1694 3669 1770 3710 cam·

118 3728 181 3782 hiae
197 3728 271 3785 electi
280 3732 572 3802 coguosatutquamado
583 3734 766 3789 hereticorum
779 3731 917 3802 charadr-
968 3730 1061 3801 plures
1087 3729 1290 3794 haeresiarcbae3
1305 3727 1377 3784 unde
1388 3726 1557 3784 denominati
1570 3726 1691 3783 baeretici
1711 3728 1769 3781 Eu-

117 3800 243 3869 spieiaut,
261 3818 373 3871 quorum
387 3805 508 3874 profecto
520 3806 588 3861 aetia
599 3821 674 3859 amere
690 3804 761 3873 quad
773 3820 790 3858 a
801 3805 855 3873 piis
863 3804 917 3858 Pa·
969 3801 1076 3870 chaitae,
1092 3801 1264 3874 origenistae,
1279 3798 1460 3862 Eustathiani,
1472 3798 1638 3864 hlassuliani,
1652 3797 1771 3853 Anthro-

117 3871 755 3943 triduspasturumemaraturimpuguat.HaecD.
765 3872 917 3953 Gregorius
969 3872 1162 3944 pomorphitae,
1176 3870 1321 3938 loriniani,
1338 3867 1511 3941 Eutychiani,
1523 3867 1672 3933 severiani,
1689 3875 1772 3948 atque

117 3938 153 3997 de
165 3941 358 4000 baereticomm
370 3943 494 3998 moribus
507 3951 537 3997 ct
556 3941 662 3996 actibus
674 3940 861 3996 discutiendis.
877 3944 917 3998 Ex
969 3943 1014 3998 alii
1026 3942 1233 4015 quamplurimi,
1247 3955 1334 4013 usque
1347 3939 1382 3997 ad
1391 3948 1486 3995 nostra
1500 3936 1703 4019 leretempora‚
1714 3953 1773 4019 qur·

117 4011 357 4086 quihusgeneralis
366 4013 493 4068 doctrina
500 4010 534 4068 de
541 4011 646 4067 caeteris
658 4009 919 4069 bominumactibus
969 4011 1021 4068 bus
1037 4013 1145 4069 nullum
1166 4026 1296 4084 umquam
1312 4009 1364 4066 luit
1376 4009 1509 4066 saeculum
1522 4008 1663 4066 fecundius
1680 4005 1775 4089 hugus-

116 4090 146 4139 et
167 4082 388 4154 cogitationibus,
408 4080 442 4137 de
462 4080 563 4152 quibus
586 4080 629 4137 bic
651 4079 753 4155 agitur,
779 4079 918 4153 diligenter
970 4080 1048 4138 modi
1060 4081 1244 4138 desertoribus
1258 4081 1388 4153 regularis
1400 4095 1432 4135 ac
1440 4079 1600 4136 monasticae
1614 4078 1679 4135 disci
1700 4076 1773 4145 lrnae,

116 4154 307 4210 examinandis
320 4151 392 4208 sumi
412 4158 511 4234 potest.
971 4152 1017 4222 qui
1038 4159 1067 4208 et
1085 4152 1113 4207 in
1127 4150 1322 4233 heresiarchas
1335 4165 1351 4205 e
1364 4150 1465 4206 diaboli
1487 4149 1648 4205 caullatorla
1665 4094 1773 4206 officina

155 4235 168 4260 ⁸
180 4225 258 4279 Circa
273 4222 345 4278 hanc
352 4230 512 4279 sententiam
524 4231 670 4281 occurrunt
679 4222 770 4294 aliqua
781 4220 913 4279 notanda.
971 4231 1036 4278 sunt
1047 4220 1186 4278 transfusi.

115 4295 216 4350 Primo
228 4306 288 4348 eam
298 4293 389 4349 locum
402 4292 500 4351 babere
509 4293 535 4350 in
545 4294 653 4368 hisquae
663 4301 728 4352 sunt
736 4293 818 4351 dubia
826 4302 920 4351 utrum
1007 4295 1064 4350 eln
1084 4291 1248 4365 quibusdam
1269 4289 1408 4348 codicibus
1422 4291 1519 4365 legitur
1533 4292 1642 4360 Achar3
1660 4292 1687 4348 in
1699 4291 1774 4361 aliis,

116 4381 153 4422 ex
168 4366 230 4419 Deo
240 4364 304 4433 sint,
317 4380 413 4434 necne,
425 4373 455 4423 ut
466 4364 546 4423 docet
555 4367 582 4423 S.
593 4366 714 4424 Thomas
725 4368 794 4434 (2-2,
803 4382 830 4436 q.
856 4370 918 4434 teu,
972 4379 1036 4420 cum
1044 4364 1191 4437 Dionysio,
1206 4362 1309 4429 hebor,
1317 4363 1457 4419 utnotavit
1468 4365 1615 4436 Cuychius.
1628 4362 1681 4421 Sed
1689 4363 1775 4420 seien-

118 4452 147 4491 a.
165 4439 209 4501 tu,
224 4435 261 4489 ad
276 4440 306 4502 t)
323 4454 329 4490 :
346 4437 413 4492 sicut
426 4436 542 4494 dubium
556 4445 646 4510 potest
659 4451 719 4495 esse
732 4435 777 4493 his
792 4436 838 4509 qui
854 4444 920 4494 sunt
972 4435 1040 4493 dum
1053 4435 1183 4494 eumdem
1195 4434 1249 4492 dici
1260 4433 1351 4491 Achar
1363 4436 1376 4490 l
1390 4435 1480 4492 Paral.
1493 4449 1530 4502 11,
1541 4444 1572 4494 ut
1582 4444 1609 4493 et
1618 4436 1690 4508 apud
1698 4439 1776 4492 tose-

119 4507 150 4562 in
162 4506 306 4588 religione,
320 4514 411 4564 utrum
425 4508 469 4564 ille
480 4508 528 4580 qui
544 4508 670 4582 religioni
685 4506 806 4565 seoflcrt
815 4507 918 4580 Spiritu
972 4507 1154 4580 phumlib.v
1176 4507 1272 4579 Antip.
1295 4519 1355 4579 cap¹
1379 4511 1404 4571 t,
1430 4507 1477 4590 qui
1500 4510 1583 4566 Josue
1604 4523 1652 4566 vn
1676 4506 1777 4564 dicitur

122 4580 173 4633 Der
190 4576 317 4644 ducatur,
338 4587 386 4635 aut
408 4580 536 4636 simulate
555 4579 681 4645 accedat,
696 4585 724 4635 et
742 4578 803 4636 ideo
818 4579 920 4637 debent
974 4579 1068 4635 hohan
1082 4599 1089 4635 ι
1105 4579 1197 4636 hebor
1211 4594 1275 4636 rero
1288 4577 1366 4635 locus
1384 4584 1428 4635 est
1441 4596 1467 4635 m
1482 4594 1537 4651 qua
1550 4580 1654 4638 hobam
1668 4577 1713 4635 ille
1734 4593 1775 4634 sa·

119 4646 294 4730 accedentem
304 4650 420 4721 probare
434 4658 528 4706 utrum
538 4647 630 4706 divino
643 4649 748 4722 Spiritu
763 4658 918 4708 moveatur.
934 4647 960 4711 D
973 4651 1091 4723 crilegus
1102 4650 1141 4709 ob
1160 4650 1341 4709 anathematis
1354 4648 1461 4707 furtum
1472 4651 1606 4721 lapidibus
1621 4650 1737 4706 obrutus
1748 4655 1777 4704 et

121 4718 176 4776 Sed
194 4720 232 4775 rlli
252 4720 298 4793 qni
318 4719 353 4776 ad
373 4720 534 4793 religionem
556 4720 670 4788 accedit,
684 4735 739 4777 nan
753 4727 843 4793 potest
863 4735 922 4779 esse
974 4737 1037 4779 cum
1046 4721 1103 4779 suis
1117 4730 1306 4780 concrematus
1315 4727 1366 4776 est.

121 4789 237 4847 dubium
248 4808 282 4847 an
298 4792 470 4874 propositum
478 4790 513 4848 de
521 4791 644 4864 ingressu
657 4790 922 4863 religionisincorde
1009 4794 1128 4864 “Quem
1148 4792 1260 4850 Hebraei
1277 4792 1354 4846 Josue
1367 4794 1422 4847 Beu
1442 4793 1515 4850 h'un,
1527 4787 1556 4842 id
1568 4793 1620 4848 est,
1640 4789 1725 4842 Josue
1740 4785 1776 4841 fl-

122 4862 182 4942 cjus
194 4871 320 4919 exartum
334 4871 371 4919 srt
383 4880 400 4919 a
418 4861 520 4936 Spiritu
536 4862 596 4933 Dei,
611 4861 691 4934 cujus
702 4869 743 4919 est
759 4862 859 4919 ducere
867 4860 921 4920 ho-
974 4862 1041 4919 lium
1055 4866 1119 4943 Nure
1130 4871 1243 4930 vacant,
1252 4861 1300 4942 qui
1309 4861 1412 4930 primus
1421 4867 1484 4929 past
1497 4855 1776 4984 bloysenduxpaAEuli

122 4947 227 4988 minem
246 4934 273 4989 in
287 4942 387 4990 terram
402 4941 515 4991 rectam.
532 4933 658 4990 Secundo
671 4947 719 5004 per
736 4931 920 5005 spiritumin·
975 4933 1130 5000 israelitici,
1153 4932 1245 4988 dictus
1263 4931 1337 4986 rdem
1355 4930 1445 4995 Auso,
1466 4933 1512 4984 vet
1531 4932 1611 4997 Osee,
1626 4937 1695 4985 teste
1733 4943 1777 4985 rro

122 5003 205 5076 telligi
218 5019 418 5077 quamcumque
437 5004 591 5062 doctrinam
614 5003 733 5060 bominis
745 5003 855 5075 privati,
875 5019 924 5061 seu
977 5004 1152 5075 Hieronymo
1166 5003 1207 5073 (l).
1223 5003 1332 5058 Hierau.
1348 5003 1377 5054 iu
1390 5001 1461 5071 prat.
1482 5003 1507 5055 ct
1524 5000 1571 5055 lib.
1586 5007 1697 5057 rcoutru
1711 5001 1777 5056 llei-

122 5090 324 5147 quamcumque
345 5076 562 5148 suggestionem,
587 5074 808 5148 inspirationem,
823 5074 926 5132 revele-
975 5075 1045 5141 urit.)

124 5146 238 5217 tionem,
254 5155 301 5204 aut
311 5145 432 5276 auemtls
444 5146 528 5204 animi
536 5145 715 5203 ettaluntatis
728 5144 880 5218 impulsum
889 5145 926 5203 ad
1014 5141 1173 5269 eallophyli
1195 5143 1292 5201 Latine
1312 5141 1441 5200 dicuntur
1458 5142 1623 5215 alienigenae.
1644 5141 1778 5201 Ambras.

123 5216 228 5290 aliquid
245 5233 312 5292 agen
332 5234 380 5275 um
395 5227 444 5275 aut
458 5216 628 5291 fugiendum.
644 5216 823 5273 Dehiseuim
835 5216 926 5273 amni·
978 5214 1025 5273 lib.
1041 5231 1053 5273 r
1067 5213 1177 5271 Olicro.
1190 5231 1215 5272 c.
1231 5223 1266 5274 28
1284 5234 1291 5270 ε
1306 5216 1486 5272 Adversarius
1498 5230 1560 5271 suas
1573 5215 1733 5286 allophylos,
1747 5216 1780 5272 id
1859 5210 1863 5215 ’

124 5287 188 5357 bus,
203 5305 239 5344 an
252 5305 282 5345 ex
304 5293 363 5345 Dea
377 5290 442 5357 sint,
464 5304 543 5345 erem
562 5288 589 5346 lo
603 5287 852 5346 nummulariorum
866 5286 927 5344 dlli-
979 5292 1027 5353 est,
1047 5287 1212 5356 aliermeaas
1232 5289 1329 5345 Latiae
1350 5288 1490 5357 appellant
1509 5287 1644 5343 tracadulo.
1666 5288 1778 5359 Proprie

126 5368 224 5431 genter
238 5360 394 5432 probandis,
406 5305 591 5428 discutiendis,
604 5359 801 5427 examinandis,
815 5374 926 5432 genera·
978 5367 1072 5416 tamen
1086 5358 1176 5430 alloph
1197 5359 1214 5415 li
1225 5359 1290 5417 dicti
1303 5366 1366 5414 sunt
1379 5357 1528 5426 ratastini,
1539 5359 1587 5431 qui
1600 5367 1627 5415 et
1639 5358 1777 5415 Philistaei.

127 5430 426 5505 timhicagitur.1)irl
447 5434 562 5488 hominis
579 5434 771 5503 priuati3non
792 5432 865 5488 enim
883 5429 926 5487 vel
979 5431 1062 5489 Unde
1071 5429 1152 5488 diuis
1191 5430 1478 5504 leronymus(1ucap.
1492 5431 1617 5500 rrlsuie)
1635 5433 1779 5486 :Prothi-

128 5501 378 5574 scripturaesacrae,
391 5502 567 5561 relEcclesiae
580 5501 732 5570 catholicae,
744 5510 791 5559 aut
805 5501 924 5560 Romani
980 5503 1105 5567 tisthiim,
1117 5501 1214 5573 inquit,
1226 5518 1328 5574 seraper
1390 5503 1780 5572 tuagiutaalieaipcuasinter·

128 5572 273 5642 pontillcis,
285 5575 325 5631 uel
337 5574 514 5632 conciliorum
523 5574 703 5658 generalium,
715 5574 755 5630 rel
769 5581 928 5631 sanctorum
977 5576 1082 5645 prelati
1092 5578 1164 5638 suut,
1179 5575 1209 5629 id
1226 5580 1274 5638 cst,
1286 5573 1343 5633 roh<
1391 5572 1523 5644 λοφὺλους,
1538 5587 1630 5627 immeo
1647 5587 1782 5627 eomrrtuue

126 5645 238 5701 Petrum
246 5655 273 5702 et
285 5646 432 5703 doctorum
441 5646 471 5702 in
483 5646 807 5704 unumconsentreutium
816 5644 928 5717 spiritus
976 5662 1029 5716 pra
1044 5648 1164 5716 propria,
1178 5663 1238 5718 quc
1253 5650 1291 5703 ast
1306 5645 1384 5700 hodie
1396 5661 1460 5715 peris
1472 5645 1689 5713 Palestinorum,
1703 5641 1782 5714 quasi

124 5721 217 5773 sunta
234 5716 315 5774 nobis
330 5715 475 5789 probandi,
490 5717 513 5774 si
527 5733 559 5774 ex
574 5718 633 5774 Deo
653 5717 719 5787 sint,
733 5716 786 5773 hoc
796 5725 847 5778 est,
861 5731 926 5773 exa·
981 5719 1003 5773 P
1025 5717 1143 5772 litteram
1155 5733 1239 5775 sumo
1260 5717 1404 5777 Hehuieus
1423 5734 1476 5773 aaa
1490 5716 1577 5777 lmhct,
1597 5716 1644 5770 sed
1654 5731 1705 5787 pru
1717 5728 1747 5768 ea
1764 5722 1781 5775 φ

124 5786 251 5844 minandi
274 5803 309 5843 en
323 5788 389 5856 ‚rem
410 5789 598 5857 sint,necne,
613 5804 678 5846 cum
701 5787 930 5846 omnimodamet
982 5790 1072 5848 druco
1084 5793 1208 5847 uturum.

67 5910 84 5937 ,
124 5857 308 5917 indubitatam
317 5859 459 5918 veritatem
472 5858 650 5930 contineant,
660 5858 709 5918 sed
718 5857 869 5917 cumomni
883 5872 928 5915 re·
