3848 6158
141 181 192 234 cot
686 169 826 227 ioannis
844 166 995 223 cessrnn't
1014 165 1257 223 contritores.
1741 166 1797 220 664

140 316 293 372 excoquere
310 298 400 356 brevis
416 312 447 354 ae
469 305 662 353 momentanea
680 310 760 366 poena
783 290 939 360 sufficeret,
955 297 981 359 Α
999 301 1079 365 atque
1092 292 1207 364 imagine
1219 291 1361 363 liguratur,
1378 306 1513 366 quamque
1528 290 1554 347 in
1571 304 1602 347 se
1623 287 1728 345 tamdiu
1749 303 1799 343 re·

140 397 188 454 sed
201 405 231 453 ut
243 396 349 453 caeteris
364 410 472 467 quoque
486 394 532 465 qui
553 391 646 449 futura
658 389 698 445 vel
713 388 889 461 negligentes,
904 388 944 443 vel
997 387 1076 453 tinet,
1089 384 1175 441 donec
1187 386 1239 440 alio
1255 400 1350 441 rursus
1363 385 1494 456 impresso
1507 382 1644 456 signaculo
1657 379 1799 437 reforme-

141 492 249 565 penitus
269 506 326 547 nou
347 488 508 553 credentes,
523 482 738 541 consideratione
752 480 944 539 tantummodo
997 487 1051 547 tur,
1067 486 1148 550 atque
1161 479 1196 534 ita
1211 479 1258 534 iret
1272 487 1313 547 ut,
1325 492 1475 566 numquam
1487 477 1514 532 in
1527 492 1575 533 sua
1588 474 1719 548 qualitate
1734 487 1798 544 per·

142 585 318 656 praesentium
343 579 550 652 frangebantur,
573 583 662 631 terror
677 575 788 630 istarum
803 589 870 646 quas
884 590 943 631 me·
998 572 1104 640 sistens,
1117 571 1150 627 ad
1166 572 1283 628 lormam
1296 587 1392 628 eorum
1407 586 1468 644 quae
1481 570 1676 642 imprimuntur
1689 582 1801 639 semper

140 678 253 734 luebant
275 674 410 730 ultionum
437 673 604 726 incuteretur
626 668 771 741 exemplo,
796 684 845 724 nec
870 668 942 741 apud
999 673 1171 721 eonvertatur
1187 681 1219 721 ac
1238 673 1356 721 transeat
1382 684 1388 721 :
1421 664 1486 737 quin
1507 663 1597 735 potius
1610 660 1702 726 ,debet
1723 658 1800 714 velut

139 772 214 828 illam
234 768 336 825 summi
358 765 479 821 numinis
492 763 662 835 majestatem
684 779 743 820 esse
759 763 942 821 humanarum
996 757 1135 830 quoddam
1150 773 1209 814 esse
1221 750 1235 788 ¹³
1246 756 1450 814 adamantinum
1465 753 1652 829 signatorium,
1665 760 1696 808 ut
1707 751 1798 807 inuio·

58 863 60 867 ’
140 877 232 920 rerum
246 868 275 915 et
293 858 457 931 quotidianae
480 856 691 930 dispensationis
707 858 842 914 incuriam
858 857 941 914 docn-
996 852 1107 908 labilem
1124 867 1202 908 mens
1220 859 1313 908 nostra
1328 850 1443 920 figuram
1458 848 1500 904 sui
1519 861 1626 918 semper
1639 841 1800 900 custodiens

140 961 233 1010 mento
247 951 329 1023 hujus
342 949 490 1008 severitatis
504 959 691 1022 agnoscerent,
706 967 738 1007 ae
753 949 942 1007 retributorem
996 946 1173 1011 characteris,
1193 946 1320 1003 universa
1335 959 1396 1016 quae
1415 940 1577 999 incurrerint
1591 938 1642 994 sibi
1654 937 1689 994 ad
1705 935 1799 1009 quali-

139 1051 230 1104 Deum
244 1052 408 1101 cunctorum
429 1052 541 1101 actuum
566 1060 613 1116 per
642 1044 701 1100 haec
713 1059 775 1116 quae
786 1043 943 1116 grauissime
996 1048 1080 1098 tatem
1095 1041 1136 1097 sui
1148 1048 1236 1096 status
1251 1039 1339 1114 signet
1349 1046 1430 1109 atque
1444 1033 1641 1100 transforntet3
1658 1033 1718 1103 ipsa
1733 1045 1798 1089 vero

139 1136 329 1194 formidabant
356 1135 529 1194 maniiestius
552 1134 732 1209 perviderent.
753 1140 766 1169 ¹
787 1136 944 1192 invenimus
997 1133 1114 1206 insigniri
1127 1132 1208 1190 nullis
1219 1132 1372 1189 incursibus
1382 1131 1478 1204 possit.

140 1246 206 1287 sane
223 1231 305 1286 etiarn
326 1246 374 1303 pro
390 1230 536 1287 levioribus
549 1230 634 1303 culpis
654 1229 801 1288 nonnullos
818 1228 943 1287 eamdem
1284 1230 1403 1287 CAPUT
1422 1228 1499 1285 xlll.

141 1325 237 1382 mortis
250 1323 285 1381 ad
297 1340 416 1397 praesens
427 1324 562 1396 excepisse
578 1323 752 1392 senteutiam,
772 1338 825 1395 qua
836 1329 903 1380 sunt
914 1330 943 1379 et
995 1331 1318 1401 turmoqat10‚sep032q
1333 1344 1406 1385 mens
1420 1332 1449 1384 sn
1461 1344 1517 1382 ,ma
1527 1332 1609 1398 atque
1622 1326 1716 1381 eadem
1730 1340 1798 1396 qm.

145 1417 185 1474 illi
200 1417 287 1490 puniti
301 1432 370 1490 quos
393 1416 572 1490 prediximus
584 1416 717 1481 exstitisse
726 1416 864 1488 sacrilegae
874 1430 944 1488 prae·
1236 1403 1434 1472 'litatejuqiter
1445 1401 1552 1456 durare·

141 1511 316 1569 varicationis
340 1517 527 1580 auctores,ut
543 1507 703 1566 factumest
720 1509 748 1565 in
759 1509 805 1565 illo
819 1510 867 1582 qui
882 1510 945 1570 sab
1033 1502 1190 1581 Gemoniis
1206 1520 1213 1556 ι
1235 1502 1365 1557 Potestne
1384 1514 1462 1554 mens
1477 1504 1571 1554 nostra
1588 1511 1674 1552 unum
1693 1501 1798 1552 statum

140 1607 206 1663 bato
227 1604 300 1678 ligna
314 1603 460 1676 eollegerat
479 1585 713 1675 (Numsxvlael
736 1603 765 1659 ln
784 1602 892 1659 Ananis
914 1609 942 1658 et
991 1594 1092 1671 jugiter
1111 1594 1245 1663 retinere,
1261 1601 1289 1651 et
1307 1593 1335 1649 in
1349 1592 1443 1650 eadem
1457 1607 1565 1664 semper
1586 1589 1717 1663 qualitate
1740 1604 1800 1661 per·

140 1698 286 1772 Seppbira,
298 1698 345 1769 qui
360 1712 456 1769 parum
472 1697 604 1770 quiddam
617 1696 652 1756 de
663 1697 813 1756 substantia
832 1713 881 1752 sua
901 1696 946 1753 in·
960 1689 985 1753 B
999 1689 1111 1747 sistere?

142 1791 281 1849 fidelitatis
295 1806 388 1848 errore
401 1799 580 1848 servaverant
601 1791 701 1864 (Actor.
720 1792 772 1864 vl:
797 1808 855 1849 non
869 1790 943 1864 quod
1284 1780 1406 1839 CAPUT
1425 1781 1503 1836 XIV·

140 1885 255 1958 aequalia
265 1882 364 1941 luerint
376 1885 497 1957 pondera
509 1895 698 1959 peccatorum,
714 1885 763 1944 sed
771 1886 834 1960 quia
844 1886 942 1959 reperti
1085 1880 1228 1954 Respomio
1237 1880 1274 1935 od
1287 1881 1477 1949 interroquntis
1488 1879 1701 1950 propositionem.

139 1991 220 2034 novae
237 1975 458 2048 transgressionis
472 1986 692 2050 presumptores,
708 1978 861 2034 debuerunt
873 1993 942 2049 prae·
1031 1978 1192 2037 Theodorus
1203 1996 1210 2034 :
1222 1979 1337 2034 Necesse
1346 1985 1388 2033 est
1401 1985 1442 2044 ut,
1456 1976 1608 2033 secundum
1620 1974 1796 2048 Apostolum,

140 2070 205 2127 bere
217 2068 335 2139 raetetis,
346 2068 578 2141 quemadmodum
587 2069 700 2144 peccati,
713 2069 748 2126 ita
758 2070 842 2126 etiarn
853 2085 943 2141 poenae
996 2079 1043 2129 aut
1057 2076 1197 2128 redonatus
1210 2073 1271 2141 quis
1287 2073 1385 2141 spiritu
1398 2073 1494 2127 mentis
1508 2085 1564 2126 sue
1575 2070 1681 2142 (Epiros.
1693 2072 1737 2137 ιι)
1750 2083 1801 2140 per

140 2178 173 2219 ac
189 2163 303 2219 terroris
314 2161 490 2234 exemplum,
512 2172 543 2220 ιιι
556 2163 680 2236 quisquis
700 2163 795 2219 eadent
816 2146 944 2236 deinceps
995 2164 1117 2237 singulos
1127 2162 1186 2220 dies
1197 2163 1331 2235 proficiat,
1342 2162 1379 2218 ud
1390 2179 1420 2218 cu
1430 2179 1489 2233 quoe
1500 2166 1529 2217 in
1543 2167 1605 2218 aute
1615 2166 1680 2217 sunl
1691 2176 1801 2217 seaean-

140 2255 269 2313 affectare
290 2264 437 2322 tentasset,
458 2265 550 2314 nosset
570 2257 623 2313 sibi
644 2257 795 2315 secundnm
817 2256 942 2316 eamdem
992 2273 1045 2328 per
1058 2256 1201 2312 eutertdens
1215 2256 1342 2326 (Philipp.
1358 2256 1405 2326 ιιι)
1416 2273 1424 2322 3
1436 2262 1485 2310 aut
1500 2255 1522 2310 si
1534 2254 1695 2327 neglexerit,
1710 2263 1801 2310 ‘oon-

139 2351 258 2408 iormam
279 2367 333 2424 qua
352 2350 388 2409 illi
410 2350 530 2408 damnati
547 2360 622 2418 suut,
640 2352 726 2408 etiam
738 2350 761 2406 si
775 2351 801 2406 in
815 2353 941 2424 praesenti
996 2365 1112 2422 sequens
1125 2358 1168 2406 est
1185 2357 1214 2405 ut
1231 2356 1304 2405 retro
1326 2348 1419 2405 redeat
1432 2357 1513 2420 atquo
1539 2348 1568 2404 in
1583 2347 1706 2406 deterius
1729 2349 1800 2405 rela-

138 2445 302 2518 supplioium
315 2442 471 2512 differatur,
485 2445 511 2500 in
527 2443 613 2502 futuri
631 2445 725 2516 judicii
741 2446 942 2502 examinatione
996 2426 1094 2519 batur:
1105 2443 1140 2498 Et
1157 2441 1257 2498 idcireo
1277 2440 1353 2497 nullo
1372 2440 1456 2499 modo
1480 2457 1560 2497 meus
1580 2442 1681 2514 poterit
1695 2441 1726 2498 in
1745 2457 1802 2500 uua

139 2539 323 2597 reddendum.
343 2542 380 2596 Et
399 2539 462 2611 quia
477 2538 599 2596 videmur
621 2555 763 2597 excessum
776 2539 941 2613 quemdam,
996 2542 1078 2607 atquc
1098 2534 1194 2592 eadem
1213 2534 1344 2606 qualitate
1357 2534 1472 2615 durare,
1488 2534 1561 2591 velut
1575 2535 1598 2591 si
1623 2535 1685 2606 quis
1705 2543 1804 2593 contu

139 2633 206 2691 dum
225 2648 322 2706 genera
348 2633 529 2689 tentationum
554 2633 595 2690 rel
616 2633 754 2691 ultionum
785 2648 942 2707 percurrere
996 2644 1080 2700 aquas
1105 2627 1225 2685 lluminis
1248 2626 1358 2685 uiolenti
1382 2642 1480 2684 navem
1502 2627 1628 2701 subigere
1656 2644 1804 2687 remorum

139 2729 277 2797 volumus,
292 2745 308 2784 a
324 2727 464 2802 proposita
474 2729 628 2785 narratione
648 2728 753 2795 iecisse,
765 2743 819 2800 qua
832 2727 942 2785 diceba·
996 2721 1159 2795 impulsione
1177 2729 1303 2791 conetur,
1326 2736 1437 2778 necesse
1461 2730 1503 2778 est
1530 2737 1594 2777 eum
1629 2730 1679 2779 aut
1703 2724 1805 2781 vinnm

139 2836 202 2878 mus
225 2823 315 2879 virum
342 2822 492 2896 perfectum
515 2822 543 2879 in
566 2832 682 2896 utraque
707 2823 857 2880 tentatione
883 2837 942 2877 ma-
996 2813 1170 2871 bracbiorum
1192 2814 1320 2870 torrentis
1343 2814 1411 2871 alvei
1430 2814 1564 2886 impeturn
1578 2814 1755 2872 desecantem
1767 2819 1804 2874 ad

139 2931 204 2972 nere
218 2931 325 2987 semper
348 2915 536 2984 immobilem,
554 2915 590 2971 ad
612 2915 737 2972 eamdem
751 2929 823 2970 nunc
842 2916 941 2970 iterum
995 2907 1132 2980 superiora
1144 2908 1337 2977 conscendere,
1349 2916 1396 2964 aut
1406 2908 1529 2964 remissis
1543 2907 1670 2966 manibus
1685 2909 1723 2966 ad
1733 2925 1804 2983 ptar-

141 3013 322 3062 rerertamur.
995 3016 1059 3075 ceps
1078 3016 1165 3074 prono
1187 3017 1269 3060 arnna
1293 3002 1424 3060 revocari.
1450 3002 1621 3075 Quapropter
1648 3002 1725 3060 istud
1751 3003 1805 3060 crit

441 3103 562 3159 CAPUT
575 3103 641 3159 xil.
960 3103 984 3170 c
997 3096 1108 3154 evidens
1121 3098 1207 3155 nostri
1219 3098 1350 3155 indicium
1364 3098 1530 3169 detrimenti,
1543 3099 1566 3154 si
1585 3099 1804 3157 intellexerimus

142 3204 276 3274 monade
287 3206 329 3259 uir
337 3205 429 3275 justus
442 3221 495 3260 non
509 3221 589 3270 ceree,
606 3206 652 3262 sed
666 3205 843 3263 adamantino
852 3211 943 3279 siqua.
997 3204 1050 3248 nos
1061 3190 1127 3248 nibil
1146 3192 1265 3264 amplius
1276 3192 1439 3265 acquisisse;
1453 3208 1505 3249 nec
1525 3191 1681 3250 dubitemus
1696 3202 1801 3252 retror-

332 3279 399 3331 tort'o
411 3277 505 3332 debeat
518 3293 573 3333 esse
587 3280 741 3334 maisnile.
997 3301 1061 3343 sum
1076 3301 1126 3343 nos
1139 3285 1305 3344 omnimodis
1324 3295 1482 3355 revocatos,
1498 3301 1551 3358 qua
1567 3286 1611 3344 dio
1629 3303 1686 3343 non
1707 3303 1802 3346 senm-

178 3382 272 3451 ltaque
284 3395 361 3436 mens
377 3380 424 3436 viri
435 3379 502 3452 justi
519 3397 573 3438 non
584 3379 666 3438 debet
677 3396 737 3439 esse
750 3380 848 3439 similis
858 3397 940 3451 cerae,
997 3379 1083 3437 rimus
1098 3380 1133 3438 ad
1147 3380 1285 3454 superiora
1299 3396 1467 3453 progressos,
1482 3381 1561 3453 quia,
1572 3389 1603 3437 ut
1620 3381 1693 3450 dixi,
1705 3398 1759 3439 nee
1771 3383 1800 3440 ln

141 3473 182 3529 rel
197 3473 308 3530 alterius
320 3473 482 3547 cujusquam
497 3474 620 3532 materiae
632 3475 777 3543 mollioris,
788 3490 849 3547 quae
868 3491 941 3532 sem·
997 3474 1094 3533 eodem
1103 3483 1178 3534 statu
1190 3489 1270 3532 mens
1282 3473 1403 3531 bominis
1415 3482 1504 3546 potest
1513 3475 1616 3547 jugiter
1628 3490 1798 3547 permanere,

142 3583 191 3641 per
212 3566 361 3624 characteri
384 3567 552 3639 signantium
575 3567 673 3626 cedens
693 3585 744 3643 pro
773 3569 831 3642 ejus
853 3568 943 3626 forma
996 3584 1047 3626 nec
1068 3568 1096 3625 in
1115 3567 1167 3625 hac
1189 3583 1271 3625 carne
1293 3569 1455 3637 consistens,
1476 3568 1515 3625 ita
1532 3568 1666 3627 virtutum
1692 3569 1800 3643 apicem

688 3703 815 3763 Abdell
833 3704 947 3759 GAZAEI
966 3702 1246 3761 COMMENTdeUS.

175 3830 188 3855 ·
209 3820 244 3874 In
269 3816 394 3875 eamdem
422 3817 584 3875 sententiam
600 3816 722 3875 lsidoms
744 3817 880 3876 Pelusiota
907 3817 942 3875 ad
996 3819 1389 3891 que,inqnit,ltictu'aert'mus,
1403 3821 1696 3890 quanntmutmquebit
1704 3820 1797 3891 proie-

142 3889 273 3946 Orionem
287 3889 497 3946 monacbumita
511 3890 647 3962 rescripsit
658 3890 726 3954 (tit.
736 3903 748 3944 ι
760 3891 839 3960 epist.
856 3889 917 3959 1⁸1)
932 3907 939 3944 ε
995 3893 1195 3954 cerimm,nemo
1208 3890 1282 3945 dicct
1291 3909 1300 3944 ε
1310 3891 1527 3961 8η))ιιι“ι,)ἰιιιιιι
1537 3907 1608 3948 sum.
1624 3894 1676 3961 Qui
1685 3892 1800 3958 diruat,

143 3964 205 4018 dion
214 3962 605 4031 credulriotr'sutquecmentt'u
617 3961 941 4029 tuit,uirstudiosissime,
994 3965 1126 4019 renconsit
1138 3964 1167 4016 in
1177 3964 1233 4030 uio,
1244 3977 1297 4016 uon
1306 3964 1379 4017 nouit
1387 3965 1532 4031 pertenire.
1550 3964 1602 4017 ilbi
1611 3964 1729 4025 diruit,
1744 3964 1800 4031 uts-

142 4033 215 4102 quod
226 4035 439 4103 sapientissimus
450 4034 544 4087 Petrus
556 4047 597 4088 eos
611 4035 661 4102 qui
755 4036 849 4087 cerunt
857 4036 943 4087 morte
994 4035 1061 4104 ficit,
1076 4035 1116 4088 ibi
1130 4034 1216 4089 toste.
1234 4032 1351 4090 Attende
1362 4034 1531 4104 Apostolum,
1550 4036 1596 4088 eui
1610 4050 1664 4088 non
1683 4036 1799 4104 sumat.

141 4104 475 4173 usseritldet.v),uerum
486 4105 654 4175 prescientia
745 4103 884 4158 'nurnultu
897 4102 942 4157 lto·
996 4107 1120 4171 matres,
1139 4107 1239 4174 iuquit,
1264 4119 1365 4172 eqome
1384 4119 1436 4158 non
1453 4105 1573 4158 arbitror
1592 4105 1802 4175 apprehendisse

140 4176 244 4228 minum
252 4179 361 4244 peccato
372 4177 563 4245 proesanuntis.
575 4174 643 4233 Num
662 4191 721 4230 curn
732 4174 944 4242 unctumque
997 4176 1128 4245 (Philipp.
1149 4176 1203 4245 ιιι).
1225 4177 1381 4230 strumum
1397 4174 1465 4228 dicit
1489 4192 1495 4229 ε
1518 4177 1572 4242 Qui
1582 4190 1609 4229 se
1626 4180 1711 4246 putat
1724 4178 1799 4244 scire,

141 4250 281 4298 sementem
296 4248 571 4316 tacereincrepissent,
586 4262 617 4300 oc
633 4249 728 4302 statim
740 4250 820 4301 enata
834 4246 944 4299 aucuia
996 4246 1113 4300 nmmum
1125 4247 1185 4308 scit,
1199 4245 1422 4314 quemadmodum
1432 4261 1492 4299 eum
1502 4249 1622 4315 qamteut
1635 4247 1733 4315 scirell
1742 4248 1799 4304 cor.

142 4317 349 4383 mnspeaissent,
359 4318 593 4385 supieutt'const'lio
604 4319 783 4385 eoconsestim
792 4316 944 4370 mulserunt
999 4322 1071 4382 virt).
1091 4319 1178 4371 Unum
1199 4321 1289 4371 autem
1304 4332 1363 4387 quoe
1373 4321 1443 4370 reiro
1453 4332 1513 4370 sum
1530 4317 1639 4380 oblitus,
1655 4321 1685 4372 iu
1695 4333 1728 4372 ea
1741 4333 1801 4388 qatoe

143 4398 177 4435 ne
190 4399 246 4436 uno
267 4399 326 4437 cutm
345 4385 437 4437 tritico
457 4390 538 4439 auctu
549 4387 646 4453 flatura
658 4389 719 4455 iqui
734 4387 947 4440 ademuttbnem
1000 4391 1063 4439 unte
1079 4389 1152 4453 sunt,
1171 4390 1304 4452 euterttus,
1318 4387 1461 4443 secundum
1473 4389 1645 4442 intentionem
1654 4388 1800 4458 sequored

141 4456 322 4505 tentarentur.
334 4452 380 4506 Au
392 4453 512 4506 eumdem
522 4455 631 4507 modurn
641 4456 948 4524 divinusquoquediop·
997 4456 1119 4524 palmum
1142 4471 1264 4527 superaus
1285 4456 1429 4514 vocationis
1451 4457 1534 4529 (Pttti
1573 4461 1652 4530 .ιιι).
1675 4461 1726 4515 lile
1741 4474 1800 4528 erpo

142 4522 278 4604 seeleqern
292 4521 326 4573 ab
334 4522 413 4574 initio
424 4525 518 4604 statiua
532 4524 661 4577 euolutam
673 4527 847 4606 perspiciens,
857 4527 908 4607 etsi
915 4525 949 4607 ob
1000 4529 1096 4588 currit,
1107 4531 1137 4581 tu
1151 4527 1274 4609 lusiam
1287 4531 1335 4586 lile
1346 4530 1412 4584 dicit
1424 4543 1451 4584 se
1537 4533 1757 4611 unaperfectum,
1771 4537 1800 4584 tu

143 4594 1802 4744 tttttttttt‘tttlmitltttelttltltsl!a:ltatlttttlltiltiidmttlltl.titii

142 4737 255 4789 lentium
266 4733 490 4789 tulissescribens.
503 4735 570 4789 llaec
582 4731 705 4816 isidorus
715 4735 782 4804 (bib.
794 4748 838 4816 vir
850 4737 940 4816 instit.
996 4738 1270 4806 tulitute,mutubilis‚
1277 4742 1330 4794 etsi
1334 4742 1371 4794 ud
1377 4745 1802 4813 summoqurequetirtutumstu-

141 4823 165 4861 c.
179 4807 236 4887 ,¹⁴)·
255 4808 342 4863 Porro
355 4805 389 4861 de
411 4805 523 4863 Ananiae
547 4813 574 4863 ct
595 4804 734 4877 Sappbtrae
753 4805 863 4862 interitu
876 4809 942 4863 altas
994 4809 1228 4892 disponebatur,
1242 4816 1444 4880 serupertonten
1454 4815 1525 4866 sicut
1534 4818 1623 4882 potest
1636 4815 1737 4870 baben
1749 4830 1801 4884 quo

143 4892 267 5028 efficii&
285 4953 334 5028 est,
346 4944 462 5029 sigillum
486 4963 519 5004 ex
534 4947 676 5004 adamante
692 4945 788 5020 lapide,
804 4946 881 5019 cujus
892 4947 941 5005 du·
993 4881 1801 5024 igmmlttqfflussttmfguuabqoeuzsmmprgcthaemucuffeffi

141 5024 227 5082 utres,
242 5025 311 5072 teste
330 5016 416 5072 Plrmo
430 5019 495 5088 (bib.
512 5035 570 5074 xvn
584 5022 654 5074 licet.
668 5024 727 5076 nui.
740 5036 798 5090 cup.
815 5024 939 5086 l),tauta
989 5023 1140 5090 perfectos:
1159 5039 1192 5077 ne
1205 5024 1240 5078 ab
1253 5026 1359 5077 itineris
1370 5024 1489 5078 nondum
1502 5027 1575 5094 finiti
1587 5027 1737 5081 intentione
1749 5040 1801 5081 ces·

140 5093 193 5154 est,
210 5096 240 5144 ut
254 5102 303 5143 uec
318 5085 389 5142 ierro
404 5088 493 5167 cedat,
507 5104 559 5145 nec
572 5089 639 5162 igni,
652 5106 702 5146 nec
717 5105 849 5172 umquam
864 5091 939 5146 inca-
992 5097 1091 5155 stantes,
1102 5094 1141 5147 ibi
1149 5094 1269 5149 incidant
1276 5094 1801 5167 defluendipericulummbiproficiendi

140 5157 235 5214 lescat.
252 5157 335 5216 Unde
348 5158 520 5230 prouerbium
544 5169 651 5226 natum,
665 5177 721 5232 qun
739 5160 869 5233 quidquid
884 5161 938 5217 du·
992 5162 1162 5232 deposuerint
1183 5167 1340 5235 appetitum.
1355 5167 1388 5220 D.
1409 5166 1797 5239 Bernardusinquadamepi·

136 5243 210 5295 rum,
225 5229 406 5295 indomitum,
422 5227 519 5303 inexpu
558 5230 640 5297 abile,
664 5231 870 5288 adamantinum
885 5246 938 5286 ro·
991 5235 1059 5287 stola
1091 5237 1177 5316 Epist.
1203 5241 1287 5300 tam:
1311 5236 1482 5299 Omonucbe
1511 5252 1564 5292 nort
1585 5241 1625 5293 cis
1646 5240 1798 5310 proficere?

139 5313 246 5379 camus.
262 5300 332 5354 Hinc
352 5300 520 5371 Origenesn
542 5301 679 5356 amantius
693 5302 782 5357 dictus
794 5300 830 5355 ob
843 5299 935 5356 infati-
991 5305 1058 5359 Non.
1103 5320 1125 5358 ts
1149 5304 1636 5377 erqoilrtlcereilieqttaquam.0uid
1654 5310 1797 5378 erpoisie

137 5367 254 5437 gabrlem
276 5371 304 5424 in
325 5368 469 5426 scribendo
492 5370 660 5443 legendoque
675 5380 811 5434 naturam,
835 5384 936 5441 coguo-
989 5375 1066 5437 mibi,
1081 5376 1183 5444 inquis,
1198 5378 1287 5432 cinere
1297 5376 1364 5441 uolo,
1378 5382 1403 5432 et
1417 5393 1524 5433 monere
1541 5381 1571 5433 in
1584 5380 1658 5449 quod
1671 5383 1794 5451 percuti,

137 5448 230 5495 mento
249 5439 283 5495 ab
306 5439 452 5496 invincibili
465 5441 619 5499 adamantis
641 5441 736 5514 lapidis
752 5441 777 5496 ri
803 5440 937 5512 imposito
978 5441 1123 5569 'afficior
1136 5447 1198 5514 lieri
1215 5449 1315 5516 patior,
1331 5462 1378 5502 uec
1391 5448 1486 5503 melior
1501 5452 1588 5519 cupio.
1604 5453 1659 5505 Hoc
1672 5466 1736 5521 ergo
1755 5453 1797 5505 ιιι

137 5512 180 5575 (ll.
196 5513 305 5566 Hieron.
321 5513 401 5582 epist.
416 5512 469 5583 ts).
988 5531 1005 5584 q
1071 5531 1124 5570 esse
1143 5532 1195 5571 non
1209 5522 1305 5588 potest.
1320 5519 1392 5586 Quid
1413 5522 1593 5575 enimstult'n
1613 5521 1660 5576 boc
1675 5522 1797 5577 mettio?

169 5583 282 5636 ⁰Locus
304 5584 459 5639 communis
480 5583 513 5640 de
535 5580 659 5656 proiectu
678 5581 809 5655 spirituali
821 5623 828 5649 ,
852 5597 933 5654 quem
987 5589 1013 5639 et
1026 5590 1095 5640 certe
1107 5586 1140 5640 de
1153 5589 1261 5643 bomine
1273 5589 1424 5658 specialiter
1437 5591 1589 5646 dictumest
1604 5610 1613 5645 .·
1628 5593 1710 5660 Fugit
1722 5595 1797 5648 uelut

131 5651 272 5707 nonrrullis
293 5654 340 5709 SS.
359 5657 471 5710 Patrum
496 5655 637 5711 sententiis
645 5654 725 5725 juvat
744 5653 880 5708 illustrare
905 5662 934 5709 et
985 5656 1797 5732 umbroenumquamineodemstotupetrnonetllcb.xrv.)

129 5721 304 5779 conlinnure.
320 5725 477 5797 Angustia
492 5725 590 5798 psalm.
605 5739 679 5782 txtx
694 5746 700 5781 :
721 5726 930 5792 manaturum-
985 5726 1055 5783 Vide
1069 5727 1208 5798 eumdem,
1223 5731 1303 5802 epist.
1320 5737 1384 5788 341.
