3824 6164
128 272 179 325 tur
668 264 808 322 JOANNIS
825 264 977 321 cassiam
995 264 1238 323 cotnirlosss.
1733 268 1788 325 968

128 406 267 447 summum
283 389 322 447 ori
342 399 390 446 tuo
414 389 563 447 silentium.
590 386 643 443 llic
664 395 706 443 est
729 388 804 444 enini
825 388 931 461 primns
944 393 972 457 A
985 404 1060 447 cesse
1073 397 1115 447 est
1128 398 1158 446 nt
1178 390 1239 447 aliis
1258 406 1368 463 quoque
1384 400 1413 447 ot
1429 390 1549 448 marimo
1566 390 1702 464 superbiai
1715 388 1791 451 ritiis

128 484 276 557 discipline·
298 484 408 539 actualis
435 483 594 555 ingressus:
618 480 710 537 Omnis
730 481 831 555 quippe
852 482 928 538 ιιι-ιιι·
980 482 1126 557 obligetur,
1138 492 1166 539 et
1185 484 1223 539 ita
1239 484 1270 539 in
1285 483 1384 540 actuili
1401 491 1483 557 atque
1496 482 1582 541 etliiea
1597 484 1790 557 congressione

128 580 241 635 lioini'nis
254 580 285 632 in
302 593 346 632 ore
361 580 445 647 ipsius
459 575 570 645 (seiles.
584 576 641 647 vi);
656 582 684 632 et
699 583 729 632 ut
747 574 873 631 omnium
885 588 928 631 se·
981 582 1145 647 prostratus,
1165 575 1306 633 seientiam
1323 576 1470 649 spiritalem
1490 591 1552 648 qnae
1564 591 1598 632 ei
1616 590 1649 633 ea
1668 576 1789 635 nascitur

129 672 237 728 niorum
255 670 376 726 instituta
400 679 482 742 atque
502 670 653 726 sententias
675 670 779 727 intento
802 668 886 725 corde
903 676 931 724 et

128 764 205 837 qnasi
228 771 306 819 muto
329 778 377 819 ore
398 762 546 835 suseipias3
568 778 600 819 ac
614 761 757 835 diligenter
775 760 804 817 in
822 768 931 835 pectore

128 866 176 913 tuo
196 856 329 924 condens,
350 855 384 913 ad
400 855 562 929 perficienda
580 870 611 912 ea
631 856 817 929 potiusquam
835 855 870 912 ad
886 852 931 912 do

128 950 214 1009 conda
232 950 353 1008 festines.
378 954 417 1007 Ex
438 951 490 1007 lioc
504 952 578 1007 enini
602 950 761 1007 cenodoiiae
780 948 930 1023 perniciosa

127 1046 316 1121 praesumptio,
337 1061 368 1101 ei
384 1045 430 1100 illo
442 1053 535 1101 nutem
552 1044 658 1101 fruetus
670 1042 796 1116 spiritalis
809 1042 930 1100 scientiae

128 1140 311 1216 pullulabunt.
323 1139 398 1195 ninii
416 1138 506 1210 iraqne
519 1138 548 1193 iii
561 1136 706 1195 collatione
720 1137 859 1194 seniorum
871 1154 929 1210 pro

128 1234 197 1291 ferre
209 1233 319 1300 ondens,
343 1232 393 1287 nisi
414 1230 488 1303 quod
501 1232 668 1305 interrogare
686 1238 713 1287 te
731 1239 779 1287 ant
794 1231 929 1304 ignoratio

127 1327 265 1389 nocitura,
277 1334 325 1381 ant
346 1324 414 1381 ratio
427 1324 588 1381 necessarius
605 1324 769 1397 cognitionis
782 1324 928 1397 impulerit,

127 1428 158 1476 ut
171 1419 281 1491 qnidam
299 1434 373 1473 ranae
393 1416 487 1489 gloriae
507 1431 602 1473 amore
616 1416 734 1483 distenti,
748 1432 798 1489 pro
810 1426 930 1473 ostenta·

128 1514 201 1570 tionc
223 1511 366 1580 doctrinar,
379 1526 411 1567 ea
434 1526 496 1582 queo
520 1510 621 1583 optimc
646 1518 748 1566 norunt
763 1512 929 1583 interrogare

127 1624 157 1665 se
167 1606 306 1664 simulant.
324 1604 495 1676 impossibile
507 1594 582 1660 enim
595 1613 635 1660 est
647 1620 712 1660 enni
724 1605 770 1676 qui
787 1605 928 1679 proposito

127 1701 300 1775 acquirendae
311 1700 398 1757 landis
416 1698 557 1768 hnmanae,
571 1698 663 1755 studio
677 1698 799 1755 lectionis
818 1700 924 1768 insistit,

984 668 1099 725 mininie
1117 676 1308 743 consequetur.
1327 672 1392 727 Fsto
1408 684 1473 743 ergo
1493 670 1648 741 peremnia
1664 672 1735 726 citus
1752 671 1788 729 ad

984 761 1160 831 cridiensium,
1175 762 1271 818 teritus
1285 766 1375 817 utilem
1391 762 1428 817 oif
1447 762 1609 831 loquendum
1625 762 1690 831 (fiir.
1705 766 1737 832 t),
1752 778 1787 819 ne

985 853 1062 911 eadat
1075 854 1103 909 in
1117 860 1143 910 te
1156 853 1223 912 illud
1236 852 1312 927 quod
1325 862 1436 910 notatur
1449 870 1465 909 a
1478 853 1645 909 Salomone:
1665 856 1678 885 ²
1701 854 1733 911 st
1749 856 1788 909 ei·

985 948 1056 1003 ιιι-ιιι
1075 951 1164 1004 cirum
1176 950 1286 1004 calorem
1302 950 1330 1003 in
1344 948 1442 1011 cerdis,
1461 950 1529 1002 scito
1540 950 1605 1017 qnia
1616 962 1692 1018 spem
1708 949 1788 1005 trite

984 1046 1114 1113 insipiens
1128 1045 1215 1113 mnpis
1228 1058 1310 1114 qnam
1335 1044 1380 1099 ille
1392 1042 1480 1115 (Pron.
1495 1046 1587 1108 xiiis).
1610 1044 1668 1099 Nec
1690 1058 1789 1115 quem·

984 1152 1067 1210 quain
1084 1137 1174 1193 rerliis
1188 1136 1285 1194 doinre
1297 1151 1458 1209 praesumas,
1471 1134 1546 1208 quod
1560 1150 1640 1207 opere
1655 1145 1720 1193 ante
1731 1152 1789 1195 non

984 1229 1092 1287 leceris.
1106 1231 1187 1287 Hune
1196 1229 1269 1286 enini
1280 1245 1331 1285 iios
1340 1228 1465 1286 ordinem
1478 1236 1570 1284 tenere
1581 1226 1694 1296 debere,
1706 1229 1787 1287 etiam

983 1325 1115 1397 exemplis
1130 1325 1186 1381 suis
1200 1323 1336 1381 Dominus
1354 1330 1446 1380 noster
1468 1321 1596 1390 institnit,
1623 1319 1658 1379 de
1679 1338 1736 1395 qno
1752 1323 1784 1379 ita

983 1418 1082 1476 dicitur
1099 1438 1105 1471 :
1122 1419 1186 1486 (ine
1199 1421 1276 1489 capit
1286 1420 1362 1473 fisus
1376 1417 1466 1484 (urere
1484 1421 1509 1471 et
1523 1416 1617 1471 elicere
1631 1415 1734 1487 (.-lcter.
1755 1418 1783 1489 ι).

984 1512 1055 1568 Caro
1069 1526 1134 1583 ergo
1148 1526 1183 1567 ne
1193 1518 1257 1567 autc
1267 1519 1360 1567 aetum
1371 1510 1514 1584 prosiliens
1527 1508 1563 1565 ad
1574 1508 1740 1577 docendum,
1758 1512 1784 1567 in

983 1604 1093 1659 illorum
1117 1618 1233 1661 numero
1252 1603 1400 1678 deputeris,
1416 1602 1450 1660 de
1469 1603 1571 1675 quilius
1585 1604 1613 1659 iii
1635 1602 1783 1677 Evangelio

984 1700 1121 1755 Dominus
1135 1698 1171 1755 ad
1191 1697 1337 1771 discipulos
1353 1714 1419 1756 suos
1439 1697 1578 1771 loquitur:
1605 1698 1667 1765 ouo
1690 1698 1782 1753 dicunt

127 1796 231 1854 donum
244 1810 314 1853 rerae
328 1794 448 1851 scientim
460 1792 621 1867 promereri.
647 1794 716 1849 liam
737 1793 782 1865 qni
798 1793 849 1849 liae
862 1808 925 1865 pas·
944 1814 968 1877 B
982 1793 1054 1850 rodis
1067 1800 1171 1849 seirntr
1184 1798 1209 1849 et
1218 1797 1312 1862 filcile,
1322 1794 1467 1850 secundnm
1478 1810 1559 1865 opere
1568 1808 1727 1849 tenemium
1737 1810 1782 1849 no·

127 1892 203 1949 sione
223 1890 345 1948 deuictus
368 1892 455 1969 [lepis.
480 1892 507 1943 i'n
530 1905 616 1957 incip.
631 1886 782 1955 deuinctus]
799 1896 851 1954 est,
876 1903 926 1943 ne-

980 1890 1027 1943 ti'le
1039 1889 1144 1956 (neri-e:
1159 1888 1252 1944 ili'irnil
1261 1892 1332 1945 enirn
1342 1894 1369 1945 et
1376 1906 1427 1945 non
1435 1890 1555 1956 seiciunt.
1569 1890 1780 1961 illliqiintnutem

676 2056 802 2111 amittet
823 2056 935 2111 Gsziffl
955 2056 1236 2114 COMMENTARIUS.

126 2222 228 2287 pinnifer
241 2218 325 2283 raupta
343 2233 359 2269 ii
378 2216 456 2270 mulis
476 2216 562 2269 tertiis
579 2218 689 2284 propter
705 2229 812 2284 pu‘nnm
824 2218 929 2285 percuti

126 2290 201 2343 ilebet
215 2289 332 2342 cessure!
347 2287 379 2339 lii
393 2301 454 2358 quae
475 2283 554 2339 rerba
569 2292 759 2340 commentans
779 2289 926 2341 Turrecre-

126 2365 226 2423 maliis,
242 2356 335 2413 deceni
349 2356 469 2411 rationes
483 2353 563 2411 affert
577 2354 613 2411 oli
629 2370 697 2437 quas
707 2355 807 2411 silentii
822 2364 848 2411 et
864 2356 928 2412 laci-

126 2428 265 2485 tnrnilatis
284 2427 399 2500 gravitas
417 2424 551 2497 religiosis
566 2441 700 2499 precipue
714 2426 832 2481 amanda
848 2427 894 2494 sit,
911 2441 928 2482 e

125 2501 224 2571 quibiis
244 2507 361 2571 quotuor
378 2497 521 2555 dumtaxat
547 2496 699 2569 praecipuus
726 2506 753 2553 et
775 2495 839 2551 linio
867 2498 927 2553 loro

126 2585 208 2643 quem
232 2579 380 2627 tractamus
407 2568 529 2625 marimo
558 2576 756 2623 consentaneas
783 2574 928 2623 annotasse

126 2642 286 2699 suffecerit:
300 2644 399 2703 Primo,
412 2640 509 2711 inquit,
522 2642 586 2710 quie
600 2655 649 2709 pei·
663 2640 737 2693 illem
757 2639 833 2693 homo
845 2642 929 2693 eritnt

126 2715 409 2785 ultramuraneum
419 2728 453 2767 eu
463 2714 625 2781 loqiuicitnte
636 2710 804 2766 nriiisolent.
818 2712 851 2765 st
861 2711 929 2765 lenito

126 2802 232 2841 ritiisnm
247 2786 350 2841 interit
370 2786 398 2841 S.
418 2786 497 2839 Pirtei·
515 2782 682 2843 Benedictus,
703 2797 761 2835 iiiiii
783 2783 840 2835 uit:
861 2782 930 2847 (licie

126 2860 331 2926 scriptumest:
352 2859 381 2911 ln
404 2855 571 2922 multiloquio
595 2868 647 2907 non
660 2852 772 2919 effnpies
792 2856 928 2919 peccatum

127 2930 211 2991 [Pron.
225 2930 265 2995 ii).
281 2928 413 2981 Clinicum
425 2927 451 2977 in
463 2924 528 2976 lilii-p
540 2924 574 2975 ilc
587 2922 664 2978 Scnlu
673 2921 830 2990 Spi'ii'tunli,
841 2922 929 2989 predii

129 3002 137 3047 t
147 3000 169 3053 1.
180 2998 228 3061 qni
236 2995 315 3048 estete
327 2995 503 3061 loquacitate:
516 2993 688 3059 Loquacitas,
699 2990 796 3061 inquit,
805 2995 844 3045 est
855 2994 929 3059 iquo-

128 3066 222 3116 inutiie
235 3068 333 3117 reitnni
344 3065 541 3127 cipiunentnm,
553 3060 724 3114 ditinctionis
734 3062 833 3130 jurano,
850 3078 927 3117 stati·-

126 3130 925 3200 rililctiselue,ineintniitopifee,roiripnncti'ein'sdesolatio,

125 3202 383 3257 oeeilnenuctersirc
392 3202 537 3263 cremutius,
551 3204 637 3255 sumni
645 3217 805 3271 prim-rimor,
817 3206 927 3259 intentis

124 3276 238 3343 ficteque
250 3273 424 3341 capitationis
431 3272 573 3339 dissiprtio
586 3272 713 3327 custodire
727 3276 925 3340 calci-minatio,

127 3350 151 3400 et
164 3344 221 3399 tileo
236 3344 411 3399 benedicitur
425 3343 606 3397 firclmi'nslici
618 3358 636 3398 ii
651 3361 658 3397 ι
671 3345 724 3410 (lui
735 3346 826 3399 multis
839 3348 927 3399 utitur·

126 3416 304 3477 venumdedit
311 3417 429 3469 unimam
436 3429 523 3468 sitnm.
530 3414 679 3469 Secnnifnin
689 3430 779 3477 cinisii,
790 3419 854 3485 quin
864 3420 926 3471 tuci-

983 2216 1039 2270 iliis.
1057 2218 1233 2285 ffiriunpmns
1245 2218 1273 2271 in
1288 2220 1366 2287 epist.
1381 2217 1418 2270 eit
1428 2218 1604 2273 Eristiicfia‘um
1620 2218 1718 2287 (Epist.
1729 2218 1777 2283 tr).

983 2288 1121 2343 finetenus
1137 2288 1278 2343 sententiar
1290 2296 1317 2342 et
1334 2288 1482 2343 rationcsa
1498 2290 1708 2343 'fiirrecreniato
1718 2302 1779 2357 pro-

980 2356 1072 2413 ductae
1085 2356 1119 2413 de
1139 2358 1247 2414 silentio
1262 2358 1470 2413 monui-tiorum.
1491 2360 1554 2413 Jam
1571 2366 1600 2413 ut
1612 2358 1646 2413 ad
1660 2358 1778 2429 eiempla

983 2430 1096 2483 Patrnm
1110 2428 1265 2494 ueniamus,
1282 2428 1328 2500 qni
1349 2429 1490 2485 silentium
1505 2429 1657 2485 arctissime
1674 2428 1704 2483 in
1717 2429 1779 2485 reli-

981 2498 1056 2579 giosa
1069 2498 1121 2554 vita
1140 2499 1276 2555 eremitica
1295 2498 1334 2555 rel
1347 2498 1508 2556 roenobitiea
1527 2501 1682 2565 coluerunt,
1700 2498 1778 2556 habes

982 2569 1117 2640 imprimis
1126 2570 1153 2624 in
1165 2570 1235 2625 Vitis
1249 2573 1359 2626 Patrem
1371 2570 1535 2642 discipulum
1550 2574 1579 2627 S.
1594 2572 1702 2627 Antonii
1717 2572 1778 2627 Pau-

983 2640 1039 2695 lnin
1053 2640 1219 2712 Simplicem,
1230 2642 1283 2712 qni
1295 2640 1331 2697 oli
1346 2640 1445 2713 linguai
1455 2642 1572 2712 lapsum,
1590 2642 1657 2713 qnia
1669 2642 1777 2713 quaesie-

983 2720 1025 2766 rat
1044 2727 1112 2768 nnm
1133 2710 1255 2768 Christus
1275 2720 1338 2768 ante
1358 2712 1505 2783 proplielas
1528 2712 1653 2779 risisset,
1678 2712 1776 2768 triennii

981 2782 1121 2839 silentium
1139 2782 1180 2838 ori
1198 2798 1248 2839 suo
1266 2782 1375 2851 inditit3
1396 2791 1425 2837 et
1445 2786 1467 2837 Α
1489 2782 1622 2839 athonem
1646 2782 1776 2849 abbatem,

982 2854 1026 2921 qni
1042 2851 1132 2977 lapillo
1157 2853 1198 2909 ori
1221 2854 1348 2924 imposito
1364 2862 1451 2909 tacere
1468 2798 1578 2923 disten,
1599 2853 1678 2909 etad
1697 2868 1777 2911 annos

982 2924 1066 2978 tressi
1078 2924 1125 2979 uit.
1136 2924 1235 2979 Piiuido
1244 2926 1284 2979 ιιι
1295 2926 1410 2979 f'nmlins
1422 2923 1517 2991 atem,
1526 2933 1558 2980 nt
1569 2933 1612 2981 est
1623 2924 1652 2980 fn
1664 2924 1776 2981 ilistoiia

983 2994 1131 3066 Tripartita
1145 2996 1216 3065 (lili.
1229 3010 1314 3051 rinc.
1327 2998 1363 3066 l),
1374 2998 1499 3050 ciuusine
1508 2996 1613 3051 litteris
1622 3002 1777 3065 essertines

982 3068 1018 3120 sit
1027 3067 1065 3120 eit
1076 3068 1218 3135 queiuitum
1228 3072 1258 3121 rit
1267 3066 1403 3123 timeretur
1409 3068 1556 3137 psnfinnm.
1568 3071 1674 3125 literam
1690 3068 1775 3121 iendis·

982 3140 1020 3189 set
1032 3140 1149 3205 primum
1164 3154 1269 3193 eeisnm
1278 3140 1381 3209 psalmi
1389 3141 1525 3207 tiepesimi
1536 3142 1628 3194 ceteri
1636 3158 1642 3167 ·
1658 3142 1731 3195 fiiri.
1742 3154 1778 3193 eu-

981 3208 1096 3262 stadium
1112 3212 1170 3265 ri'as
1185 3226 1265 3275 mens,
1278 3215 1309 3266 nl
1321 3226 1372 3265 nou
1384 3210 1544 3279 delinquam
1560 3213 1588 3264 in
1604 3211 1699 3279 linque
1714 3224 1775 3271 men,

980 3280 1124 3333 secundnm
1144 3296 1247 3336 uersum
1265 3298 1318 3335 inm
1336 3294 1433 3351 presens
1449 3286 1488 3335 ist
1504 3282 1613 3345 uuitire,
1628 3282 1717 3337 dicens
1730 3300 1738 3333 ι
1751 3282 1778 3337 Si

978 3356 1090 3418 pulnere
1102 3366 1179 3419 opere
1189 3353 1236 3406 lior
1243 3354 1363 3421 implere,
1374 3353 1417 3405 lii'r
1426 3366 1516 3407 remus
1524 3352 1707 3408 tantummode
1715 3352 1779 3405 miii

979 3422 1099 3487 eritrea-t.
1112 3424 1197 3477 lliitie
1203 3422 1299 3477 ifieinde
1306 3428 1421 3493 ternpore
1424 3429 1487 3493 pist
1494 3438 1626 3487 reuersus,
1635 3439 1696 3478 rum
1705 3426 1778 3477 intrr-

126 3489 244 3542 tnrni'tns
255 3487 370 3541 multum
377 3486 589 3539 ooiiienitstelui
595 3492 619 3540 ιι
627 3486 775 3540 eniiifitioni
784 3488 925 3557 discipule
981 3498 1186 3559 inpnreliii·,riii·
1197 3494 1345 3548 tumifiunif
1355 3496 1518 3563 maqi'slrum
1525 3495 1615 3549 redite
1620 3494 1775 3557 distulisset,

126 3574 201 3623 rnm;
212 3557 362 3627 cujusmodi
372 3561 435 3611 snut
446 3558 500 3609 riri
508 3556 634 3624 reliquiar,
645 3558 729 3624 quiin
739 3559 827 3611 selirdn
840 3560 925 3614 etini-
939 3534 962 3597 C

125 3634 182 3684 tuin
204 3632 326 3683 continue
341 3644 369 3683 sc
382 3632 516 3681 erercent.
535 3629 601 3682 Num
625 3632 655 3680 nt
669 3627 735 3680 dicit
755 3629 885 3685 Si'dein'ns
898 3632 925 3685 iii

125 3703 204 3771 epist.
225 3706 271 3766 ti,
289 3699 460 3768 Pptlinpnrns
476 3698 677 3753 ttdt'erli'rltfr'tnts
694 3698 834 3767 discipulis
848 3702 926 3768 prins

125 3773 223 3841 lepitnr
236 3770 343 3825 terendi
351 3770 512 3839 patientium
527 3783 609 3838 quem
626 3768 754 3837 loquendi
764 3758 926 3825 inonstius⁰se

124 3844 282 3897 iliirtir'nnm.
301 3844 336 3895 Ει
346 3846 375 3895 nt
384 3842 425 3895 nit
434 3842 611 3909 fliernnpmns
623 3840 652 3891 in
661 3841 738 3961 ινιιιι.
752 3838 790 3893 nil
803 3842 925 3909 Nepotia-

125 3930 188 3969 mim
200 3933 208 3968 i
220 3916 394 3983 Hippocrates
404 3911 545 3979 ailjeinrn
559 3911 666 3978 discipu
677 3925 716 3971 ns,
727 3914 873 3979 antequam
882 3927 925 3967 eos

124 3986 238 4051 (tereret,
250 3990 275 4039 et
287 3986 315 4037 in
326 3982 403 4037 rerdn
417 3996 466 4036 sne
476 3982 575 4049 jurare
590 3982 728 4050 rinnpulil‚
741 3981 926 4049 etjiiromenti'

123 4058 237 4115 retorsit
246 4056 392 4111 silentium.
406 4056 441 4108 Et
451 4051 655 4106 fniiirrntinneiu
671 4052 775 4107 iuifncit
786 4054 815 4107 lt.
828 4054 860 4109 P.
874 4056 925 4109 tte-

122 4129 244 4185 ·neitietns
256 4127 361 4183 dicens:
377 4126 444 4181 illine
460 4124 534 4193 loqui
543 4128 569 4178 ιι
580 4122 672 4177 iterare
685 4124 847 4193 mepistium
860 4140 924 4179 ron-

123 4202 205 4259 dreit.
219 4204 303 4253 terere
312 4204 336 4253 ιι
348 4197 445 4251 erudire
453 4196 583 4264 elisi-epulo
598 4197 729 4249 contenit.
742 4197 831 4249 Tertio
842 4198 922 4264 rotie,

123 4272 188 4341 quiet
195 4270 241 4324 lioe
250 4284 388 4339 erpioscere
397 4266 505 4321 uiitetnr
517 4268 604 4335 ipsum
614 4267 731 4333 relipiesi
737 4281 841 4330 noiiien,
852 4267 925 4358 quod

123 4358 140 4393 n
148 4340 285 4407 ielipundo
294 4340 423 4406 oripinem
433 4338 530 4395 tiiirit.
540 4341 604 4390 teste
615 4337 844 4405 dirutoiliipusliuo
852 4338 919 4409 qLili.

124 4412 157 4463 ite
177 4412 249 4463 Vero
264 4410 465 4475 Relipioncrnp.
485 4412 531 4470 55,
551 4410 576 4459 ιι
600 4406 647 4460 lit.
663 4410 802 4463 ifletinct.
819 4424 841 4463 e.
867 4408 922 4477 is),

125 4479 269 4534 iitilluilin
277 4478 372 4546 primis
382 4475 532 4529 meindrinn
546 4476 924 4547 relipnreslnifensquaereli-

124 4554 230 4620 petione
242 4549 358 4601 inarime
368 4560 434 4615 epns
445 4546 534 4605 initiet,
546 4562 637 4615 nempe
644 4546 775 4615 linquam.
788 4549 862 4605 i-‘inie
874 4551 923 4607 Sn-

120 4626 197 4693 piens
207 4624 310 4675 monet:
324 4619 420 4675 l'eiliis
429 4618 484 4671 tuis
494 4617 724 4683 Inritustnterinn,
736 4622 761 4673 et
768 4619 859 4685 frenos
868 4623 923 4677 oris

121 4698 165 4752 titi
173 4698 265 4751 rectos.
280 4695 316 4749 Et
334 4690 553 4759 relipi'osissinnis
572 4688 661 4743 Duri'd
680 4693 757 4744 oret:
772 4692 852 4758 lene,
868 4696 922 4748 flo-

123 4770 202 4830 minc,
215 4764 364 4821 custodium
378 4764 421 4817 ori
434 4760 662 4831 mentientur),
681 4767 734 4815 etc.
750 4764 846 4817 mutes
862 4778 924 4819 rem

119 4840 229 4893 luceius
242 4835 447 4905 peremptorium
456 4836 511 4902 sert
523 4832 681 4887 scatentium
693 4850 701 4885 ι
715 4833 747 4889 Si
760 4836 822 4903 quis
833 4840 924 4891 nutem

981 3564 1776 3633 iieiiinunseilludque‹tetricrepo-seciturdieite.ammo·

981 3634 1055 3699 nius,
1067 3641 1136 3688 teste
1148 3633 1265 3689 Palladio
1276 3636 1414 3701 (Leiisier.
1430 3642 1488 3704 48),
1498 3644 1576 3707 pater
1585 3636 1715 3691 termille
1725 3648 1777 3691 iiio

979 3702 1129 3757 nuclioruni
1144 3704 1374 3771 'tabennensium
1389 3713 1495 3761 tantuin
1513 3720 1575 3759 cum
1588 3705 1642 3759 illis
1653 3706 1779 3761 exercuit

979 3772 1130 3839 silentium,
1146 3781 1176 3828 ut
1195 3773 1349 3831 riderentur
1360 3790 1420 3832 esse
1435 3776 1462 3839 in
1474 3774 1626 3839 solitudine,
1643 3789 1776 3845 unoquo·

978 3858 1032 3914 qne
1046 3844 1147 3899 occulte
1161 3855 1306 3917 peragente
1316 3862 1396 3903 sunni
1408 3848 1467 3903 ritae
1476 3844 1778 3903 institutum.Tlieonas

979 3928 1088 3985 quoqne
1102 3914 1195 3984 abbas,
1208 3924 1276 3973 teste
1292 3917 1389 3974 eodeni
1404 3920 1536 3987 (liticine.
1550 3920 1606 3983 ιιι,
1615 3914 1778 3973 rirsanctns

979 3984 1007 4040 iii
1021 3986 1186 4042 domuncula
1209 3987 1332 4044 inclusus
1346 3996 1472 4061 ternpore
1492 3986 1623 4069 tringinta
1641 4002 1775 4043 annornm

978 4054 1119 4113 silentium
1137 4058 1267 4115 exercuit.
1287 4060 1408 4115 loannes
1422 4059 1590 4117 Silentianns
1607 4058 1774 4131 exepiscopo

979 4127 1128 4197 solitarius,
1150 4136 1218 4185 testo
1246 4129 1348 4201 Cyrillo
1371 4128 1506 4186 nionariio
1527 4130 1589 4203 ejus
1610 4130 1772 4203 synchrono,

979 4205 1054 4255 tolos
1067 4204 1101 4254 tt
1123 4215 1309 4271 annosasque
1331 4200 1367 4257 nd
1391 4215 1492 4256 anuum
1509 4202 1601 4259 utaris
1624 4208 1676 4257 tot
1695 4200 1772 4257 siluit.

978 4270 1095 4333 Severum
1106 4270 1245 4342 sulpitius,
1256 4278 1368 4327 anctore
1378 4274 1410 4327 B.
1427 4270 1599 4345 Hieronymo
1611 4272 1638 4327 iii
1652 4272 1773 4343 Caulogo

979 4338 1127 4395 illustrium
1143 4341 1277 4411 virorum,
1291 4360 1310 4398 n-
1324 4344 1478 4412 l'elnpinnis
1487 4342 1626 4413 deeeptus,
1638 4356 1773 4414 tepescerent

980 4412 1148 4480 leqinieitutis
1155 4413 1270 4482 culpem,
1280 4416 1506 4483 silentiumuspiie
1513 4416 1550 4469 nit
1560 4422 1672 4469 mertem
1683 4416 1772 4481 tenuit,

979 4486 1010 4537 nt
1019 4488 1157 4551 peccatum
1168 4486 1240 4553 quod
1254 4485 1383 4555 inplicanda
1391 4490 1565 4539 iiiiitiiiaeiut
1580 4486 1693 4541 terrendo
1698 4486 1772 4555 perii·

979 4557 1022 4607 tus
1035 4554 1197 4609 eineintnret.
1211 4558 1239 4611 S.
1255 4557 1375 4612 'flininas
1388 4556 1510 4628 aquinas
1519 4556 1621 4613 doctor
1635 4555 1772 4627 drigelinus

979 4622 1007 4677 in
1028 4623 1208 4681 adolescentia
1227 4626 1364 4684 silentium
1376 4635 1516 4698 tantopere
1539 4628 1634 4693 coluit,
1656 4634 1684 4681 ut
1706 4622 1771 4679 alias

977 4694 1144 4765 notavimus,
1159 4704 1190 4753 ut
1201 4697 1273 4769 apud
1291 4698 1491 4770 condiscipulos
1503 4697 1587 4755 boris
1598 4696 1662 4753 muti
1674 4708 1771 4776 nomen

978 4764 1135 4823 obtinuerit.
1151 4767 1278 4825 ilbertus
1291 4784 1355 4826 reio
1368 4770 1485 4841 lingniis
1495 4785 1562 4825 cniii
1579 4770 1607 4825 in
1621 4768 1770 4841 disputatio

978 4836 1059 4893 nibus
1071 4838 1200 4895 eniminni
1208 4840 1266 4911 ejus
1277 4840 1444 4911 explorasset
1454 4839 1611 4913 ingenium,
1625 4837 1770 4913 deprehen·

118 4911 234 4977 pntetse
246 4908 399 4974 relipiosmn
410 4919 464 4960 esse
478 4920 531 4958 non
543 4905 684 4971 refrenans
696 4904 818 4973 linpnem
832 4922 922 4974 sinim,
938 4910 964 4975 Ι)
978 4908 1107 4981 deretque
1136 4925 1266 4982 quorsum
1287 4912 1409 4967 tenderet
1435 4910 1509 4967 istud
1530 4911 1674 4969 silentium
1689 4934 1696 4965 :
1715 4910 1769 4971 Bes,

120 4979 167 5033 scel
177 4976 302 5032 sectireens
316 4990 457 5036 corsuum,
471 4975 551 5043 linp'ns
566 4990 638 5029 rnnn
652 4978 691 5029 est
703 4978 798 5045 relipie
809 4979 872 5047 (ter.
888 4980 921 5049 i).

120 5052 189 5107 ilinc
200 5048 314 5105 Arsenio
323 5046 360 5101 ud
372 5046 562 5115 perfectionem
577 5051 602 5101 et
613 5045 858 5115 relipiesnmeitnin
868 5053 925 5103 ten·

120 5122 252 5177 atentiam
260 5118 294 5173 iic
302 5118 364 5173 caelo
372 5118 447 5185 [aitte
459 5120 497 5171 est
504 5116 609 5172 iliceos:
620 5119 730 5182 Arserit,
739 5123 814 5189 supe,
823 5124 849 5173 et
856 5125 923 5184 titre,

119 5200 143 5249 ιι
157 5195 261 5265 quiesce
270 5192 312 5263 (fii
326 5190 396 5247 l'itr's
406 5191 541 5256 Petrina).
553 5190 666 5257 anitu,
677 5192 741 5257 quin
753 5192 923 5245 taciturnitas

118 5264 333 5333 iiiueimejiiont,
348 5266 375 5317 et
387 5262 507 5331 disponit
520 5261 556 5315 uel
567 5260 814 5327 eonteniplntioiiein
829 5265 854 5314 rt
869 5262 922 5315 rol·

119 5338 274 5391 luctationem
286 5350 346 5389 inin
359 5336 421 5388 nee.
436 5330 569 5387 Cliniocus
579 5328 626 5383 ttbl'
641 5344 727 5397 siipiu
741 5328 847 5395 (lli-eide
862 5332 920 5401 ill:

118 5408 261 5463 sendimus
279 5405 382 5461 silentii
397 5403 545 5471 appropiet
564 5402 627 5465 Deo,
647 5401 751 5469 ipsique
764 5400 872 5469 p'npt'tei'
895 5406 923 5458 in

118 5474 501 5532 iiduomtitocorilisursistem
509 5470 751 5525 illustreturnlieo.
764 5473 921 5531 Turrani:

120 5550 222 5601 Bonum
234 5552 274 5601 est
305 5545 441 5599 restalini
449 5558 509 5597 cnm
523 5542 631 5597 silentio
642 5542 763 5597 soluturo
771 5546 830 5601 Dei.
842 5548 876 5599 Et
887 5562 923 5599 sc·

119 5618 230 5684 qiii'tnri
244 5562 351 5671 Sefeliit
363 5616 513 5681 solitariis,
531 5618 556 5669 et
573 5614 680 5675 tercedit,
697 5616 764 5683 quin
782 5616 881 5669 teredii
896 5632 924 5671 se

118 5700 202 5757 supra
215 5702 252 5749 sc,
262 5686 292 5739 ie
306 5690 450 5753 estsuper
464 5684 639 5739 ceiiditinnem
653 5684 809 5739 liinnunum.
821 5685 923 5752 Quibus

118 5758 204 5815 cerdis
218 5756 357 5812 ridentum
372 5754 481 5823 depinpi
500 5754 607 5807 ridetur
622 5768 698 5807 reiris
712 5755 843 5824 relipi'oare
861 5760 924 5813 ritie

117 5830 214 5902 cultor,
226 5839 356 5897 uerusque
365 5826 517 5887 moiiiirlms,
524 5824 608 5889 idest,
618 5826 771 5895 soliterius,
781 5832 810 5883 nt
820 5832 924 5886 noliirit

978 4978 1074 5051 inquit,
1090 4982 1138 5036 iste
1148 4984 1228 5039 telem
1239 4982 1388 5052 aliqnando
1402 4982 1460 5039 edel
1473 4986 1623 5053 crepiturn,
1639 4988 1669 5037 nt
1683 4992 1770 5035 mittut

977 5051 1035 5120 ejus
1048 5056 1118 5105 tetris
1129 5054 1201 5109 iii-liis
1212 5054 1352 5109 cieniifint.
1366 5055 1433 5109 llaec
1445 5051 1481 5109 de
1497 5054 1607 5110 silentio
1619 5050 1717 5109 cursim
1730 5062 1770 5103 an

977 5130 1071 5177 notata
1082 5122 1232 5191 sufficiant,
1241 5139 1306 5180 nam
1315 5123 1349 5181 ad
1359 5124 1410 5179 alia
1423 5123 1583 5195 explicanda
1591 5132 1769 5197 properamus.

1013 5202 1026 5227 ι
1037 5194 1149 5265 Vulgata
1167 5194 1272 5253 versio:
1295 5196 1399 5252 l'iiiisti
1415 5196 1551 5251 humiliem
1568 5198 1679 5251 celocem
1690 5192 1727 5249 nil
1738 5192 1771 5246 lo·

978 5265 1131 5333 quendum?
1147 5268 1267 5322 stultitia
1282 5268 1367 5335 inopis
1380 5266 1515 5337 sperande
1532 5272 1584 5335 est,
1602 5282 1684 5337 quom
1702 5264 1770 5321 illius

977 5337 1100 5389 eoi-rectio
1112 5334 1197 5405 (Piae.
1211 5340 1308 5404 iiiii).
1322 5338 1377 5395 Ubi
1386 5336 1440 5393 div.
1454 5338 1644 5413 ilieronpmus
1656 5334 1771 5407 apposite

977 5406 1011 5461 ad
1024 5404 1097 5461 hunc
1112 5408 1220 5463 locuni:
1239 5410 1324 5467 Graec
1341 5410 1450 5479 quietem
1464 5412 1565 5465 ei'timn
1580 5408 1714 5469 stultitiis,
1729 5402 1772 5459 serf

977 5492 1030 5531 nini
1039 5478 1167 5533 liuiusest
1178 5480 1683 5551 rerliositntis.Numsoepeeentinpitut
1692 5476 1770 5533 i'diiile

976 5549 1085 5619 aliquis,
1099 5554 1124 5605 et
1137 5552 1257 5621 ipsumam
1278 5566 1380 5623 quoque
1396 5554 1496 5608 nucius
1508 5554 1679 5620 littemrtnn,
1697 5547 1771 5603 eitius

977 5622 1057 5675 rerlei
1071 5622 1221 5689 salutiferis
1235 5626 1403 5679 corretionis
1412 5626 1531 5693 accipiat
1543 5624 1664 5697 quentis
1681 5616 1770 5693 quies·

977 5692 1089 5759 fluentia
1098 5695 1232 5763 primitiis
1244 5698 1382 5759 sermonis
1396 5699 1486 5765 miiqis
1498 5710 1552 5753 sirii
1565 5712 1627 5769 quie
1639 5686 1771 5773 necteret

977 5778 1039 5831 quie
1051 5778 1079 5819 se
1089 5780 1164 5821 nosse
1174 5772 1311 5833 antiimnt,
1318 5768 1460 5837 jactanter
1469 5770 1599 5839 prescire
1607 5782 1691 5841 quem
1704 5761 1769 5821 dictu

976 5836 1139 5904 supientiae-m
1150 5838 1247 5895 andire
1259 5838 1403 5897 neruiue.
