3848 6158
117 198 147 253 {il
547 193 595 249 hl)
612 191 730 250 OPERA
747 191 887 251 JOANNIS
904 192 1057 250 CASSthl
1076 192 1344 252 rnotnuottntts.
1738 201 1773 256 32

116 329 231 380 mnenm
240 316 391 378 existimari
403 317 524 392 primurn
533 315 708 388 deductore,
719 324 779 374 tum
788 315 823 374 de
834 330 917 389 opere
930 320 957 384 Α
970 316 1089 389 eiptalatu
1109 324 1137 374 et
1150 315 1322 375 ordinatione
1337 314 1526 390 postmodum.
1547 317 1627 375 Nunc
1639 325 1672 375 nt
1685 317 1774 378 ordini

117 430 204 491 pauca
222 412 340 487 praeiari,
357 428 420 486 quta
433 420 494 469 turn
517 427 551 469 ex
566 411 638 485 ipso,
650 419 713 468 tum
726 427 758 468 er
776 409 836 467 aliis
849 426 917 468 auc·
970 421 1000 470 et
1016 412 1116 470 rationi
1132 420 1301 485 temporum,
1320 427 1353 469 ac
1369 418 1625 484 rerumgestarum,
1641 428 1695 485 qua
1705 428 1773 486 pos·

117 509 223 568 taribus
235 509 347 566 collecta
356 523 413 564 non
427 522 524 581 parum
538 505 573 563 ad
584 505 643 579 ejas
653 503 918 562 commendationem
972 519 1078 578 sumus,
1092 504 1262 569 insistamus,
1275 502 1379 560 nemini
1391 501 1506 560 dubium
1520 517 1580 560 esse
1594 511 1695 576 potest,
1708 505 1774 577 quin

118 602 252 662 momenti
271 600 397 668 afferant,
415 609 442 657 et
457 599 569 657 lectoris
584 599 707 655 animum
722 597 855 653 nonnulla
867 613 917 654 an·
971 598 1134 667 caminum,
1153 605 1300 672 antequam
1314 597 1342 654 in
1356 596 1544 671 chrysostomi
1565 596 1772 670 discipulatum,

118 695 249 768 tiquitatis
263 704 291 752 et
305 694 444 752 tristortcae
460 690 578 750 veritatis
595 690 748 764 cognitione
769 688 919 746 informent
972 688 1028 746 sire
1048 688 1217 761 disciplinam
1233 687 1407 759 concederet,
1425 688 1512 746 multo
1526 697 1662 763 tempore,
1676 691 1717 747 rel
1737 690 1773 748 ab

119 787 201 846 simul
216 796 244 845 et
260 788 405 845 oblectent.
419 790 461 843 De
475 789 597 844 ductore
607 783 692 839 multa
706 791 771 839 suot
782 783 811 839 in
824 783 919 856 elogiis
972 782 1037 856 ipsis
1056 779 1178 856 pne'ritiae
1198 782 1278 840 annis
1296 781 1366 839 inter
1379 781 1531 840 monachos
1546 791 1605 840 tum
1622 783 1773 858 AEgyptios,

119 881 242 940 virorum
258 882 416 950 illustrium,
430 894 493 951 quae
505 876 656 949 praeiationi
669 876 857 949 subjiciemus,
871 876 920 933 oh-
973 884 1033 934 tum
1054 876 1218 935 Palaestinos
1236 884 1360 934 versatus
1374 875 1466 944 inerit,
1483 886 1513 935 et
1525 877 1620 950 primis
1633 885 1694 935 tum
1708 879 1773 936 reli-

118 985 228 1033 serratu
247 974 337 1047 digna.
357 975 464 1028 Nomen
479 971 570 1044 ipsum
587 979 615 1028 et
637 986 802 1043 cognomen,
821 984 918 1045 gentis,
973 969 1061 1044 gionh
1078 971 1251 1039 christinus,
1270 980 1330 1053 turn
1351 970 1511 1028 monasticae
1529 971 1705 1030 institutionis
1724 989 1773 1031 ru·

119 1068 200 1136 ordo,
219 1081 333 1134 munus,
355 1064 492 1137 dignius,
515 1065 632 1138 denique
652 1063 803 1121 sanctitatis
827 1063 920 1120 titulus
973 1062 1102 1122 dimentis
1122 1064 1157 1122 ab
1178 1064 1217 1122 eis
1236 1062 1379 1134 imbutus,
1403 1071 1486 1137 atque
1507 1065 1575 1122 adeo
1594 1066 1775 1124 monasticam

119 1160 208 1219 sidem
231 1157 430 1231 aquibusdam
448 1158 605 1214 attributus.
629 1159 699 1230 Quae
713 1158 804 1214 omnia
823 1166 855 1213 ut
873 1172 919 1213 or·
973 1157 1056 1215 ritum
1084 1159 1255 1232 complexus,
1278 1167 1306 1216 et
1326 1158 1478 1215 monachus
1500 1156 1625 1216 effectus.
1649 1160 1680 1217 ld
1700 1161 1774 1218 enim

41 1241 43 1246 ’
119 1250 181 1309 dine
194 1266 406 1323 prosequamur,
428 1258 457 1307 er
476 1249 598 1306 nonnihit
613 1249 796 1316 eructamus,
817 1248 846 1304 in
865 1247 920 1320 pri·
973 1251 1090 1324 ipsemet
1109 1253 1232 1325 proauus
1251 1254 1278 1309 tn
1301 1252 1566 1309 taruanensem
1586 1252 1695 1309 rraatr:
1717 1256 1776 1327 prt-

118 1344 174 1401 mis
191 1343 266 1416 quod
285 1342 319 1400 ad
339 1343 577 1400 nomenclaturam
591 1343 702 1410 attinet,
719 1342 806 1414 prima
824 1341 919 1397 obser·
973 1360 1052 1401 mum
1074 1346 1102 1401 in
1129 1345 1288 1417 praelatione
1309 1344 1344 1401 od
1366 1346 1508 1402 castorem
1530 1345 1688 1419 episcopum
1714 1348 1775 1414 (cui

119 1438 191 1495 ratio
210 1446 263 1506 cst,
278 1437 405 1495 usitatius
420 1437 493 1494 hunc
512 1436 686 1510 cognomine,
705 1451 792 1510 quam
808 1437 920 1493 nornine
973 1440 1057 1498 libros
1071 1438 1217 1497 duodecim
1229 1440 1263 1498 de
1274 1439 1407 1497 institutis
1419 1438 1609 1496 coeoobiorum
1619 1440 1774 1514 inscripsit),

117 1547 135 1588 a
157 1530 309 1603 majoribus
329 1530 442 1587 vocitari
459 1531 581 1588 solitum.
602 1532 673 1587 llam
696 1529 869 1599 Gennadius,
892 1538 921 1586 et
973 1534 1021 1592 ubi
1039 1535 1112 1592 inter
1124 1535 1191 1592 alias
1204 1550 1299 1592 causas
1318 1550 1369 1592 cur
1382 1534 1441 1608 ejus
1457 1541 1523 1591 roto
1541 1549 1574 1590 ac
1594 1532 1730 1592 desiderio
1745 1535 1774 1592 in

117 1624 312 1690 Cassiodoms,
337 1634 422 1696 atque
442 1625 487 1681 alii
508 1624 617 1681 nonnisi
637 1624 797 1681 Cassianum
817 1639 919 1680 nuncu·
974 1628 1126 1686 recolendis
1158 1638 1186 1686 et
1212 1628 1371 1686 enarrandis
1401 1627 1603 1686 monachorum
1627 1629 1774 1699 institutis,

119 1727 186 1794 pant
206 1722 368 1788 (cassiodor.
391 1721 425 1776 dr
446 1723 536 1778 bisin.
559 1723 692 1778 instita.
717 1724 768 1788 293
788 1721 917 1789 sigebert.
934 1692 957 1755 Β
975 1736 1038 1793 quae
1059 1737 1106 1793 per
1126 1723 1275 1794 AEgyptum
1297 1729 1326 1778 et
1347 1704 1523 1778 Palaestinam
1546 1720 1685 1780 observari
1709 1739 1776 1781 con-

119 1819 264 1881 unuottt)
279 1831 359 1871 :cum
371 1823 474 1883 mmen,
487 1814 599 1870 a'uctore
613 1817 645 1868 t).
657 1818 800 1884 Prospero,
812 1821 920 1870 constet
972 1823 1107 1885 sperarat,
1127 1814 1220 1871 minos
1242 1813 1341 1871 idonee
1366 1822 1396 1870 et
1415 1822 1540 1871 accurate
1562 1821 1621 1872 tum
1641 1817 1776 1889 temporis

117 1908 282 1981 appellatum
297 1922 356 1964 esse
374 1909 523 1970 loannem,
539 1906 650 1978 proprio
668 1905 772 1962 scilieet
790 1906 918 1975 nomine3
972 1906 1137 1979 respondere
1156 1915 1259 1981 posset,
1279 1906 1427 1964 secundam
1448 1907 1517 1964 hanc
1530 1906 1619 1965 ailert.
1641 1910 1717 1978 Qumd
1732 1926 1774 1974 ea,
1833 1926 1835 1931 ⁸

84 2058 87 2063 ,
117 2007 301 2073 cognomento
320 2013 385 2054 sero
403 1996 564 2054 cassianum
583 2010 660 2067 :qna
674 1995 769 2053 itidem
783 2011 920 2068 nuncupa
973 1999 1073 2073 inquit,
1088 2016 1179 2071 quea
1191 2004 1313 2072 pueritia
1324 2006 1418 2057 nostra
1430 2004 1501 2058 inter
1513 2004 1616 2059 eosdem
1627 2008 1774 2070 constituti,

118 2093 193 2152 tione
204 2093 372 2151 Trithemius
384 2098 467 2164 atque
480 2091 524 2147 alii
539 2091 581 2147 usi
592 2091 655 2146 sint.
974 2096 1057 2163 utque
1068 2096 1188 2163 ipsarum
1201 2097 1310 2151 incitati
1319 2096 1485 2166 quotidianis
1500 2097 1736 2154 adhortationibus
1750 2104 1776 2155 et

155 2186 281 2246 meando
295 2187 356 2243 loco
375 2185 531 2242 inscribitur
543 2185 653 2241 nahone
667 2182 767 2257 Scytha
783 2202 790 2238 ε
804 2198 853 2256 pro
867 2198 922 2254 quo
973 2190 1111 2258 coemptis,
1124 2190 1166 2243 eet
1176 2206 1257 2259 apere
1267 2193 1440 2256 tentavimus,
1452 2192 1495 2247 sel
1504 2192 1776 2256 didtmmusualeisu

118 2280 258 2337 Honorius
270 2278 368 2336 dirum
384 2279 509 2336 obmittat
524 2281 637 2346 (Honor.
650 2279 843 2348 augustodun.
858 2279 875 2333 l.
889 2278 922 2332 de
971 2284 1148 2352 perceyrimtu,
1163 2285 1273 2338 minime
1279 2284 1341 2353 jum
1353 2300 1496 2356 possumus
1512 2272 1549 2341 ad
1560 2289 1697 2357 inlapsum
1711 2292 1777 2344 reti·

85 2410 88 2416 -
117 2375 189 2432 scu.
214 2377 285 2438 Ser„
312 2377 341 2429 in
362 2372 513 2445 cassiano);
539 2370 612 2430 forte
640 2373 702 2445 qnia
723 2371 863 2444 Scythiam
893 2370 921 2427 in
973 2388 1047 2436 nere,
1065 2378 1104 2429 tot
1121 2388 1255 2428 arenarum
1273 2377 1425 2438 eurrhulis,
1440 2377 1475 2431 ab
1489 2393 1579 2432 eorsum
1600 2384 1732 2434 consortia
1750 2387 1775 2436 et
1819 2398 1826 2405 ·

119 2465 213 2524 Africa
235 2467 315 2524 sitnm
334 2467 512 2534 existimarit,
535 2482 618 2539 quam
639 2467 683 2522 alii
703 2467 730 2522 in
752 2466 816 2521 Asia
837 2464 922 2521 collo·
974 2469 1124 2523 imitatione
1137 2469 1342 2523 consecatione
1353 2469 1496 2523 abstracti.
1509 2470 1566 2524 Nec
1576 2469 1671 2526 minus
1681 2479 1774 2542 aperta

118 2569 183 2618 cant
200 2563 281 2628 (Plio.
298 2562 343 2616 lib.
367 2577 393 2629 v,
410 2576 470 2631 cap.
489 2565 519 2631 0,
531 2564 556 2615 et
569 2560 616 2615 h'b.
635 2575 706 2616 ιιι.
724 2563 772 2626 ¹⁷3
794 2561 921 2629 Pompam.
974 2559 1137 2617 collationis
1148 2560 1300 2617 undecimae
1315 2576 1375 2632 cap.
1392 2565 1418 2628 t,
1429 2560 1525 2617 ohisic
1536 2561 1677 2619 exorditur
1691 2581 1697 2617 :
1711 2564 1776 2621 cnm

118 2656 199 2713 neb.
224 2656 270 2710 lib.
287 2670 309 2710 1.
334 2656 402 2712 Vide
417 2655 533 2710 Tabulas
555 2655 669 2720 ortatu).
697 2652 757 2721 Qua
778 2650 922 2708 occasione
974 2657 1003 2710 in
1021 2656 1134 2711 moabia
1147 2657 1236 2726 Syria
1248 2657 1429 2719 camistentas,
1441 2659 1503 2726 post
1515 2657 1605 2726 primu
1620 2656 1685 2726 pidet
1698 2656 1776 2712 nedi-

118 2748 196 2822 plura
217 2748 252 2806 de
271 2748 435 2822 Scytharum
454 2754 536 2821 gente
559 2762 592 2803 ac
614 2747 724 2818 regione
750 2745 864 2803 dicenda
887 2742 923 2801 lo
973 2750 1776 2819 menta,succedentibnsalipuatenusincrementis,mujeram

118 2851 196 2909 rents
214 2858 321 2911 verum,
336 2843 369 2898 iis
383 2841 493 2899 omissis
507 2856 570 2913 quae
590 2839 657 2896 nihil
673 2839 709 2896 ad
726 2838 842 2895 instituti
863 2853 914 2895 nos
971 2845 1775 2914 perfectionisdesiderarcpratmmcaeptssemus;statuimus

118 2935 298 2993 trimtionem
313 2934 441 3001 attinent,
457 2949 539 2990 esca
553 2947 618 2990 sane
634 2930 841 2989 nomenclatura
856 2929 923 2986 mul·
976 2937 1115 3002 contestim
1137 2939 1284 3007 AEppptum
1301 2939 1407 3005 petere,
1437 2950 1469 2990 aa
1493 2937 1670 2991 remotissima
1694 2938 1776 2991 etiam

117 3037 211 3087 turum
227 3027 386 3085 testimonio
401 3028 594 3098 comprobata,
615 3024 803 3096 coniecturam
825 3037 922 3094 cepere
942 3027 1124 3126 CThebaidos
1135 3043 1222 3083 eremo
1232 3032 1386 3099 penetrum,
1395 3032 1549 3083 senatuum
1560 3029 1701 3098 plurimos,
1713 3043 1777 3099 qao·

119 3124 187 3181 mihi
197 3122 289 3179 videor
299 3121 372 3176 haud
385 3120 605 3193 improbabilem,
617 3120 775 3176 cassianum
785 3106 929 3187 nostrum,'
977 3138 1039 3177 runt
1057 3125 1172 3191 plo-riam
1185 3125 1263 3192 sama
1276 3139 1327 3193 per
1347 3125 1473 3178 uniuersa
1488 3122 1658 3191 diffuderat,
1679 3126 1704 3177 si
1722 3139 1776 3178 nou

117 3231 202 3289 opera
225 3217 260 3271 l).
280 3213 469 3286 chrysostomi
490 3211 524 3269 ad
547 3212 630 3269 bdem
650 3220 677 3267 et
698 3210 858 3282 religionem
878 3225 922 3265 aa·
977 3216 1776 3285 amularadistudio,agnoscendisaltaminterserelpttnrad

117 3307 249 3366 tholicam
271 3322 446 3374 conversum,
470 3305 499 3361 in
521 3307 579 3377 ejus
608 3304 770 3377 obsequium
793 3311 822 3359 et
846 3301 924 3360 disci·
977 3308 1106 3378 ορρίόιιηι
1126 3311 1247 3379 AEpppti,
1266 3310 1310 3362 mi
1330 3309 1479 3362 Thennesus
1494 3322 1589 3361 namen
1608 3311 1657 3368 est,
1673 3321 1778 3360 emeram
1874 3314 1878 3321 '

121 3401 224 3474 plinam
245 3401 414 3457 concessisse
430 3403 521 3466 (Baro.
540 3404 575 3455 to.
592 3401 627 3467 V,
648 3400 704 3455 An.
725 3400 827 3456 christi
846 3402 920 3465 4⁰0).
976 3403 1149 3470 compatione
1159 3403 1340 3473 pareamus.
1355 3402 1422 3455 Haec
1435 3398 1484 3455 ibi.
1506 3402 1616 3455 Rursus
1627 3399 1723 3455 collat.
1746 3406 1777 3454 tt

32 3481 44 3506 ⁰
121 3495 194 3551 Itan
205 3492 240 3550 dc
251 3490 476 3566 hacScytharum
489 3491 668 3549 conversione
679 3495 772 3563 perB.
786 3495 922 3550 loannem
977 3494 1052 3564 (cap.
1069 3501 1086 3550 2
1102 3501 1128 3550 et
1145 3498 1200 3565 sp.)
1219 3492 1367 3566 permulta
1385 3492 1472 3565 capita
1491 3492 1643 3549 luculenter
1658 3491 1777 3550 ostendit

120 3584 350 3659 chrysostomum
375 3593 519 3657 procurata
551 3592 579 3641 et
607 3584 725 3655 perlecta
757 3584 816 3642 haec
839 3585 923 3641 tradit
977 3601 1061 3659 quarn
1079 3586 1182 3644 inerint
1191 3586 1304 3642 solliciti
1322 3586 1477 3642 Germanus
1490 3594 1519 3642 et
1530 3584 1675 3642 Cassianus
1687 3583 1722 3642 de
1736 3600 1779 3642 re-

122 3679 311 3738 Theodoretus
322 3681 395 3736 Hist.
412 3681 457 3736 lib.
478 3695 508 3749 ι,
522 3695 581 3752 cap.
598 3685 632 3735 titt
650 3697 656 3734 :
674 3680 740 3736 Cum
753 3680 866 3744 uideret,
878 3680 921 3735 in·
976 3675 1036 3734 ditu
1055 3677 1090 3734 ad
1106 3693 1188 3735 suum
1207 3677 1381 3745 caenobium,
1398 3684 1425 3733 et
1443 3691 1526 3750 qnam
1544 3675 1687 3749 diligenter
1707 3676 1779 3733 hanc

121 3775 190 3849 quit,
200 3781 305 3847 pentem
317 3777 468 3848 Scythicam
480 3776 609 3832 destitisse
618 3777 732 3833 Ameana
742 3777 846 3846 laqueis
855 3779 923 3831 irre
977 3769 1030 3827 illis
1051 3785 1146 3827 curam
1169 3769 1301 3828 exemerit
1320 3769 1403 3826 abhas
1422 3773 1438 3825 J
1441 3769 1537 3844 asaph.
1558 3768 1643 3826 Addit
1666 3769 1779 3842 proinde

121 3874 202 3928 tham
216 3875 311 3935 teneri,
326 3873 434 3928 molitus
446 3877 485 3926 est
496 3870 588 3926 sedulo
602 3869 665 3924 inde
679 3885 737 3924 earn
751 3872 862 3939 eripere.
876 3869 922 3926 dd
978 3863 1122 3920 &asianus
1141 3878 1201 3933 cap.
1218 3869 1249 3918 st
1270 3862 1392 3935 ejusdem
1412 3862 1571 3920 collationis
1590 3862 1651 3919 hanc
1671 3863 1750 3919 verba
1770 3904 1777 3916 .

121 3982 206 4037 quum
213 3967 338 4038 praedam
345 3966 504 4036 cupiendam
510 3966 658 4019 Mantuam
668 3962 922 4032 coropitaeitcam-
976 3959 1049 4013 biam
1062 3973 1163 4026 parram
1177 3957 1299 4027 Merreps
1318 3971 1432 4013 essemus
1446 3958 1480 4012 de
1498 3961 1592 4013 nostru
1603 3959 1779 4028 promissione

118 4060 212 4131 plures
236 4063 285 4132 pui
303 4061 396 4116 eadem
415 4061 510 4129 linqua
532 4059 719 4130 loquebantur,
740 4055 920 4127 presbyteros,
976 4050 1199 4118 sollicitiptamen
1211 4053 1779 4123 eaprletoseptemantrommnumero,spon·

121 4152 257 4217 diaconos
273 4159 299 4210 et
312 4156 420 4210 lectores
436 4154 584 4217 ordinarit,
600 4152 708 4222 ilh'sque
725 4166 808 4205 anam
827 4149 923 4205 tribuit
976 4147 1076 4201 mern
1094 4151 1216 4202 nostram
1238 4151 1382 4216 gratanter
1401 4147 1577 4216 implevimus.
1598 4149 1778 4202 Eucurrentes

121 4247 277 4306 Ecclesium,
290 4261 405 4312 quorum
418 4262 499 4314 opera
514 4248 612 4301 multos
626 4260 717 4300 errore
731 4245 819 4314 lapsos
831 4244 922 4300 Eccle-
976 4255 1094 4310 nomqtm
1103 4241 1140 4294 ad
1151 4240 1295 4294 carrubium
1309 4243 1441 4302 instrum,
1455 4240 1501 4294 illo
1507 4240 1570 4308 jam
1584 4245 1710 4310 tempore,
1726 4255 1778 4309 qua

120 4337 170 4390 sia
183 4334 372 4389 reconciliavit.
389 4337 424 4389 Et
444 4349 502 4403 cap.
524 4335 654 4404 {sequenti
672 4356 680 4390 t
701 4337 767 4391 cum
782 4338 924 4405 assentiunt
977 4333 1190 4405 deimpetrando
1200 4333 1237 4387 ad
1246 4350 1364 4388 eremum
1375 4334 1465 4390 reditu
1471 4334 1599 4404 fiduciam
1610 4335 1776 4404 gerebamus,

119 4426 236 4497 Scythas
247 4426 297 4494 qui
307 4425 435 4481 Namades
450 4428 591 4485 vomantur,
610 4426 710 4493 quique
725 4438 810 4493 prope
824 4426 923 4480 Istrum
938 4431 963 4493 Ι)
981 4426 1779 4498 erc.‚pn·utnamredintepramnnscnamtanmtandemqne

121 4520 284 4581 accolebant,
310 4521 433 4574 sitienter
454 4518 564 4588 attidem
581 4516 698 4571 salutern
718 4520 859 4585 appetere3
879 4519 926 4572 sed
979 4521 1135 4591 adplenum
1150 4521 1241 4575 aculeo
1254 4525 1353 4575 nostra
1365 4523 1513 4591 sponsionis
1527 4521 1625 4583 mulso,
1640 4522 1780 4589 ipsisque

121 4613 220 4685 hubam
240 4615 381 4676 nemirrem,
399 4615 449 4683 pui
461 4614 535 4667 sitim
551 4625 630 4665 suam
651 4611 782 4664 salutaris
796 4609 925 4665 daturae
979 4630 1031 4685 que
1043 4631 1102 4670 aum
1120 4615 1221 4684 gaudio
1232 4615 1466 4686 prosequentibus,
1482 4615 1520 4670 ud
1536 4614 1665 4685 Scythiae
1679 4618 1781 4669 secretu

120 4706 635 4778 fluentisrestiupueret,airoslabarum
645 4705 926 4776 Apostolicorumimi-
978 4709 1131 4765 solitudinis
1141 4706 1484 4779 remeantiumlixquibus
1494 4707 1624 4764 omnibus
1632 4706 1781 4764 clarissime

121 4805 223 4859 tutores
238 4804 407 4872 carpasiae,
427 4816 523 4871 eosque
541 4801 604 4863 r‘lb's,
619 4799 773 4855 erudiendis
789 4801 923 4868 premat.
978 4806 1052 4873 patet
1075 4803 1210 4857 Jounnem
1235 4800 1409 4870 Cassianum,
1430 4815 1495 4858 cnm
1515 4815 1585 4873 pene
1605 4815 1674 4872 puer
1696 4807 1780 4863 esset,

120 4896 190 4954 flacc
210 4898 264 4954 ille.
285 4896 392 4966 Quibus
414 4884 479 4953 sanc
507 4909 571 4950 cum
592 4892 726 4951 Gennadii
751 4891 923 4964 aliorumque
978 4893 1061 4951 tidem
1085 4893 1268 4951 Christianam
1287 4903 1316 4952 et
1335 4888 1519 4952 monasticem
1541 4893 1614 4950 inter
1630 4891 1782 4951 monachos

122 4991 283 5049 testimonio
302 4992 419 5062 collatis,
439 4990 595 5049 strationis
615 4989 693 5047 lance
711 4987 860 5062 perpensis,
880 4987 923 5044 vir
978 5003 1039 5047 esse
1057 4989 1250 5063 complexum,
1267 4997 1296 5046 et
1314 4988 1477 5046 monasticae
1494 4985 1659 5046 obedientiae
1676 4986 1782 5060 legibus

120 5091 166 5141 est
178 5083 363 5155 nequisquam
378 5086 442 5158 jure
454 5085 561 5143 dubitet
573 5085 673 5143 horum
687 5083 804 5140 alterum
822 5082 926 5140 admit·
976 5081 1119 5140 astrictum
1128 5084 1211 5150 (Vide
1217 5086 1380 5139 notationem
1390 5083 1428 5138 ad
1435 5099 1460 5140 o.
1473 5092 1482 5140 t
1493 5084 1588 5142 collat.
1600 5093 1610 5138 t
1621 5087 1656 5152 t),
1667 5080 1748 5154 idque
1754 5081 1781 5137 in

124 5184 197 5248 tere,
221 5185 249 5233 et
261 5186 353 5235 ratum
373 5177 490 5247 habere,
511 5186 558 5234 aut
579 5179 740 5236 Cassianum
760 5191 776 5232 e
798 5175 925 5249 Scythica
977 5176 1103 5234 eoeoobio
1114 5177 1212 5250 Syrias,
1228 5176 1301 5249 quod
1313 5177 1378 5234 alibi
1393 5176 1548 5250 expressius
1557 5183 1638 5232 secat
1651 5174 1782 5233 Bethlee-

120 5281 205 5344 gente
219 5272 370 5329 oriundum
385 5272 458 5328 inter
473 5286 540 5329 suos
552 5271 677 5344 gentiles,
692 5285 774 5343 opera
788 5277 816 5326 et
828 5268 926 5328 indus·
978 5268 1113 5340 miticum,
1134 5269 1161 5327 id
1180 5270 1311 5343 temporis
1331 5270 1539 5329 celeberrimum
1563 5291 1570 5326 ι
1594 5270 1672 5344 cnjus
1698 5268 1782 5327 etiam

122 5363 174 5421 tria
188 5366 225 5419 D.
246 5363 445 5437 Chrysostomi,
459 5373 490 5421 nt
503 5363 608 5421 dictum
629 5372 681 5432 est,
696 5361 779 5420 inisse
792 5362 826 5420 ad
840 5362 924 5420 iidem
977 5363 1044 5421 alias
1065 5364 1167 5437 saepius
1186 5363 1309 5421 meminit
1329 5362 1397 5437 (bib.
1418 5379 1458 5421 ιιι
1475 5367 1541 5421 lust.
1562 5380 1622 5435 cap.
1643 5368 1671 5431 t,
1695 5363 1714 5418 l.
1736 5377 1780 5429 ιι,

121 5455 311 5515 orthodoxam
334 5456 511 5527 traductum3
533 5464 590 5525 aut,
612 5455 688 5530 quod
707 5456 797 5529 majus
817 5465 868 5526 est,
890 5458 924 5514 ab
978 5473 1038 5529 cap.
1059 5462 1115 5526 at),
1136 5472 1188 5514 nec
1207 5473 1266 5515 non
1285 5473 1343 5515 suae
1361 5458 1571 5516 renuntiationis
1591 5455 1780 5530 professionis,

123 5546 223 5607 eodem
240 5549 483 5623 cuiusdiscipulus
502 5550 618 5609 eftectus
633 5551 730 5620 iuerat,
753 5548 787 5607 ad
809 5567 924 5609 conver·
977 5559 1007 5608 et
1018 5550 1198 5610 institutionis
1216 5552 1376 5611 monasticae
1391 5551 1493 5611 ibidem
1507 5559 1651 5626 susceptae.
1667 5551 1699 5606 ln
1722 5562 1779 5621 quo

121 5640 229 5701 siomm
249 5657 308 5701 sua
333 5645 419 5717 gentis
437 5660 501 5702 cum
520 5644 578 5702 aliis
594 5644 759 5718 presbyteris
777 5660 809 5702 ac
829 5645 925 5703 diaco·
978 5645 1087 5720 quidem
1100 5646 1229 5705 coenobio
1242 5647 1387 5705 arctiorem
1405 5648 1554 5721 quamdam
1568 5647 1659 5704 iniisse
1672 5642 1781 5700 ridetur

96 5786 100 5795 .
124 5737 169 5796 nis
183 5735 267 5796 fuisse
281 5738 440 5796 ordinatum
456 5755 488 5797 ac
506 5738 687 5797 destinatum.
707 5739 743 5794 ht
754 5737 789 5795 de
801 5738 854 5796 hoc
867 5738 924 5796 dis·
977 5738 1123 5796 amicitiam
1138 5750 1167 5798 et
1178 5740 1336 5798 societatem
1349 5756 1412 5798 cum
1426 5742 1567 5800 Germano
1578 5739 1704 5815 ejusdem
1716 5751 1781 5810 pro·
