3824 6164
128 262 197 317 raas
671 243 813 302 ioannis
830 241 983 300 caminus
1002 240 1248 299 accusatores.
1430 222 1434 229 ’
1721 226 1793 304 rasc'

127 396 192 439 cum
212 375 324 435 sublimi
347 370 454 430 bomini
473 384 530 426 non
543 368 634 427 dicam
657 384 707 441 pro
720 368 775 425 rita
790 383 822 425 ac
844 367 932 425 salute
944 369 972 434 Α
985 367 1161 440 cogitationis
1178 367 1315 440 improbae
1341 366 1488 423 ranimtem
1511 372 1625 423 secutus
1653 357 1788 441 [Lips.is

126 481 235 538 nostra,
250 469 298 527 sed
314 467 399 524 ctiam
414 480 465 537 pro
479 462 597 535 alicuius
616 462 685 519 lucri
697 460 846 519 commodo
863 476 933 532 sup·
986 475 1075 529 marg.
1098 459 1273 533 cogitationis
1297 460 1430 533 improbae
1447 458 1566 515 raniate
1584 465 1719 532 murus]
1741 465 1787 523 ab·

127 568 270 643 plicamus,
284 570 374 619 totam
386 560 416 615 iu
427 573 492 615 eum
508 562 537 613 et
555 556 656 614 mentis
668 563 696 613 et
707 555 831 628 corporis
844 553 931 610 aciem
985 552 1124 609 acesserit.
1145 552 1186 610 llli
1201 563 1294 611 autem
1308 553 1458 627 quioculos
1471 552 1564 610 cordis
1575 553 1618 609 sui
1637 564 1786 631 conmguna

127 661 292 733 deligentes,
307 656 424 713 denutu
442 654 502 725 ejus
514 651 623 725 trepida
636 650 842 724 exspectatione
862 665 931 723 pen-
985 662 1078 704 crassn
1098 646 1233 705 velamine
1252 650 1397 716 vitiorum,
1419 664 1468 716 ac,
1494 647 1651 705 secundum
1673 661 1785 710 senten-

127 752 238 817 damus,
251 764 308 805 non
322 745 497 803 mediocriter
509 743 699 811 formidantes,
715 759 750 799 ne
769 741 845 815 qrrod
858 740 931 799 forte
984 737 1051 794 tiam
1067 738 1231 807 Salvamris,
1252 741 1370 795 uidenns
1390 754 1443 793 nen
1464 738 1567 801 uideat,
1591 742 1619 794 et
1644 742 1786 803 audientes

128 843 253 917 ineptum
270 849 318 899 aut
329 840 512 913 incongruum
528 838 641 895 verbum
659 835 873 894 misericordiam
885 851 932 892 au·
984 847 1038 887 noa
1051 834 1179 897 audiunt,
1194 849 1281 904 neque
1294 834 1451 902 intelligunt
1464 832 1577 905 (llattlt.
1599 840 1683 905 τιτι),
1698 838 1741 895 six
1757 839 1784 898 in

128 937 229 997 clientis
249 943 369 1003 avertam
392 943 452 992 tum
474 933 578 991 deinde
597 933 619 988 si
647 931 725 988 nobis
749 932 778 987 in
804 930 865 987 loro
883 937 932 985 aut
984 926 1134 983 mcessibus
1150 927 1267 998 pectora
1288 928 1331 983 sui
1349 927 1432 983 etiam
1452 926 1498 983 illa
1513 941 1576 1000 quae
1597 942 1698 1002 magna
1723 942 1784 991 sime

124 1032 250 1106 judicum
273 1030 448 1089 saecularium
474 1026 659 1084 tribunalibus
682 1024 857 1093 constitutis,
882 1038 929 1079 as·
984 1029 1011 1076 et
1029 1020 1153 1093 capitalia
1180 1021 1296 1076 crimina
1315 1020 1551 1092 contemplantur,
1578 1021 1665 1079 nullas
1690 1034 1783 1084 autem

127 1127 241 1184 sistente
253 1124 337 1182 etiam
361 1129 471 1180 econtra
494 1120 661 1185 adversario,
685 1119 713 1174 in
730 1117 820 1175 media
833 1130 930 1188 prose·
983 1114 1180 1187 cogitationum
1200 1112 1403 1186 subreptiones,
1425 1112 1473 1170 scd
1501 1128 1593 1186 neque
1619 1115 1682 1173 illos
1699 1118 1729 1175 in
1754 1135 1783 1178 se

127 1221 237 1276 cutione
262 1225 345 1288 atque
368 1214 516 1280 condictu,
540 1212 639 1280 tussis,
666 1219 808 1277 screatus,
836 1211 928 1277 risus,
983 1208 1103 1264 lubricos
1137 1207 1313 1281 occultosque
1336 1206 1459 1280 pruritus
1485 1208 1532 1279 qui
1555 1218 1682 1267 mentem
1710 1216 1782 1271 tenm

126 1311 271 1376 oscitatio,
294 1323 410 1364 somnus
439 1306 608 1377 obrepserit,
630 1314 731 1378 quauta
755 1305 783 1360 in
808 1305 928 1376 pernicie
981 1309 1063 1374 atque
1081 1301 1175 1357 subtili
1193 1301 1366 1374 suggestione
1389 1309 1601 1374 compungunt,
1621 1319 1672 1361 nec
1695 1308 1782 1381 eapti-

126 1413 249 1462 nostram
262 1400 486 1474 vigilantissimus
501 1397 627 1454 inimicus
640 1398 814 1453 micantem
828 1397 927 1469 judicis
980 1396 1076 1453 vitales
1096 1396 1198 1453 animae
1221 1410 1280 1452 suaa
1301 1400 1416 1467 possunt
1439 1397 1564 1469 purgatis
1584 1397 1726 1456 obtutibus
1745 1402 1783 1457 in-

126 1494 314 1555 commovebit
327 1492 447 1550 invidia?
470 1495 579 1564 Quanto
593 1493 684 1563 magis
700 1506 763 1548 cum
779 1491 817 1548 illi
834 1491 927 1548 occul-
982 1491 1064 1558 tueri,
1082 1490 1130 1548 sed
1145 1488 1337 1547 inverecundis
1358 1502 1470 1560 semper
1488 1490 1702 1562 cogitationibus
1722 1510 1781 1551 era·

126 1599 218 1647 torum
246 1587 373 1644 omnium
394 1584 528 1658 cognitori
543 1601 593 1658 pro
614 1585 769 1641 imminenti
791 1592 929 1657 perpetuae
982 1592 1090 1656 gantes,
1112 1600 1163 1641 nec
1184 1583 1279 1641 dolere
1304 1591 1425 1652 norunt,
1441 1598 1505 1639 cum
1529 1584 1565 1640 ab
1585 1584 1629 1643 illa
1654 1597 1780 1645 conmm-

126 1681 224 1741 mortis
245 1681 367 1754 periculo
385 1679 579 1752 supplicamus,
600 1680 752 1751 prasertim
773 1693 837 1735 cum
855 1675 929 1734 edi·
982 1676 1119 1748 piatione,
1146 1692 1209 1750 quaa
1241 1676 1386 1750 singularis
1414 1683 1473 1742 est,
1499 1676 1700 1749 distrahuntrrr,
1727 1698 1781 1739 nec

126 1791 205 1834 verso
219 1773 334 1831 callidus
354 1772 483 1830 seductor
504 1772 604 1844 pariter
625 1780 652 1828 et
665 1771 824 1827 criminator
844 1771 926 1827 assis·
942 1796 967 1857 Β
982 1769 1083 1828 babent
1118 1769 1193 1841 quod
1225 1784 1256 1825 sc
1288 1768 1402 1826 doleant
1436 1768 1574 1837 ambioee,
1605 1772 1708 1843 quippe
1735 1774 1781 1844 qui

126 1878 183 1939 tat,
196 1869 302 1924 intenta
315 1876 396 1939 atque
408 1865 522 1922 sollicita
537 1864 659 1921 oratione
678 1865 825 1937 judicantis
842 1865 927 1937 pietas
981 1870 1105 1919 mentem
1126 1876 1206 1918 suam
1221 1860 1429 1934 ingruentibus,
1451 1870 1483 1919 ut
1504 1861 1615 1919 libitum
1630 1872 1683 1929 est,
1706 1866 1781 1938 cogi-

126 1961 298 2035 imploranda
312 1962 442 2017 astiltec
454 1959 555 2032 injuste
567 1974 623 2015 non
636 1959 726 2015 solum
741 1958 925 2030 levipeccato,
980 1954 1129 2011 rationibus
1156 1952 1363 2026 expandentes,
1391 1953 1458 2010 nibil
1483 1954 1587 2012 babent
1612 1958 1779 2029 propositum

126 2054 272 2113 sedetiam
285 2053 448 2127 gravisdmo
462 2053 577 2109 crimine
591 2051 740 2124 impietatis
757 2051 926 2122 astringitur,
980 2046 1056 2120 quod
1083 2046 1270 2119 principaliter
1298 2054 1429 2117 teneant,
1450 2047 1493 2103 vel
1519 2048 1594 2121 guod
1616 2051 1781 2108 omnimodis

126 2150 173 2221 qui
197 2162 306 2220 precem
328 2146 451 2202 Domino
473 2144 602 2215 tundens,
621 2143 714 2199 subito
739 2159 755 2198 a
778 2152 926 2214 conspectu
981 2141 1186 2214 concupiscant.
1209 2144 1277 2199 Haec
1290 2157 1419 2198 sanenos
1432 2142 1461 2198 in
1482 2142 1694 2201 buncerrorem
1704 2160 1779 2202 cause

125 2241 183 2312 eius
203 2240 282 2311 quasi
300 2239 335 2294 ab
351 2238 438 2294 oculis
456 2252 512 2293 non
529 2236 644 2293 ridentis
666 2251 717 2292 nec
745 2234 898 2304 audientis,
912 2240 924 2269 ⁸
980 2236 1133 2308 praecipitat
1146 2235 1209 2306 guia
1222 2237 1245 2271 ¹³·
1258 2235 1452 2307 ἀναμαρτηοίας,
1477 2235 1578 2303 idest,
1595 2237 1780 2311 impeccantia

675 2361 802 2417 alnam
821 2362 933 2418 GAZAEl
953 2362 1232 2419 COMMENTARIUS.

124 2472 212 2541 magis
224 2469 336 2524 bonine
348 2471 400 2525 Deo
413 2468 597 2522 uniuersorum
613 2480 672 2523 cnm
687 2470 760 2523 omni
770 2469 923 2524 bumilitate
976 2484 1037 2525 mus
1051 2469 1077 2525 in
1099 2469 1232 2541 prooemio
1257 2469 1303 2525 lib.
1325 2485 1359 2527 rr
1381 2471 1541 2528 Comment.
1564 2471 1591 2529 in
1613 2476 1777 2541 Jeremiam,

125 2544 151 2597 et
162 2542 295 2611 puniatis
316 2540 452 2594 deuotione
470 2538 677 2609 supplicandum
700 2542 754 2594 cst!
776 2543 811 2595 Et
824 2556 877 2595 non
893 2542 923 2594 in
975 2554 1092 2611 eamque
1120 2540 1331 2612 impeccantiam
1360 2542 1486 2599 similiter
1513 2544 1719 2617 interpretatur.
1744 2553 1778 2605 alt

124 2612 305 2680 multiloquio,
320 2610 367 2665 scd
384 2613 507 2680 puritate
519 2610 604 2665 cordis
620 2615 645 2665 et
665 2613 865 2692 companctione
881 2612 920 2665 la·
975 2611 1122 2668 ciaconius
1134 2610 1310 2683 ἀναμαρτήτον
1330 2612 1395 2683 legit
1412 2630 1421 2668 t
1436 2612 1513 2685 quod
1524 2612 1584 2671 iere
1600 2616 1676 2672 idem
1694 2620 1778 2683 est,si

125 2698 281 2753 argutarum
290 2697 337 2737 nos
351 2681 479 2736 exaudiri
493 2682 620 2736 saumas.
634 2680 691 2738 Ubi
702 2680 767 2737 vide
783 2684 926 2738 Turrccre-
979 2682 1008 2734 ab
1021 2681 1194 2753 ἀναμάρτητον
1209 2683 1378 2740 substantive
1391 2694 1526 2752 sumatur,
1546 2688 1779 2759 quemadmodum

124 2762 242 2810 matrim.
979 2754 1095 2809 sumitur
1115 2769 1176 2823 cap.
1199 2759 1228 2807 il
1260 2763 1289 2810 et
1311 2754 1408 2811 ultimo
1429 2755 1511 2829 hujus
1534 2758 1709 2823 collationis,
1732 2760 1778 2815 ubi

160 2823 352 2897 'Evagatione
375 2822 480 2879 scilicet
502 2831 649 2949 spontanea
664 2831 691 2879 et
712 2822 875 2887 voluntaria,
890 2822 924 2880 de
977 2825 1121 2945 puaeritur,
1136 2826 1366 2904 utrumpossibile
1379 2829 1415 2881 sit
1426 2828 1545 2881 bumana
1557 2830 1725 2883 substantia
1750 2831 1779 2883 rt

125 2910 179 2968 qua
202 2895 338 2952 Dominus
358 2895 490 2966 populum
529 2894 695 2950 sraeliticum
721 2894 796 2967 apud
823 2894 923 2949 isaiam
996 2896 1150 2965 ναμάρτητον
1163 2897 1308 2965 masadam.
1330 2897 1414 2953 Sicuti
1432 2897 1502 2969 apud
1519 2899 1652 2965 latinos,
1678 2899 1777 2955 sirem

126 2966 288 3090 prophetam
302 2965 400 3021 acriter
417 2965 597 3035 reprehendit
608 2964 722 3019 dicens:
745 2965 862 3033 Populus
880 2965 924 3019 bic
977 2975 1092 3037 spectes,
1108 2965 1205 3021 eadem
1224 2975 1290 3023 sunt
1309 2968 1463 3025 innocentia
1475 2976 1502 3023 et
1518 2969 1698 3026 innocentem
1710 2985 1777 3038 esse,

136 3038 208 3091 abiis
221 3038 404 3100 manaaarau
419 3050 463 3088 car
482 3038 572 3087 autam
589 3049 680 3088 eonem
692 3035 769 3102 lortge
789 3039 827 3088 est
844 3051 861 3088 a
881 3050 922 3089 me
976 3045 1024 3091 aut
1040 3037 1099 3091 sine
1124 3046 1246 3107 peccato,
1261 3036 1335 3110 quod
1350 3039 1457 3161 proprie
1472 3038 1574 3096 dieitur
1592 3040 1773 3113 ἀναμάρτητον.

127 3105 173 3177 (ls.
187 3108 283 3173 xxix).
301 3103 728 3177 Quadercgrariternecminus
741 3113 923 3175 congruenter
976 3108 1024 3161 list
1044 3107 1120 3162 enim
1140 3108 1263 3179 ἁμαρτία,
1288 3108 1329 3165 rel
1354 3110 1390 3180 ἀμ
1407 3129 1490 3181 ρτημα
1517 3119 1680 3183 peccatum;
1707 3112 1776 3169 unde

125 3174 190 3230 huic
202 3177 261 3230 loco
275 3175 386 3229 disserit
396 3178 432 3230 Ι).
447 3176 599 3255 Cyprianus
614 3175 659 3230 lib.
671 3174 705 3230 de
716 3176 847 3231 Oratione
866 3177 924 3231 Do-
977 3176 1159 3248 ἀναμάρτητος,
1183 3179 1211 3234 id
1230 3188 1288 3242 est,
1304 3196 1416 3237 vacuus.
1437 3189 1487 3237 aut
1509 3182 1642 3239 immunis
1664 3183 1776 3255 antipa

124 3245 228 3300 minica
244 3263 252 3300 :
268 3245 390 3311 Quando,
401 3245 500 3315 inquit,
522 3249 624 3300 stamus
635 3245 672 3300 ad
686 3248 841 3313 orationem,
864 3248 921 3314 fro·
978 3257 1006 3303 et
1019 3258 1142 3320 peccato.
1157 3252 1293 3307 (aterum
1305 3266 1361 3307 non
1380 3252 1448 3308 mihi
1461 3251 1561 3324 placet,
1575 3269 1625 3309 nec
1637 3254 1702 3310 buic
1715 3254 1775 3310 loco

125 3320 179 3373 tres
191 3316 371 3379 dilectissimi,
386 3316 503 3386 uigilare
514 3319 540 3369 et
552 3315 704 3371 incumbere
717 3316 753 3370 ad
763 3332 854 3387 preces
869 3322 923 3371 toto
939 3302 961 3365 C
977 3321 1115 3402 congruit,
1131 3321 1204 3393 qtrod
1221 3322 1364 3379 ciaconius
1377 3322 1551 3395 ἀναμάρτητον
1575 3326 1653 3381 τττίίί
1675 3325 1773 3389 impec-

124 3388 202 3444 corde
213 3387 348 3443 debemus.
362 3388 493 3455 Cogitatio
511 3388 596 3441 omnis
616 3388 733 3442 carnalis
749 3392 774 3442 et
788 3390 923 3444 saculares
976 3391 1154 3447 cabrlitatem.
1174 3390 1372 3464 Ἀντμάρτητοη
1385 3394 1484 3477 inquit,
1498 3401 1537 3452 est
1556 3398 1773 3468 impeccabilitas.

123 3460 257 3526 abscedat,
273 3459 482 3525 necquidquam
497 3461 560 3511 triac
573 3460 682 3513 animus
694 3473 775 3527 ρατττ
786 3460 817 3513 iri
835 3460 920 3514 solum
975 3465 1030 3517 sive
1048 3464 1233 3533 impeccantia,
1248 3465 1402 3534 quasivero
1419 3466 1496 3523 rdem
1514 3467 1550 3522 sit
1565 3468 1777 3539 impeccabilitas

123 3532 219 3597 cogitet
231 3528 304 3597 guod
318 3533 454 3595 precatur.
470 3527 532 3581 ideo
555 3532 580 3581 et
597 3530 719 3583 sacerdos
739 3534 801 3583 ante
819 3532 921 3585 oratio·
975 3542 1002 3589 et
1020 3533 1220 3604 impeccantia3
1242 3535 1294 3591 hoc
1308 3543 1360 3599 est,
1382 3552 1440 3593 nou
1465 3553 1544 3610 posse
1557 3555 1688 3611 peccare,
1704 3538 1774 3611 quod

123 3614 193 3661 aem,
202 3598 365 3668 prefatione
373 3598 526 3666 premisse,
538 3602 620 3666 parat
632 3599 753 3665 fratrum
764 3605 863 3655 mertias
877 3601 920 3654 di·
975 3611 1018 3660 est
1031 3605 1268 3676 impeccabilibus,
1290 3615 1319 3662 et
1339 3622 1397 3663 non
1421 3624 1542 3680 peccare,
1566 3611 1608 3665 vel
1632 3626 1692 3666 esse
1721 3610 1773 3666 siue

123 3668 204 3725 sendo
221 3686 230 3723 .·
244 3670 358 3725 Sursum
374 3668 464 3735 corda,
477 3672 508 3721 ut
522 3668 585 3723 darm
598 3670 740 3739 respondet
749 3671 825 3739 plebs
839 3690 848 3725 .-
862 3674 920 3727 lia-
975 3684 1101 3746 peccato,
1116 3676 1190 3748 quod
1204 3684 1245 3732 est
1259 3676 1437 3749 impeccantia
1457 3699 1464 3735 ε
1481 3680 1613 3749 Iatioius,
1640 3682 1776 3737 innocen·

125 3739 261 3795 bemusad
273 3741 430 3802 Demireum,
445 3739 622 3793 admoneatur
631 3742 703 3794 nibil
711 3742 789 3796 aliud
802 3759 829 3798 se
837 3758 920 3812 ρταττ
975 3746 1023 3813 tia,
1039 3746 1200 3817 integritas,
1214 3755 1262 3803 aut
1275 3750 1362 3819 culpae
1380 3751 1503 3806 vacuitas.
1522 3752 1593 3820 Qua¹
1609 3766 1678 3806 sane
1701 3752 1774 3807 mul·

124 3814 267 3868 Dominum
287 3813 403 3879 cogitare
420 3810 515 3865 debere
528 3827 538 3863 .·
556 3811 707 3867 discedatur
721 3817 811 3866 contra
824 3813 921 3869 adua·
973 3823 1033 3871 tum
1045 3814 1158 3873 dillerre
1172 3832 1256 3874 nemo
1276 3834 1333 3874 non
1356 3819 1439 3890 videt,
1453 3820 1530 3875 sicuti
1551 3821 1676 3876 multum
1690 3819 1776 3877 diffe-

123 3887 229 3938 aarium
248 3887 358 3952 pectus,
380 3886 405 3935 et
419 3882 471 3935 soli
486 3883 537 3935 Deo
556 3886 664 3948 pateat:
689 3898 736 3935 racc
751 3883 788 3937 ad
808 3899 835 3937 se
851 3887 921 3939 enim
973 3894 1048 3955 runt,
1073 3903 1128 3944 non
1148 3904 1227 3960 posse
1251 3905 1373 3961 peccare,
1399 3907 1447 3949 seu
1467 3890 1675 3962 impeccabilem
1698 3907 1772 3956 esse,

123 3952 223 4007 bostem
235 3953 297 4016 liei,
311 3951 803 4021 temporemarmarisadiregatiatur;
819 3954 921 4025 obreput
972 3967 999 4013 et
1018 3973 1097 4029 posse
1113 3975 1170 4015 non
1185 3976 1320 4031 peccare:
1340 3977 1397 4018 non
1418 3978 1498 4034 posse
1520 3962 1614 4030 mori,
1639 3962 1714 4035 quod
1733 3972 1772 4020 eat

123 4025 279 4093 frequenter
288 4024 313 4076 et
323 4024 464 4091 penetret,·
476 4024 501 4075 ct
510 4020 647 4076 subtiliter
657 4023 756 4089 (alicua
763 4039 853 4093 preces
864 4042 921 4081 uos·
973 4030 1097 4087 absolute
1117 4030 1303 4088 immortalem
1320 4046 1395 4098 esse,
1412 4042 1439 4090 et
1454 4048 1535 4106 posse
1561 4049 1616 4089 non
1637 4034 1728 4101 mori,
1745 4042 1772 4090 ut

124 4098 182 4150 tras
200 4111 218 4149 a
234 4096 286 4148 lieo
304 4096 407 4155 auocat,
432 4095 463 4146 ut
486 4092 565 4146 uliud
579 4093 724 4148 babeamus
739 4097 768 4149 in
786 4097 874 4159 corde.
893 4100 918 4153 ct
974 4109 1081 4168 poterat
1117 4100 1205 4156 Adam
1233 4102 1260 4158 in
1289 4111 1363 4160 statu
1388 4104 1564 4161 inuomatiae.
1597 4104 1653 4161 Sed
1689 4120 1773 4177 ncguc

123 4166 202 4221 uliud
214 4168 243 4219 in
262 4180 331 4227 uoce,
353 4162 463 4233 girando
479 4165 622 4219 irrtetttione
635 4165 736 4219 sincera
750 4166 844 4222 debeat
867 4184 919 4225 aton
972 4170 1122 4242 Scriptura,
1140 4188 1228 4244 neque
1241 4177 1337 4230 Patres
1358 4190 1454 4231 vocem
1478 4175 1655 4247 ἀναμάρτητον
1677 4175 1714 4232 ita
1730 4191 1770 4232 ac·

122 4240 191 4293 coen
203 4251 292 4303 sorem,
307 4235 474 4290 seducimus
488 4238 513 4289 et
527 4249 618 4290 secus
633 4252 720 4290 orare.
745 4238 809 4304 Qua
829 4243 919 4294 autem
973 4242 1084 4311 cipiunt.
1099 4244 1236 4315 Scriptura
1248 4246 1359 4301 loannis
1369 4261 1428 4303 vrrr
1443 4267 1451 4300 :
1469 4244 1499 4301 ‘0
1510 4246 1685 4318 ἀναμάρτητος
1696 4247 1772 4319 igin,

122 4311 236 4378 segrutm
248 4313 286 4362 est
305 4306 421 4360 uliermri
437 4311 462 4360 et
480 4309 543 4373 rapi
561 4309 659 4375 ineptis
673 4309 876 4374 cogitationibus
894 4314 920 4365 et
974 4312 1002 4367 id
1024 4322 1082 4382 est,
1101 4318 1219 4396 quisine
1237 4322 1344 4386 peccato
1369 4323 1409 4373 cst
1421 4322 1554 4381 uestrum,
1568 4321 1605 4375 uti
1626 4319 1769 4381 babemus;

119 4381 262 4450 mosania,
276 4392 336 4431 cum
349 4378 491 4430 Dominum
508 4376 675 4445 deprecaris,
693 4381 776 4447 guasi
789 4380 826 4434 ait
841 4381 920 4435 aliud
972 4398 1045 4453 non,
1088 4401 1116 4441 ur
1133 4388 1318 4457 impeccabilis
1339 4397 1390 4444 est.
1412 4391 1446 4444 l).
1466 4389 1654 4465 Hieronymus
1672 4390 1701 4444 in
1719 4390 1771 4459 epi·

122 4449 294 4531 guod-magis
306 4447 402 4500 debeas
416 4448 534 4530 cogitare
545 4463 628 4517 guam
641 4449 714 4517 guod
727 4466 786 4505 urm
804 4456 857 4507 lieo
880 4453 920 4506 le·
973 4456 1041 4510 stola
1054 4400 1089 4511 ai
1102 4455 1320 4528 Ctesiphontem,
1339 4459 1498 4533 Pelagianos
1510 4469 1645 4518 eteorum
1657 4455 1772 4516 iauttires

122 4522 233 4591 ρτττττί
246 4517 378 4601 Qrternodo
400 4516 533 4599 teaudrrr
556 4534 573 4571 a
591 4522 644 4575 Deo
658 4522 797 4588 postulas,
815 4538 874 4576 cum
893 4528 918 4577 te
973 4524 1140 4598 redarguens
1161 4549 1168 4585 :
1185 4530 1300 4595 Pudeat,
1322 4530 1420 4602 inquit,
1434 4534 1591 4602 ρτίττηττττ
1606 4538 1632 4588 et
1648 4536 1770 4587 soum

122 4594 180 4664 ipse
193 4606 246 4646 non
259 4588 382 4643 nudas?
402 4602 444 4642 ves
456 4602 512 4643 esse
526 4590 609 4643 Deum
623 4605 762 4645 manerem
780 4594 835 4656 tui,
862 4609 920 4648 cum
973 4610 1092 4663 suorum
1108 4601 1159 4668 gui
1170 4601 1248 4655 aiunt
1254 4616 1331 4671 posse
1339 4602 1474 4657 bominem
1485 4606 1545 4658 siue
1555 4609 1663 4674 peccata
1674 4619 1734 4663 esse,
1744 4603 1770 4655 si

122 4679 220 4734 rogas,
234 4660 342 4733 quando
354 4665 384 4715 tu
403 4661 461 4730 ipsc
481 4674 579 4715 memor
598 4662 641 4715 tui
654 4676 706 4715 reon
720 4663 778 4717 sis?
797 4663 845 4719 hee
862 4669 1047 4743 est,1)rrelit,
1070 4670 1142 4738 guod
1166 4672 1252 4727 Greci
1275 4673 1368 4727 dicunt
1392 4672 1576 4743 ἀναμάρτητον,
1594 4680 1621 4727 τί
1632 4676 1697 4742 guia
1720 4672 1771 4725 boc

122 4738 158 4791 ab
170 4737 244 4791 boste
261 4736 290 4789 in
303 4737 388 4787 totum
407 4747 461 4786 non
481 4746 586 4797 caueam
610 4733 659 4786 boc
672 4737 721 4799 est,
740 4734 847 4802 quarrdo
858 4751 919 4792 eras
975 4739 1154 4795 Ecclesiarurn
1162 4757 1212 4812 per
1223 4743 1356 4799 Oriaetem
1367 4760 1448 4800 aures
1459 4749 1589 4814 [erema
1676 4750 1720 4810 τί,
1734 4744 1772 4798 si-

122 4810 216 4871 licum,
229 4805 396 4875 majestatem
409 4805 459 4858 Dei
468 4804 630 4873 negligentia
640 4802 793 4872 effecerim,-
807 4806 854 4860 laec
868 4813 917 4875 est,
973 4811 1080 4867 mulant
1092 4827 1119 4867 se
1128 4815 1185 4867 siue
1193 4819 1301 4883 peccato
1312 4816 1422 4885 guidem
1431 4816 1532 4881 diem,
1544 4814 1588 4871 sed
1615 4816 1771 4885 ναμάρτηττν

121 4880 234 4947 uigilare
250 4877 344 4943 eadm,
361 4880 386 4930 et
399 4874 477 4929 corde
495 4875 612 4929 dormire
617 4894 626 4940 ,·
639 4889 701 4929 cum
715 4875 809 4932 debem
822 4878 919 4934 cbrs's-
973 4882 1059 4937 dicere
1072 4898 1125 4938 reon
1134 4885 1233 4940 audac
1245 4903 1254 4938 ε
1268 4888 1349 4956 guasi
1358 4887 1437 4941 aliard
1446 4890 1483 4942 sit
1493 4891 1553 4943 sirie
1566 4894 1683 4958 menate,
1696 4886 1772 4941 aliud

122 4951 211 5003 tranas
241 4953 344 5002 etcum
367 4946 469 5000 domuit
486 4948 579 5008 oeulis,
603 4946 680 5001 corde
701 4948 828 5016 uigilare,
851 4952 920 5005 aaut
973 4949 1165 5024 ἀντμάρτητονς
1191 4962 1219 5011 et
1238 4972 1292 5011 τττ
1312 4958 1435 5014 Gnaeum
1453 4974 1610 5021 carmem,
1634 4962 1684 5029 gui
1699 4955 1770 5027 apud

122 5021 302 5089 scriptumest
317 5032 350 5071 ea
363 5032 477 5085 persana
491 5018 613 5071 Ecclesia
629 5017 801 5086 loquentiam
812 5020 919 5077 cautim
972 5024 1032 5079 illos
1045 5029 1203 5096 compositus
1214 5032 1253 5082 est
1273 5028 1375 5083 duobus
1389 5030 1477 5085 verba
1490 5046 1578 5085 sermo
1593 5032 1703 5086 muna
1721 5044 1771 5081 es·

123 5094 307 5147 canticorum:
322 5090 377 5155 Ego
394 5087 507 5153 domnio,
522 5092 547 5141 et
567 5104 611 5142 cor
622 5104 708 5142 meum
718 5090 815 5159 uigilet
829 5092 917 5160 (Cant.
970 5099 1107 5164 presserat.
1123 5100 1162 5152 lta
1178 5101 1211 5152 D.
1232 5098 1419 5172 Hieronymus
1432 5099 1624 5172 ἀναμάρτητον,
1644 5115 1697 5154 non
1715 5099 1769 5152 im·

122 5166 162 5233 v).
180 5163 352 5235 Quapropter
368 5158 478 5213 sollicite
497 5162 522 5213 el
536 5164 613 5214 caute
631 5162 776 5230 ,spostolus
794 5162 920 5217 admouet
972 5166 1146 5236 peccabilem,
1172 5166 1297 5225 sednon
1321 5178 1498 5242 peccantem,
1530 5188 1579 5229 seu
1600 5169 1700 5243 peccati
1729 5182 1773 5224 ex-

121 5236 231 5293 dioerts:
246 5230 792 5299 instateorationiuigilantesiaaea(col.
807 5234 918 5299 rr),do·
972 5244 1078 5307 pertem
1102 5248 1129 5295 et
1152 5240 1290 5295 insontem
1314 5240 1514 5314 interpretans,
1537 5253 1575 5309 et,
1599 5248 1631 5297 ut
1651 5244 1710 5312 ipse
1726 5240 1773 5305 ait,

121 5323 180 5363 cens
193 5307 293 5362 salnes
305 5302 478 5360 etostendens
490 5317 533 5356 eus
547 5304 691 5371 impetrare
701 5304 919 5373 gccodpostulant
972 5308 1074 5363 duobus
1092 5310 1189 5373 uerbis,
1207 5327 1316 5381 nempe,
1331 5313 1391 5368 sine
1404 5308 1529 5384 peccato.
1545 5314 1682 5372 Similiter
1703 5312 1774 5371 Elias

121 5379 319 5449 debeopoase,
334 5378 483 5447 gnosticas
499 5373 599 5427 ruderit
613 5376 641 5426 in
655 5376 777 5429 oratione
794 5376 916 5443 uigilare.
972 5379 1120 5444 Cretensis,
1136 5381 1259 5452 Gregorii
1275 5384 1438 5441 Nazianzeni
1459 5384 1627 5442 scholiastes
1642 5384 1773 5451 emas,

120 5450 161 5503 lta
183 5451 208 5505 S.
223 5447 382 5521 Cyprianus.
406 5448 436 5501 ln
455 5459 517 5517 quse
532 5443 613 5499 verlra
636 5445 721 5501 sancti
746 5445 867 5503 doctoris
890 5454 917 5503 et
972 5451 1092 5506 oratione
1106 5454 1122 5506 3
1138 5471 1144 5505 :
1161 5454 1253 5513 Ητττο,
1270 5453 1367 5525 inquit,
1392 5454 1568 5527 ἀναμάρτητος
1588 5458 1709 5529 guidae.
1727 5456 1774 5509 bos

122 5521 262 5589 martyris,
272 5536 286 5573 a
297 5518 430 5576 Gratiano
441 5518 521 5585 citata
535 5517 584 5584 (lic
593 5518 729 5573 Corrseera.
742 5518 807 5574 dist.
823 5525 844 5585 l,
857 5536 916 5589 usp.
972 5525 1020 5589 est,
1041 5528 1148 5592 peccato
1168 5539 1266 5581 ecatus
1279 5532 1383 5581 creatus
1397 5532 1453 5595 eat;
1475 5526 1657 5599 ἀναμάρτητος
1677 5534 1774 5588 mem,

123 5589 256 5657 Quando),
276 5589 372 5645 doctor
396 5590 533 5644 Navarrus
551 5587 617 5643 satis
635 5589 757 5659 amplum
780 5598 806 5645 el
823 5590 917 5645 utilem
970 5609 1023 5647 nort
1035 5594 1106 5663 guod
1120 5596 1217 5649 ineam
1228 5602 1363 5665 macetum
1378 5614 1434 5654 reon
1444 5600 1536 5661 cadet,
1549 5602 1601 5655 sed
1612 5603 1679 5670 guis
1691 5601 1774 5671 ipsura

122 5658 209 5717 edidit
222 5658 462 5739 commentarium,
485 5659 531 5730 qui
545 5660 578 5715 de
593 5659 717 5715 orationc
731 5668 758 5716 et
777 5658 853 5716 boris
870 5677 916 5716 ea-
967 5680 1140 5735 peecarenen
1151 5669 1180 5720 iu
1190 5674 1289 5720 natura
1298 5668 1386 5731 babet,
1399 5674 1593 5741 ucmmprotius
1602 5674 1634 5726 iu
1645 5673 1774 5735 electioris,

122 5729 229 5788 nonicis
245 5729 409 5783 inscribitur.
971 5740 1001 5789 ut
1020 5739 1069 5805 gui
1081 5741 1107 5791 et
1125 5740 1154 5791 in
1174 5737 1240 5791 bono
1252 5753 1359 5794 mature
1372 5757 1403 5796 ac
1415 5744 1543 5811 proicere
1554 5746 1663 5812 possit.
1680 5744 1775 5799 ἀίτίττ

158 5804 223 5857 llta
236 5798 385 5873 cuychius3
397 5814 450 5869 qua
462 5816 528 5856 soce
543 5815 609 5856 usus
621 5800 706 5857 etiam
723 5804 757 5857 D.
776 5801 916 5874 Hierony·
971 5810 1069 5875 gratia
1087 5823 1134 5878 ope
1147 5808 1301 5877 accedens,
1319 5814 1429 5875 etitem,
1447 5815 1628 5883 permittente
1640 5817 1708 5883 Deo,
1719 5827 1775 5887 gre·
