3848 6158
127 250 179 308 535
668 245 808 303 loannis
827 244 977 303 cassteltt
996 243 1238 303 comestoribus.
1727 247 1778 302 tto

129 375 237 434 vincula
259 374 359 448 quibus
373 389 437 433 eum
461 374 536 432 uelut
556 372 699 432 oblanirus
723 371 759 430 ed
781 372 929 431 immolan—
941 375 969 440 Α
983 372 1046 430 licet
1059 358 1141 446 atoue
1159 368 1333 445 martyribus,
1348 367 1526 426 tenebrosum
1542 383 1574 427 ac
1586 376 1703 438 tetrum,
1717 387 1780 430 om·

129 471 196 531 dum
221 471 409 544 constringere
438 469 609 543 disponebat,
630 468 774 542 inquirere,
796 468 926 543 presagio
981 468 1064 542 nique
1074 465 1160 523 macie
1171 465 1295 524 tabidum
1311 470 1394 538 atque
1405 462 1605 534 deiormem‚et
1618 472 1716 522 contra
1730 469 1781 524 Ju-

129 567 237 626 sceleris
251 566 337 625 futuri
352 565 521 640 perterritus,
536 563 697 637 aufugisset
982 561 1107 619 dteorum
1124 560 1257 633 populum
1267 575 1322 617 una
1335 575 1401 616 cum
1414 560 1520 632 Moyse,
1532 558 1692 632 patriarchis
1702 567 1782 634 atque

413 697 533 755 CAPUT
565 697 630 753 vm
982 656 1130 730 prophetis,
1150 671 1259 713 summa
1272 653 1467 727 tripudiantem
1485 653 1588 723 laetitia,
1617 661 1646 711 ct
1660 654 1779 729 splendi-

634 739 643 754 ’
983 752 1096 810 dissimo
1110 750 1212 808 lumine
1226 756 1426 819 coruscantem,
1441 747 1561 807 suadens
1572 749 1595 806 si
1613 749 1708 807 mallet
1722 765 1794 808 nie··

983 846 1029 904 riti
1051 861 1083 904 ac
1105 844 1279 903 beatitudinis
1294 845 1403 902 illorum
1425 845 1557 918 particeps
1573 843 1642 916 lieri,
1661 844 1781 904 circum·

168 951 297 1022 Longum
311 950 377 1003 est·
398 942 589 1018 deceptionem
608 936 683 1003 illius
703 958 814 1018 quoqne
827 958 929 1003 mona·
982 942 1113 1000 cisiouem
1124 957 1233 1017 quoque
1241 939 1377 1014 suscipere
1394 938 1544 997 festinaret.
1557 941 1668 999 llamm
1688 942 1783 1016 itaqua

130 1045 175 1104 obi
196 1039 417 1115 Mesopotameni
437 1038 575 1097 remando
590 1052 761 1114 percurrere,
776 1037 823 1110 qui
837 1037 865 1094 in
883 1038 928 1097 illa
982 1034 1108 1110 profecto
1132 1042 1191 1092 tam
1203 1033 1354 1107 lugubriter
1366 1048 1449 1090 nemo
1463 1031 1560 1090 fuisset
1578 1031 1685 1103 illusus,
1700 1035 1724 1092 si
1737 1050 1782 1092 ra·

128 1138 268 1217 provincie
287 1133 428 1210 perpaucis
450 1133 610 1192 imitabilem
629 1132 760 1191 exbibens
783 1131 929 1189 continen-
982 1131 1086 1190 tionem
1098 1129 1270 1189 discretionis
1289 1129 1374 1204 bujus
1387 1129 1663 1203 amequilaborasset.
1682 1133 1785 1206 Quam

128 1238 206 1305 nam,
228 1248 310 1308 quam
326 1246 376 1304 per
389 1243 476 1288 annos
496 1227 601 1286 multos
624 1225 798 1300 singulariter
811 1224 841 1282 in
861 1224 928 1282 cella
983 1227 1081 1286 obrem
1096 1227 1270 1301 inquantum
1284 1225 1469 1299 perniciosum
1490 1225 1526 1283 sit
1539 1224 1711 1284 dbmebonis
1724 1243 1785 1301 gra·

130 1339 253 1389 retrusus
266 1331 402 1399 exegerat,
428 1323 466 1380 ita
488 1329 532 1380 cst
554 1320 590 1379 ad
611 1328 765 1379 extremum
784 1318 929 1379 diabolicis
983 1321 1050 1379 tiam
1072 1337 1130 1379 non
1152 1320 1262 1392 babere,
1285 1320 1437 1378 multorum
1453 1335 1533 1378 cesus
1555 1328 1582 1377 et
1598 1322 1784 1395 experimenta

128 1420 337 1482 revelationibus
349 1418 523 1491 somniisque
531 1415 653 1485 delusus,
666 1424 698 1473 ut
709 1421 773 1488 post
781 1422 875 1472 tentos
887 1415 928 1472 la·
983 1416 1130 1475 declarant.

129 1517 211 1577 bores
225 1523 305 1587 atquc
326 1514 452 1582 uirtutes,
471 1510 572 1587 quibus
593 1524 689 1567 omnes
712 1509 863 1566 monachos
877 1508 928 1567 ibi·
1269 1508 1391 1566 CAPUT
1409 1510 1460 1566 lx.

130 1612 194 1670 dem
211 1608 361 1667 residentes
372 1599 560 1675 arcesserat,b
581 1603 617 1663 ad
629 1607 646 1661 J
648 1604 805 1662 udaismum
818 1611 846 1661 et
861 1618 930 1661 cou·
1055 1604 1235 1675 interropatio
1245 1604 1278 1659 de
1293 1603 1459 1674 acquirenda
1471 1601 1712 1662 semunciarum.

130 1706 266 1764 cisionem
292 1703 376 1774 [bips.
398 1704 428 1757 in
447 1717 537 1771 marp.
566 1697 932 1768 circumcisioncm10amis
1020 1698 1064 1756 ad
1091 1697 1151 1755 baec
1179 1699 1334 1757 Germanus
1354 1718 1361 1755 :
1381 1702 1418 1757 Et
1450 1698 1566 1756 novellis
1597 1701 1729 1775 exemplis
1756 1711 1786 1760 et

130 1802 209 1874 lapsu
225 1797 373 1857 miserabili
390 1795 475 1868 tuerit
490 1794 648 1853 devolutus.
665 1796 740 1852 Itum
754 1807 820 1851 cum
838 1792 933 1850 volens
946 1815 971 1879 B
985 1792 1189 1852 delinitionibus
1215 1795 1389 1866 antiquorum
1421 1795 1488 1851 satis
1511 1794 1620 1853 abunde
1647 1797 1784 1871 perpatuit

130 1911 195 1955 eum
209 1892 408 1953 consuetudine
425 1891 560 1950 visionum
580 1890 615 1948 ad
630 1888 821 1948 credulitatem
831 1887 937 1960 intirim
984 1888 1174 1947 discretionem
1197 1888 1302 1947 iontem
1326 1888 1531 1962 quodammodo
1555 1899 1634 1964 etque
1658 1890 1782 1951 radicem

130 1991 298 2067 deceptionis
318 1989 428 2059 illicere,
449 1987 592 2046 iariuima
615 1999 732 2060 quaque
753 1984 845 2042 multo
864 1992 933 2043 tem·
985 1992 1149 2042 annuarum
1175 1998 1234 2042 esse
1255 1983 1398 2041 virtutum.
1422 1983 1573 2058 Quomodo
1592 1999 1658 2058 ergo
1679 1987 1787 2059 acquiri

131 2072 198 2163 pore
217 2087 342 2146 diabolus
354 2084 430 2143 velut
447 2083 568 2141 veritatis
585 2081 700 2140 nunnus
718 2081 874 2151 revelasset,
894 2080 929 2140 ad
985 2077 1094 2148 debeat,
1107 2077 1235 2152 cupimus
1246 2077 1327 2135 nobis
1340 2077 1449 2151 exponi,
1472 2086 1519 2134 eut
1539 2077 1785 2151 quemadmodum,

131 2192 286 2241 extremum
308 2179 427 2238 ostendit
440 2178 625 2237 &murnum
644 2177 777 2251 populum
794 2191 849 2233 una
865 2191 930 2234 cum
983 2181 1079 2232 utrum
1094 2189 1159 2233 iere
1169 2182 1237 2231 etex
1249 2177 1364 2242 Demea
1375 2172 1478 2231 talsaet
1491 2171 1623 2231 diabolica
1634 2173 1685 2244 sit,
1701 2176 1789 2248 possit

133 2276 298 2351 principibus
309 2273 448 2348 religionis
463 2288 496 2331 ac
510 2271 573 2331 bdei
585 2279 699 2341 neuim,
714 2270 855 2345 Apostolis
873 2270 930 2328 sci-
983 2269 1114 2345 agnosci:
1135 2277 1166 2328 ut
1184 2268 1336 2329 secundum
1353 2269 1427 2328 illum
1446 2269 1639 2344 evangelicam,
1658 2274 1684 2345 ’-
1701 2284 1787 2344 quam

678 2386 807 2445 ALARDI
826 2387 939 2444 GAZAEI
958 2386 1236 2445 COMMENTARIUS.

168 2510 181 2536 ⁸
200 2500 262 2556 Hoc
274 2498 346 2555 idem
357 2495 524 2569 exemplum,
534 2502 582 2551 eut
590 2492 664 2552 aliud
672 2502 746 2552 certe
760 2493 932 2551 simillimum
986 2501 1047 2550 tum
1056 2495 1191 2561 locorum,
1203 2499 1264 2549 tum
1276 2499 1432 2566 temporum
1441 2491 1663 2564 circumstantie,
1676 2510 1740 2568 quae
1750 2494 1790 2554 ul·

134 2571 217 2629 refert
229 2569 381 2628 antiochus
391 2566 545 2624 monachus
551 2565 711 2624 Palaestiuus
723 2567 786 2624 vita
792 2566 935 2624 sanctitate
987 2574 1078 2623 terum
1099 2564 1134 2622 ab
1148 2565 1233 2622 altero
1247 2562 1386 2621 diversum
1397 2580 1467 2635 esse,
1481 2581 1539 2623 non
1561 2566 1702 2637 eumdem,
1720 2582 1788 2642 per·

132 2642 296 2701 ctdoctrina
317 2638 443 2706 celebris,
468 2638 546 2710 cujus
570 2645 678 2694 exstant
701 2637 824 2695 bomilite
842 2644 894 2694 tte
907 2637 936 2693 in
987 2638 1081 2708 spicue
1101 2635 1300 2694 demonstrarit.
1318 2638 1389 2693 Nam
1413 2636 1457 2693 bic
1473 2637 1626 2695 monachus
1649 2639 1722 2712 (Gal.
1746 2645 1790 2710 tv)

133 2713 265 2771 Bibliotb.
279 2712 327 2769 SS.
343 2714 467 2768 Petrum.
481 2712 555 2779 Fuit,
565 2708 654 2783 inquit
667 2709 786 2779 (bibliot.
798 2709 847 2767 SS.
856 2712 934 2766 Patr.
988 2708 1088 2766 Sineita
1102 2712 1253 2774 (atumem
1266 2709 1333 2766 Sina
1355 2723 1430 2764 moris
1444 2711 1475 2764 iu
1490 2709 1605 2775 Arabia)
1623 2717 1693 2768 teste
1713 2714 1788 2783 Apo·

133 2793 153 2843 i.
170 2789 204 2849 ll,
223 2787 292 2841 bom.
308 2788 365 2851 us),
377 2785 407 2838 iu
418 2783 580 2840 montesino
593 2783 738 2838 mucules
748 2781 871 2852 puidam,
890 2782 939 2850 qui·
990 2780 1074 2849 stolo,
1085 2779 1530 2851 illeblesopotamenusestruitur:
1540 2781 1585 2839 ille
1597 2782 1730 2841 cassiano
1741 2790 1790 2842 aut

133 2858 301 2914 celebrcadcc
312 2856 398 2912 edidit
409 2869 466 2911 suc
476 2855 647 2910 continentia
660 2853 938 2923 speummmti'iirat·
990 2852 1122 2918 anterior,
1137 2851 1322 2923 eutaeipualis,
1336 2851 1570 2935 ctsyncbronus3
1594 2851 1711 2911 biefere
1735 2853 1789 2913 du·

135 2926 767 2993 lulamultcsciaeeritanuosi'uolususrpostremo
775 2924 939 2989 multifariis
991 2922 1075 2979 centis
1084 2921 1163 2978 annis
1174 2923 1318 3005 posterior.
1332 2923 1406 2980 Vixit
1417 2923 1491 3006 enini
1504 2924 1657 2982 Antiochus
1670 2925 1726 2996 ille,
1739 2926 1789 3001 gul

135 2992 940 3055 revelationibusdiaboli'etimoomiisillususadludaasmwit
991 3009 1051 3052 rem
1071 2992 1215 3062 describit,
1240 3001 1269 3049 et
1299 2993 1465 3051 monachum
1483 2994 1562 3051 iilum
1584 3005 1739 3068 apostatam
1758 3012 1790 3056 sa

135 3070 262 3139 delapsus
274 3072 322 3130 est,
332 3068 453 3123 ctaumis
461 3067 694 3120 cummusmnem.
705 3065 771 3122 Cum
778 3066 865 3135 igitur
873 3066 938 3121 dia-
991 3064 1089 3122 uidisse
1107 3072 1233 3132 testatiu,
1245 3072 1369 3138 tempore
1386 3066 1504 3122 Heraclii
1530 3067 1629 3140 imper.
1654 3068 1728 3126 cirea
1739 3084 1789 3127 sn-

136 3135 939 3206 botusbui'ci'denttdeinoernquadamiusomuiademorutrns·
991 3151 1058 3192 num
1068 3135 1181 3193 Domini
1191 3137 1418 3196 sexcentesimum
1428 3137 1590 3212 vigesimum
1601 3139 1685 3207 (unde
1693 3143 1786 3199 etBa-

134 3214 212 3274 estet
217 3208 406 3278 velutiobjecta
411 3208 537 3263 illecebra
542 3208 762 3264 iucscussati'llius
770 3208 938 3264 obscuratam
993 3208 1087 3265 ronius
1098 3214 1119 3266 t.
1132 3209 1207 3276 vill,
1222 3206 1276 3264 buc
1287 3209 1442 3280 exemplum
1454 3211 1531 3281 ponit
1540 3210 1592 3267 sub
1603 3226 1677 3268 anno
1688 3212 1789 3271 cliiiiit

134 3279 579 3346 mentammiii'ssi'meorulutlltia
589 3279 819 3351 objicitcopiosnm
826 3280 972 3347 turbamc
989 3285 1054 3352 ort,
1067 3279 1183 3336 Heraclii
1197 3278 1302 3353 quinto)
1323 3297 1331 3335 ε
1351 3280 1495 3337 Casuamu
1510 3297 1576 3339 vero
1587 3282 1746 3341 Theodosio
1760 3292 1790 3342 et

134 3354 333 3425 apostolorum,
350 3353 704 3422 mammarumque
719 3354 805 3408 omnis
828 3354 934 3422 ameris
993 3351 1178 3408 Valentiniano
1187 3351 1371 3425 regnantibus,
1380 3352 1432 3409 sub
1439 3352 1537 3426 quibus
1544 3354 1698 3413 enameitae
1705 3355 1789 3413 tinem

135 3423 935 3495 Christianorumdensissimistenebrisetomnidedocoreop
990 3422 1104 3495 aceepit,
1115 3438 1186 3480 anno
1199 3421 1471 3497 quadringentesimo
1482 3424 1671 3497 trigentesimo
1679 3426 1786 3500 numm,

132 3498 250 3568 pletam3
319 3496 869 3569 eoppositoltosen,proplietas‚populmn
990 3502 1022 3551 ut
1043 3502 1139 3577 auctor
1164 3503 1212 3578 cst·
1229 3494 1408 3552 l'ritbemius.
1428 3495 1573 3578 Quomodo
1591 3511 1657 3580 ergo
1675 3510 1788 3555 narrem

134 3584 186 3638 que
209 3570 243 3624 Ju
302 3512 937 3637 rumilleoalioquii'noisumlotsertsplenffl
990 3573 1124 3648 potuisset
1138 3566 1293 3649 Cassianus,
1308 3566 1473 3650 quodannis
1502 3568 1789 3652 aulominiisdncen-

136 3639 282 3694 mumdum
296 3638 353 3693 luce
371 3638 534 3708 comptorum
546 3639 628 3707 inque
641 3637 742 3708 gaudio
754 3641 780 3692 et
793 3637 935 3694 hilaritate
991 3637 1027 3695 tia
1039 3644 1102 3709 post
1116 3636 1202 3708 ipsius
1217 3637 1323 3694 obitum
1334 3654 1368 3695 eii
1381 3583 1508 3695 AntiucKi
1525 3640 1682 3697 narratione
1694 3648 1789 3697 conti·

135 3713 225 3767 uitam
238 3708 416 3766 traducentes.
430 3711 493 3765 Huc
505 3724 565 3764 mim
575 3712 718 3778 spectasset
727 3709 818 3773 miser,
833 3711 935 3763 euesti-
991 3708 1062 3782 gisse
1074 3709 1271 3780 cognoscitur?
1284 3712 1382 3766 Restat
1389 3709 1480 3783 igitur,
1491 3718 1523 3767 ut
1534 3712 1603 3768 alius
1615 3727 1631 3767 a
1644 3712 1786 3780 cumiano,

136 3784 180 3853 pio
194 3782 325 3844 merit,
335 3780 511 3851 duelictopue
523 3784 615 3835 sancto
629 3780 676 3835 illo
685 3782 783 3843 monte,
793 3781 824 3835 in
834 3780 935 3836 Pales·
990 3780 1059 3838 elius
1069 3778 1105 3836 ab
1123 3779 1263 3838 Antiocho
1282 3782 1434 3838 monachus
1448 3782 1623 3856 designetur:
1643 3782 1725 3839 simili
1740 3792 1787 3840 ta·

136 3856 224 3910 buum
236 3867 321 3924 usque
329 3854 462 3924 percutit,
479 3856 604 3922 rataque
627 3851 763 3907 eumue
776 3852 895 3908 iuuare
908 3855 935 3908 et
990 3865 1055 3909 men
1077 3851 1155 3922 lapsu
1170 3861 1198 3909 et
1213 3851 1338 3910 illusione
1354 3853 1488 3911 diabolica
1511 3853 1547 3913 ad
1569 3853 1743 3913 Iudaismum
1760 3861 1791 3913 et

135 3925 292 3995 libyadem,
302 3925 549 3994 mulaludaorum.
559 3922 935 3993 Gumistisdcnarrosretqun
989 3922 1224 3981 circumcisionem
1241 3924 1398 3999 perductis.

134 3998 258 4053 sibioisc
263 3997 389 4064 (aurant,
400 3996 547 4052 diabolicas
554 3995 758 4067 apparitiones,
765 3997 935 4051 circumnsue
1026 3988 1144 4063 ”idest
1158 3997 1281 4071 seipsum
1292 3997 1408 4056 Judaieo
1420 4014 1500 4057 more
1517 3997 1730 4057 circumciderit.
1742 3999 1791 4059 Cui

135 4072 183 4134 est,
205 4084 237 4124 ac
247 4070 385 4139 proscenis
402 4067 580 4132 mamam,
599 4068 701 4138 eremit
715 4082 837 4131 unorum
852 4068 934 4138 ireque
992 4067 1093 4124 merito
1106 4067 1188 4142 objici
1200 4067 1366 4141 pomitillud
1383 4070 1510 4144 Apostoli
1523 4070 1558 4128 ad
1572 4070 1685 4128 Galatas
1704 4071 1790 4129 simili

137 4143 255 4196 muium
264 4143 417 4211 prospectu,
437 4140 567 4196 odoerms
585 4140 750 4197 Gbmsdauos
768 4139 856 4195 edidit
869 4139 934 4208 dop-
992 4153 1086 4195 errore
1099 4138 1237 4212 deceptos,
1249 4151 1277 4196 et
1286 4142 1322 4199 ad
1329 4139 1504 4199 ludaismum
1513 4150 1541 4198 et
1552 4143 1791 4201 circumcisionem

136 4216 221 4274 mata,
343 4217 423 4266 nator
435 4211 655 4281 snctuaiudaa'eoe
666 4213 939 4282 erpeiamcurtem
991 4210 1154 4268 devolutos:
1173 4214 1218 4269 Sic
1230 4215 1311 4268 stulti
1322 4217 1396 4278 estis,
1415 4219 1448 4270 ut
1461 4231 1523 4270 cum
1535 4216 1638 4286 spiritu
1648 4219 1790 4287 ceperitis,

137 4298 183 4351 epo
219 4284 264 4344 'i',
281 4297 313 4336 ac
332 4283 455 4351 pieriam
465 4284 768 4352 mouacborum3ueque
783 4285 855 4338 enim
866 4298 938 4353 puo-
991 4298 1151 4338 nmmearne
1160 4283 1365 4352 (idestcarnali
1374 4286 1550 4352 caeremonia)
1560 4289 1790 4344 cotuuumemini.

138 4353 356 4415 tumanmsuni
370 4367 388 4406 a
401 4356 486 4407 morte
499 4355 594 4417 illius,
617 4355 938 4425 quamisereperruptus
993 4356 1169 4424 dbtttdpussi
1194 4358 1258 4411 asti's
1275 4358 1332 4411 siue
1350 4372 1451 4421 causa,
1477 4360 1504 4413 si
1517 4363 1607 4413 tumen
1629 4361 1689 4415 sinc
1712 4374 1792 4415 caum

138 4428 178 4479 est
195 4442 201 4476 :
216 4422 339 4476 calamii
349 4423 419 4476 enim
429 4425 594 4491 profluuium
607 4424 773 4492 aliquandiu
783 4439 893 4495 misus,
912 4430 939 4482 et
994 4422 1056 4496 teu
1061 4429 1141 4491 .111)i
1157 4427 1192 4481 Et
1212 4442 1323 4484 rursum
1341 4428 1408 4485 illud
1420 4444 1480 4499 cap.
1495 4445 1513 4483 n
1528 4448 1534 4484 :
1548 4433 1615 4486 Ecce
1627 4447 1676 4500 ego
1690 4433 1790 4488 Paulus

137 4494 268 4547 ommium
279 4493 413 4547 amunonc
422 4493 604 4548 contabescens
615 4496 774 4563 suspiravit.
791 4498 940 4550 Hunorum
993 4496 1052 4552 dico
1060 4498 1145 4564 nobb,
1158 4501 1319 4567 quoniamst
1329 4501 1568 4566 circumcidamini,
1584 4502 1709 4558 Christis
1718 4503 1791 4559 mbit

138 4564 309 4625 vidissemus,
328 4577 375 4632 epo
396 4567 422 4619 et
440 4564 491 4618 alii
508 4564 612 4634 aliqum
624 4564 760 4632 monachi,
773 4568 889 4635 correpti
906 4569 940 4622 ti-
992 4568 1064 4623 nibil
1074 4569 1205 4638 proderit.
1229 4574 1363 4642 Testittmr
1376 4577 1468 4627 autem
1487 4587 1582 4628 rursus
1602 4576 1678 4628 omni
1692 4575 1795 4630 moriae·

139 4636 331 4704 moreinpenti,
343 4650 403 4689 cum
413 4635 486 4690 luctu
496 4636 639 4691 lamentati
648 4637 827 4692 sumus.Erat
836 4637 867 4692 i'd
876 4653 941 4695 sone
994 4640 1200 4697 circumcidenti
1210 4656 1250 4705 se,
1266 4646 1394 4712 quoniam
1406 4645 1513 4700 debitor
1530 4649 1569 4700 est
1578 4647 1712 4702 mauman
1726 4647 1793 4716 lepis

139 4723 222 4777 quam
232 4706 383 4762 mumubde
392 4709 580 4778 spectaculum.
601 4709 653 4765 Vir
667 4707 711 4762 bie
729 4711 800 4762 totus
812 4709 941 4766 mennae-
954 4689 980 4754 Ῐ)
994 4712 1129 4779 soelmda
1139 4731 1148 4768 r
1159 4728 1223 4767 uam
1236 4716 1266 4768 a'n
1278 4715 1384 4771 Christo
1397 4718 1458 4771 lesit
1469 4732 1556 4787 neque
1567 4718 1736 4773 circumcisio
1746 4718 1794 4772 uti

139 4783 184 4835 rat
192 4782 222 4834 iii
232 4780 381 4836 monastica
394 4782 592 4844 cumcitctiauc,
606 4784 831 4850 contemneretque
842 4781 943 4838 labori-
995 4784 1063 4854 quid
1072 4785 1152 4849 uolet,
1163 4800 1247 4855 neptia
1253 4789 1419 4856 preputium
1430 4805 1439 4852 l
1450 4788 1498 4842 scd
1509 4788 1588 4857 tides,
1599 4804 1661 4858 que
1669 4804 1727 4861 pei·
1736 4789 1793 4843 cle

142 4852 190 4906 biis
205 4854 333 4917 attritum
346 4854 406 4908 etis
420 4852 531 4908 tandem
544 4868 605 4908 cum
619 4852 777 4909 mulieribus
784 4852 938 4923 jocabatur3
993 4857 1105 4911 minium
1129 4863 1263 4926 operatur.
1284 4859 1364 4914 Tales
1389 4858 1474 4914 etiam
1500 4858 1638 4916 Ebionitte
1661 4858 1791 4927 haeretiei,

71 4918 76 4925 “
139 4923 942 4995 immundarumcomtum,neupeludaicarumpusiusede·
992 4932 1064 4983 teste
1076 4927 1140 4984 divo
1164 4926 1333 5001 Hieronymo
1349 4933 1391 4994 (ln
1412 4944 1435 4985 c.
1456 4945 1472 4985 v
1490 4931 1528 4985 ad
1550 4931 1624 4997 (iul.)
1641 4939 1793 4988 asseremus

140 4994 263 5062 sudabat
279 4998 305 5048 et
323 4995 503 5062 inquirebam
516 4996 597 5051 uerba
610 4996 770 5065 loquebatur
783 4999 940 5055 abaceauct
991 5013 1047 5054 una
1067 5014 1131 5055 cum
1152 4998 1289 5070 baptismo
1309 5000 1550 5058 circumcisionem
1571 5010 1600 5058 et
1618 5002 1709 5076 legem
1728 5016 1792 5060 cnm

141 5064 941 5138 impudicu3blasphemabatGbmsiumismritumsunctum
995 5071 1069 5126 Esau
1090 5070 1142 5127 elio
1158 5070 1329 5129 sumundum.
1352 5073 1497 5156 (Epipban.
1517 5077 1677 5149 iuPanar.,
1697 5075 1792 5132 dara.

140 5151 194 5191 nori
206 5135 352 5192 tolerandis
367 5136 505 5205 affluebat
525 5139 701 5194 contumeliis.
720 5142 757 5195 ut
770 5140 840 5195 bunc
860 5143 941 5197 talem
995 5146 1053 5209 to.)
1104 5157 1141 5198 on
1156 5141 1229 5198 male
1247 5151 1338 5199 autem
1354 5152 1466 5216 ponitur
1479 5146 1571 5201 carnis
1593 5146 1719 5203 concisio
1741 5158 1793 5219 pro

139 5208 247 5262 illisiiie
255 5206 557 5276 lapeludei‘sccundum
567 5209 855 5266 vocabuntitbrabom.
866 5213 940 5268 Hue·
993 5212 1211 5270 circumcisione.
1224 5216 1296 5271 Nam
1302 5223 1331 5272 et
1342 5216 1491 5288 Apostolus
1497 5216 1532 5274 ad
1544 5216 1734 5290 Philippenses
1741 5231 1792 5283 ns,

140 5291 228 5346 usque
241 5275 275 5332 de
292 5275 427 5333 monacho
444 5276 491 5333 illo
503 5294 518 5333 a
528 5278 656 5336 daemone
677 5279 759 5336 illuso
780 5287 808 5336 et
828 5280 864 5337 ad
886 5284 938 5339 Ju·
992 5298 1050 5339 non
1071 5284 1317 5355 circumcisionem,
1342 5286 1391 5345 sed
1408 5287 1596 5346 missionem
1613 5296 1703 5360 vocat,
1719 5288 1792 5344 velut

139 5346 277 5403 duismum
290 5346 418 5420 prolapso
434 5348 595 5407 Andocbus.
616 5348 939 5418 nicromantiam
993 5369 1040 5427 per
1051 5361 1255 5427 contemptum,
1268 5357 1364 5416 dicens
1379 5377 1385 5414 :
1400 5360 1502 5417 Videte
1522 5365 1700 5419 mecastoriam
1711 5380 1721 5416 a
1733 5360 1803 5416 non·

139 5417 208 5499 alius
221 5417 355 5501 exstiterit
375 5420 538 5490 monachus,
552 5437 617 5478 cum
636 5422 688 5479 boe
700 5423 937 5507 Mesopotamiae,
991 5426 1118 5509 dignatus
1137 5426 1376 5489 circumcisionem
1396 5432 1548 5505 appellare,
1573 5441 1605 5491 ut
1620 5430 1724 5491 noent
1745 5433 1789 5490 Ι).

139 5486 375 5634 ttttittblz
395 5490 938 5649 t.lt⁹{t⁸l¹,⁰u:ttiltit¹‘l.†ilttlt
990 5498 1221 5637 ”tulitin
1234 5573 1302 5631 diiii
1328 5582 1478 5648 „uuum
1496 5575 1795 5645 camisianum

139 5637 281 5714 counitus
294 5631 420 5715 eamdem
434 5649 492 5706 prm
507 5649 538 5692 se
549 5633 620 5719 terre
634 5633 763 5694 udentur
774 5633 935 5719 bistonum,
990 5639 1078 5725 simus
1093 5642 1180 5714 probi,
1196 5660 1244 5702 seu
1257 5590 1411 5718 proKubiles
1422 5648 1574 5721 mapesitae,
1588 5648 1647 5706 sive
1664 5662 1796 5705 nummu·

138 5702 937 5853 liltltltibtlultltlbtttttlililietu}
989 5710 1086 5842 ltili.
1100 5714 1731 5849 i.tl³.it¹¹t¹¹b.llt‘⁰ttlttlitt
1754 5716 1793 5776 ⁵⁶¹

1089 5827 1097 5853 ‚
1250 5830 1253 5837 .
1316 5830 1324 5845 .
1524 5829 1532 5845 .

140 5846 196 5904 sius
208 5845 392 5906 mantioclio
402 5846 578 5907 describitur.
590 5853 629 5907 At
641 5849 772 5909 ediimso
783 5860 936 5926 repugnant
989 5860 1025 5913 tt
1040 5859 1150 5915 :muta
1170 5863 1309 5931 umoumii
1326 5864 1481 5933 amedeus·
1493 5865 1588 5935 periti
1607 5864 1653 5949 nt
1671 5804 1796 5959 scibit&

182 818 220 872 De
230 815 310 885 lapsu
321 818 346 870 et
361 814 511 886 deceptione
524 813 647 870 monachi
657 814 872 886 Mesopoinmcni.
