3848 6158
92 184 142 238 dat
491 178 660 237 COLLATIO
678 183 711 238 V.
731 210 767 225 -
786 185 830 239 uit
850 184 940 242 OCTO
959 186 1215 246 Pbtbctratttttts
1234 192 1344 248 VlTllS.
1691 203 1743 257 aas

90 313 101 341 ⁸
115 306 311 381 gastrimargia
323 305 450 377 spiritum
462 320 635 379 nequaquam
649 316 887 380 pessumsedere
901 315 928 377 Α
943 313 980 369 eis
995 329 1057 370 sum
1066 315 1235 372 omnimodis
1247 315 1386 373 absolutus
1395 336 1404 383 ,-
1414 319 1612 391 gastrimargiae
1620 335 1684 377 reso
1695 326 1744 380 sti-

90 400 166 467 vitia,
178 399 305 466 resccmi,
318 399 358 454 vel
372 414 420 470 per
434 399 526 454 omnia
545 400 670 458 similiter
682 403 826 474 exstingui,
842 403 891 462 sed
942 408 1024 464 mulis
1038 408 1115 465 nulio
1129 409 1212 465 modo
1225 424 1319 468 carere
1330 412 1470 483 pravalui.
1484 417 1541 469 itec
1554 416 1625 470 enim
1644 431 1742 487 quam-

89 494 199 550 acuieos
212 492 270 563 eius
283 507 316 548 cc
328 490 485 583 superligros
497 493 634 565 appetitus
646 493 744 553 virtute
757 495 840 553 animi
853 513 890 555 re
942 496 982 552 sis
996 511 1056 552 enm
1071 498 1100 554 in
1116 513 1230 570 parrum
1240 498 1354 556 modum
1367 500 1578 575 vilissimamque
1592 503 1742 576 redegerim

89 587 167 645 tundi
182 596 289 645 tantum
303 595 385 659 atque
400 585 534 644 cobiberi.
942 591 1130 661 quantitatem,
1154 592 1209 649 vim
1233 593 1400 665 quotidianae
1424 596 1621 670 compulsionis
1644 599 1740 667 erade,

374 728 495 786 CAPUT
522 730 593 786 m
942 685 991 742 sed
1015 700 1125 745 necesse
1144 695 1186 745 est
1209 703 1253 744 ma
1275 689 1413 762 perpetuis
1432 689 1492 763 oJ'us
1514 694 1741 752 conventionibus

597 773 603 786 ‘
943 781 1093 854 perurgeri,
1117 789 1144 838 et
1164 782 1394 841 interminabilem
1416 784 1566 857 quamdam
1579 787 1741 845 solutionem

720 855 890 929 PM'080P'203
939 874 999 947 jugi
1015 874 1155 932 tunsione
1174 874 1339 949 dependere,
1360 885 1442 950 atque
1460 881 1473 911 ⁰
1492 878 1654 951 inexplebile
1673 881 1743 937 indi-

943 971 1078 1028 ctionibus
1090 973 1149 1044 ejus
1162 971 1262 1027 interra
1281 972 1403 1045 vectigal.
1427 976 1498 1030 Tum
1512 974 1551 1030 illi
1571 973 1647 1032 hunc
1660 990 1742 1048 quem

123 1061 196 1114 Nam
208 1058 289 1133 hujus
300 1058 358 1115 vitii
370 1062 517 1117 naturumb
529 1060 642 1134 quidam
655 1079 750 1122 senum
763 1083 825 1124 cum
836 1068 890 1141 pbi·
943 1065 1016 1121 velut
1026 1065 1139 1122 idiotam
1151 1080 1183 1121 ae
1196 1066 1332 1122 rusticum
1344 1074 1407 1122 ante
1416 1065 1605 1138 despexerant,
1620 1084 1743 1141 pronun·

87 1152 212 1226 losopbis
233 1155 385 1229 disputans,
399 1155 445 1228 qui
462 1171 526 1212 eum
547 1172 597 1229 pro
617 1159 790 1233 simplicitate
810 1162 885 1221 Chri·
943 1159 1078 1216 tiaserunt
1092 1158 1193 1231 primas
1206 1157 1388 1231 philosophias
1402 1168 1503 1230 partes,
1516 1160 1544 1216 id
1557 1169 1609 1229 est,
1624 1162 1741 1219 ethicam

84 1249 176 1304 stiana
189 1251 263 1306 reiut
276 1251 409 1308 rusticum
423 1250 564 1309 crederent
576 1252 757 1328 fatigandum,
772 1259 823 1315 sub
837 1259 890 1317 boc
941 1253 1108 1327 disciplinam
1126 1253 1247 1327 apprime
1261 1253 1517 1325 comprehendissm
1536 1256 1626 1311 mirati
1640 1257 1741 1315 edmo-

86 1342 269 1414 problematis
280 1344 399 1418 figurans
407 1345 498 1402 colore
509 1346 648 1421 eleganter
655 1352 804 1422 expressit:
816 1352 888 1408 Mal·
939 1349 1005 1407 dum
1017 1349 1135 1421 potuisse
1148 1364 1212 1404 eum
1226 1348 1387 1405 naturaliter
1398 1348 1515 1421 assequi,
1531 1348 1606 1421 quud
1620 1350 1693 1407 nulla
1714 1355 1738 1408 ei

85 1437 131 1502 tis,
153 1438 252 1509 inquit,
278 1440 463 1497 creditoribus
485 1450 561 1513 pater
583 1458 661 1500 meus
681 1460 726 1501 me
745 1445 887 1519 dereliquit
939 1443 1079 1501 secularis
1091 1443 1207 1500 eruditio
1218 1442 1387 1512 contulisset,
1402 1458 1467 1500 cum
1479 1442 1529 1516 ipsi
1539 1443 1641 1501 sudore
1651 1445 1740 1501 multo

86 1532 254 1602 obnoxium,·
275 1535 382 1591 ceteris
405 1533 440 1591 ad
461 1535 597 1609 integrum
617 1537 735 1608 solvens,
754 1539 886 1598 abomni
941 1538 1074 1610 longaque
1097 1536 1221 1594 doctrina
1239 1536 1279 1593 ita
1301 1536 1361 1594 baee
1389 1537 1523 1610 attingere
1545 1538 1738 1610 nequivissent.

86 1626 383 1684 conventioniseorum
398 1629 524 1687 molestia
539 1629 671 1690 liberatus
685 1648 758 1707 sum,
775 1637 825 1692 uni
840 1652 886 1694 sa-
940 1635 1007 1691 Haec
1034 1631 1186 1705 specialiter
1206 1632 1241 1689 de
1270 1633 1459 1706 gastrimargia
1486 1631 1587 1689 dixisse
1611 1632 1738 1691 sufficiat.

86 1718 210 1777 deiecere
228 1721 347 1794 quotidie
360 1722 492 1780 solvendo
506 1739 562 1780 non
575 1740 699 1798 possum.
714 1729 837 1803 Cumque
849 1729 886 1788 illi
901 1753 925 1814 B
940 1733 1020 1786 Nunc
1031 1726 1245 1786 revertamurad
1257 1726 1472 1800 disputationem
1482 1743 1565 1799 quarn
1575 1724 1609 1783 de
1622 1730 1739 1797 generali

87 1812 245 1887 ignorantes
262 1815 316 1871 um
337 1819 485 1890 proposita
498 1819 666 1890 questionis,
686 1820 886 1882 absolutionem
941 1827 1073 1883 vitiorum
1087 1824 1243 1898 cognitione
1262 1823 1345 1894 [lips.
1360 1825 1389 1878 in
1400 1838 1486 1890 marg.
1498 1821 1672 1893 cognatione]
1687 1837 1741 1879 em·

85 1907 145 1979 eius
158 1909 280 1979 macario
301 1910 485 1981 postularent:
503 1912 609 1980 Multis,
627 1913 675 1983 ait,
697 1914 768 1971 riuis
782 1915 819 1972 iui
833 1931 886 1973 na·
939 1936 1066 1995 paramus
1079 1935 1225 1993 exponere.

86 2002 168 2058 turali
181 2001 334 2060 conditione
349 2005 530 2075 constrictum
543 2005 591 2063 sed
602 2007 749 2080 inspirante
765 2009 886 2066 Domino
1224 2021 1346 2078 CAPUT
1359 2022 1454 2076 xxrt.

14 2120 20 2129 ι
86 2093 254 2152 desiderium
265 2096 407 2169 libertatis,
428 2100 534 2157 cunctis
556 2099 607 2157 iliis
620 2109 765 2176 tamquam
787 2104 886 2162 moles·
938 2123 993 2179 gu,
1003 2119 1292 2191 Agraqoepmgeme
1300 2119 1574 2185 mmmmm
1587 2130 1742 2185 emm.

88 2189 205 2245 tissimis
224 2190 416 2261 creditoribus,
441 2194 603 2252 renuntians
627 2194 690 2252 buis
715 2197 831 2268 mundo,
858 2207 886 2256 et
1186 2191 1237 2247 das
1250 2191 1378 2262 epopuio
1398 2190 1493 2244 leuel.
1520 2218 1523 2223 -

90 2296 205 2340 omnem
215 2282 392 2342 substantiam
406 2302 468 2359 que
476 2288 544 2367 mibi
558 2289 728 2348 successione
740 2294 824 2364 patris
837 2292 886 2351 ob-
973 2296 1042 2352 cum
1057 2294 1091 2351 ad
1106 2292 1245 2351 Abrabam
1259 2292 1397 2348 Dominus
1410 2288 1554 2348 defuturis
1570 2289 1738 2361 loqueretur,

89 2384 210 2446 venerat,
231 2393 247 2434 e
267 2393 311 2436 me
331 2380 429 2454 pariter
452 2381 593 2455 abjiciens,
612 2383 742 2455 satisfeci,
755 2395 836 2460 atque
850 2387 886 2446 ab
938 2389 1014 2463 quod
1028 2404 1076 2445 ros
1100 2388 1214 2446 minime
1242 2386 1403 2463 requisistis,
1418 2385 1496 2443 nond
1518 2392 1624 2458 septem
1646 2393 1740 2457 gentes

632 2518 759 2574 dtrsssbl
777 2520 889 2578 GAZAEl
907 2518 1186 2577 COMMENTARIUS.

122 2637 136 2669 ⁸
151 2638 194 2692 De
213 2637 419 2709 gastrimargiae,
444 2640 501 2696 sire
517 2641 588 2712 guter
606 2640 681 2706 sitio,
706 2642 818 2715 ejusque
832 2644 886 2701 im·
939 2650 1017 2711 reret3
1029 2659 1097 2700 ursus
1111 2649 1201 2698 autern
1211 2659 1228 2697 a
1239 2658 1281 2697 me
1292 2658 1345 2696 ιιοιι
1358 2642 1479 2697 discedit.
1493 2642 1539 2723 lili
1548 2656 1611 2709 erqo
1623 2641 1741 2722 ceadicta

86 2706 255 2779 portunitate
269 2717 296 2765 at
312 2710 437 2766 violentia
452 2727 508 2782 pree
521 2713 627 2769 uaeteris
641 2713 722 2780 vitiis,
741 2724 885 2771 consentu·
940 2719 1087 2786 quoiates
1102 2714 1135 2768 de
1146 2713 1354 2780 lenerutortbus,
1369 2715 1399 2766 ut
1409 2714 1447 2765 eis
1460 2713 1641 2778 calefaceret,
1652 2728 1740 2779 apuam

85 2792 136 2834 nee
147 2776 241 2834 scribit
253 2782 289 2835 Ι).
305 2781 454 2854 Gregorius
466 2781 495 2837 in
512 2784 524 2838 l
543 2786 611 2857 Reg„
627 2800 686 2856 cap.
701 2800 754 2842 xr:
775 2791 813 2843 lic
829 2802 887 2841 scr-
941 2787 1090 2855 rogabunt,
1105 2786 1155 2839 ubi
1164 2787 1252 2839 sunt?
1266 2784 1332 2851 Qreis
1344 2787 1384 2837 cst
1400 2784 1450 2852 qui
1462 2783 1514 2836 tili
1526 2781 1631 2835 exbibet
1643 2782 1741 2863 moles-

83 2855 173 2922 pente,
188 2849 287 2921 inquit,
298 2853 328 2906 in
340 2854 435 2909 senui
441 2854 541 2909 dicetur
553 2859 618 2925 quia
627 2857 751 2912 callidior
759 2862 818 2913 erat
827 2873 888 2913 eun-
942 2860 1033 2913 bom?
1048 2857 1162 2914 Ostende
1171 2856 1247 2911 nobb
1258 2871 1329 2917 eum,
1347 2858 1380 2909 ut
1391 2853 1443 2908 tibi
1454 2852 1576 2936 seramus
1590 2853 1739 2934 seruilium.

85 2923 343 2978 ctisanimontibus.
360 2925 442 2994 Cuius
489 2928 573 2994 electo
588 2931 717 2999 repentis
735 2930 886 2985 similitudo
944 2932 1015 2985 liam
1031 2931 1068 2984 eis
1084 2928 1167 2983 dicit:
1182 2927 1332 2983 Molestiam
1350 2924 1554 2980 mibieaiuburt
1573 2928 1700 2986 orarum,
1717 2929 1742 2978 et

87 2996 113 3048 si
122 2995 233 3049 inuiitis
245 2997 442 3066 quantaeque·
468 2999 886 3071 similiusquametolmttuch-
940 3001 1014 3071 qula,
1026 3004 1051 3055 ct
1064 3000 1219 3067 scenicam
1239 2999 1415 3069 nequeenim
1432 3011 1530 3050 aarum
1544 2994 1741 3078 habeamusque

87 3067 264 3134 strimorpie,
275 3066 305 3120 id
315 3071 365 3130 est,
378 3068 458 3137 quie,
470 3072 569 3123 motum
582 3072 750 3126 irecenimus?
758 3074 887 3127 ermuioe
901 3075 923 3138 C
941 3071 1048 3141 aliquid
1061 3070 1139 3124 uliud
1149 3069 1285 3140 possidear
1305 3083 1358 3122 non
1372 3069 1453 3122 etium
1465 3068 1546 3134 fruor
1558 3064 1661 3147 delente
1681 3080 1742 3134 quae

59 3187 70 3200 ,
85 3136 301 3207 ᾳιιίάιιιιιιιιιιιε,
314 3140 386 3205 marti
393 3142 500 3203 mmm,
509 3142 597 3210 turpis
606 3140 826 3211 luoriappetitus,
836 3146 887 3198 ire
942 3148 1007 3197 sunt
1020 3144 1139 3196 nutrices
1154 3140 1234 3209 buius
1246 3141 1342 3196 muti.
1356 3141 1482 3208 οιιοιίιιιι
1492 3136 1564 3192 nibil
1581 3137 1651 3190 mebi
1662 3137 1741 3191 eniri-

85 3210 511 3277 impetus,omoritudosoeeularis
522 3213 651 3275 tristitie,
663 3212 769 3266 desidio
779 3214 888 3277 acedia»,
944 3215 1003 3268 beni
1016 3214 1135 3283 amplius
1147 3213 1284 3267 molestia.
1298 3213 1324 3268 A
1338 3212 1403 3280 qula
1417 3213 1508 3264 autern
1519 3222 1688 3290 compassum
1701 3224 1743 3290 re·¹

86 3283 225 3349 appetitus
234 3295 311 3333 eane
323 3282 426 3349 glorie,
437 3285 526 3336 tumor
534 3283 665 3351 superbie
677 3288 767 3352 aperte
776 3284 890 3338 detcsta-
943 3285 1042 3339 eedere.
1055 3287 1116 3338 Junr
1128 3285 1199 3337 entim
1208 3285 1326 3350 quatuor
1335 3282 1427 3336 diebus
1438 3281 1508 3334 ra'bil
1515 3278 1625 3341 comede,
1638 3282 1662 3332 ct
1671 3280 1739 3333 melu

87 3351 890 3423 biluestrquleeuerocitiumtontoesttruuduleatiusqucnto
940 3357 1032 3425 pergit
1044 3359 1137 3409 uenter
1147 3352 1291 3407 molestiam
1306 3352 1574 3433 cubitumquereas
1588 3354 1741 3431 consuetum

85 3426 113 3476 et
126 3422 270 3477 occultius:
283 3425 890 3495 qur'aetquasineocsseriumsuqqcmtcibum
943 3426 1074 3488 debitum,
1094 3426 1217 3492 sineque
1231 3439 1284 3477 non
1299 3437 1408 3493 possam
1422 3437 1518 3475 eruere.
1537 3423 1609 3475 lunc
1630 3420 1741 3502 qualum

85 3495 195 3563 corpori
201 3511 210 3561 ς
225 3493 272 3548 sed
285 3494 351 3547 datm
365 3495 536 3550 abundanter
549 3510 654 3551 comen
666 3499 760 3567 refiert,
772 3497 890 3551 tumarice
941 3495 1232 3567 pbilosepbimspicuti
1242 3509 1302 3549 erem
1315 3498 1368 3548 este
1379 3492 1538 3574 mendicum,
1549 3491 1621 3546 dont
1630 3506 1743 3573 eanum·

86 3564 208 3631 gladium
218 3567 369 3620 inmunem
379 3568 486 3637 mergit.
495 3567 675 3637 Suadaiquod
683 3572 822 3639 peccatum
835 3583 889 3623 non
943 3584 1027 3623 mum.
1045 3570 1127 3637 Quem
1144 3569 1280 3637 occeptum
1290 3566 1381 3636 posuit
1395 3565 1425 3617 in
1438 3564 1550 3633 ommno
1563 3577 1691 3646 pormmm
1704 3567 1742 3646 et,¹

88 3638 146 3699 ectr
159 3634 204 3689 sed
221 3637 292 3690 unde
305 3640 426 3692 comestio
443 3641 584 3707 quotiaco
594 3644 735 3721 peccatum
746 3641 887 3711 recipitur,
943 3643 1049 3710 accepto
1066 3654 1146 3709 pane,
1168 3639 1284 3692 recessit.
1307 3639 1380 3692 llam
1397 3639 1576 3718 cognorerunt
1588 3633 1741 3719 pbrioscpln

87 3705 154 3760 inde
201 3712 273 3761 ceute
292 3708 410 3763 lucarie
427 3711 520 3764 animo
539 3711 718 3781 subpupotur:
734 3711 806 3766 urtdc
819 3716 845 3766 et
859 3713 888 3766 in
943 3707 1643 3784 eumcarctranscuirtutcpreditum,eterrmpcstorr
1651 3705 1741 3788 dedra·

83 3792 157 3848 paru
176 3780 215 3832 rso
232 3780 415 3835 admulierem
428 3782 497 3849 paulu
510 3783 889 3853 uitudedptendamsepens
942 3786 1000 3838 sent
1029 3783 1127 3837 retium
1138 3783 1230 3851 mauis
1245 3783 1405 3850 acceperam
1414 3792 1564 3859 nummum.
1579 3775 1723 3856 Hecube..

83 3851 511 3921 centuccstmdttur‚qutatiud
519 3857 684 3921 suppeteret,
699 3854 778 3907 aliud
791 3854 889 3909 obtine
979 3798 1097 3920 ⁸idest,
1133 3848 1424 3933 cotidianum'solvere
1437 3847 1576 3930 debitum,
1595 3844 1741 3926 sendebe-

84 3921 272 3975 retrutdum
286 3922 447 3976 comedenda
458 3922 800 3990 ostenderet,impeouisnm
812 3939 890 3977 mor·
943 3932 999 3979 tam
1019 3924 1093 3996 impe
1147 3938 1177 3977 re
1200 3922 1371 3977 alimoniam.
1393 3920 1458 3974 Fuit
1475 3931 1550 3971 enim
1564 3917 1688 3979 indictio,
1703 3923 1740 3968 art

85 3995 140 4046 tem
150 3994 320 4062 propitiaret.
332 3993 445 4060 serpen
458 4005 519 4059 erqo
528 3991 579 4043 iste
591 3991 660 4057 quloe
670 3990 794 4058 designat
803 3994 891 4047 ou'di·
944 3994 1097 4061 Ciaconius,
1118 3991 1307 4064 pensitationis
1328 3998 1377 4047 aut
1387 3988 1481 4045 tributi
1494 3984 1677 4068 genusquod
1692 3999 1741 4055 pa-

85 4067 179 4125 mem,
187 4066 254 4132 quia
263 4067 288 4115 et
296 4059 502 4130 respecmjustae
515 4061 768 4129 necessdmisrcpit,
782 4064 891 4117 atrimae
944 4063 1085 4119 trimoniis
1104 4070 1151 4117 aut
1165 4062 1287 4133 perseius
1307 4060 1489 4123 indicebatur,
1501 4064 1533 4113 ut
1547 4056 1742 4112 scribitisco-

48 4150 58 4165 ¹
84 4135 178 4204 iminica
199 4133 383 4187 delectationis
396 4131 514 4199 sporqit.
535 4131 603 4186 llaee
628 4127 664 4184 ibi
680 4129 838 4201 Gregorius.
860 4134 893 4188 Et
944 4135 1008 4188 nius
1017 4132 1169 4195 Pedianus,
1184 4138 1213 4186 et
1224 4132 1324 4186 Paulus
1336 4132 1367 4186 in
1380 4129 1399 4184 l.
1416 4131 1520 4210 Quaem.
1537 4124 1687 4211 DeUsulr.
1702 4126 1741 4182 le-

86 4204 135 4259 lib.
156 4218 222 4258 xxx
236 4200 334 4255 bloral.
349 4216 411 4272 cap.
427 4204 461 4254 tt
475 4219 483 4254 :
498 4201 640 4257 Sciendum
654 4205 693 4256 est
707 4203 774 4272 quia
792 4203 831 4256 sic
844 4218 892 4257 oo·
946 4212 1004 4271 gat.
1019 4207 1057 4258 At
1069 4201 1114 4257 hic
1132 4217 1181 4272 pro
1200 4201 1341 4257 exactione
1354 4206 1505 4280 generatam
1516 4206 1606 4269 potrus
1624 4197 1740 4281 ridetur.

84 4276 181 4344 lupius
198 4271 289 4342 (gulae)
303 4273 353 4326 sub
371 4273 524 4328 necessitate
537 4288 564 4328 se
578 4271 688 4343 palliat,
708 4277 740 4327 ut
756 4274 806 4327 ein
821 4275 892 4328 enim
946 4275 1044 4346 Agitur
1055 4271 1128 4328 enim
1140 4271 1185 4328 hic
1199 4271 1233 4328 de
1242 4270 1343 4326 renuis
1356 4271 1574 4342 importunitate,
1585 4285 1641 4352 qua
1654 4277 1743 4351 quoti-

80 4346 225 4417 perfectns
237 4345 359 4413 quisquis
372 4343 517 4399 discernat.
528 4346 597 4402 Nom
612 4344 678 4399 dum
688 4345 757 4400 solui
771 4344 892 4399 debitum
946 4345 1058 4401 diacum
1072 4342 1165 4400 cibum
1175 4342 1266 4415 exigit,
1300 4341 1356 4397 uasi
1406 4340 1743 4413 rpetuumetruexplebrle

75 4416 232 4470 incesseres
239 4416 316 4483 petit,
329 4415 451 4486 uoluptas
460 4416 565 4486 capiere
573 4416 738 4471 desiderium
748 4419 885 4486 supputate
946 4417 1016 4472 vecti
1036 4416 1060 4472 al
1070 4414 1122 4471 sibi
1133 4413 1265 4471 debitum.
1276 4358 1348 4471 gine
1380 4412 1437 4469 'rus
1447 4412 1598 4485 Gregorius
1606 4413 1667 4478 (lib.
1678 4427 1740 4469 xxx

83 4491 112 4542 et
126 4490 202 4540 tanto
215 4486 279 4553 qula
293 4489 409 4542 secunus
420 4489 516 4558 strpere
562 4490 653 4549 seuit,
664 4491 765 4557 quanto
776 4488 826 4542 saci
836 4455 924 4543 bo·D
943 4431 1040 4544 Mucii.
1054 4503 1076 4542 c.
1092 4485 1582 4570 tb)adillaaerbalobacxx1x,cap.
1596 4484 1742 4540 Clamorem

84 4561 163 4612 nesio
177 4559 282 4611 nemine
293 4561 420 4613 recessim
434 4503 572 4629 capiam
582 4574 609 4614 se
618 4561 740 4627 contegit.
941 4562 1073 4615 enumeris
1086 4574 1140 4615 nort
1152 4558 1248 4614 cudit:
1258 4559 1398 4623 Nonnulli,
1413 4565 1512 4629 rnqutt,
1524 4556 1570 4611 hoc
1580 4557 1690 4628 iamper
1699 4572 1742 4610 ee-

94 851 133 905 lle
147 851 350 920 perseuerantia
363 851 562 919 gastrimargis
580 851 709 911 ualuersus

414 921 569 993 disputata.

123 4629 136 4662 ¹¹
159 4627 286 4683 Similem
309 4627 452 4684 historiam
477 4627 632 4753 Serapionis
655 4628 816 4695 Sindonitar,
840 4638 888 4687 aut
941 4635 1057 4687 actorem
1070 4628 1741 4700 intelliqieentremoolunt.lpsenamqrceuuobis

86 4707 162 4754 certe
185 4700 320 4767 eamdem,
349 4699 397 4755 sed
424 4699 504 4781 paulo
527 4699 605 4754 aiter
631 4706 725 4755 narrat
751 4700 888 4758 Palladius
941 4704 1077 4773 quoddam
1089 4703 1208 4757 debitum
1223 4704 1322 4771 eaipit,
1343 4704 1408 4771 quio
1419 4699 1607 4769 quotidianum
1622 4698 1740 4776 sumaim

88 4770 221 4826 Lausiaoa
235 4775 281 4836 8³,
299 4769 340 4826 iris
358 4768 448 4826 verbis
461 4789 467 4824 :
481 4773 517 4837 ls,
537 4769 626 4841 inquit
644 4771 806 4840 (Serapion),
829 4773 887 4839 Ire·
941 4775 996 4828 sibi
1004 4771 1432 4840 humanitatatisimpendietiam
1442 4771 1624 4845 naumurum
1634 4770 1742 4831 quaeat.

86 4842 232 4912 errantibus
251 4842 517 4912 peregrinationibus
527 4843 650 4912 punenii
661 4843 691 4895 in
704 4843 843 4907 muciam,
864 4848 889 4899 et
942 4846 1112 4901 Abstinenies
1121 4845 1212 4912 igitur
1219 4844 1274 4895 aare
1282 4842 1342 4908 (qui
1349 4840 1397 4892 boc
1405 4838 1461 4891 loco
1472 4848 1568 4918 mugra
1578 4833 1704 4915 cimabula
1715 4837 1742 4902 fi-

87 4929 148 4966 eum
159 4914 245 4967 tribus
257 4914 349 4967 diebus
361 4918 482 4967 moratus
494 4917 560 4967 essct
570 4912 695 4996 clibanis,
705 4928 757 4966 non
770 4914 827 4997 luit
840 4915 891 4983 qui
943 4913 1088 4996 parentari
1107 4913 1172 4994 dum
1195 4912 1313 4991 adolente
1337 4909 1408 4976 pulte
1430 4905 1565 4961 desideria
1580 4909 1740 4974 reprimunt,

87 4985 890 5125 tittttittii,tttttiitttttttittiii
943 4978 1741 5124 ‘ititltlitiidttdtidtitttibetia,

88 5126 251 5195 adjutricem
263 5127 343 5181 babet
355 5129 428 5180 irrcm
448 5127 571 5180 utitctem
582 5144 590 5179 :
601 5130 627 5180 et
635 5129 892 5196 stansmpertumu·
943 5126 1112 5185 Plreresaeos.
1124 5121 1272 5196 ltapbaim,
1287 5121 1473 5205 Amombaeos,
1485 5120 1663 5202 chananaeos,
1679 5120 1743 5175 Ger·

88 5198 146 5251 lum
161 5199 289 5264 civitatis,
302 5200 332 5252 in
342 5213 393 5268 quo
406 5198 697 5267 conpreqctaaturqui
707 5198 856 5252 aemerici
866 5202 892 5253 ct
943 5211 1048 5270 gcsaeos
1064 5203 1093 5251 et
1104 5195 1255 5252 lebusaeos.
1280 5196 1322 5248 Ex
1333 5193 1374 5276 bra
1391 5195 1486 5276 decem
1506 5191 1633 5264 gentibus
1650 5198 1678 5247 et
1691 5206 1741 5260 po-

88 5268 190 5339 abjecti
201 5270 230 5323 in
251 5271 370 5332 cinitote,
391 5271 470 5339 cepit
487 5269 652 5325 uehementer
670 5272 696 5323 et
709 5283 768 5322 curn
778 5270 891 5339 planetu
944 5269 1023 5344 pulis,
1043 5282 1161 5341 quorem
1179 5275 1265 5350 terras
1282 5273 1410 5349 promisit
1423 5267 1498 5320 Deus
1511 5277 1541 5317 ee
1557 5261 1684 5318 daturum
1699 5278 1741 5317 se·

88 5341 247 5405 lamentari,
263 5346 288 5394 et
301 5341 433 5395 clamore:
450 5341 513 5396 Viri
525 5340 710 5406 Athenienses,
723 5341 794 5408 serie
804 5355 889 5410 epam
943 5340 1011 5396 mini
1033 5339 1163 5401 Abrabae,
1179 5353 1289 5394 nonnisi
1302 5343 1407 5408 septem
1427 5342 1617 5391 memorantur
1630 5342 1657 5391 et
1676 5350 1742 5417 pro-

89 5411 136 5466 Ad
147 5426 225 5480 quem
237 5417 400 5467 assumentes
414 5425 503 5467 omues
517 5413 565 5482 qui
575 5412 692 5482 pallium
705 5412 848 5481 gestabunt
866 5416 892 5467 et
943 5411 1091 5468 mittuntur
1100 5410 1202 5467 ludaeis
1215 5409 1301 5465 Exodi
1312 5423 1351 5465 ιιι
1360 5414 1387 5463 et
1396 5411 1509 5489 Denter.
1524 5407 1741 5488 v11.Tresemm

87 5481 202 5552 pateam,
217 5482 310 5537 diceent
323 5485 367 5537 ei:
384 5483 455 5551 Quid
471 5483 573 5538 habu?
585 5483 767 5546 andanems,
782 5487 807 5538 et
821 5483 890 5555 quid
940 5483 1053 5565 reliquae
1067 5482 1128 5538 aliis
1141 5487 1281 5537 cesserunt
1291 5479 1319 5534 in
1331 5478 1529 5535 hereditatem.
1543 5479 1614 5532 Nam
1624 5492 1677 5531 una
1692 5475 1743 5558 ierit

87 5555 216 5621 mres?
230 5557 256 5608 ls
266 5569 329 5608 uero
342 5555 483 5624 dicitipsis
493 5573 499 5608 :
511 5556 610 5612 Gerae
622 5554 732 5626 quidem
742 5570 801 5609 sum
811 5559 889 5624 AEpp·
941 5562 1031 5625 portio
1043 5555 1128 5623 Esau,
1142 5552 1189 5625 qui
1203 5550 1254 5608 luit
1263 5563 1348 5632 nepos
1363 5548 1494 5632 Abrabae,
1511 5561 1526 5601 a
1540 5562 1595 5618 quo
1610 5547 1740 5613 Idumam,

85 5624 223 5694 ptiusree
233 5641 286 5694 queo
294 5629 385 5680 cutem
393 5626 580 5680 msumorero
589 5641 649 5680 meo
655 5629 759 5697 patria,
768 5627 852 5680 iacieii
862 5628 891 5680 in
944 5633 972 5680 et
990 5624 1052 5680 duae
1067 5624 1177 5696 reiquae
1199 5628 1337 5702 portiones
1354 5619 1474 5676 liborum
1493 5619 1584 5700 Arnon
1604 5625 1630 5672 et
1643 5618 1742 5699 litenis,

88 5700 145 5750 tres
154 5697 329 5763 senerrctores.
342 5699 378 5752 Et
386 5697 440 5751 duo
452 5698 561 5767 quidem
571 5713 588 5751 a
600 5713 643 5752 me
653 5701 829 5760 recesserunt,
840 5714 890 5752 ce·
944 5695 992 5769 qui
1006 5694 1084 5751 inere
1096 5695 1144 5750 lllii
1157 5692 1229 5750 Loth
1245 5701 1353 5774 nepotis
1365 5690 1492 5756 Abrabae,
1504 5691 1602 5772 quibus
1614 5696 1697 5743 etiam
1707 5704 1743 5772 ,ιιι

87 5767 177 5822 soluto
186 5770 224 5821 eis
236 5768 334 5833 debito,
343 5783 404 5823 cum
414 5782 468 5823 non
480 5769 610 5824 bobuent
620 5768 653 5824 de
662 5784 715 5840 quo
724 5785 766 5824 me
777 5783 889 5823 accerse·
944 5767 1060 5841 gretiam
1073 5763 1191 5823 Abrabae
1202 5764 1271 5822 duas
1289 5763 1350 5819 illas
1362 5770 1457 5835 gentes
1471 5760 1592 5817 tradidit
1603 5761 1756 5815 beessus
