3848 6158
131 282 182 338 555
689 266 815 323 clusis
832 261 1246 321 CASSthl·COLLthONES.
1734 262 1793 314 556

128 404 284 478 frugalitate
295 400 400 471 linitur,
412 407 443 456 nt
456 395 595 455 interdum
609 410 638 473 se
653 400 715 466 post
726 405 868 464 vesperam
881 404 931 447 nce
942 391 969 456 Α
1277 385 1396 442 claun
1413 384 1503 439 XXV.

130 498 230 557 sentiat
245 503 291 554 aut
304 492 461 552 meminerit
474 489 614 547 refecisse.
756 501 758 505 ·
986 485 1162 552 liiterropolio
1182 480 1313 553 quomodo
1320 475 1656 606 δὲιῖιυιὲὧῗηρενωάεπηᾳαε
1664 490 1796 573 merismu

415 616 536 675 CAPUT
554 613 660 672 XXIV·
797 635 800 639 Δ
1023 624 1357 716 GermanustQuomodo
1368 642 1454 715 igitur
1466 640 1509 696 hic
1522 639 1645 697 medusa
1659 640 1797 699 noblsln·

133 745 170 800 De
185 740 274 797 labile
284 735 399 808 oelwlss
415 735 580 803 restalini&
592 735 617 788 ⁰²
629 730 662 788 de
676 732 776 800 stallis
790 729 933 801 Beniamin
987 741 1096 814 dirupto
1113 740 1213 798 valebit
1234 739 1391 798 custodiri?
1410 741 1481 796 Nam
1495 751 1707 810 nonnumquam
1722 736 1798 795 hora

462 806 605 861 emm·
988 852 1072 907 nona,
1084 837 1097 872 ⁵
1109 833 1267 908 solntajam
1287 833 1403 891 statione
1415 830 1523 906 jejunii,
1539 829 1795 903 supervenientibus

168 945 205 1000 Et
223 942 253 997 in
267 945 377 997 tantum
398 935 451 993 hoo
471 949 529 992 non
544 933 602 991 sine
623 931 714 990 labore
732 930 882 1004 perlicitur,
904 937 935 987 ut
988 928 1129 999 fratribus,
1150 943 1260 987 necesse
1275 935 1427 999 esseorum
1441 926 1566 994 obtentu,
1583 925 1795 999 autadjiciiili-

133 1035 229 1093 malint
250 1033 279 1093 lii
304 1031 352 1107 qui
375 1028 572 1104 perfectionem
599 1025 773 1084 discretionis
799 1024 934 1099 ignorant,
988 1021 1054 1094 quid
1076 1021 1112 1079 ad
1134 1029 1268 1079 statutam
1289 1020 1452 1092 solitamque
1473 1033 1643 1089 mensurum,
1658 1027 1710 1076 aut
1731 1034 1802 1077 cer·

132 1132 216 1189 etiam
227 1128 313 1187 biduo
322 1122 576 1200 protelarejejunia,
588 1121 667 1195 idque
680 1119 755 1195 quod
768 1118 849 1177 hodio
860 1133 936 1176 sum·
988 1124 1016 1173 te
1028 1119 1040 1150 ⁰
1052 1115 1262 1187 humanitatem,
1277 1130 1359 1188 quam
1368 1113 1500 1188 jubemur
1512 1113 1640 1170 omnibus
1652 1113 1803 1185 exhibere,

133 1224 205 1299 pluri
228 1221 335 1279 lucrant
353 1218 544 1276 incrastinum
565 1229 714 1284 reservare,
734 1211 886 1272 dummodo
901 1210 936 1269 ad
989 1210 1096 1284 penitus
1107 1209 1240 1268 abdicari.

132 1319 312 1379 relectionem
326 1316 515 1389 pervenientes
528 1311 679 1370 desiderata
694 1310 818 1367 satietate
827 1308 936 1381 poliam
1267 1302 1388 1360 CAPUT
1406 1303 1513 1360 XXVI.

133 1424 188 1473 tur.
201 1411 280 1485 Quod
293 1426 380 1485 nuper
393 1413 405 1443 ⁸
418 1407 562 1481 benjamin
578 1405 665 1462 civem
681 1411 800 1460 restrum
815 1401 937 1474 perlina-
1048 1399 1193 1469 Responsio
1205 1396 1239 1453 de
1251 1414 1305 1453 nori
1318 1396 1467 1454 excedendo
1479 1396 1633 1463 rotationis
1641 1395 1733 1454 mmo.

133 1496 199 1567 citer
211 1505 333 1563 tenuisse
346 1501 520 1576 cognoscitis,
539 1500 586 1573 qui
599 1515 634 1555 ne
644 1496 767 1571 quotidie
781 1494 936 1568 paximacia
1024 1493 1156 1564 hloyses:
1178 1492 1302 1563 Utraque
1322 1505 1378 1547 uno
1393 1488 1477 1546 modo
1492 1503 1524 1544 ac
1538 1487 1722 1546 sollicitudine
1736 1490 1801 1562 pari

133 1596 189 1655 duo
203 1593 352 1669 percipiens
363 1590 462 1663 aequali
477 1589 653 1664 castigatione
671 1585 829 1644 continuam
846 1584 936 1657 parci·
990 1586 1116 1642 convenit
1136 1585 1286 1643 observari.
1311 1587 1381 1642 llam
1403 1592 1432 1640 et
1452 1597 1612 1641 mensuram
1635 1583 1692 1641 cibi
1710 1598 1798 1642 causa

133 1699 219 1749 tatem
227 1688 330 1764 jugiter
340 1694 500 1755 retentaret,
511 1684 610 1741 maluit
618 1680 737 1741 biduana
744 1679 849 1754 jejunia
864 1694 936 1736 sem·
990 1679 1165 1738 continentiae
1183 1696 1215 1737 ao
1229 1679 1354 1753 puritatis
1367 1694 1432 1736 cum
1450 1679 1526 1737 omni
1539 1679 1669 1751 scrupulo
1694 1687 1798 1738 cristo-

135 1800 184 1859 per
201 1783 371 1852 continuare,
393 1778 548 1838 dummodo
571 1776 608 1836 ad
628 1774 806 1833 relectionem
828 1773 937 1830 veniens
951 1759 975 1822 B
991 1771 1050 1828 dire
1061 1771 1201 1843 debemus,
1217 1760 1265 1829 etd
1289 1772 1484 1829 humanitatem
1506 1779 1586 1844 atque
1600 1770 1796 1839 adorationem

135 1877 272 1953 duplicata
286 1890 416 1934 mensura
426 1873 547 1946 repleret
560 1869 664 1928 ventris
674 1868 832 1942 inglusiem,
844 1865 871 1924 id
885 1874 937 1935 est,
989 1865 1196 1925 advenientibus
1217 1864 1360 1937 iratribus:
1369 1865 1512 1923 charitatis
1528 1865 1636 1923 obtentu
1658 1865 1801 1924 similiter

135 1981 254 2047 quatuor
279 1968 432 2042 paximacia
449 1965 596 2024 comedens
620 1962 772 2020 desiderata
787 1961 938 2018 'saturitate
990 1959 1132 2029 exhibere3
1151 1961 1214 2033 quia
1227 1960 1292 2017 satis
1310 1959 1460 2017 absurdum
1474 1966 1526 2030 est,
1542 1966 1572 2016 ut
1591 1957 1680 2026 iratri,
1697 1959 1802 2016 immo-

135 2063 277 2139 ganderet,
291 2069 320 2118 et
335 2057 517 2132 expletionem
530 2053 632 2113 ventris
643 2054 687 2111 sui
700 2052 819 2111 biduano
830 2053 937 2127 jejunio
990 2053 1098 2111 Christo
1113 2069 1236 2112 mensam
1246 2052 1375 2119 offerens,
1387 2068 1443 2110 non
1457 2068 1521 2110 cnm
1533 2067 1567 2111 eo
1581 2052 1672 2111 dbum
1687 2053 1804 2127 pariter

135 2153 340 2229 quodammodo
351 2158 532 2223 compararet.
546 2148 597 2221 Qui
612 2148 793 2206 obstinatione
809 2155 837 2204 ct
850 2149 937 2220 perti·
989 2164 1094 2219 sumas,
1109 2158 1157 2207 aut
1168 2149 1202 2207 ab
1216 2149 1275 2223 ejus
1284 2149 1432 2207 relectione
1444 2157 1471 2206 te
1486 2147 1573 2207 iacias
1584 2148 1719 2206 alienum.
1735 2152 1799 2207 lta·

135 2246 393 2306 naciamentissuie
405 2241 614 2302 delinitionibus
626 2240 715 2313 potius
724 2241 842 2314 propriis
854 2256 936 2314 quam
989 2259 1043 2316 que
1064 2243 1093 2300 in
1111 2251 1209 2301 neutra
1229 2251 1305 2317 parte
1318 2242 1544 2316 reprehensibiles
1567 2242 1752 2312 inveniemur,
1772 2250 1802 2308 s}

135 2343 276 2402 seniomm
290 2337 483 2399 traditionibus
495 2337 682 2411 acquiescens,
696 2335 768 2409 quali
784 2335 839 2399 line
854 2351 936 2394 suum
989 2336 1049 2394 haec
1069 2351 1084 2392 a
1109 2336 1188 2394 nobis
1207 2337 1375 2395 consuetudo
1388 2344 1521 2407 teneatur,
1536 2346 1568 2394 ut
1588 2336 1657 2394 hora
1670 2352 1746 2395 nona
1760 2335 1798 2394 de

135 2436 307 2510 propositum
327 2432 491 2500 terminarit,
506 2428 684 2504 proculdubio
697 2428 874 2487 meministis.
892 2430 936 2488 Si·
989 2430 1096 2488 duobus
1119 2430 1286 2503 paximaciis,
1312 2445 1374 2502 quae
1397 2430 1477 2487 nobis
1501 2430 1635 2487 canonica
1664 2445 1799 2489 menstra

138 2530 247 2603 quidem
269 2529 361 2587 relicta
385 2541 489 2595 eremo,
513 2540 608 2583 mrsus
627 2524 661 2582 ad
682 2524 792 2582 inanem
813 2524 936 2597 philoso-
984 2524 1046 2597 jure
1061 2524 1204 2594 debentur,
1223 2539 1279 2581 uno
1303 2524 1455 2598 paximacio
1469 2524 1622 2598 prelibato,
1643 2524 1723 2585 alind
1739 2523 1799 2584 hu-

137 2624 228 2699 phiam
242 2622 339 2681 mundi
361 2622 443 2695 hujus
459 2635 491 2678 ao
504 2619 652 2676 vanitatem
671 2618 762 2676 saculi
782 2616 936 2687 devolutus,
987 2617 1034 2690 jus
1051 2616 1259 2690 exspectationis
1279 2618 1365 2692 gratia
1384 2617 1572 2692 ineresperam
1596 2633 1796 2679 retenemus:

133 2719 292 2792 praedictam
316 2716 481 2776 sententiam
504 2713 644 2773 seniorum
674 2712 716 2770 sui
741 2726 822 2770 casus
848 2710 937 2785 signet
989 2712 1067 2784 quod
1081 2713 1105 2770 si
1127 2713 1314 2785 supervenerit
1327 2713 1467 2786 quispiam
1490 2711 1620 2784 fratrum,
1644 2729 1714 2772 cnm
1734 2714 1801 2789 ipso

132 2813 270 2886 exemplo,
294 2811 428 2884 ruinaque
451 2823 500 2866 sua
524 2815 638 2866 cunctos
664 2804 772 2874 doceat,
796 2805 936 2865 neminem
989 2805 1088 2879 pariter
1113 2805 1297 2874 insumamus,
1319 2805 1384 2863 nihil
1399 2807 1593 2865 consuetudini
1617 2807 1711 2867 sotira
1731 2824 1801 2867 am·

133 2908 189 2965 suis
209 2904 413 2964 delinitionibus
434 2903 475 2960 iel
489 2901 600 2974 proprio
616 2899 721 2973 judicio
739 2898 935 2968 confidentem,
989 2897 1060 2971 plius
1079 2896 1267 2972 adjungentes,
1289 2908 1316 2956 et
1331 2899 1383 2957 hac
1398 2899 1600 2973 dispensatione
1619 2917 1798 2976 nequaqnam

134 2997 306 3071 perfectionis
335 2997 444 3054 culmen
464 2991 614 3066 aliquando
639 3006 720 3063 possa
742 2991 935 3063 conscendere,
990 2989 1083 3047 iratris
1107 3006 1157 3048 nos
1177 2992 1348 3050 contristabit
1370 2993 1515 3065 adventus,
1536 2995 1584 3068 qui
1605 2994 1687 3055 nobis
1711 2995 1802 3056 debet

133 3090 182 3148 sed
202 3105 252 3148 neo
275 3088 377 3146 diaboli
397 3086 507 3161 quidem
527 3083 692 3158 perniciosas
715 3084 853 3142 illusiones
870 3100 936 3143 era·
990 3098 1049 3142 essa
1064 3084 1245 3158 gratissimus.
1266 3085 1406 3159 Siquidem
1423 3088 1459 3144 ita
1480 3089 1659 3148 humanitatis
1677 3089 1798 3150 exhibe·

134 3181 209 3239 dete·
990 3194 1053 3237 mus
1071 3179 1209 3253 obsequia,
1224 3190 1254 3238 ut
1268 3182 1334 3238 nihil
1355 3182 1476 3256 arigore
1491 3184 1668 3244 confinentiae
1687 3185 1802 3245 relaxe-

684 3330 812 3387 attunt
831 3330 943 3387 ulzml
962 3330 1240 3389 COMMENTARIUS.

168 3475 253 3560 ⁸Quis
262 3476 314 3532 iste
324 3474 468 3548 benjamin
474 3473 565 3538 luerit,
575 3474 715 3532 curiosum
726 3475 932 3547 etsuperlluum
949 3481 972 3544 c
1022 3485 1032 3512 ⁸
1047 3473 1078 3532 ld
1091 3483 1143 3541 est,
1156 3475 1333 3533 humanitatis
1345 3484 1372 3533 et
1385 3475 1574 3549 hospitalitatis
1587 3475 1687 3534 officia.
1703 3479 1801 3539 Vides

133 3556 174 3604 est
197 3547 334 3620 indagare.
360 3547 421 3603 Fuit
441 3545 551 3618 quidem
571 3545 712 3602 Ben‘amin
735 3545 818 3601 abbas
832 3545 933 3617 hydro·
986 3545 1196 3618 hospitalitatem
1219 3547 1314 3619 priscis
1327 3547 1409 3605 etiam
1429 3547 1570 3607 monachis
1586 3547 1734 3619 usitatam3
1757 3552 1796 3611 de

134 3619 219 3690 picus,
232 3627 261 3675 et
289 3615 539 3683 atientlssimus,de
549 3630 604 3689 quo
617 3563 753 3674 (lalladius
764 3615 874 3673 Lousia.
887 3620 931 3685 ta,
986 3631 1038 3689 qua
1058 3616 1154 3698 itidem
1174 3619 1318 3676 Cassianus
1332 3618 1381 3701 lib.
1398 3635 1414 3674 r
1433 3619 1555 3676 institut.
1574 3633 1633 3702 cap.
1650 3626 1687 3703 lt
1702 3631 1732 3679 et
1744 3639 1796 3681 se-

132 3699 159 3746 ct
173 3634 353 3748 samiolum
367 3689 472 3746 Hister.
490 3687 597 3760 Tripar.
611 3686 657 3744 iili.
680 3701 739 3744 viii
754 3687 843 3758 capite
859 3693 885 3752 l,
905 3695 933 3745 at
986 3687 1141 3770 quentibus.
1155 3691 1190 3745 Et
1203 3689 1259 3745 div.
1275 3688 1439 3773 Benedictus
1451 3706 1511 3773 cap.
1525 3696 1572 3761 aa,
1582 3690 1629 3746 ulii
1642 3700 1728 3749 etiam
1740 3693 1794 3753 hu·

133 3762 212 3835 longe
232 3759 268 3818 ab
283 3759 337 3817 hoo
350 3758 485 3826 diversus,
497 3765 524 3814 et
537 3757 593 3815 vlla
607 3773 639 3814 ac
653 3756 707 3815 line
720 3757 867 3814 dissimilis.
885 3758 933 3816 Ci·
987 3766 1149 3815 manitatem
1162 3767 1241 3816 vocat
1256 3778 1262 3814 ε
1278 3761 1379 3825 Omitte
1393 3770 1493 3834 inquit,
1505 3765 1543 3818 eis
1558 3763 1718 3819 5555555555
1734 3766 1792 3823 liri·

132 3848 195 3890 rem
206 3839 298 3889 autem
313 3830 358 3888 hio
371 3830 462 3889 vocari
476 3829 615 3896 existimo,
637 3829 678 3886 iel
692 3845 723 3886 ei
743 3827 840 3885 eadem
855 3829 933 3913 urbe,
986 3832 1113 3914 mumius
1129 3833 1166 3887 ll.
1181 3830 1282 3888 iileron
1302 3846 1363 3916 mus
1372 3832 1401 3887 in
1415 3833 1538 3918 apologia
1549 3842 1646 3918 contra
1657 3834 1792 3918 liulinum

131 3919 180 4032 {ei}
202 3901 331 3987 oppidulo
345 3900 563 4031 Beltbssoemltlco,
587 3898 629 4001 vel
655 3914 689 3957 ex
714 3900 810 3958 cadim
824 3914 934 3974 regione
987 3901 1046 4029 Lisitb
1044 3916 1106 4029 021:st
1106 3906 1229 4030 eegipmligd
1237 3847 1319 4030 7150585ἷῖ
1311 3919 1387 4032 &vilitem
1369 3908 1529 4031 wagio
1509 3905 1797 4046 mgr&

154 3984 514 4119 ibezufflroifllnoiijejhnio'
529 4049 558 4100 ut
570 4039 629 4099 liorl
643 4038 747 4099 solebat
766 4041 833 4100 hora
848 4058 932 4113 nona,
987 3989 1158 4128 susmpimig.
1174 4047 1378 4103 Veromo-renim
1388 4061 1421 4102 rie
1430 4049 1521 4104 Maria
1533 4049 1697 4118 moaloseph
1706 4051 1790 4107 lorias

132 4126 208 4175 extra
230 4116 486 4191 Quadragcsimam.
513 4113 635 4175 sumitur
655 4112 737 4171 ctiam
759 4114 839 4173 statio
860 4114 933 4187 apud
987 4117 1377 4185 noaiuomiutiudioersorio,
1391 4119 1510 4174 555555
1524 4121 1599 4175 lesus
1611 4119 1686 4175 dicut
1696 4120 1790 4177 cem-

130 4189 290 4246 Cassianum
316 4204 365 4260 pro
391 4189 451 4261 ipso
474 4186 591 4261 jejunio,
624 4185 680 4243 sive
710 4185 869 4258 quotidiano
904 4193 933 4243 el
985 4201 1053 4241 sus:
1077 4190 1176 4258 Hospes
1196 4203 1280 4251 555,
1299 4192 1325 4244 et
1343 4192 1560 4271 uoasmcepistis
1580 4205 1623 4246 me
1636 4191 1726 4261 [bure
1743 4208 1792 4260 rr,

130 4259 374 4384 ‘limittit
389 4267 534 4384 lilith
548 4266 576 4383 ‘l
590 4255 755 4385 5555
771 4256 932 4384 ἰιι5555
988 4258 1809 4391 55·555535555555555555,’

132 4342 659 4480 fflleffiossu'ecrl{irlmeuoqiiuquam
669 4345 930 4483 ederefauthlhera,
984 4344 1126 4481 5555151555.
1238 4347 1274 4402 pe
1334 4473 1340 4486 ι
1540 4474 1546 4486 ⁸
1588 4375 1611 4486 ι’

131 4469 194 4521 urite
211 4468 356 4522 stationem
378 4467 526 4536 lepramom
546 4481 758 4538 communesque
776 4473 930 4540 resecamus
1019 4456 1096 4526 diiio
1115 4486 1209 4530 rursus
1229 4475 1385 4531 humanitas
1398 4488 1448 4546 pro
1467 4473 1661 4548 hospitalitate.
1679 4474 1795 4535 Adora·

132 4537 234 4593 liorem.
250 4538 325 4592 Etca
348 4541 413 4605 ,5,
431 4536 478 4593 ubi
492 4535 930 4620 docetstationemquotidianam
983 4539 1089 4597 tionem
1111 4550 1203 4600 autem
1228 4545 1349 4618 intellige
1375 4545 1511 4602 honorem
1533 4547 1791 4619 supervenientibus

131 4607 211 4676 solii,
223 4606 251 4664 id
265 4615 316 4677 est,
328 4552 427 4692 horam
442 4606 598 4692 relectionis
612 4607 756 4682 preveniri
769 4609 797 4664 in
812 4609 929 4693 adventu
983 4608 1111 4696 iratribus
1122 4613 1177 4671 sive
1188 4615 1342 4699 hospitibus
1354 4615 1550 4674 exhibendum.
1565 4621 1609 4675 De
1619 4634 1676 4691 quo
1691 4622 1726 4676 ll.
1738 4622 1790 4677 lle·

130 4679 282 4754 hospitum,
298 4688 416 4754 exceptis
430 4678 559 4754 legitimis
571 4687 675 4752 quartae
688 4689 825 4752 sextaque
841 4680 926 4740 lemae.
982 4684 1108 4742 nedictus
1121 4686 1158 4743 ita
1172 4694 1270 4744 statuit
1282 4692 1354 4759 (cop.
1370 4692 1412 4745 lt.
1424 4692 1503 4758 lieo.)
1517 4708 1523 4743 ε
1551 4690 1648 4747 Omnes
1662 4706 1789 4762 superor·

129 4753 254 4827 Denique
276 4753 367 4811 collat.
391 4758 423 4810 ll
448 4766 507 4826 cap.
532 4754 567 4809 ²9
583 4751 650 4809 dicit
673 4751 818 4809 stationem
828 4751 928 4825 lejunii
981 4761 1081 4813 nectes
1095 4758 1217 4828 hospites,
1231 4761 1500 4830 tomqiiomllhrtstus
1513 4764 1789 4834 suscipientemqiri'o

130 4824 338 4953 attitulat
352 4825 445 4954 llll
460 4823 928 4954 lllltlrurtlllsltll⁸
945 4829 1176 4956 5555555
1196 4833 1787 4961 literatissimum

130 4974 206 5022 eitra
229 4937 285 5021 tem
307 4982 338 5022 us
359 4912 605 5041 Quadrlglstmalil
621 4966 730 5041 jejunii,
753 4967 841 5026 solere
859 4939 928 5026 hora'
982 4971 1129 5027 domesticis
1140 4917 1239 5043 &ciel
1249 4967 1412 5044 peregrinis.
1430 4944 1537 5044 Uterpc
1549 4977 1789 5044 oummlirstuerrt

129 5050 213 5102 nona,
226 5043 266 5119 .¹!²
289 4981 335 5093 lio
355 5037 480 5106 habetur,
505 5037 533 5120 id
555 5046 606 5103 est,
629 5040 706 5122 tertia
730 5039 927 5113 pomeridiana,
982 5043 1085 5113 hospes,
1106 5048 1263 5100 occari-citur
1287 5047 1464 5116 eiapriore,
1478 5044 1553 5102 celo
1572 5049 1713 5116 {ratribus
1727 5062 1788 5103 eiua

130 5108 212 5165 docet
224 5107 319 5165 itidem
341 5111 446 5165 Auctor
467 5107 549 5181 hujus
563 5111 717 5168 collationis
738 5126 800 5184 cap.
817 5111 880 5181 ult,
900 5118 929 5168 et
980 5117 1054 5171 omni
1067 5116 1155 5184 officio
1165 5115 1318 5186 alacritatis,
1330 5120 1493 5190 etprimitias
1503 5121 1705 5190 oreotpom'ter,
1716 5120 1795 5175 etsie

130 5193 224 5236 rursus
246 5179 390 5236 collatione
412 5182 442 5234 tl
460 5194 520 5250 cap.
543 5184 590 5248 23,
605 5182 651 5238 ubi
672 5181 749 5254 plura
771 5182 874 5240 dehac
898 5197 928 5239 re
982 5186 1301 5258 sibisocieicluriiipocc.
1315 5189 1798 5259 liiipsooritcmsoluletiorieomiiis-

128 5248 299 5307 notabimus.
321 5250 452 5323 idemque
471 5249 616 5307 confirmat
628 5250 812 5308 Tertullianus
826 5253 872 5309 lib.
894 5252 928 5309 de
982 5257 1141 5312 exhibeatur
1151 5259 1301 5315 humilitus.
1313 5261 1442 5318 Omriihiis
1456 5261 1623 5317 sementibus
1632 5263 1691 5316 site
1701 5261 1792 5318 duce

125 5318 232 5392 chiinio
259 5335 330 5392 cap(
353 5324 397 5385 lo,
422 5321 539 5379 Basilius
562 5322 596 5379 ad
621 5326 674 5379 hm
695 5320 841 5379 hiloohium
864 5339 925 5397 cap.
982 5327 1106 5383 dentibus
1127 5329 1288 5400 hospitibus,
1311 5333 1442 5388 incliiiolo
1461 5333 1560 5403 eapite,
1582 5332 1625 5388 ccl
1642 5335 1806 5401 proelium·

128 5393 175 5460 7³,
199 5389 365 5462 Epiphanius
384 5392 413 5448 lii
434 5391 561 5463 Epitome
576 5392 649 5462 lidei,
692 5392 850 5466 leronymus
871 5397 928 5468 epi·
981 5400 1524 5469 omnicoipioreinterro,cliristrisiiiei's
1539 5405 1677 5464 5555555,
1696 5406 1793 5472 quiet

128 5462 191 5520 stol.
206 5466 242 5518 22
255 5462 291 5520 ad
305 5463 495 5530 Eustochium,
511 5471 539 5522 et
550 5466 607 5521 Leo
628 5479 695 5536 papa
711 5463 879 5536 epistoliis,
899 5476 928 5524 et
981 5471 1138 5539 amcipiliir.
1157 5474 1224 5530 Haec
1239 5473 1276 5530 ibi
1291 5475 1373 5558 gilde
1385 5476 1426 5531 ibi
1441 5478 1603 5534 lurrocrmi.
1622 5475 1649 5528 et
1660 5473 1791 5545 Sinum

127 5531 173 5593 alii
190 5535 402 5592 Patrocinium
418 5543 510 5592 tamen
529 5535 603 5619 apud
621 5543 727 5593 veteres
745 5533 856 5606 aliquod
869 5539 928 5596 dis·
982 5540 1092 5604 dumet
1103 5545 1339 5603 Petrumcluiimc.
1350 5549 1427 5616 qitst
1444 5549 1479 5602 28
1491 5545 1788 5617 o.3,etl.ricpist.s).

127 5606 231 5662 crimen
246 5606 318 5664 inter
330 5605 487 5674 sindonem,
508 5606 629 5679 vigiliam
648 5613 676 5663 et
693 5605 838 5678 ieiunium,
878 5626 926 5667 ro·
981 5612 1071 5684 Hujus
1083 5629 1165 5685 porro
1182 5616 1349 5674 adorationis
1363 5625 1391 5673 et
1409 5617 1523 5675 honoris
1541 5615 1697 5690 hospitibus
1709 5614 1789 5673 esbi-

128 5675 186 5748 prio
199 5676 347 5749 loquendo,
362 5676 443 5734 docet
455 5675 561 5734 erudite
574 5676 678 5734 cardin.
699 5677 826 5735 Bellarm.
840 5625 890 5737 55.
903 5697 928 5738 lt
981 5681 1063 5740 bandi
1075 5688 1230 5760 exemplum
1243 5686 1383 5760 prebuere
1397 5688 1498 5746 summi
1516 5685 1682 5761 patriarchae
1703 5686 1796 5745 Aba·

128 5747 162 5804 de
181 5748 311 5805 Bonis0
345 5747 424 5805 ribus
445 5747 474 5803 in
494 5748 588 5820 partie.
609 5753 735 5820 capla.
756 5749 825 5809 Vide
845 5751 928 5809 etiam
983 5753 1048 5812 ham
1068 5766 1095 5813 et
1108 5760 1171 5823 Lot,
1194 5759 1241 5831 qui
1255 5758 1378 5833 hospites
1400 5759 1528 5818 adorasse
1609 5767 1678 5818 ntur
1696 5756 1790 5834 pru‘,

127 5819 305 5878 Pameliuma
337 5817 535 5877 Tertullianum
545 5817 594 5877 lib.
612 5818 646 5877 de
661 5820 792 5879 Oratione
806 5837 866 5896 cap.
878 5823 927 5880 ult.
982 5834 1011 5884 et
1023 5829 1152 5902 prostrati
1166 5829 1194 5887 in
1205 5838 1308 5889 terram
1319 5831 1424 5904 (Germ.
1437 5845 1497 5889 riri
1508 5759 1608 5902 “1¹23
