3848 6158
141 318 175 370 67
814 305 955 363 toaunls
974 305 1126 363 cassiam
1764 312 1801 366 68

140 437 223 494 chum
246 451 354 508 semper
376 434 523 507 impigrum
544 431 755 506 expeditumque
775 438 881 503 oportet
897 430 940 486 in·
952 435 979 500 A
996 429 1074 487 cilicii
1098 403 1283 499 ostentarent,
1314 445 1369 503 quo
1395 429 1501 487 cunctis
1532 445 1614 505 super
1638 432 1799 490 imminente

140 530 248 598 cedere,
261 528 385 586 inhabilis
403 535 484 600 atque
497 527 585 599 inepta
599 526 645 594 rit,
658 523 824 582 omnimodis
837 523 940 581 reluta-

139 633 213 683 runt.
230 623 310 697 Quod
323 623 344 679 si
363 621 495 695 quosdam
513 620 565 677 boc
581 619 681 675 amictu
695 617 877 674 circumdatos
894 633 941 674 au-

139 718 258 776 divimus
269 714 425 790 probabiles
435 713 578 781 exstitisse,
591 727 646 769 non
661 727 695 768 ex
709 727 742 769 eo
751 710 832 768 nobis
843 727 939 768 mona-

139 811 286 867 steriorum
304 816 346 864 est
366 806 457 880 regula
469 803 629 872 sancienda,
644 804 685 860 rel
698 804 810 877 antiqua
830 811 939 860 sancto·

137 919 200 960 rum
216 904 328 958 Patrum
343 908 406 956 sunt
419 898 603 972 perturbanda
622 896 746 966 decreta,
770 896 846 972 quod
861 898 939 970 pauci

137 1002 334 1071 praesumentes
347 990 462 1051 aliamm
485 994 617 1051 virtutum
633 993 786 1066 privilegio,
803 993 878 1050 nein
896 992 939 1051 his

135 1089 244 1162 quidem
257 1087 541 1161 quaenonsecundum
552 1087 712 1143 catholicam
723 1086 845 1159 regulam
857 1086 939 1144 abeis

134 1191 263 1255 usurpata
275 1191 349 1250 sunt,
360 1181 518 1255 reprebendi
529 1180 628 1238 debere
637 1181 798 1238 creduntur.
812 1179 938 1237 Generali

32 1283 33 1286 ’
133 1291 252 1348 namque
267 1276 391 1332 omnium
403 1267 604 1343 constitutioni,
618 1289 768 1345 paucorum
784 1289 841 1330 non
855 1274 937 1331 debet

134 1369 255 1442 praeponi
275 1384 326 1425 nec
339 1367 516 1441 praeiudicare
537 1367 682 1424 sententia.
701 1367 756 1422 lllis
768 1367 840 1423 enim
853 1367 936 1426 debe·

134 1478 199 1519 mus
220 1461 349 1518 institutis
364 1476 396 1517 ac
410 1461 509 1535 regulis
527 1460 708 1518 indubitatam
730 1460 828 1530 lidem',
850 1471 878 1518 ct
897 1463 936 1518 in·

135 1556 285 1614 discussam
301 1555 482 1612 obedientiam
497 1571 545 1627 per
558 1556 652 1612 omnia
674 1555 864 1624 commodare,
880 1573 935 1612 non

134 1661 202 1717 quas
216 1659 366 1717 paucorum
386 1644 511 1700 voluntas
531 1629 706 1711 intulit,‘sed
730 1660 797 1715 quas
817 1653 936 1701 vetustas

134 1745 273 1793 tantorum
286 1746 455 1808 temporum,
473 1745 500 1793 et
517 1738 698 1793 numerositas
713 1746 871 1793 sanctorum
886 1741 936 1794 Pa·

133 1838 208 1887 trum
232 1830 359 1887 concordi
383 1830 540 1887 delinitione
552 1830 578 1885 iu
606 1839 745 1900 posterum
767 1831 934 1905 propagarit.

133 1926 190 1980 lico
200 1923 253 1979 boc
272 1938 338 1979 sane
349 1921 525 2006 prejudicare
539 1921 617 1979 nobis
629 1922 711 1979 debet
724 1923 757 1979 ad
771 1923 936 1996 quotidiana

132 2016 347 2073 conversationis
368 2017 538 2088 exemplum,
560 2016 635 2090 quod
652 2017 692 2073 rel
706 2019 801 2073 loram
823 2017 934 2074 sacrile-

133 2125 182 2183 gus
195 2126 241 2165 rer
256 2109 340 2165 lsrael
358 2109 474 2166 catervis
488 2109 611 2165 hostium
626 2110 838 2182 circumseptus,
851 2108 934 2166 scissa

132 2207 221 2272 reste‘,
234 2204 350 2260 cilicium
373 2203 499 2260 babuisse
519 2203 676 2276 perhibetur
700 2204 864 2260 intrinsecus
880 2207 933 2270 (tv

132 2301 197 2368 Rep.
212 2301 269 2364 ιι),
284 2297 323 2352 rol
337 2296 409 2369 quod
423 2297 549 2353 Ninivitas
568 2297 602 2354 ad
616 2294 793 2376 mitigandam
814 2299 863 2355 Dei
878 2313 934 2354 sen·

130 2393 245 2448 tentiam
259 2406 321 2464 (ιιι,
335 2391 362 2447 in
378 2407 425 2447 eos
438 2392 491 2447 lata
506 2389 596 2447 luerat
619 2407 668 2464 per
682 2389 861 2462 proplietam,
876 2391 933 2448 cili·

133 2486 166 2542 cii
178 2486 320 2559 asperitate
335 2486 412 2542 velati
428 2493 491 2542 sunt
514 2489 601 2553 (lone
616 2489 680 2552 ιιι),
700 2500 763 2541 curn
786 2493 813 2542 et
832 2485 877 2542 ille
897 2486 934 2543 ita

84 2637 88 2642 ,
131 2581 293 2637 intrinsecus
314 2580 430 2636 latenter
453 2579 564 2635 indutus
589 2594 622 2635 eo
646 2577 728 2635 luisse
754 2585 934 2649 monstretur,

131 2681 162 2729 ut
175 2675 225 2731 nisi
247 2675 331 2730 scisso
354 2673 470 2745 desuper
490 2673 653 2728 indumento
666 2689 680 2728 a
695 2673 805 2728 nemine
823 2689 935 2747 prorsus

132 2769 262 2842 poluisset
282 2768 410 2841 intelligi,
430 2775 458 2824 et
472 2767 514 2823 isti
534 2782 566 2823 eo
589 2775 714 2839 tempore
734 2767 934 2839 operimentum

994 522 1069 579 urbis
1092 524 1232 580 eversione
1252 522 1423 597 lugentibus,
1444 524 1596 597 eodemque
1616 526 1717 582 amictu
1743 526 1797 582 cir·

994 615 1139 685 cumdatis,
1153 617 1244 673 nullus
1256 625 1373 691 possete
1387 631 1527 690 quoquam
1542 619 1724 675 ostentatione
1737 621 1794 688 [al.

994 707 1199 778 ostentationis]
1214 708 1313 765 notari.
1335 708 1404 779 Quia
1423 709 1475 765 nisi
1495 709 1614 767 insolens
1628 709 1663 768 sit
1682 709 1798 768 diversi-

993 809 1044 869 tas,
1057 817 1113 858 noo
1128 801 1246 859 offendit
1264 802 1442 875 inequalitas.

1298 896 1419 953 CAPUT
1438 897 1486 952 tv.

1200 995 1239 1048 De
1256 992 1365 1047 masuilio
1387 992 1585 1061 erupturum.

1027 1082 1096 1138 Sunt
1119 1090 1251 1157 praetcrea
1272 1084 1398 1157 quaedam
1412 1084 1439 1140 in
1463 1084 1521 1156 ipso
1536 1083 1723 1157 AEgyptiornm
1743 1085 1797 1142 ha-

991 1173 1049 1231 bitu
1072 1163 1128 1232 iton
1150 1185 1257 1234 tantum
1276 1178 1311 1235 ad
1332 1193 1428 1234 curam
1450 1177 1586 1249 corporis,
1607 1187 1740 1250 quantum
1760 1179 1795 1235 ad

991 1283 1102 1326 morum
1121 1269 1272 1327 formulam
1290 1271 1482 1345 congruentia,
1499 1286 1553 1343 quo
1574 1271 1754 1342 simplicitatis
1767 1282 1797 1330 et

990 1361 1154 1420 innocentiae
1168 1364 1358 1434 observantia,
1380 1365 1462 1421 etiam
1481 1365 1508 1420 in
1526 1365 1583 1436 ipsa
1596 1367 1709 1421 vestitus
1727 1381 1794 1438 qua·

989 1455 1065 1513 litate
1088 1461 1248 1514 teneatur.⁸
1272 1457 1391 1516 Cucullis
1409 1473 1529 1529 namque
1547 1458 1685 1530 perparvis
1706 1474 1796 1530 usque

989 1548 1024 1604 ad
1038 1550 1148 1606 cervicis
1160 1550 1392 1623 humerorumque
1403 1550 1538 1620 'demissis
1551 1551 1679 1616 confinia,
1695 1551 1796 1623 quibus

988 1650 1096 1699 tantum
1114 1644 1201 1716 capita
1222 1653 1383 1718 contegant,
1398 1644 1582 1701 indesinenter
1601 1644 1696 1700 diebus
1710 1653 1792 1700 utun·

989 1742 1036 1791 tur
1049 1751 1081 1792 ao
1093 1737 1229 1807 noctibus,
1243 1738 1344 1794 scilicet
1365 1746 1396 1794 ut
1411 1738 1593 1794 innocentiam
1614 1747 1641 1794 ct
1662 1738 1792 1810 simplici-

990 1835 1075 1885 tatem
1089 1831 1270 1902 parrulorum
1282 1832 1384 1905 jugiter
1394 1832 1532 1889 custodire
1544 1832 1625 1888 ctiam
1644 1832 1794 1888 imitatione

989 1921 1073 1995 ipsius
1087 1924 1226 1981 velaminis
1241 1936 1477 1984 commoveantur.
1500 1927 1554 1997 Qui
1573 1926 1672 1983 rcrcrsi
1694 1925 1728 1983 ad
1750 1926 1793 1982 in-

987 2013 1098 2072 lantinm
1113 2017 1212 2074 Christi
1225 2020 1330 2076 cunctis
1345 2019 1421 2077 horis
1435 2036 1499 2077 cum
1516 2019 1616 2077 allecta
1640 2036 1672 2076 ac
1692 2020 1795 2076 virtute

987 2108 1138 2167 decantant
1149 2132 1155 2167 :
1166 2116 1290 2190 Domaitc,
1304 2130 1358 2170 uon
1369 2119 1408 2170 est
1419 2117 1570 2171 caecitatum
1579 2132 1624 2170 cor
1635 2132 1731 2178 meum,
1745 2132 1791 2170 ac·

988 2206 1793 2279 queclutisuntoculiraei,acqueumbuluaiinmopru'smequc

987 2298 1018 2351 iu
1031 2299 1203 2353 mirabilibus
1215 2315 1297 2370 super
1309 2317 1361 2356 mc.
1376 2303 1407 2357 Si
1417 2317 1469 2355 nou
1483 2303 1620 2356 brem-diter
1629 2304 1791 2366 revertebam,

987 2389 1035 2444 sed
1046 2392 1168 2445 croltuau'
1176 2394 1295 2446 orra'mom
1306 2409 1391 2447 mcum
1404 2412 1412 2447 :
1425 2397 1494 2447 siuet
1504 2394 1655 2448 ublerctnlus
1665 2399 1704 2449 esi
1712 2411 1794 2465 stepcr

988 2490 1076 2542 matre
1090 2503 1139 2543 saco
1153 2490 1267 2554 (Psalm.
1287 2488 1389 2561 cxxx).

1300 2583 1423 2639 CtPUT
1440 2585 1474 2641 V.

1198 2681 1235 2734 De
1256 2678 1363 2732 colobiis
1381 2680 1578 2748 AEppptiorum.

1024 2760 1169 2827 ¹'Colobiis
1184 2786 1293 2844 quoquc
1308 2770 1387 2827 lineis
1400 2771 1502 2842 induti,
1524 2787 1586 2845 quae
1600 2771 1640 2826 vir
1656 2771 1689 2828 ad
1715 2770 1792 2827 cubi-

680 2884 807 2939 annum
828 2885 940 2939 GazAEI
960 2884 1242 2941 COMMENTARIUS.

166 2997 393 3065 n(lucullus,vel
415 2997 551 3065 cucullio,
564 2998 606 3053 vel
628 2998 721 3055 miuus
741 2998 861 3066 Latine,
886 3015 935 3056 cu-

130 3068 212 3134 culla,
233 3085 320 3142 genus
333 3079 374 3125 est
390 3069 561 3138 vestimenti,
585 3085 631 3125 scu
652 3070 783 3137 amictus,
809 3078 935 3141 caputet

130 3141 260 3197 humeros
281 3139 509 3196 circumambiens
528 3148 554 3195 et
573 3150 732 3213 protegens3
749 3142 820 3197 uude
840 3142 934 3197 cucul-

131 3211 211 3277 latus,
223 3211 311 3276 idest,
331 3211 438 3267 cucullo
456 3212 495 3266 vel
511 3211 616 3266 cuculla
631 3212 742 3267 indutus
755 3216 802 3278 (D.
819 3214 935 3269 Ambra·

129 3287 273 3338 siusserm.
288 3284 350 3345 ult..
366 3283 491 3340 Sidonius
504 3284 549 3337 b'b.
563 3298 609 3338 vu
625 3286 701 3353 epist.
721 3288 766 3350 ts,
782 3287 854 3339 Petr.
873 3285 934 3341 Clu-

127 3357 245 3409 ru‘ocens.
262 3355 279 3406 l.
297 3369 334 3410 ιιι
358 3357 445 3424 Epist.
462 3359 523 3418 28).
546 3356 633 3409 Porro
653 3355 767 3410 cucullis
786 3355 935 3410 utebantur

129 3425 256 3480 monachi
277 3424 407 3497 AEgyptii,
424 3441 480 3480 non
499 3434 556 3480 tam
574 3425 608 3479 ad
627 3426 749 3495 corporis
768 3441 879 3490 curam,
896 3427 934 3480 ait

130 3496 284 3558 Cassianus,
308 3512 390 3566 ueram
412 3495 446 3550 ad
462 3498 619 3551 monasticae
637 3496 831 3565 simplicitatis,
848 3505 876 3550 et
889 3496 932 3550 iu-

129 3568 265 3623 nocentiae
277 3566 445 3638 simbolum,
460 3566 534 3638 quod
555 3566 638 3621 etiam
659 3568 817 3621 testaturB.
841 3568 930 3619 Doro·

129 3637 212 3694 tlicus
222 3637 281 3692 loco
296 3639 420 3709 superius
433 3639 517 3693 citato
535 3639 684 3700 :Feriarum
699 3637 797 3705 inquit,
807 3638 929 3692 clancul-

129 3709 200 3772 lum,
217 3709 288 3778 quod
300 3712 454 3764 irrnoceutiu’
467 3712 572 3778 sepeciem
591 3711 668 3762 estet
684 3711 824 3777 puritatis.
847 3709 930 3762 Putem

130 3783 198 3834 etaim
211 3782 323 3850 proruuli
332 3782 464 3835 cucullum
485 3782 588 3847 sectarii,
607 3794 660 3833 nora
673 3782 728 3832 m'ra¹
738 3780 861 3848 perfecti.
875 3781 927 3832 Nos

128 3844 213 3920 t'pr‘tur
239 3852 371 3906 oracullum
394 3854 526 3918 serimus,
551 3854 582 3903 ul
603 3850 716 3919 porculi
736 3852 820 3903 simus
845 3850 926 3903 moli-

128 3925 184 3988 tiem
198 3924 421 3992 quaemadmodum
435 3925 523 3976 monet
536 3921 697 3990 Apostolus:
712 3921 796 3976 Nolite
807 3920 927 3974 seruulus

124 3994 316 4063 pertulissem
336 3996 443 4049 molitio
462 3997 551 4047 autem
567 3992 679 4061 perarate·
692 3995 779 4046 estote.
797 3993 927 4046 Sozomc-

127 4079 181 4120 nus
201 4064 247 4120 lib.
268 4081 303 4121 ιιι
328 4065 432 4121 Histor.
458 4079 516 4134 cap.
541 4068 574 4117 13
594 4061 635 4118 de
664 4062 760 4117 iisdem
787 4062 927 4118 monacbis

128 4149 210 4204 agens
227 4156 232 4189 :
248 4137 348 4205 caym,
365 4135 468 4207 inquit,
486 4138 682 4204 iutepumcnto,
704 4135 776 4204 qrvod
793 4134 926 4189 cucullum

127 4203 296 4269 (κυκούλλιοι)
309 4209 446 4274 oppetiere
463 4209 565 4269 solerii,
581 4207 757 4277 operiebant:
773 4222 825 4276 quo
841 4210 927 4261 osten-

108 4278 111 4283 ’
127 4274 221 4329 cierent
235 4287 262 4324 sc
274 4276 356 4326 niteam
368 4277 480 4342 perinde
492 4279 637 4343 sirnplicem
650 4281 816 4334 ciseicerum
828 4293 925 4345 opere,

112 4348 209 4414 ,atqie
220 4357 318 4412 pucros
333 4343 400 4397 lucie
419 4347 551 4404 eritream,
567 4361 680 4411 uicorum
695 4353 775 4414 cupiet
795 4347 928 4413 ejusmodi

126 4417 206 4469 liaris
219 4413 366 4475 introibunt,
382 4418 412 4468 ut
431 4417 540 4482 terpctur
558 4415 678 4468 simulet
696 4417 829 4481 serretur.
843 4413 927 4469 Addit

125 4483 295 4554 Niceplroras
313 4485 386 4561 (Lib.
400 4499 431 4540 ιι
447 4502 469 4539 c.
488 4489 519 4537 14
532 4485 765 4550 illator.)teemen
782 4483 861 4549 illud,
877 4499 924 4540 seu

124 4555 274 4611 amiculum
289 4555 473 4610 acuminatum
497 4554 589 4609 luisse.
609 4554 745 4609 Palladius
758 4555 785 4609 in
801 4553 924 4610 Historia

990 3001 1111 3056 babitu-m
1124 3002 1234 3070 lonpum
1245 3007 1270 3056 ct
1283 3002 1412 3072 umprlum,
1433 3001 1480 3057 scd
1492 3003 1611 3055 murrii-os
1624 3016 1677 3055 nort
1691 3002 1793 3055 derbeu-

989 3070 1142 3138 tern3'sa'cul
1156 3073 1262 3127 uidetur
1275 3074 1392 3129 Cleonem
1403 3089 1478 3142 papo
1497 3075 1613 3141 occipere
1627 3074 1654 3125 iu
1674 3073 1790 3128 Clemen-

990 3145 1050 3197 lt'uo
1064 3146 1156 3213 primo
1171 3144 1205 3198 de
1225 3148 1299 3199 stulu
1313 3145 1516 3209 moneodanum
1529 3146 1622 3211 {ioman
1640 3158 1701 3197 cero
1723 3144 1788 3196 elicit

990 3213 1123 3276 debitum,
1135 3216 1184 3284 qui
1195 3216 1288 3282 loapas
1298 3216 1376 3269 babel
1385 3217 1511 3268 monacos.
1522 3215 1648 3269 Alir'ceru
1658 3215 1787 3267 oracullum

987 3287 1128 3341 uomiruurt
1140 3302 1199 3340 mam
1213 3286 1336 3340 bubeium
1355 3288 1404 3356 qui
1419 3286 1494 3355 apocal
1507 3286 1574 3339 oleos
1585 3285 1686 3338 deutur
1697 3287 1788 3351 doceis,

987 3355 1109 3410 uidelicet
1120 3357 1241 3411 bullitum
1255 3373 1314 3411 cum
1326 3359 1432 3426 mpetu
1441 3373 1475 3410 ea
1486 3358 1646 3425 omniparis
1654 3355 1785 3417 clauserat,

988 3426 1127 3494 loapt'sque
1139 3429 1252 3479 monacis
1265 3429 1439 3480 minuentem.
1456 3429 1522 3480 Haec
1539 3426 1591 3480 ille.

1022 3488 1198 3560 ”Colobium
1207 3496 1356 3550 secundnm
1366 3498 1492 3552 Graecam
1504 3494 1708 3558 derivationem,
1719 3492 1787 3548 sim·

986 3563 1058 3634 plici,
1074 3581 1129 3621 non
1149 3565 1271 3636 gemino',
1285 3566 1457 3620 scribendum
1469 3567 1586 3630 (Almia.
1607 3566 1654 3618 lib.
1668 3564 1702 3618 de
1719 3565 1778 3617 elie.

983 3637 1061 3708 Ostia.
1088 3651 1146 3705 cnp.
1164 3642 1220 3700 35).
1240 3638 1289 3691 Est
1302 3643 1394 3691 autem
1417 3637 1507 3690 tunica
1530 3635 1643 3690 manicis
1667 3634 1782 3701 delecta,

981 3705 1152 3761 exstantibus
1176 3716 1251 3761 extra
1272 3722 1332 3761 cam
1361 3705 1498 3761 brachiis:
1516 3705 1564 3759 ἀπὸ
1586 3711 1630 3758 τοῦ
1653 3706 1782 3771 acidior,
1876 3751 1880 3757 .

980 3776 1053 3903 guod
1070 3776 1160 3839 breve,
1175 3778 1312 3844 mutilum,
1328 3793 1375 3833 scu
1394 3793 1521 3833 mancum
1536 3777 1678 3847 significat.
1696 3780 1784 3835 Porro

1004 3846 1103 3901 assiani
1116 3848 1493 3919 colobia,quibusntebantur
1504 3849 1633 3904 moment
1648 3849 1782 3920 AEgvptii,

980 3933 1035 3972 non
1049 3919 1159 3975 omnino
1172 3920 1284 3974 manicis
1299 3919 1441 3984 carebant;
1460 3920 1506 3975 sed
1525 3936 1555 3975 ea
1569 3918 1640 3974 inira
1658 3921 1780 3975 cubitum

981 3988 1296 4061 desinebantaioptnon.
1312 3993 1340 4044 iu
1360 3994 1442 4045 Proto
1454 3994 1542 4061 spirat.
1553 4008 1611 4061 orep.
1627 3998 1671 4053 92,
1691 3998 1742 4046 120
1757 4000 1784 4048 ct

982 4063 1066 4128 ¹²03
1093 4061 1155 4129 vel,
1182 4071 1213 4116 ut
1237 4063 1294 4131 ipse
1317 4062 1452 4131 loquitar,
1477 4061 1534 4117 lerc
1562 4065 1597 4116 ad
1622 4062 1780 4118 cubitorum

980 4141 1103 4188 crtrcma
1118 4132 1315 4205 pertingebant,
1329 4148 1383 4186 non
1394 4131 1508 4186 hunrero
1526 4142 1606 4188 tenus
1620 4140 1730 4193 exertae.
1750 4143 1783 4190 ut

980 4205 1101 4276 Cuyclrio
1125 4203 1212 4258 visum
1237 4211 1288 4258 cst.
1315 4206 1356 4258 De
1381 4203 1479 4272 quibus
1506 4205 1675 4259 Sozomenus
1699 4206 1780 4260 aliam

980 4275 1063 4329 etiam
1091 4274 1224 4328 rationem
1257 4273 1455 4345 tropologicam
1481 4289 1527 4329 scu
1556 4277 1690 4329 moralem
1715 4277 1782 4331 assi-

980 4359 1065 4415 gnans
1077 4344 1122 4398 lib.
1141 4357 1178 4398 ιιι
1193 4358 1255 4413 cap.
1275 4350 1308 4398 ta
1331 4343 1434 4410 scribit,
1453 4347 1557 4417 AEgrpli
1572 4345 1720 4401 monachos
1731 4368 1783 4400 κει-

978 4421 1058 4476 utum
1082 4413 1278 4483 ἀχειρωδωτούς,
1299 4414 1350 4468 lroc
1364 4422 1421 4477 est,
1447 4413 1555 4472 tunicas
1580 4418 1640 4472 siae
1664 4418 1781 4474 manicis

979 4484 1121 4549 babuisse,
1139 4489 1170 4538 ut
1180 4501 1209 4540 eo
1222 4488 1298 4554 sinuo
1307 4485 1473 4541 osterrdereat
1487 4504 1582 4541 meratus
1593 4504 1619 4541 se
1629 4490 1664 4541 ob
1674 4489 1777 4557 irrjurr'u

979 4557 1172 4610 etcortlumeliu
1192 4557 1334 4622 trismendu
1349 4557 1446 4611 lutbere
1455 4562 1562 4627 picentes
1574 4561 1677 4612 alienus
1692 4560 1779 4625 (lelnrrt

125 4626 258 4683 lausiaca
269 4640 328 4696 cap.
346 4632 377 4682 ³7
393 4626 488 4683 scribit
505 4624 655 4681 monachos
669 4626 861 4682 Tabennenses
872 4627 923 4681 sub
977 4628 1006 4682 S.
1026 4629 1172 4683 Dorotheus
1191 4628 1239 4680 ule¹
1255 4628 1361 4697 supra).
1378 4630 1462 4682 Porro
1484 4629 1641 4699 hujusmodi
1663 4630 1779 4686 colobiis

124 4697 271 4754 Pachumio
284 4697 382 4754 abbate
396 4697 515 4754 cucullas
533 4695 659 4752 babuivsc
672 4697 762 4753 crucis
781 4712 923 4769 purpureae
977 4697 1079 4753 similes
1101 4700 1128 4752 in
1144 4697 1261 4752 vestibus
1274 4699 1357 4754 sacris
1374 4698 1553 4764 Dalmatiam,
1570 4715 1617 4754 scu
1637 4701 1779 4756 tunicellas

124 4768 211 4853 ligura
223 4777 344 4837 notatas3
360 4777 387 4826 ct
401 4784 449 4826 cos
460 4783 522 4824 cum
540 4768 598 4823 sola
612 4768 716 4824 cuculla
741 4768 775 4823 ad
795 4783 923 4823 commn-
980 4768 1103 4824 ridemus
1114 4770 1473 4895 (Alcmenesudisuprocofi.
1488 4777 1541 4834 37).
1556 4772 1598 4825 lle
1610 4771 1708 4841 qrvibus
1723 4774 1780 4826 Αιι-

125 4856 236 4897 monem
254 4845 380 4897 accedere
398 4840 507 4904 solitos,
523 4847 554 4894 ut
569 4840 693 4910 superius
713 4838 878 4904 notavimus,
895 4847 923 4895 ct
975 4840 1077 4895 seimus
1099 4839 1269 4895 decretorum
1285 4840 1423 4900 collector,
1450 4857 1501 4896 raec
1516 4851 1658 4910 tamqnam
1671 4857 1703 4897 err
1722 4846 1778 4898 Eu-

124 4928 174 5036 cap
197 4918 228 4966 tl
247 4912 313 4966 dicit
324 4912 408 4967 ctiam
421 4911 537 4983 virgines
553 4910 785 4978 sanctimoniales,
798 4925 848 4965 suo
867 4925 921 4966 sac·
975 4910 1054 4967 sebio
1068 4911 1133 4976 (sed
1146 4911 1280 4967 incertum
1298 4917 1366 4983 quo)
1381 4911 1448 4967 citat
1464 4930 1470 4965 :
1486 4915 1512 4968 A
1534 4918 1625 4967 structo
1640 4915 1778 4980 sylvestro

124 4998 187 5037 clio
213 4982 326 5037 cucullis
354 4983 393 5037 uti
420 4981 601 5039 consuevisse.
626 4983 658 5037 D.
683 4983 867 5052 Hieronymus
894 4983 920 5038 in
975 4987 1001 5037 rt
1012 4983 1177 5052 presbyteris
1190 4983 1246 5052 ejus
1260 4983 1420 5038 colobiorum
1437 4999 1502 5038 usus
1518 4986 1632 5054 sumpsit
1648 4987 1775 5047 letitiam,

123 5052 298 5107 Testamenta
314 5053 458 5109 Hilarionis
481 5054 614 5107 ctvcullam
630 5053 763 5117 nominat,
785 5053 824 5107 sic
846 5052 920 5108 euim
975 5058 1001 5107 ct
1016 5056 1131 5115 Hermus,
1149 5069 1180 5106 nc
1193 5054 1289 5115 Julius,
1308 5057 1333 5106 et
1347 5055 1469 5109 liberius
1483 5071 1516 5108 ca
1528 5056 1622 5109 ordine
1643 5060 1706 5110 aurit
1721 5060 1775 5111 usi.

123 5121 217 5178 scribit
234 5142 239 5177 :
255 5123 349 5178 Omttes
366 5122 476 5176 diritius
492 5138 555 5177 siros
570 5126 595 5175 ci
614 5125 782 5192 relinquens,
798 5127 920 5192 Dr‘oupc-
975 5127 1038 5179 Post
1051 5125 1096 5177 bos
1106 5128 1195 5177 oratam
1207 5124 1306 5177 colob-ia
1317 5124 1514 5179 irrdulmoticos
1526 5130 1687 5180 commutem
1701 5134 1774 5182 soret.

124 5193 191 5247 lium
204 5194 311 5255 seilicet,
325 5198 351 5247 et
363 5195 480 5247 tunicum
498 5208 614 5247 socerum
624 5196 646 5256 ·,
666 5195 808 5255 cucullum,
822 5199 847 5248 et
858 5197 920 5263 pol·
973 5195 1042 5249 Haec
1057 5194 1111 5248 ille.
1127 5194 1229 5248 Dicitur
1239 5203 1331 5250 autem
1341 5194 1480 5250 colobium
1491 5197 1559 5251 alios
1575 5197 1775 5265 libitonarium,

123 5264 224 5319 linium.
241 5267 273 5317 Et
287 5263 470 5318 communiter
480 5262 569 5318 soient
586 5263 710 5317 mmmclri
725 5264 859 5319 cucullam
875 5280 921 5318 ro
974 5265 1015 5320 vel
1031 5264 1234 5333 levitonarium,
1256 5265 1371 5322 isodoro
1395 5275 1463 5321 teste
1477 5266 1525 5322 lib.
1539 5283 1589 5323 ιιι
1617 5268 1773 5340 lltymolog.

122 5348 201 5404 care,
227 5350 282 5389 non
301 5335 454 5399 cucullum,
474 5339 544 5388 utet
564 5335 598 5386 D.
621 5333 781 5388 Benedictus
804 5348 864 5403 cap.
884 5340 919 5388 55
973 5350 1032 5406 cap.
1048 5337 1318 5400 amorraeorum,
1336 5336 1434 5408 inquit,
1449 5342 1488 5392 cst
1506 5340 1634 5393 colobium
1649 5343 1705 5394 sirie
1717 5356 1775 5394 mea·

121 5405 244 5476 Regulos.
258 5405 303 5459 ubi
319 5404 456 5475 duplicem
469 5403 524 5459 sive
536 5402 672 5528 §geminam
686 5405 920 5474 assignat-cucul-
973 5409 1055 5469 tricos,
1078 5407 1157 5476 pituli
1178 5408 1302 5461 monoclu'
1322 5411 1434 5478 Dpppct
1445 5415 1570 5465 utuntur.
1594 5411 1721 5465 Meminit
1745 5420 1772 5464 et

122 5474 193 5545 lam,
217 5477 332 5530 alterum
346 5478 375 5529 ia
395 5476 479 5530 bievre
497 5475 535 5528 eil
546 5491 637 5537 osum,
651 5476 765 5530 alterum
778 5477 806 5529 r'u
826 5480 920 5530 estem
974 5479 1010 5542 D.
1027 5479 1211 5547 Hieronymus
1234 5477 1390 5547 praelatione
1413 5480 1439 5534 in
1463 5483 1504 5536 Rc
1524 5483 1595 5536 ulam
1610 5480 1694 5535 sancti
1721 5482 1773 5535 Pa-

121 5547 267 5616 simpliccm
282 5552 306 5602 ct
321 5550 433 5601 teriucm.
449 5548 480 5600 ln
494 5561 575 5616 quem
592 5545 681 5600 locum
697 5545 837 5600 annotavit
851 5549 920 5601 'snr-
973 5547 1083 5602 ciromii.
1111 5548 1256 5603 Dicebatur
1275 5556 1302 5603 et
1328 5549 1452 5615 lebeton,
1481 5498 1651 5606 reinerium
1674 5549 1771 5605 eodem

34 5648 38 5657 ·
121 5626 286 5673 rccrcmatus
298 5616 431 5672 cucullam
447 5615 627 5672 diversimode
647 5616 730 5686 accipi
748 5615 888 5672 adiversis
910 5635 916 5671 :
973 5618 1142 5691 significatu:
1159 5618 1231 5674 unde
1244 5619 1271 5674 iu
1287 5618 1349 5676 Vita
1363 5620 1485 5690 ejusdem
1499 5621 1635 5677 Pachumii
1652 5620 1710 5676 lraec
1725 5620 1773 5676 ha-

60 5763 63 5767 ,
120 5688 226 5760 Aliqui,
239 5687 817 5760 inquit,rivlelicelUitr-amonicali,cucullum
827 5688 920 5743 de'uutt
974 5689 1075 5747 bentur
1088 5711 1094 5747 :
1107 5693 1139 5746 ln
1154 5695 1231 5745 teratu
1244 5707 1306 5745 cero
1320 5695 1535 5749 eestr’rneatorum
1546 5695 1661 5764 penurie
1671 5708 1698 5749 se
1709 5709 1772 5748 con-

115 5854 125 5861 ,
152 5798 359 5847 *b'olaiuaicam
374 5809 482 5847 sacceam
495 5809 622 5859 prosareo,
632 5797 669 5846 rel
678 5795 763 5855 cilicio,
775 5795 805 5845 de
814 5811 862 5859 orio
876 5810 918 5844 su·
973 5796 1043 5862 episi.
1057 5802 1097 5859 tlt,
1108 5798 1189 5848 Tract.
1203 5803 1229 5848 tt
1244 5798 1267 5848 in
1280 5798 1395 5863 Decetiam
1413 5800 1443 5849 D.
1456 5798 1545 5850 Bencd.
1576 5812 1580 5819 ·

120 5871 163 5922 pra
183 5860 243 5910 lide
253 5860 334 5910 Sidon.
343 5859 384 5910 lib.
396 5861 438 5910 vll
448 5859 517 5923 epist.
534 5865 570 5921 lb,
578 5863 601 5908 ei
612 5860 660 5908 l‘cl.
672 5859 821 5909 cluniacens.
833 5859 873 5909 lib.
881 5871 917 5908 ur.
