3848 6158
134 338 170 392 ll
733 323 918 383 eustatio
935 324 1065 383 ausum
1082 324 1205 383 GAZAEl.
1762 333 1798 387 42

134 473 203 518 eum
223 455 288 531 quid
303 454 337 511 ab
355 453 395 512 eis
413 459 534 510 erratum
548 450 594 522 sit,
608 465 641 507 ac
657 448 772 522 proinde
788 447 940 516 vitandum,
958 448 1135 516 Acumulate
1154 455 1299 505 tractatura
1324 448 1353 505 in
1373 464 1422 507 sua
1437 449 1608 523 praeiatlone,
1628 467 1712 524 quam
1733 452 1797 512 buic

131 553 231 631 jamna
251 549 347 606 multis
363 546 471 606 saeculis
487 545 587 618 liquido
606 553 794 617 compertum,
816 543 941 615 explora·
996 543 1203 617 subjungemus,
1224 544 1304 601 latim
1323 546 1455 618 explicare
1469 561 1697 619 supervacaneum
1718 557 1794 620 puto.

132 654 252 719 urnaque
271 643 422 700 habeatur?
441 643 498 697 Aut
517 655 572 713 qua
586 638 691 696 ratione
710 637 874 694 sanctissimi
893 636 942 694 viri
997 638 1060 694 lluc
1073 638 1187 708 aceedit,
1206 638 1279 712 qued
1297 647 1325 696 et
1341 641 1401 712 ipse
1414 642 1449 696 D.
1472 643 1591 712 Prosper
1607 641 1727 699 Cassiani
1747 642 1798 699 im·

134 745 204 799 DD.
222 739 397 806 Benedictus,
419 735 608 801 Cassiodorus,
626 732 799 801 Dominicus,
812 731 941 799 moneas,
997 739 1198 804 pugnatornon
1210 730 1367 804 solumejm
1380 731 1528 790 honorilice
1539 733 1664 789 meminit
1674 735 1702 791 in
1710 734 1796 793 Clvro·

131 833 301 908 Dionysius,
319 830 456 904 ignatius,
478 837 563 901 atque
581 825 640 894 alii,
664 824 824 883 camiamm
845 831 873 879 et
893 810 944 894 ipsi
997 823 1071 893 nico,
1085 824 1134 881 sed
1151 833 1179 880 et
1192 825 1220 880 iu
1238 826 1370 895 opusculo
1384 827 1475 899 ipsum
1488 826 1662 900 redarguens,
1678 828 1795 886 catholi-

132 937 218 988 tanto
237 927 324 986 studio
338 924 456 998 amplexi
476 938 510 980 ac
527 921 647 980 venerati
659 928 740 989 sunt,
762 927 790 974 et
802 917 861 975 aliis
878 935 939 976 am·
993 931 1057 974 cum
1084 916 1260 973 nihilomiuus
1287 918 1428 976 doctorem
1454 923 1596 994 agnoseit,
1623 923 1665 979 his
1694 925 1797 983 scilicet

132 1022 334 1098 plectendum,
369 1006 554 1087 volvendum,
588 1014 762 1073 lectitandum
793 1023 854 1072 tum
889 1030 940 1072 suo
994 1012 1082 1069 verbis
1097 1012 1132 1068 de
1151 1012 1278 1071 Cassiam
1295 1020 1322 1069 et
1342 1014 1401 1071 aliis
1414 1017 1442 1071 s.
1460 1019 1603 1088 Augustini
1619 1019 1795 1091 reprehenso-

129 1116 274 1190 exemplo,
293 1124 355 1172 tum
369 1115 485 1187 seriptis,
505 1120 533 1169 et
545 1110 638 1167 multis
652 1108 783 1166 encomiis
798 1124 939 1166 commen·
993 1106 1069 1164 ribus
1082 1122 1165 1178 agens
1180 1127 1187 1162 ε
1204 1110 1323 1176 Quorum
1336 1113 1426 1164 tamea
1446 1111 1512 1165 dum
1531 1113 1621 1167 eabae
1635 1130 1688 1168 aava
1700 1120 1796 1170 santa

132 1210 247 1278 dunrut,
266 1209 290 1265 si
310 1224 367 1265 non
386 1207 569 1272 utilissimum,
588 1204 676 1260 immo
691 1202 860 1275 praecipuum
879 1203 941 1261 vitm
994 1202 1255 1270 trutenvasoeietete
1266 1203 1357 1266 dv'ev'ei,
1370 1206 1659 1273 mupv'sestteleruadu
1670 1210 1792 1273 ivvtevvtv'e,

134 1301 297 1361 monastica
327 1301 488 1374 speculum,
516 1307 545 1355 et
567 1298 660 1370 paucis
688 1296 807 1368 demptis
838 1298 939 1365 naevis,
994 1312 1077 1366 quum
1088 1297 1795 1370 despuendueorrectv'e,deaecllemiausperllerle-

132 1413 238 1471 eorpus
251 1395 418 1469 caeteroquin
433 1392 659 1466 pulcherrimum,
671 1399 699 1448 et
710 1390 800 1446 modis
812 1391 941 1449 omnibus
993 1393 1181 1460 supertripas
1190 1395 1216 1446 et
1224 1391 1356 1460 legitimos
1361 1391 1528 1461 judiciorum
1538 1406 1648 1447 suerum
1658 1395 1796 1449 mv'aistres

136 1489 354 1550 commendabile
367 1488 557 1560 judicassent?
569 1488 673 1543 Verum
689 1499 721 1539 ex
736 1482 852 1540 adverso
862 1492 939 1541 stan·
994 1485 1058 1548 lvec,
1066 1501 1126 1555 pue
1133 1501 1339 1564 perpaucorum
1346 1487 1510 1556 supevbvirm,
1523 1490 1548 1541 et
1558 1486 1737 1557 quorumdum
1745 1490 1794 1542 im·
1808 1498 1815 1509 ¹

136 1592 198 1642 tem
217 1584 283 1641 mihi
304 1582 395 1640 videre
423 1580 514 1638 videor
536 1595 628 1637 aerem
650 1578 853 1646 adversarium,
871 1580 939 1635 Pro·
990 1581 1120 1650 peritiam
1132 1579 1242 1634 turbate
1252 1583 1325 1643 suat,
1336 1584 1486 1651 comperiat.
1500 1581 1566 1637 Haee
1576 1580 1726 1651 Prosperin
1737 1580 1796 1652 ejus

134 1691 250 1749 sperum
264 1677 340 1733 illum
359 1675 541 1748 Rhegiensem
558 1673 728 1745 episcopum,
745 1670 792 1742 qui
812 1671 940 1743 peculiari
994 1673 1084 1744 operis
1109 1673 1213 1746 epilogo
1238 1692 1245 1727 ι
1272 1673 1372 1746 quibus
1391 1673 1516 1746 intelligis
1540 1674 1701 1730 Cassianum
1726 1674 1796 1732 inter

137 1770 219 1840 libro,
241 1778 272 1827 ut
285 1770 389 1826 metum
409 1777 461 1838 est,
482 1768 612 1825 adversus
633 1767 801 1825 collatorem
821 1765 895 1822 edito
912 1767 941 1822 in
993 1765 1144 1822 catholicos
1160 1765 1328 1838 professores
1342 1777 1562 1825 annumeratum.
1579 1773 1617 1826 At
1634 1769 1722 1826 multo
1739 1785 1797 1826 oer-

134 1866 301 1923 Cassianum
320 1865 474 1938 (suppresso
500 1871 593 1920 tamen
614 1862 675 1935 eius
697 1860 818 1929 nomine)
837 1861 939 1934 stylum
956 1843 980 1905 Β
994 1859 1049 1916 tius
1059 1867 1254 1932 argumentum
1265 1874 1298 1915 ex
1311 1875 1344 1916 eo
1356 1861 1428 1916 sumi
1439 1860 1553 1928 videtur,
1567 1861 1641 1933 quod
1653 1863 1796 1921 Cassianus

135 1958 260 2026 strinxit,
279 1966 306 2014 et
324 1958 503 2014 collationem
518 1956 577 2030 ejus
597 1955 706 2012 usuam
724 1953 859 2011 decimam
877 1969 939 2027 gra·
995 1962 1058 2026 post
1070 1952 1234 2010 collationes
1247 1968 1264 2009 a
1277 1968 1307 2010 se
1317 1953 1475 2025 descriptas,
1491 1954 1608 2023 monitu,
1626 1963 1654 2012 et
1668 1955 1796 2014 adhorta·

136 2056 208 2112 viter
217 2055 394 2128 impugnavit.
414 2054 485 2125 Quid
496 2053 541 2110 hie
552 2052 652 2120 dicam
666 2051 754 2108 amice
766 2052 869 2108 lector?
883 2056 939 2125 An,
976 2094 981 2101 .
995 2046 1069 2103 tione
1080 2046 1180 2102 Leonis
1198 2048 1332 2103 Romanae
1351 2045 1478 2103 Ecclesia
1491 2045 1688 2116 archidiaconi,
1702 2057 1795 2119 postea

136 2162 205 2204 cum
224 2148 367 2205 Gennadio
385 2146 556 2213 blassiliensi,
571 2155 604 2203 ut
621 2145 778 2202 &umnam
798 2160 939 2217 excusem,
994 2141 1127 2215 pontilicis
1146 2141 1258 2208 summi,
1279 2140 1408 2197 adversus
1429 2141 1595 2206 Nestorium,
1616 2140 1748 2197 disertum
1763 2158 1795 2198 ac

138 2244 179 2296 D.
195 2245 372 2312 Prospemm,
391 2240 482 2296 virum
502 2239 577 2295 omni
596 2239 749 2312 exceptione
769 2239 939 2312 superiorem
994 2238 1136 2311 perutilem
1150 2236 1184 2294 de
1199 2236 1387 2293 incarnatione
1401 2236 1514 2293 Domini
1531 2235 1615 2293 edidit
1626 2245 1796 2294 commenta-

137 2339 172 2387 et
187 2331 411 2404 probatissimum
432 2331 555 2388 Ecclesiae
569 2331 708 2388 doctorem
725 2348 872 2402 arcessam,
892 2342 940 2390 aut
993 2329 1074 2396 dum,
1085 2328 1384 2402 eodemquevolumine
1396 2328 1795 2402 PelagiumrelutNesturianae

133 2423 299 2496 suggillem?
312 2423 390 2478 absit.
404 2425 516 2478 Amans
529 2429 597 2479 certe
610 2426 769 2494 cussiacus,
790 2427 838 2481 sed
851 2429 939 2495 mupis
995 2422 1107 2480 haeresis
1121 2432 1263 2495 parentem
1281 2422 1454 2478 vehementer
1471 2421 1626 2495 exagitavit.
1649 2425 1719 2479 Nam
1733 2422 1795 2480 Col·

135 2518 227 2572 amaea
241 2517 352 2570 seriam.
367 2515 527 2572 Cassianum
543 2516 572 2572 in
582 2517 635 2572 boe
646 2532 702 2573 non
717 2517 812 2574 leviter
823 2533 938 2585 errasse,
996 2517 1129 2575 ladanum
1151 2517 1237 2572 libros
1252 2516 1400 2573 absolvisse
1417 2532 1457 2584 se,
1478 2523 1623 2588 antequam
1641 2517 1683 2573 his
1699 2517 1733 2575 de
1752 2521 1796 2575 ln-

134 2607 277 2678 multaque
288 2606 499 2678 reprehensione
509 2607 621 2682 dignum
632 2610 767 2667 exstitisse
776 2627 857 2668 nemo
866 2628 940 2669 saure
995 2612 1153 2689 carnatione
1167 2609 1316 2667 scribendis
1326 2609 1403 2667 libris
1415 2624 1528 2665 manum
1540 2610 1709 2680 adnvoreret,
1724 2612 1807 2684 ipse·.

133 2701 237 2759 mentis
262 2699 417 2773 negaverit,
441 2699 516 2771 quod
542 2702 613 2759 inter
633 2703 685 2759 alia
713 2706 939 2764 anachoretarum
995 2710 1054 2760 met
1066 2704 1094 2758 in
1106 2701 1266 2773 praelatione
1278 2710 1402 2770 testatur,
1414 2702 1482 2758 dum
1493 2701 1533 2758 sic
1544 2701 1685 2758 exorditur
1698 2723 1704 2758 :
1716 2705 1797 2759 Abso-

135 2798 210 2855 rlicta
230 2796 410 2854 (collationem
430 2796 504 2852 illam
523 2796 628 2854 abbatis
653 2799 851 2869 Chaeremouis,
877 2816 939 2873 quae
995 2800 1060 2854 lutis
1083 2798 1187 2853 dudum
1213 2797 1391 2853 collationum
1416 2797 1582 2864 spiritalium
1609 2797 1719 2858 libellis,
1743 2804 1794 2852 etc.

134 2898 196 2949 tots
209 2889 343 2963 Pelagiaui
357 2890 493 2963 dogmatis
511 2890 622 2965 fuligine
636 2908 759 2965 respersa
771 2902 822 2962 est,
836 2894 940 2952 deseri-
995 2892 1125 2965 idemque
1139 2889 1273 2948 Gennadii
1291 2890 1378 2962 elogio
1397 2888 1601 2960 comprobatur,
1623 2888 1668 2944 ubi
1684 2887 1743 2944 hac
1762 2889 1796 2945 de

136 2983 255 3042 bendum
266 2983 426 3056 susceperit,
436 2999 550 3057 eamque
559 2985 588 3041 iu
600 2987 784 3058 publicumita
794 2988 935 3061 evulgarit,
995 2986 1124 3044 Cassiano
1138 3005 1144 3042 :
1160 2986 1206 3042 Ad
1216 2990 1366 3041 extremam
1376 2987 1487 3054 reputes
1497 2998 1514 3037 c
1526 2987 1610 3039 Leevve
1619 2984 1694 3037 verus
1707 2987 1796 3040 Peme

135 3087 171 3136 ut
180 3087 207 3136 et
220 3080 278 3152 ipse
292 3078 398 3152 Pelagio
410 3079 531 3148 studere,
546 3089 575 3136 et
589 3084 625 3137 Ι).
643 3083 797 3155 Augustino
808 3082 937 3157 refragari
994 3084 1192 3146 archidiacono,
1201 3086 1295 3153 postea
1306 3084 1435 3153 episcope,
1446 3083 1554 3151 scripsit
1566 3080 1695 3135 aduersas
1706 3082 1797 3137 Nesto-

137 3171 294 3229 videretur:
312 3187 345 3228 eo
359 3172 513 3245 praesertim
524 3180 659 3245 tempore,
672 3190 728 3247 quo
740 3175 865 3247 ejusdem
879 3181 937 3232 Au·
994 3180 1067 3232 mura
1078 3178 1112 3232 dc
1126 3179 1313 3232 incarnatione
1327 3177 1436 3231 Domini
1450 3176 1531 3229 libros
1544 3179 1652 3245 septem,
1669 3179 1694 3229 et
1708 3176 1735 3227 ia
1753 3174 1795 3228 his

137 3265 240 3339 gustiui
258 3265 357 3336 scripta
373 3264 406 3322 de
425 3265 513 3338 gratia
531 3265 583 3321 Dei
602 3274 630 3320 et
647 3264 735 3321 libere
756 3266 873 3323 hominis
893 3283 939 3323 ar·
994 3270 1129 3325 scribendi
1137 3269 1212 3339 upred
1221 3269 1381 3329 bleissrh'em,
1391 3272 1416 3322 et
1424 3267 1534 3321 eimedi
1539 3269 1619 3335 finem
1627 3267 1702 3332 serit,
1716 3266 1797 3320 Theo·

134 3355 221 3413 bitrio
236 3355 364 3414 adversus
378 3356 536 3429 Pelagianos
555 3356 627 3413 edita
641 3364 656 3412 a
671 3357 834 3429 quibusdam
853 3360 938 3417 Galli·
992 3365 1107 3420 desvbet
1130 3364 1320 3419 Valentiniano
1335 3361 1522 3430 repetentibus.
1540 3359 1608 3432 Quis
1622 3375 1686 3415 vero
1703 3358 1796 3415 credat

133 3451 212 3509 canis
235 3450 416 3524 presbyteris,
445 3452 491 3524 qui
519 3467 550 3511 se
575 3452 726 3510 catholicos
758 3454 939 3513 nihilominus
992 3458 1116 3513 munem
1130 3454 1217 3523 illum,
1232 3453 1436 3510 sanctissimum
1453 3468 1484 3509 ac
1504 3452 1738 3524 sapientissimum
1756 3451 1796 3508 vi·

134 3542 334 3617 profitebantur
352 3544 434 3610 (inter
449 3559 519 3616 quos
532 3553 560 3601 et
578 3546 723 3603 Cassianus
736 3549 938 3606 annumeraba·
992 3565 1066 3619 runa,
1079 3550 1107 3605 in
1125 3548 1190 3606 illud
1202 3564 1272 3622 opus
1288 3549 1437 3605 uenalium
1454 3563 1536 3621 quom
1550 3547 1712 3604 Cassianum
1727 3545 1794 3604 deli-

134 3643 203 3707 tur),
217 3638 373 3696 inconsulto
388 3654 420 3696 ac
435 3646 539 3696 temere
557 3639 778 3710 traducerentur,
791 3651 819 3699 et
831 3644 858 3700 in
871 3660 937 3701 oon-
992 3658 1058 3715 gere
1073 3641 1203 3711 voluisse,
1226 3641 1279 3698 nisi
1297 3657 1360 3698 eum
1378 3649 1480 3707 nosset,
1499 3648 1546 3696 aut
1564 3641 1715 3697 certissime
1733 3655 1791 3697 ere·

118 3733 299 3791 .troeersiam
318 3740 517 3790 revocarentur.
538 3734 599 3802 Qua
613 3743 772 3808 tempestate
784 3737 850 3793 nibil
865 3738 938 3796 vide·
993 3738 1070 3796 deret
1096 3753 1145 3811 per
1167 3738 1259 3795 omnia
1286 3736 1491 3807 orthodoxum,
1514 3736 1596 3794 etde
1621 3737 1704 3794 rebus
1728 3735 1791 3794 hdei

134 3827 216 3885 batur
225 3826 438 3893 incommodius,
450 3835 498 3884 aut
508 3828 689 3901 importunius
701 3828 772 3888 illius
784 3832 940 3891 collationis
993 3832 1098 3906 optime
1119 3832 1297 3901 sentientem,
1319 3839 1400 3905 atque
1423 3831 1492 3889 adeo
1513 3830 1665 3904 Pelagianis
1683 3830 1795 3903 perinde

133 3919 246 3993 scripto,
261 3919 336 3992 quod
349 3919 402 3976 suh
415 3921 504 3992 specie
518 3921 606 3978 mellis
618 3937 755 3979 venenum
774 3926 938 3998 propinaret,
993 3941 1026 3983 sc
1045 3927 1214 3984 Nestorianis
1233 3927 1350 3982 maxime
1374 3924 1533 3983 infensum?
1553 3925 1635 3994 Quod
1658 3933 1686 3982 et
1706 3925 1796 3996 reipsa

133 4022 197 4070 tum
215 4013 251 4071 ad
264 4015 384 4072 auctoris
401 4011 552 4085 infamiam,
567 4015 724 4073 tumidi).
739 4018 881 4087 augustini
895 4019 938 4074 in·
993 4020 1118 4093 probavit
1142 4021 1296 4089 Cassianus,
1321 4019 1388 4077 dum
1417 4020 1445 4077 id
1472 4020 1593 4076 muneris
1615 4017 1797 4074 libentissime

132 4106 248 4180 justam,
266 4117 328 4163 ium
341 4106 456 4179 denique
477 4107 512 4165 dd
526 4109 682 4165 animarum
697 4108 842 4166 discrimen
861 4126 940 4182 poste
993 4117 1123 4189 suscepit,
1139 4117 1270 4188 omnique
1283 4114 1375 4172 studio
1396 4115 1425 4168 iu
1439 4113 1467 4169 id
1488 4112 1576 4182 operis
1591 4109 1725 4179 incubuit,
1740 4125 1795 4182 quo

135 4197 261 4266 obtrudi,
278 4205 309 4254 ut
322 4197 373 4256 hoc
383 4200 424 4258 vel
437 4199 498 4256 solo
510 4200 621 4257 nomine
631 4201 776 4258 Cassianus
789 4210 846 4258 tam
860 4203 940 4260 Gela·
994 4208 1198 4266 macerrimum
1209 4217 1270 4263 vum
1281 4203 1427 4276 pelagiani,
1439 4212 1499 4260 tum
1511 4203 1667 4261 Nestoriaui
1680 4201 1795 4278 dogma·

131 4291 170 4350 sii
189 4307 344 4362 censuram,
363 4307 447 4365 quam
469 4295 597 4368 Prosperi
614 4295 863 4368 reprehensionem,
882 4297 940 4354 ani·
993 4301 1161 4369 tisbostem,
1176 4309 1204 4357 et
1223 4297 1365 4357 catholica
1379 4297 1499 4355 veritatis
1516 4306 1658 4355 strenuum
1679 4306 1796 4356 asserto·

133 4385 412 4460 madversiouemque
426 4387 525 4446 merito
538 4387 693 4446 incurrerit.
712 4391 775 4446 Non
786 4391 859 4448 enim
873 4407 938 4449 cum
993 4412 1052 4455 rem
1066 4395 1191 4454 exhibuit
1208 4415 1214 4451 :
1235 4410 1268 4451 ae
1283 4392 1396 4468 proinde
1412 4394 1434 4451 si
1448 4392 1514 4465 quid
1528 4392 1665 4466 prioribus
1686 4393 1796 4466 seriptis

131 4478 183 4534 illo
202 4479 300 4536 abbate
317 4480 508 4550 Chaeremone,
530 4497 614 4554 quem
630 4482 656 4538 iu
675 4482 719 4540 illa
739 4484 890 4543 collatione
904 4484 939 4542 de
991 4505 1041 4564 per
1052 4489 1262 4564 imprudentiam
1278 4487 1437 4561 humanitus
1452 4487 1581 4559 peccarit,
1598 4488 1681 4560 digna
1701 4500 1795 4544 emen·

132 4572 222 4646 gratia
244 4573 295 4630 Dei
315 4582 344 4630 et
361 4572 446 4631 libero
465 4574 576 4632 arbitrio
591 4574 770 4634 disserentem
791 4578 976 4646 introducitI)
993 4584 1103 4642 datione
1120 4584 1212 4640 sanior
1231 4591 1259 4639 et
1272 4582 1379 4639 cautior
1393 4580 1517 4651 eiieetus,
1533 4580 1677 4638 salubriter
1694 4581 1797 4638 abster-

131 4666 293 4737 Cassianus,
309 4667 361 4724 sibi
372 4677 510 4725 certamen
525 4669 674 4728 ineundum
685 4673 788 4744 putavit
799 4676 934 4747 Prosper:
992 4679 1039 4738 sit.
1058 4676 1140 4748 Quod
1161 4684 1192 4734 ut
1212 4678 1311 4734 certius
1329 4675 1378 4733 tibi
1392 4684 1507 4744 constet,
1528 4674 1592 4732 audi
1615 4674 1705 4746 ipsum
1729 4674 1798 4742 (Lib.

132 4762 204 4818 Cum
215 4764 270 4829 illc,
283 4763 383 4836 inquit,
396 4766 464 4822 tales
476 4769 613 4837 opiniosus
627 4783 691 4824 suess
704 4774 753 4824 aut
765 4771 889 4841 aegerede
900 4787 939 4827 re·
993 4773 1027 4830 de
1043 4776 1151 4830 meum.
1174 4788 1234 4843 cup.
1257 4775 1303 4838 l),
1328 4770 1350 4826 si
1367 4769 1465 4842 placet,
1484 4768 1519 4826 dc
1536 4769 1654 4839 leporio
1676 4764 1797 4838 quodam

132 4858 254 4924 saturet,
269 4863 320 4914 eut
336 4861 493 4932 corrigendo
505 4862 621 4919 dilueret
635 4883 642 4919 :
657 4864 706 4920 sed
718 4880 783 4920 cum
798 4866 857 4938 ipso
871 4868 937 4923 Cas·
993 4866 1154 4940 presbytero
1177 4865 1248 4922 inter
1273 4862 1435 4935 Pelagianos
1454 4860 1659 4926 famosissimo,
1684 4856 1796 4915 tandem

128 4950 222 5017 dano,
241 4953 288 5025 utri
308 4953 393 5011 talem
413 4954 568 5013 doctrinam
587 4958 623 5014 ita
645 4960 800 5032 evulgaret,
824 4970 856 5016 ut
877 4976 939 5018 eam
992 4959 1048 5016 suis
1068 4956 1180 5014 monitis
1196 4955 1230 5011 ad
1245 4955 1382 5011 saniorem
1401 4962 1525 5010 mentem
1543 4957 1571 5008 et
1584 4951 1666 5008 fidem
1681 4950 1794 5009 catholi-

129 5044 300 5118 approhasse
312 5063 346 5106 ac
359 5049 508 5123 suscepisse
520 5051 633 5109 omniuo
647 5052 813 5112 crederetur.
993 5067 1054 5110 eam
1067 5056 1205 5118 revocato,
1221 5048 1259 5105 ita
1273 5047 1451 5116 scribentem,
1464 5043 1632 5119 suffragante
1645 5045 1750 5116 itidem,
1764 5062 1797 5104 ae

169 5140 275 5196 Vemm
293 5156 353 5199 non
372 5142 410 5201 ita
423 5159 518 5203 revera
535 5147 650 5204 sensisse
664 5148 835 5217 Cassianum,
851 5164 939 5222 neque
993 5143 1181 5203 testimonium
1206 5142 1256 5216 ipsi
1279 5141 1438 5215 perhibente
1461 5140 1604 5198 Gennadio
1627 5160 1634 5196 :
1656 5143 1795 5212 teperteu,

131 5249 166 5291 er
186 5250 238 5292 sua
261 5237 394 5295 sententia
413 5239 452 5296 ita
474 5240 628 5313 scripsisse,
650 5241 699 5299 sed
725 5243 845 5300 aliorum
866 5242 939 5301 dicta
993 5241 1090 5313 inquit,
1110 5245 1173 5297 tuuc
1186 5241 1342 5303 mumulus,
1356 5238 1434 5294 mede
1445 5238 1596 5309 presbyter,
1609 5238 1658 5308 qai
1671 5253 1705 5292 ec
1718 5237 1796 5293 Pete·

117 5328 278 5397 ,dumtaxat
297 5331 433 5405 mtuluse,
455 5334 579 5407 pluribus
596 5337 776 5409 argumentis,
797 5336 872 5395 nullo
894 5353 939 5394 sa·
994 5339 1036 5407 pii
1046 5337 1225 5399 ivutitutv'evee,
1240 5335 1281 5389 vet
1292 5336 1384 5405 putiau
1395 5333 1534 5404 paucitate
1548 5331 1709 5387 descendeus
1721 5329 1797 5402 apud

128 5423 216 5482 niueis
229 5426 372 5485 mnmntiae
388 5426 559 5500 praeiudicio,
574 5430 685 5503 probari
698 5439 798 5503 potest.
814 5431 939 5488 Primum
994 5431 1099 5489 eortius
1117 5433 1235 5485 assertor
1243 5427 1384 5499 proedv'ctoe
1397 5427 1535 5490 hereseos,
1550 5430 1600 5481 aut
1613 5428 1684 5482 inter
1693 5427 1797 5496 pamas

133 5516 209 5588 quod
222 5519 279 5591 ipse
293 5520 417 5593 pluribus
428 5520 457 5577 iu
469 5519 548 5593 locis,
559 5523 713 5596 prasertim
731 5539 844 5582 suarum
857 5525 938 5583 lusti·
994 5529 1121 5583 uutiatcr
1129 5525 1327 5593 mueimesfeit
1336 5523 1435 5579 eabba
1445 5522 1610 5588 summitur,
1619 5539 1637 5578 a
1646 5527 1797 5582 ileoemea·

130 5608 284 5681 munuum,
311 5613 358 5671 ubi
379 5611 415 5672 de
436 5615 532 5689 gratiae
553 5616 604 5674 Dei
624 5619 793 5689 necessitate,
811 5628 839 5677 et
862 5619 939 5677 liberi
994 5614 1577 5693 delusitemuleeeuceptampevsuoaioaem
1586 5622 1796 5691 magnificemu-

127 5700 239 5759 erhitrii
251 5705 434 5767 imbecillitate
447 5709 568 5782 disserit,
586 5712 623 5769 ita
637 5712 680 5784 pie
698 5721 727 5770 et
744 5712 877 5770 catholice
898 5713 939 5771 lo·
994 5713 1142 5779 demeavit
1157 5719 1190 5770 ut
1201 5730 1256 5770 aea
1267 5701 1357 5771 rachus
1365 5730 1433 5786 perce
1445 5714 1612 5770 admirande
1623 5717 1659 5772 sit
1671 5715 1796 5771 eorrectio

130 5795 237 5871 quitur,
258 5808 289 5858 ut
307 5818 338 5870 se
351 5804 386 5862 ab
404 5819 500 5864 errore
518 5805 620 5880 Pelagii
637 5805 835 5863 alienissimum
855 5805 938 5863 luisse
993 5809 1078 5875 itlius,
1092 5810 1273 5880 quamtitesa
1284 5810 1506 5881 multorumvtdes
1518 5828 1527 5866 ε
1538 5811 1605 5880 quia
1612 5812 1733 5881 pomum
1745 5811 1795 5871 est,

129 5893 393 5967 plmedemonstret
408 5901 505 5976 :quod
515 5901 941 5978 argumenmmaDo.Cuyehio
994 5904 1813 5978 averempenitruaevav'acurrereeseevadusv,benerepu-

240 5988 376 6048 Prason.
391 5992 498 6050 xllx.
1174 6024 1183 6043 ρ
1662 5999 1687 6049 *t
1781 6006 1786 6015 “
