3848 6158
122 242 174 297 'iil
666 225 807 285 loannis
825 220 977 281 cassineti
994 214 1239 277 COLLthOh'ES·
1732 212 1791 269 7³2

126 363 221 421 ritales
234 361 413 432 otalestesquc
427 357 543 414 virtutes
567 358 656 411 buum
673 350 779 420 iecisse,
798 365 860 423 quar
877 364 927 423 pro
941 344 1110 413 Acreationi
1127 341 1261 409 siderum,
1276 346 1339 395 ante
1361 332 1434 392 istud
1450 331 1611 407 principium
1622 330 1652 387 in
1669 345 1729 404 guo
1745 330 1792 389 fa.

133 456 187 513 hoc
212 454 272 527 ipso
286 451 361 527 quod
382 450 483 508 scirent
509 464 539 505 se
564 447 600 505 ad
627 454 733 503 numm
757 443 934 503 beatitudinis
984 440 1171 501 ctumdicitur
1184 437 1327 497 coelumet
1343 442 1431 501 terra,
1445 430 1528 487 creati
1550 428 1640 486 inisse
1654 428 1792 489 manifes-

130 548 246 623 gloria'm
261 544 393 603 beneficio
417 542 559 601 creatoris
582 556 615 597 ert
641 538 732 595 nihilo
757 537 841 595 luisse
865 553 933 609 pro·
986 540 1093 598 tissime
1106 536 1331 611 comprobantur,
1344 530 1442 606 quippe
1456 528 1502 601 qui
1521 525 1645 601 proistis
1658 527 1794 587 omnibns

130 638 228 697 ductas
275 646 422 711 perpetuas
464 635 489 692 ei
527 633 629 706 gratias
668 631 814 689 relerentes
854 629 933 688 inde·
987 636 1138 694 visibilibus
1164 632 1308 699 creaturis,
1332 642 1401 702 quus
1421 625 1549 683 ridebant
1573 638 1608 680 ex
1622 622 1708 682 nihilo
1721 639 1793 697 pro·

129 730 250 787 sinenter
286 729 345 800 ejus
380 726 510 783 laudibus
533 725 711 792 inhaererent,
749 739 832 781 nemo
868 723 934 780 hde-
987 731 1277 802 oessjfficmrorem
1290 740 1388 798 magna
1401 719 1641 779 voeeseieruntur
1656 718 1794 779 stasmi.

132 822 200 878 lium
235 819 355 875 dubitat.
383 829 396 856 ⁸
431 818 489 875 lieo
515 818 591 875 enim
618 817 776 874 existimare
801 816 934 874 debemus
987 830 1093 888 „guone
1118 826 1251 885 nudasse,
1284 824 1298 861 a
1324 828 1396 881 gut„
1419 819 1495 878 ispug
1532 834 1600 891 ⁰¹⁸⁰
1636 821 1794 892 gemme

33 918 36 923 '
132 910 280 970 creationis
296 918 323 967 et
338 910 439 983 opificii
458 910 501 967 sui
521 908 651 982 principia
668 908 703 966 ab
725 907 811 981 hujus
837 908 934 967 mundi

132 1004 331 1063 constitutions
354 1007 446 1061 Deum
469 1001 598 1075 primitus
621 1000 779 1070 inchoasse,
800 1000 878 1073 qrrasi
904 1000 934 1056 in

131 1099 186 1155 illis
199 1098 385 1156 anterioribus
401 1106 483 1169 atque
502 1094 652 1151 innumeris
680 1094 785 1150 sacculis
803 1094 839 1151 ad
858 1092 933 1149 omni

131 1192 302 1267 providentia
326 1200 354 1249 et
378 1188 579 1263 dispensatione
598 1186 688 1243 diuina
709 1187 789 1245 luerit
810 1187 933 1256 otiosus,

131 1301 164 1342 ac
177 1292 318 1356 tamquam
333 1299 390 1340 non
402 1282 507 1339 hahens
522 1282 632 1354 inques
645 1280 776 1338 bonitatis
790 1296 935 1338 suaeexer-

131 1386 205 1435 oeret
219 1377 360 1445 beneficia,
370 1376 520 1446 solitarius,
535 1381 618 1447 atque
631 1375 665 1431 ab
677 1374 755 1431 omni
768 1374 934 1431 muniliecn·

132 1470 169 1527 tia
183 1470 286 1527 alienus
312 1469 395 1527 inisse
422 1468 559 1537 credatur,
577 1466 652 1539 quod
676 1465 712 1522 de
739 1466 783 1523 illa
801 1468 934 1525 immensa

131 1580 164 1621 ae
178 1564 235 1619 sine
249 1562 383 1635 principio
394 1570 421 1616 et
435 1559 703 1633 incomprehensibili
714 1558 859 1631 majestate
869 1559 935 1616 satis

133 1656 236 1712 hurnile
249 1663 291 1710 est
312 1654 546 1727 incongruumque
564 1652 674 1721 sentire,
691 1652 750 1724 ipso
766 1651 886 1708 Domino
901 1650 935 1709 de

988 928 1151 1002 principium
1173 924 1246 998 quod
1267 938 1283 980 a
1302 923 1398 995 Moyse
1410 918 1534 993 ponitur,
1549 915 1678 990 quodque
1691 916 1795 976 mundi

987 1026 1070 1099 hujus
1077 1023 1229 1083 seeundum
1241 1020 1415 1085 historicum,
1425 1018 1510 1073 immo
1522 1014 1795 1090 Judammjsensum

987 1126 1081 1199 signat
1092 1131 1202 1183 aetartem
1227 1120 1311 1192 (salvo
1326 1117 1430 1175 scilieet
1443 1122 1539 1172 nostro
1559 1128 1649 1181 sensu,
1664 1130 1721 1187 quo
1736 1130 1795 1173 nos

988 1223 1200 1296 interpretamur
1211 1218 1338 1275 omnium
1350 1230 1444 1273 rerum
1459 1212 1602 1269 Christum
1615 1226 1675 1268 esse
1685 1213 1796 1285 princi·

987 1322 1074 1395 pium,
1102 1320 1130 1375 in
1151 1334 1206 1390 qno
1232 1315 1324 1373 omnia
1352 1309 1484 1369 creaverit
1509 1310 1608 1375 Pater,
1637 1308 1793 1368 secundum

987 1418 1053 1476 illud
1066 1418 1170 1491 (loonn.
1182 1418 1210 1485 l)
1222 1435 1231 1471 :
1247 1415 1345 1472 Omnia
1353 1428 1404 1483 per
1421 1413 1508 1481 tirsum
1519 1410 1597 1475 suctu
1606 1411 1681 1477 sunl,
1695 1412 1722 1465 el
1735 1409 1793 1463 stlte

987 1524 1154 1593 ipsofuctnm
1171 1524 1209 1575 est
1225 1517 1318 1587 nihilh
1334 1523 1396 1571 ante
1411 1511 1494 1581 istud,
1510 1512 1632 1583 inquam,
1648 1511 1796 1570 Gens-scos

988 1623 1323 1699 temporalessprineipium,
1340 1635 1436 1677 omnes
1448 1618 1508 1674 illas
1529 1622 1673 1689 potestates
1685 1614 1795 1674 cceles-

132 1748 185 1805 illis
217 1746 399 1819 potestatibus
422 1746 481 1801 lucc
507 1744 614 1801 dicente
637 1763 644 1800 ι
679 1739 692 1777 ¹’
717 1746 830 1814 Quoredo
857 1748 971 1829 socioB
988 1728 1208 1802 willielmum
1222 1728 1314 1781 Dium
1326 1736 1431 1779 “0³50
1448 1736 1505 1778 ¹¹⁰⁰
1518 1718 1635 1777 dubium
1653 1726 1705 1775 ⁰⁵²·
1719 1722 1794 1792 0¹¹²*

133 1846 197 1897 stent
210 1843 293 1897 simul
302 1842 403 1905 sidero,
413 1840 593 1895 louducount
606 1856 647 1896 me
657 1856 716 1896 uoce
726 1856 827 1910 mopere
846 1856 935 1897 omnes
989 1832 1136 1907 Apostolus
1161 1847 1209 1904 per
1228 1827 1353 1886 ordinem
1381 1826 1560 1883 dinumerans
1582 1822 1620 1879 ita
1637 1822 1791 1881 describit:

134 1938 227 2008 ‹rrrpeli
247 1940 300 1993 ruci
326 1937 404 2008 (ioh.
431 1936 573 2009 xxrvtrt).
598 1936 680 2007 ‘Qui
708 1952 773 2010 ergo
799 1937 936 1993 intersunt

1024 1946 1036 1973 ⁰
1052 1938 1122 2004 Quoia
1136 1937 1165 1990 in
1181 1934 1287 1991 clnisto
1300 1934 1391 1987 erecto
1404 1932 1469 1986 sunt
1490 1929 1592 1995 omerio,
1611 1928 1737 1997 situque
1760 1929 1792 1983 in

677 2047 807 2102 nbhttbt
825 2048 940 2103 GdZAEl
959 2044 1242 2105 COMMENTARIUS.

133 2155 273 2225 principio
298 2157 398 2210 nescit
416 2160 487 2213 Deris
504 2154 596 2209 erchem
610 2157 756 2208 eticorum.
777 2152 869 2221 (Nom
887 2154 935 2209 hoc

136 2242 231 2280 rerum
245 2242 298 2281 aron
311 2232 388 2293 essct,
403 2228 430 2281 si
446 2226 516 2298 quid
528 2230 644 2281 creasset
656 2229 747 2289 carten,
772 2224 935 2280 aitsanctus

135 2294 276 2361 Tlromus).
291 2298 360 2352 ltem
375 2296 461 2353 Exodi
476 2312 517 2353 xx
533 2316 539 2352 :
554 2298 607 2353 Ser
622 2296 716 2350 diebus
726 2296 790 2363 serit
805 2298 935 2351 muninus

136 2369 231 2423 coelum
241 2374 267 2422 ct
286 2373 396 2432 tera-arn,
413 2372 438 2423 el
456 2384 539 2435 unare,
555 2372 580 2422 et
598 2370 687 2421 ermino
697 2382 756 2436 pure
770 2368 799 2419 r'u
810 2368 849 2421 cis
859 2370 934 2429 strui,

137 2444 163 2495 et
177 2440 309 2508 requierit
325 2442 353 2494 ιιι
362 2441 406 2494 dic
419 2442 540 2509 saptiam.
551 2436 677 2493 Secundo
689 2436 851 2492 auctoritate
864 2453 936 2492 eon-

135 2508 190 2565 cilii
200 2511 403 2578 Lateraaensis,
417 2510 462 2564 ubi
476 2509 577 2565 dicitur
591 2527 598 2563 ε
611 2512 679 2564 Dcite
692 2509 727 2562 ub
740 2509 820 2563 initio
833 2512 933 2578 ternpo-

136 2582 176 2635 ιιι
190 2586 332 2653 tetrumque
343 2582 376 2637 tic
394 2582 480 2636 nihilo
493 2580 611 2635 condidit
624 2584 787 2640 erecturum,
805 2582 936 2649 saisitus·

136 2650 188 2707 lent
201 2658 227 2707 ct
240 2654 411 2724 corporalem,
425 2654 572 2721 unpeh'corn
586 2650 710 2705 ciclelieet
723 2648 934 2705 clarundonam.

136 2723 231 2779 Tertio
254 2724 418 2781 tructoritate
433 2725 556 2789 Petrum,
592 2720 618 2777 ui
638 2720 673 2775 ita
688 2720 850 2787 docuerunt,
871 2720 936 2792 Epi·

136 2793 230 2863 phanii
243 2796 339 2853 lraeresi
355 2802 401 2863 ht,
413 2794 557 2867 Augustini
567 2736 655 2848 lidurm
666 2791 700 2848 dc
714 2790 796 2847 Civit.
813 2790 862 2846 Del
874 2806 935 2917 cap.

135 2867 165 2931 ⁰,
179 2863 346 2923 Theodoret.
358 2874 456 2939 quaest.
473 2872 581 2935 ssuper
592 2862 734 2928 Genesim,
751 2861 877 2933 Gregorii
887 2862 905 2917 li
928 2903 935 2917 .

136 2948 223 2989 xuxn
232 2937 330 2991 lloral.
340 2952 403 3007 cap.
420 2941 452 2991 to
464 2936 545 3009 (ljicle
556 2936 665 2989 Sirium
674 2934 783 2987 Senarus.
799 2933 846 2986 hb.
855 2948 875 2989 v
889 2934 935 2990 Βί-

138 3004 231 3057 bliotlr.
256 3012 346 3059 erraret.
376 3006 496 3074 quainter).
521 3004 591 3070 Quae
615 3000 724 3069 qrridem
744 3004 935 3067 auctoritates,

137 3072 261 3141 quamuis
275 3073 344 3128 hanc
354 3073 518 3128 sententiam
531 3070 618 3127 solide
631 3070 806 3141 comitarent,
823 3082 851 3129 et
864 3074 936 3145 plus·

136 3155 221 3211 queam
235 3142 404 3211 probabilem
426 3142 551 3207 reddant,
567 3142 609 3213 pie
625 3148 719 3198 tamen
745 3150 772 3199 et
801 3143 937 3216 sapienter

137 3209 268 3265 admonet
280 3212 309 3267 S.
331 3212 455 3268 Thomas
474 3212 644 3268 contrarium
664 3229 719 3269 non
733 3229 791 3269 esse
807 3222 937 3285 reputan-

137 3277 205 3336 dum
237 3296 395 3349 erroneum,
422 3287 569 3355 Proripne,
585 3284 683 3357 inquit,
705 3290 815 3356 propter
834 3290 939 3340 sentcn-

138 3352 206 3405 lium
220 3353 343 3423 Gregorii
351 3358 526 3423 iiusr'unzeni,
542 3356 619 3425 cnjus
632 3361 709 3412 tantu
720 3363 760 3410 cst
773 3360 801 3411 in
814 3356 938 3411 doctrino

139 3422 295 3479 Cleristrhno
312 3429 469 3495 ortetonhu,
484 3432 514 3481 ut
528 3429 620 3481 arcellus
636 3444 765 3498 umquam
777 3429 836 3497 rjus
857 3428 939 3511 dietis
953 3457 975 3520 C

988 2170 1053 2209 turm
1065 2154 1259 2223 approprietur
1267 2152 1353 2212 Patri,
1366 2150 1477 2217 proprior
1484 2147 1648 2216 paternionis
1668 2146 1710 2199 itu
1718 2144 1794 2214 prin-

989 2228 1089 2295 cipiurn
1104 2224 1256 2293 coemptura
1264 2222 1462 2292 <appropriatur
1477 2215 1680 2287 liliuminter
1692 2218 1793 2286 sapien

990 2299 1058 2350 tehen
1074 2294 1163 2364 (Vide
1187 2295 1258 2361 Artp.
1288 2292 1335 2345 hh.
1351 2290 1571 2355 retribuimus.
1587 2292 1643 2352 23).
1658 2288 1721 2343 allr'r'
1734 2302 1794 2343 cero

989 2368 1129 2428 eliserunt,
1142 2366 1293 2435 corporolia
1314 2377 1368 2416 esse
1389 2366 1479 2415 creua
1494 2376 1511 2413 a
1526 2362 1594 2421 Deo,
1611 2358 1794 2415 modulantibus

988 2430 1793 2506 creohut‘sspiritualibusctudidecelutlendnmcaponitur,

990 2512 1023 2563 In
1032 2510 1166 2579 prirrerpio
1181 2508 1355 2561 ereocr'llleus
1367 2503 1460 2558 cotom
1472 2505 1496 2556 ei
1506 2506 1618 2569 terrum,
1630 2500 1658 2554 t'd
1672 2506 1722 2562 est,
1732 2504 1795 2555 utut

990 2580 1092 2633 omnio.
1114 2580 1238 2645 (htuteeor
1252 2578 1323 2631 enim
1335 2578 1473 2645 perterretur
1486 2573 1570 2627 sinan
1579 2576 1681 2634 crcuto,
1695 2572 1793 2627 scilioel

990 2651 1083 2704 carlum
1106 2664 1271 2719 crnprpreum,
1297 2648 1414 2700 marteris
1427 2645 1585 2713 corporalis,
1607 2658 1669 2712 prece
1690 2642 1793 2698 rumine

991 2726 1071 2775 terret
1082 2721 1255 2789 intelligitur,
1269 2722 1384 2789 ternpus,
1404 2720 1429 2771 ci
1443 2720 1547 2769 recturo
1559 2714 1699 2783 orrpclr‘cu.
1711 2714 1752 2770 lta
1764 2712 1793 2771 S.

991 2792 1130 2916 Themffissrt
1144 2868 1175 2915 ut
1193 2861 1233 2917 sie
1245 2859 1433 2915 existimemus
1444 2857 1534 2911 neom
1546 2852 1727 2911 anterioribus
1738 2852 1793 2911 illis

990 2939 1019 2987 et
1039 2932 1189 2988 innumeris
1202 2930 1310 2986 sacculis
1326 2928 1369 2997 (si
1390 2928 1429 2983 sic
1442 2925 1614 2998 loqrrendum
1634 2926 1707 2993 arti,
1729 2939 1792 3007 quas

990 3004 1093 3058 scilieet
1114 3002 1251 3058 mundum
1277 3006 1484 3072 praecesserunt,
1503 2997 1556 3051 hoc
1578 3005 1631 3064 est,
1657 2996 1691 3052 ab
1717 3010 1791 3053 omna

989 3074 1141 3131 aeternitate
1163 3072 1245 3128 irrisse
1268 3072 1400 3137 otiosum,
1425 3076 1473 3124 aut
1494 3068 1664 3135 solitarium,
1686 3076 1734 3123 aut
1759 3067 1791 3124 ab

992 3144 1068 3200 unani
1081 3143 1267 3201 munificentia
1287 3142 1418 3196 alienum.
1433 3141 1558 3194 AEterrras
1585 3140 1615 3195 in
1635 3142 1693 3195 Deo
1705 3152 1792 3209 ugno-

991 3216 1096 3272 scimus
1114 3216 1244 3276 actiones,
1260 3227 1327 3281 quas
1341 3210 1460 3282 theologi
1475 3217 1573 3265 cocant
1599 3210 1791 3277 immanentes,

991 3285 1045 3342 hoe
1067 3294 1119 3354 est,
1143 3286 1246 3357 inipso
1265 3288 1324 3340 Deo
1345 3290 1498 3348 manentes,
1519 3289 1547 3336 et
1575 3280 1709 3343 internas,
1747 3295 1794 3338 uas

995 3361 1068 3414 llens
1079 3366 1144 3414 ante
1158 3356 1252 3413 narrndi
1268 3353 1490 3410 constitutionem
1506 3351 1534 3406 in
1546 3353 1640 3423 seipso
1647 3360 1734 3408 tracta
1770 3358 1791 3419 t,

991 3428 1123 3499 agitabat,
1151 3426 1302 3494 exercebat,
1332 3433 1396 3497 puta
1420 3431 1553 3479 aeternam
1572 3422 1792 3479 suaedirinitatis

137 3495 301 3551 calumniam
315 3499 416 3565 inferre
428 3500 640 3569 pr·‹csurnpsert'l,
652 3502 720 3555 sieut
729 3514 777 3553 nec
788 3499 938 3555 alileurtusn
991 3514 1158 3571 suommquc
1170 3497 1369 3554 attributorum
1380 3503 1406 3550 et
1417 3492 1791 3565 perfectionumeontempla-

136 3565 310 3633 ιιιιιιιιιιηιιι,
325 3574 356 3622 ut
372 3571 548 3639 llieronpmns
562 3570 638 3623 elicit.

172 3642 184 3671 ¹
198 3639 287 3692 lmmo
307 3636 345 3693 sic
356 3638 509 3693 existimare
521 3638 664 3703 debemus,
676 3636 749 3691 salua
759 3636 840 3709 hujus
851 3637 937 3693 ahba-

135 3706 339 3775 tisreverentia,
348 3707 418 3763 sieut
428 3708 621 3763 existimarunt
629 3715 656 3761 et
664 3706 814 3776 probarunt
824 3709 871 3763 SS.
884 3710 936 3764 Pa·

136 3779 290 3835 tresmodo
314 3778 408 3848 citati,
425 3778 535 3851 angelos
566 3777 619 3833 dici
646 3778 768 3848 primum
797 3778 937 3849 opilreinm

138 3850 208 3911 Dei,
238 3865 294 3906 non
318 3849 393 3921 quod
415 3858 478 3905 ante
501 3848 596 3905 mundi
612 3848 695 3918 huius
708 3848 936 3905 constitutionem

136 3921 305 3988 exstiterint3
321 3920 369 3977 sed
382 3920 456 3992 qnod
467 3920 556 3992 primo
570 3919 615 3976 dio
625 3918 707 3974 siatul
720 3934 784 3974 cum
812 3920 894 3983 coelo,
909 3928 937 3976 et

135 3990 164 4047 in
175 3992 258 4059 eoelo,
275 4000 305 4046 ut
324 4006 420 4047 eorum
431 3991 555 4064 dignitati
572 3989 756 4061 congruebat,
772 3989 825 4045 siut
840 3992 935 4058 creati,

136 4072 167 4119 ut
184 4063 361 4119 nobilissimae
382 4070 471 4135 partes
493 4070 521 4119 st
538 4071 671 4118 ereatnrae
698 4060 785 4117 totius
808 4062 934 4118 uniuersi.

171 4135 185 4169 ¹¹
199 4136 239 4190 lta
259 4134 376 4207 quidem
402 4134 572 4207 septuaginta
588 4136 762 4215 ltrterppetes,
780 4147 836 4259 spuo
851 4132 936 4189 etiam

136 4205 221 4261 modo
244 4206 331 4261 citant
349 4205 518 4278 Epiphanius
529 4212 556 4261 et
570 4208 741 4275 Augustinus
765 4219 783 4258 u
804 4221 811 4258 r
834 4219 935 4275 supro:

138 4275 210 4330 unde
223 4275 306 4332 etiam
326 4278 458 4345 colligunt
471 4285 499 4331 et
512 4277 629 4347 probunt
646 4274 759 4345 angelos
781 4274 869 4345 primo
891 4275 936 4332 die

137 4342 221 4400 inisse
235 4346 371 4400 conditos.
384 4343 470 4401 Porro
481 4347 595 4417 Vulgata
611 4345 690 4399 lectio
703 4344 743 4399 sic
755 4343 855 4401 lrabet:
870 4348 937 4403 Cum

136 4430 178 4468 sne
191 4416 333 4468 lerreclurent
343 4418 425 4468 simul
430 4422 505 4469 astru
515 4418 659 4479 malenino,
667 4419 692 4469 cl
693 4416 936 4483 julnlurenlomnes

136 4486 190 4551 sotii
201 4488 249 4537 liei
263 4484 482 4551 (tolnxxxvnr).
498 4486 579 4541 Unde
594 4484 647 4537 hoe
657 4490 765 4540 tantum
785 4488 875 4559 colligi
889 4504 937 4559 po·

136 4560 190 4608 test
212 4552 324 4623 angelos
347 4563 409 4609 ante
423 4554 565 4610 hominem
583 4553 668 4610 hrisse
679 4565 805 4625 creatos;
830 4557 864 4613 de
881 4574 936 4627 quo

136 4624 937 4697 nullaesteontroversia.Certel).Grcgorinslibroxerunt

136 4695 236 4753 llloral.
251 4711 311 4768 cap,
329 4700 360 4751 ts
375 4696 441 4753 dicit
460 4698 571 4768 angelos
589 4697 681 4752 uocari
695 4706 766 4754 astra
791 4697 936 4767 matutina,

136 4769 198 4841 quia
212 4768 321 4824 luerunt
334 4768 435 4825 conditi
446 4768 473 4824 in
488 4769 547 4839 ipso
567 4783 652 4825 mane
685 4770 745 4825 rinri
765 4767 829 4826 diei.

172 4848 183 4874 ⁶
206 4838 384 4911 Respondent
406 4839 572 4912 Epiphanius
594 4848 621 4897 et
640 4785 684 4896 ΤΕ

136 4908 219 4965 lauisse
233 4919 323 4965 ereata
334 4920 431 4981 quarto
444 4912 499 4977 dic,
517 4921 548 4968 ut
560 4911 641 4968 docet
652 4912 792 4983 Scriptura
804 4932 810 4967 τ
824 4912 939 4985 proinde

136 4980 257 5049 angelos,
272 4980 317 5060 qui
329 4984 502 5061 promerenti
523 4982 613 5055 primo
630 4982 685 5049 die,
711 4985 831 5056 potuisse
851 4984 936 5041 inter·

136 5063 196 5105 esse
208 5058 336 5105 creatione
347 5050 479 5116 sidermn,
499 5063 526 5109 ot
538 5055 566 5109 in
577 5070 608 5110 ea
619 5054 731 5112 laudaro
746 5058 846 5113 Deum.

170 5122 287 5177 ‘ll‘rima
301 5120 345 5177 illa
362 5123 496 5178 sententia
512 5123 573 5179 libri
599 5127 756 5184 Geneseos:
786 5130 818 5183 ln
830 5130 938 5197 prinni-

133 5192 182 5262 pio
204 5195 306 5247 errauit
319 5198 389 5249 heres
407 5195 500 5249 cacelina
515 5199 539 5249 et
550 5201 659 5261 terrum,
670 5197 811 5269 tripliciter
825 5198 935 5280 erponi·

135 5268 191 5326 tur,
205 5273 236 5317 ut
246 5263 328 5319 docet
340 5266 368 5320 S.
385 5263 588 5335 Tlromas(por.
604 5283 626 5333 r,
642 5285 669 5337 p.
687 5274 714 5330 t,
737 5283 781 5322 or.
801 5274 840 5333 3),
855 5267 937 5337 idque

136 5330 173 5387 od
188 5332 389 5390 excludendum
403 5343 460 5391 tres
478 5353 605 5395 errores:
624 5340 742 5407 Occidam
758 5340 829 5392 enim
839 5354 937 5407 postre-

137 5406 202 5456 rnnt
220 5404 352 5460 hircanium
365 5422 469 5478 seraper
482 5411 577 5476 fuisse,
594 5415 619 5465 el
647 5415 750 5479 terrrpru
770 5424 822 5463 teon
840 5411 937 5466 lubere

134 5475 303 5545 prrirrer'piunt
330 5482 356 5533 ct
380 5480 418 5535 tul
441 5481 488 5535 hoc
513 5482 709 5536 cuelruhaulnnt
731 5483 884 5549 reponitur,
905 5485 936 5538 ln

134 5547 278 5616 pauereipr’o,
295 5551 393 5605 seilicet
413 5555 550 5621 temporis.
573 5553 690 5619 Quantum
711 5566 772 5605 tuere
788 5560 936 5622 merserunt

137 5614 192 5668 cluo
202 5632 257 5672 csse
267 5622 563 5693 tncuhont'spnirreipiu,
578 5640 663 5677 urserat
673 5625 936 5693 bortortrm,ulteaurn

136 5686 280 5769 carolorum,
291 5695 316 5745 ci
328 5692 365 5745 uri
379 5694 426 5746 hoc
435 5695 632 5749 eceelruleaulum
644 5696 800 5765 repnentur,
813 5697 844 5750 ln
855 5700 936 5765 prin·

136 5772 217 5828 eepno,
230 5760 261 5813 iel
279 5765 327 5825 esi,
349 5764 376 5816 in
389 5764 468 5819 Filio.
482 5766 557 5821 Sunt
569 5769 639 5821 esaim
649 5767 817 5837 pru'neipe'urn
826 5770 936 5836 insecti·

991 3570 1109 3635 tionem,
1131 3577 1261 3623 aeternam
1279 3567 1336 3623 Filii
1355 3567 1466 3621 al'atre
1479 3566 1695 3691 pancrationem,
1716 3572 1794 3621 teter-

990 3654 1055 3695 nam
1069 3640 1184 3709 Spiritus
1200 3638 1285 3693 sancti
1300 3654 1316 3693 a
1332 3639 1412 3693 Patre
1430 3645 1458 3690 et
1491 3636 1551 3691 'ilio
1584 3637 1791 3703 recessionem

991 3716 1124 3766 aeternum
1152 3708 1187 3764 de
1201 3709 1296 3764 naundi
1324 3708 1462 3763 creatione
1483 3716 1511 3761 et
1529 3722 1563 3833 pu
1584 3706 1737 3773 ernatione,
1756 3706 1792 3763 de

991 3779 1051 3836 Filii
1076 3780 1261 3835 incarnatione
1286 3785 1317 3834 et
1341 3778 1509 3843 aeconomia,
1547 3775 1735 3841 eangelorum
1761 3784 1792 3833 et

992 3849 1141 3907 hominum
1164 3848 1294 3906 electione
1316 3857 1343 3905 et
1369 3848 1570 3921 reprobatione,
1598 3844 1632 3900 de
1657 3845 1792 3904 omnibus

992 3921 1123 3978 rebusad
1140 3921 1260 3977 divinam
1277 3919 1481 3975 Providentiam
1498 3917 1683 3989 spectantibus
1698 3918 1794 3973 consi·

992 3993 1058 4048 lium
1080 4001 1107 4049 et
1122 3992 1281 4059 decretum3
1295 3991 1392 4062 quihus
1406 3995 1482 4046 Deus
1494 3998 1557 4045 ante
1575 3988 1674 4045 mundi
1690 3988 1791 4045 consti·

991 4065 1125 4121 tutionem
1141 4072 1305 4133 occupatus,
1317 4062 1339 4118 si
1354 4063 1391 4117 ita
1406 4061 1479 4132 loqui
1493 4061 1584 4125 liceat,
1598 4060 1707 4116 otiosus
1721 4068 1792 4117 certe

991 4134 1043 4191 dici
1069 4150 1125 4191 non
1137 4135 1236 4207 potuit,
1253 4148 1341 4203 necrus
1363 4131 1512 4199 solitarius,
1528 4139 1575 4188 aut
1591 4130 1791 4189 immunificus.

991 4207 1104 4262 Summa
1132 4206 1209 4261 enim
1223 4205 1320 4260 aeterni
1336 4203 1424 4259 Patris
1447 4203 1636 4259 munilloentia
1651 4202 1705 4260 tuit
1716 4216 1791 4259 suant

990 4278 1137 4332 essentiam
1151 4275 1231 4344 Filio,
1248 4291 1278 4330 ac
1292 4275 1465 4331 deindecum
1476 4274 1546 4330 Filio
1561 4274 1692 4332 eamdem
1707 4274 1789 4402 ipsam

991 4348 1101 4419 Spiritui
1120 4355 1214 4402 saneto
1233 4347 1447 4412 communicare,
1457 4354 1488 4400 ut
1499 4360 1573 4400 unus
1587 4361 1700 4417 senaper
1728 4344 1791 4403 uerit

991 4422 1066 4474 Deus
1078 4418 1105 4473 in
1120 4417 1247 4482 essentia,
1261 4425 1288 4472 et
1308 4417 1399 4473 trinus
1413 4416 1440 4471 in
1454 4416 1587 4488 personis.
1605 4416 1691 4488 Quod
1705 4418 1727 4473 si
1742 4416 1790 4473 hoe

991 4496 1183 4561 argumentum
1205 4488 1261 4543 rim
1276 4488 1362 4544 ullam
1385 4488 1509 4552 haberet,
1527 4487 1710 4544 eorreluderet
1721 4494 1790 4543 certe

991 4560 1101 4631 angelos
1113 4574 1166 4614 non
1182 4559 1272 4613 solum
1287 4575 1346 4615 esse
1358 4559 1410 4615 hoc
1422 4559 1527 4614 arundo
1538 4560 1694 4616 anteriores
1707 4566 1733 4615 ct
1743 4572 1790 4613 an·

992 4630 1126 4702 tiquiorer
1135 4672 1143 4698 ,
1153 4630 1201 4685 sed
1218 4631 1298 4685 etiam
1309 4633 1366 4686 lleo
1381 4638 1550 4692 coaeternos,
1562 4634 1700 4686 neDeum
1714 4640 1787 4686 ente·

991 4702 1108 4757 rioribus
1129 4708 1156 4755 et
1174 4701 1327 4758 innumeris
1352 4701 1459 4757 suculis
1483 4702 1648 4757 aternitatis
1675 4702 1790 4757 otiosutn

993 4780 1040 4828 aut
1059 4772 1212 4829 solitarium
1231 4771 1308 4828 lateri
1328 4788 1497 4844 cogeremur.
1514 4774 1620 4827 Verum
1645 4770 1692 4828 hic
1705 4772 1790 4827 locunt

685 4841 848 4909 eodemus,
863 4849 937 4897 astra
955 4833 980 4894 D
994 4841 1074 4900 habet
1089 4843 1133 4898 illu
1147 4844 1279 4914 Sapientis
1290 4841 1461 4903 admonitio:
1475 4845 1529 4910 Qui
1538 4848 1679 4898 serrrtntor
1689 4847 1729 4899 ert
1741 4857 1791 4897 nro·

987 4915 1106 4985 jestntis,
1127 4918 1293 4985 oprprinrclur·
1315 4931 1333 4969 u
1352 4916 1456 4985 plurius
1471 4917 1506 4969 lit
1527 4915 1570 4969 illa
1586 4915 1715 4985 Aptostob
1728 4912 1791 4971 :rlblt'

991 4988 1077 5041 ultrun
1088 5002 1192 5056 serpere,
1205 4987 1252 5041 scel
1271 4988 1353 5056 tirne²3
1369 4988 1414 5043 Et.
1431 4989 1487 5044 h'on
1500 4987 1563 5056 plns
1577 5000 1694 5057 sarpere,
1714 4998 1788 5055 munt

990 5063 1102 5128 ornate-t,
1115 5058 1162 5113 seri
1171 5073 1264 5127 serpere
1278 5059 1315 5113 ael
1335 5058 1516 5113 sobrietatem.
1530 5060 1596 5124 (heis
1611 5061 1684 5113 eruin
1698 5069 1789 5126 cogno-

989 5133 1027 5184 rit
1051 5145 1157 5185 seruum
1177 5131 1294 5192 leontini,
1319 5134 1368 5185 orti
1393 5132 1456 5199 petis
1480 5130 1656 5184 coruilinrins
1671 5127 1790 5199 ciushtt'l

989 5204 1076 5263 (lh-oe.
1089 5215 1163 5266 xnus
1173 5204 1249 5256 ltorn.
1264 5204 1398 5262 xrrlietc.
1411 5200 1489 5255 Libet
1501 5199 1646 5257 tamenbic
1657 5204 1692 5257 D.
1702 5206 1792 5271 hetgu-

990 5271 1094 5327 stinum
1111 5271 1145 5326 de
1169 5270 1220 5327 hac
1233 5279 1279 5327 aut
1291 5271 1374 5327 simili
1397 5271 1558 5341 quaestione,
1571 5272 1702 5344 quaeraris
1714 5268 1793 5343 proli·

990 5343 1061 5409 rius,
1081 5349 1173 5396 tamen
1188 5342 1311 5414 apposite
1324 5342 1360 5399 ad
1373 5341 1447 5398 hunc
1471 5342 1565 5398 locum
1596 5341 1791 5401 elucidandum

990 5413 1085 5469 audire
1099 5412 1278 5470 disserentem
1290 5414 1338 5469 lib.
1354 5412 1500 5470 trudeelmo
1512 5412 1640 5472 Coniess.
1657 5429 1718 5484 cup.
1738 5416 1791 5467 ta:

989 5487 1064 5545 nac.
1075 5484 1172 5556 inquit,
1194 5486 1339 5555 respondeo
1354 5486 1477 5541 dicenti:
1496 5488 1568 5555 Quid
1590 5486 1710 5554 pronoen
1726 5486 1794 5541 butt

990 5561 1136 5626 aretepuum
1153 5558 1256 5623 saturet
1275 5559 1367 5613 coirent
1386 5562 1411 5613 ei
1425 5562 1525 5613 harum
1536 5562 1551 5613 ἱ)
1563 5558 1725 5627 respnnulco,
1743 5570 1794 5611 amn

989 5628 1071 5688 illud,
1087 5629 1160 5698 pared
1172 5630 1284 5698 puidam
1297 5629 1793 5700 respnrrrlr'sscperhibeturjoeulurilrt

989 5698 1794 5771 etnatensqunsnuntscretensium:Atto,in‹1uit.lscrutanti

991 5770 1039 5825 bns
1052 5772 1185 5840 pchcrrnm
1200 5773 1329 5842 poruhut.
1349 5772 1438 5829 uctred
1449 5776 1488 5829 est
1504 5772 1595 5829 cidere
1609 5772 1692 5829 uliud
1706 5771 1793 5829 nour
