3848 6158
129 226 181 283 813
680 219 849 277 cothtrto
869 222 913 277 tlt.
932 251 969 262 -
987 222 1032 279 btt
1051 221 1238 280 orations.

1735 238 1788 295 814

128 364 197 408 uum
219 348 256 405 ad
274 364 327 406 nos
350 346 515 405 beneiicinm
537 344 689 415 delaturus,
709 350 722 380 ⁸
740 362 757 403 a
775 344 844 402 lucie
861 347 929 404 Om·
945 347 1021 414 Asd
1031 348 1256 421 colaphizandum
1266 364 1332 407 eum
1343 352 1486 425 appositus
1500 355 1589 414 iuerat
1609 362 1720 417 Domini
1738 378 1787 420 ro·

129 443 279 517 nipotentis
310 457 437 515 egressus
460 439 603 497 rmisteuto
630 438 740 497 diabolo
767 448 932 505 remoretur,
987 440 1101 510 luntste,
1115 442 1229 500 dicens:
1246 447 1360 516 Propter
1371 450 1443 517 «ruod
1454 454 1495 505 ter
1518 454 1662 508 boantium
1684 460 1787 526 rapaci,

129 554 213 611 quem
228 546 333 595 eertum
353 544 397 594 est
414 534 606 594 transmissum
624 533 749 591 muneris
768 533 935 591 desiderium
987 536 1018 589 ut
1030 534 1205 592 discederetur
1223 553 1275 601 me,
1290 543 1317 594 et
1329 539 1404 595 dett
1416 543 1486 597 milti
1498 561 1507 596 ι
1519 545 1685 614 διιιιιιιιιιὸι
1696 551 1788 617 pratia

130 633 251 706 ingerere
272 648 331 689 non
354 647 445 706 posse,
466 631 488 687 si
507 644 559 687 nos
586 644 603 687 a
625 629 772 702 propositae
797 626 936 701 petitionis
987 643 1137 695 messmam
1145 633 1233 687 uirtus
1243 634 1273 687 iu
1283 634 1444 703 inpunitate
1450 639 1630 708 perpetuati
1643 642 1703 698 Gor.
1715 642 1787 715 ru).

989 720 1077 791 Quem
1092 738 1203 781 sensnm
1218 727 1301 783 etium
1320 729 1334 763 s
1356 731 1493 788 Dominus
1512 748 1595 789 ornus
1617 749 1650 789 ex
1673 751 1790 807 persona

130 725 278 784 intentione
305 740 425 783 cessasse
451 724 593 797 repererit.
618 722 703 794 Quod
723 723 807 779 etiem
839 738 936 795 supra·

130 817 206 877 dicto
221 819 360 892 prophetae
374 816 552 893 proculdubio
562 817 684 875 accidere
715 822 859 891 potuisset,
882 817 935 874 nisi

131 911 233 969 virtute
254 910 457 982 incompatibili
476 909 504 967 in
528 909 651 983 primum
670 916 752 982 atquo
776 908 934 965 vicesimum

130 1005 205 1065 dem
230 1007 388 1063 orationum
411 1021 525 1062 suarum
549 1004 780 1078 perseverantiam
801 1003 934 1076 protelas-

131 1104 183 1154 set.
201 1095 245 1152 Ab
269 1095 350 1168 hujus
362 1094 446 1167 igitur
463 1093 527 1151 fidei
547 1093 710 1151 confidentia
728 1093 802 1149 nulla
825 1093 935 1165 penitus

131 1191 321 1263 desperatione
347 1188 515 1264 inungamur,
545 1205 608 1249 oum
631 1190 785 1247 orationem
812 1196 935 1245 nostram

131 1300 185 1343 uos
197 1285 346 1343 obtinuisse
369 1287 482 1343 minime
505 1285 683 1353 senserimus,
710 1300 761 1341 nec
779 1283 937 1341 hesitemus

988 815 1110 875 hominis
1133 823 1279 895 assumpti,
1301 830 1331 879 ut
1353 822 1470 882 lormarn
1491 843 1600 899 quoque
1623 830 1717 886 orandi
1738 846 1790 888 no·

987 908 1041 981 bis,
1060 912 1293 984 quemadmodum
1311 924 1339 971 et
1356 926 1465 989 caeteru,
1482 936 1533 978 suo
1553 925 1687 994 praebcret
1699 941 1791 984 erem·

988 1002 1045 1074 plo,
1070 1003 1110 1060 ita
1130 1020 1194 1060 cum
1209 1012 1299 1061 oraret
1317 1011 1451 1079 expressit
1473 1030 1480 1067 :
1501 1016 1591 1077 Pater,
1617 1020 1643 1071 si
1663 1020 1791 1087 possibile

988 1100 1037 1165 est,
1054 1101 1177 1152 trauseat
1201 1116 1218 1153 a
1235 1117 1278 1155 me
1291 1102 1364 1156 calibe
1376 1106 1442 1158 iste:
1457 1114 1639 1163 verumtamen
1657 1128 1711 1165 aton
1721 1115 1792 1170 sieut

989 1204 1037 1258 epo
1049 1190 1117 1258 toto,
1135 1191 1182 1245 sed
1201 1194 1269 1247 sicut
1283 1199 1314 1248 tu
1334 1197 1447 1265 (Matris.
1465 1200 1569 1269 xxvi),
1588 1204 1792 1275 ‘cumulique

990 1280 1048 1353 ejus
1071 1298 1089 1338 a
1113 1284 1201 1340 Patris
1227 1286 1365 1341 voluntate
1384 1303 1441 1343 non
1465 1289 1630 1361 discreparet
1655 1297 1791 1353 voluntas.

130 1392 214 1451 super
237 1378 345 1435 Domini
367 1379 514 1451 sponsione
535 1378 668 1447 dicentis:
690 1379 786 1435 Omrn'u
804 1393 936 1448 prterunt·
994 1376 1793 1463 l'erteratcuimsalvarequodpeu'eml(blattis.xvttt),et

131 1475 325 1545 praeputiatus
336 1475 367 1527 iu
375 1476 496 1528 motione
507 1472 652 1541 eredentes,
667 1472 805 1541 accipietis
818 1469 935 1541 (blattis.
992 1468 1059 1524 dare
1071 1472 1195 1527 unimam
1207 1488 1285 1527 snam
1292 1474 1498 1545 redemptionem
1506 1494 1558 1547 pro
1575 1482 1669 1537 rnultis
1677 1484 1791 1549 (blattis.

132 1566 235 1638 xxiv).
248 1567 408 1623 Retractare
427 1580 544 1638 namque
558 1580 610 1622 nos
632 1564 762 1622 convenit
777 1564 853 1621 illam
865 1564 934 1621 beuti
989 1566 1060 1633 xx),
1074 1566 1107 1623 de
1122 1583 1175 1639 qua
1191 1566 1249 1639 ipse
1260 1567 1346 1625 dicit:
1369 1572 1450 1627 Nemo
1469 1573 1540 1627 tollit
1560 1578 1680 1629 enimam
1703 1592 1790 1634 meam

132 1662 247 1720 1032„ss
274 1663 448 1736 evangelistas
473 1663 650 1733 sententiam,
689 1677 742 1733 qua
772 1661 934 1735 ambiguitas
989 1674 1071 1723 ame,
1085 1662 1266 1731 sedepopono
1280 1678 1368 1717 cama
1388 1666 1499 1733 meipso.
1526 1668 1685 1721 Potestatem
1707 1671 1791 1727 babeo

133 1756 213 1830 hujus
237 1757 397 1831 quaestionis
424 1756 563 1813 evidenter
597 1755 765 1812 absolvitur:
789 1758 853 1812 lieo
888 1762 937 1825 est,
952 1757 976 1818 B
989 1754 1219 1825 pouertdieam,et
1231 1757 1586 1825 potestatemhabeoiterum
1598 1765 1793 1823 eumeneticam

132 1848 229 1924 inquit,
250 1852 351 1921 fiducia
364 1868 447 1921 qna-m
466 1852 592 1908 habemas
612 1851 649 1906 ad
669 1854 764 1918 Deum,
777 1854 843 1920 putu
862 1852 937 1920 pisid·
994 1844 1088 1919 (laert.
1102 1848 1149 1919 s).
1165 1850 1204 1903 En
1219 1848 1296 1919 cujus
1307 1865 1424 1922 persona
1434 1867 1516 1922 super
1530 1854 1633 1911 unitate
1647 1858 1794 1917 voluntatis

133 1946 197 2019 quid
201 1949 357 2017 potissumus
369 1946 514 2001 secuudum
530 1947 697 2001 uoluntatem
709 1945 775 2015 ejas,
791 1945 870 1999 audit
889 1961 937 2001 nos
991 1955 1048 1997 tuae
1061 1956 1145 2012 quam
1160 1956 1223 1997 cum
1234 1946 1312 1999 Patre
1321 1943 1423 2016 jugiter
1435 1945 1598 2016 possidebat,
1618 1964 1667 2021 per
1679 1952 1791 2011 beatum

134 2038 258 2110 (iteam
277 2038 326 2109 v).
341 2038 414 2109 Ergo
428 2052 511 2109 super
533 2036 578 2093 his
594 2045 703 2094 tantum
725 2037 832 2108 plenam
844 2052 894 2093 nos
910 2044 938 2094 et

133 2133 343 2192 indubitabilem
361 2132 445 2206 jussit
468 2131 647 2190 exauditionis
673 2132 773 2190 habero
797 2132 936 2201 fiduciam,

136 2242 199 2301 quar
213 2243 271 2283 non
291 2227 392 2284 nostris
413 2225 566 2284 commodis
585 2242 637 2284 neo
654 2226 757 2283 solatiis
778 2226 937 2299 temporali-

134 2322 197 2391 bus,
213 2321 262 2378 sed
276 2322 391 2378 Domini
410 2329 568 2395 congruunt
589 2320 731 2377 voluntati.
757 2321 837 2390 Quod
854 2322 937 2377 etiam

135 2416 163 2475 itt
176 2416 300 2474 oratione
316 2416 464 2472 Dominica
478 2414 629 2473 admiscere
651 2413 825 2488 praecipimur
846 2415 938 2472 dioen-

136 2521 177 2571 tes
194 2516 275 2569 :Fiat
303 2514 427 2569 uoluentes
455 2519 504 2568 tua
528 2512 642 2585 (blattis.
663 2514 723 2583 vt),
746 2511 860 2581 scilicet,
882 2527 937 2567 non

135 2613 238 2665 nostru.
252 2606 279 2662 Si
292 2605 365 2661 enirn
382 2614 409 2661 et
423 2605 490 2661 illud
511 2605 633 2677 Apostoli
651 2604 840 2673 recordemur,
867 2620 937 2675 quo·

135 2698 208 2757 niam
227 2699 410 2770 cecideramus
431 2699 576 2754 secuudum
589 2699 662 2769 quod
679 2702 794 2769 oportet,
809 2701 938 2754 rimamus

138 2791 228 2865 (Rom.
249 2797 335 2860 tun),
361 2791 534 2864 intelligimus
555 2806 764 2862 nonnumquam
784 2791 867 2847 saluti
885 2807 938 2847 uo-

137 2890 202 2943 strae
211 2885 345 2941 contraria
363 2885 509 2956 postulare,
525 2892 553 2942 et
565 2883 792 2941 commodissime
806 2884 884 2941 nobis
903 2885 940 2942 ab

137 2990 172 3033 eo
186 2976 233 3049 qui
247 2976 375 3033 utilitates
390 2985 495 3033 nostras
517 2976 616 3033 rectius
630 2992 712 3048 quam
726 2993 778 3033 nos
805 2993 837 3034 ao
860 2993 939 3033 vera-

138 3070 198 3127 cius
214 3070 346 3140 iutuetur,
367 3086 472 3143 eaquae
490 3070 627 3142 poscimus
647 3068 784 3143 denegari.
805 3071 884 3140 Quod
904 3071 939 3127 illi

991 2051 1100 2108 quoque
1111 2036 1193 2093 David
1204 2037 1230 2091 in
1239 2038 1347 2093 Psalmo
1359 2039 1497 2097 tricesimo
1513 2058 1587 2099 nono
1600 2044 1636 2100 ita
1647 2056 1772 2105 cantatur
1783 2065 1792 2107 t

995 2132 1030 2188 lit
1043 2132 1159 2199 tacerem
1171 2130 1333 2188 nolurttatem
1348 2138 1432 2198 tuam,
1447 2138 1517 2190 Deus
1528 2153 1612 2200 meus,
1622 2141 1705 2195 colui.
1721 2145 1793 2199 liam

992 2232 1021 2281 et
1035 2225 1074 2282 sio
1085 2224 1119 2281 de
1139 2228 1220 2282 Patre
1231 2227 1347 2299 legimus
1363 2248 1369 2282 :
1384 2230 1428 2285 Sic
1441 2232 1511 2284 euim
1526 2235 1595 2287 Dens
1609 2232 1709 2289 ditescit
1717 2252 1795 2292 murt·

992 2318 1069 2383 dum,
1084 2324 1115 2374 ut
1126 2324 1297 2390 uuipcuitum
1314 2322 1414 2377 Filium
1433 2338 1512 2379 suum
1524 2326 1602 2381 daret
1625 2332 1713 2399 (toan.
1727 2330 1792 2403 ιιι).

993 2414 1028 2469 Et
1039 2414 1072 2471 de
1085 2414 1153 2470 Filio
1173 2413 1350 2472 nihilominus
1364 2417 1527 2487 invenimus,
1545 2422 1598 2487 Qui
1612 2423 1687 2479 dedit
1698 2430 1795 2482 semet·

992 2508 1081 2577 ipsum
1097 2523 1148 2578 pro
1165 2512 1281 2577 peccatis
1302 2512 1398 2564 uostm's
1419 2510 1524 2581 (Galat.
1539 2514 1586 2583 ιι).
1606 2518 1641 2571 tn
1662 2517 1796 2586 quemad·

992 2600 1109 2655 modum
1125 2599 1158 2655 de
1173 2601 1219 2655 iilo
1232 2600 1351 2657 refertur
1364 2622 1371 2656 :
1386 2604 1439 2670 Qui
1450 2608 1531 2659 etiam
1545 2611 1655 2677 proprio
1667 2612 1737 2664 Filio
1747 2626 1794 2667 otto

992 2708 1045 2748 nou
1067 2696 1197 2764 pepercit,
1216 2695 1263 2749 scd
1280 2711 1331 2765 pro
1354 2698 1430 2751 uobis
1450 2699 1571 2753 omatibus
1597 2702 1713 2755 tradidit
1734 2718 1795 2759 eum

1000 2788 1086 2861 (Rom.
1097 2792 1172 2857 unt)
1189 2807 1196 2843 :
1212 2788 1249 2843 ita
1268 2787 1301 2843 de
1321 2788 1373 2844 isto
1388 2799 1524 2859 narratur,
1550 2791 1659 2849 tibertus
1678 2800 1717 2849 est
1729 2799 1796 2865 puia

993 2885 1051 2954 ipse
1063 2882 1149 2937 coluit
1160 2880 1255 2951 (lsaioe
1269 2886 1348 2946 ιιιι).
1369 2884 1402 2936 Ει
1415 2882 1452 2938 ita
1464 2884 1550 2939 Patris
1562 2893 1590 2940 et
1599 2886 1660 2941 filii
1672 2887 1797 2948 voluntas

994 2991 1050 3032 una
1064 2990 1114 3047 per
1122 2974 1215 3033 omnia
1233 2973 1399 3046 designatur,
1418 2984 1448 3032 ut
1459 2977 1542 3033 etium
1571 2978 1598 3033 in
1625 2980 1683 3051 ipso
1707 2997 1796 3039 resur·

994 3070 1288 3128 rectionisDominicae
1301 3078 1473 3129 sacramento
1483 3076 1603 3145 operatio
1617 3091 1672 3130 non
1685 3076 1796 3136 dissona

137 3181 249 3238 quoque
262 3166 394 3237 magistro
406 3165 530 3238 gentium
543 3164 675 3222 accidisse
689 3181 745 3221 non
759 3164 874 3223 dubium
886 3176 938 3236 est,
957 3175 980 3239 c
994 3167 1078 3224 luisse
1092 3165 1230 3221 doceatur.
1243 3166 1314 3219 Nam
1332 3165 1402 3221 sicut
1425 3166 1652 3224 resurrectionem
1674 3170 1797 3242 corporis

137 3274 203 3318 cum
218 3268 311 3317 oraret
324 3258 424 3316 auferri
436 3276 452 3316 a
466 3275 496 3318 se
509 3260 638 3332 angelum
648 3261 757 3316 Satanae
776 3259 821 3332 qui
842 3260 943 3319 utiliter

998 3262 1056 3335 ejus
1081 3262 1189 3315 Patrem
1213 3262 1354 3329 operatum
1381 3257 1476 3315 beatus
1501 3261 1649 3332 Apostolus
1669 3266 1798 3335 praedicat

692 3396 820 3451 Atstntrl
838 3398 950 3456 GAZAEl
969 3393 1250 3456 COMMENTARIUS.

177 3530 190 3556 ⁸
200 3520 296 3592 Egredi
311 3520 412 3577 dicitur
425 3520 537 3593 angelus
553 3537 568 3576 a
581 3520 650 3577 faeie
664 3521 725 3587 Dei,
745 3538 800 3577 non
819 3522 891 3594 quod
905 3523 941 3578 ab

139 3590 201 3664 eju
210 3592 302 3647 notitia
322 3593 493 3663 etpotentia,
513 3592 701 3664 praesentiave,
716 3608 764 3664 per
776 3609 859 3663 arrum
884 3593 942 3649 nbi·

141 3672 261 3735 quaest.
285 3664 414 3731 discedat,
443 3673 490 3719 aut
509 3665 568 3736 ejus
586 3664 710 3720 beatifica
735 3665 837 3720 risione
856 3665 942 3736 prive-

140 3742 200 3799 tur;
227 3735 273 3791 sed
299 3737 369 3806 quia,
396 3744 501 3808 peracta
519 3752 568 3807 pro
589 3736 669 3791 nobis
695 3736 892 3807 supplicatione
915 3745 944 3792 et

141 3804 333 3862 intercessione
357 3807 428 3877 apud
462 3811 562 3872 Deum,
590 3807 680 3862 divina
708 3807 788 3860 nohis
813 3807 943 3863 benetioia

998 3520 1085 3577 ordini
1100 3528 1221 3582 staturam
1243 3517 1362 3573 breviter
1382 3517 1495 3587 explicat
1509 3522 1647 3590 liutpertus
1671 3521 1712 3578 his
1741 3539 1797 3580 ver·

998 3593 1040 3649 bis
1054 3593 1126 3657 (bib.
1142 3606 1173 3645 nt
1186 3590 1219 3644 dc
1233 3590 1341 3645 Victor:
1358 3590 1569 3662 tertiumsi:
1583 3593 1657 3649 stude
1669 3595 1797 3649 mulone-

998 3666 1055 3734 pelo
1075 3669 1163 3719 cirins
1175 3661 1319 3731 perpotandi
1327 3661 1455 3716 adsersus
1470 3662 1564 3717 bortum
1573 3666 1708 3733 eupolum,
1720 3670 1798 3736 eirpue

997 3736 1159 3791 resistendi?
1171 3737 1214 3789 tta
1227 3734 1363 3786 heminam
1373 3735 1414 3787 uei
1431 3735 1589 3802 populorum
1600 3740 1728 3803 peccatis.
1747 3740 1799 3793 t-'be‘

997 3810 1028 3875 fit
1040 3810 1092 3861 istu
1103 3821 1198 3877 pupae
1209 3807 1279 3857 iuter
1293 3805 1371 3857 botros
1381 3808 1406 3857 et
1426 3805 1510 3856 malos
1525 3804 1650 3871 angelos?
1661 3810 1691 3860 lu
1702 3822 1795 3876 eampo

141 3875 329 3933 delaturusrei
349 3880 522 3933 nuntiaturus
540 3876 573 3930 ad
598 3890 649 3929 nos
668 3874 787 3929 advenit.
809 3878 890 3940 Nam,
913 3886 944 3933 ιιι
993 3877 1120 3945 justitia.
1136 3874 1409 3943 trrcouatctujuatctt,
1423 3876 1478 3943 ipso
1498 3880 1644 3944 spectatore
1662 3892 1693 3929 ac
1703 3876 1798 3945 jndice

141 3947 181 4005 ιιι
194 3951 353 4019 Apostolus,
368 3951 462 4005 murres
473 3950 536 3999 surtt
546 3944 778 3997 administratorii
793 3946 907 4012 spiritns
916 3949 945 4001 in

141 4022 322 4076 ministerium
341 4021 427 4077 missi,
448 4020 557 4084 propter
568 4028 610 4067 eos
627 4015 677 4081 qui
699 4013 881 4067 hereditatem
898 4030 945 4069 ea-

139 4089 410 4161 piuutsnlntis(llcb
434 4088 473 4156 1).
498 4086 590 4153 aveque
612 4089 710 4150 tunreu,
724 4082 763 4137 ait
784 4086 815 4137 B.
837 4084 944 4155 Grego-

142 4160 202 4217 rius
217 4162 296 4231 (ιιι).
310 4173 343 4211 ιι.
358 4157 454 4212 Marci.
481 4170 542 4225 cup.
559 4158 609 4222 ³),
629 4157 667 4209 sie
691 4169 709 4208 a
736 4154 830 4208 dietam
846 4157 946 4211 etsiooe

141 4233 221 4300 foras
236 4234 344 4295 escunt,
360 4234 389 4281 ut
405 4231 516 4281 interum
527 4226 760 4297 contemplat-iouis
771 4227 880 4295 pauttiis
891 4229 946 4298 prt-

141 4308 258 4365 uerttrtr;
271 4300 337 4367 putu
348 4302 374 4352 si
385 4300 537 4355 Cortelitoris
551 4303 685 4369 aspectum
700 4306 824 4353 escrrrttes
838 4302 945 4354 amitte-

143 4376 218 4435 rent,
229 4386 276 4424 ttee
285 4371 401 4438 jacentes
413 4373 510 4439 eripere
529 4386 576 4425 nec
595 4371 779 4439 ipnoretutr'bns
792 4387 855 4424 ecre
875 4388 944 4425 tertu-

143 4444 215 4498 tiarc
226 4448 332 4510 possent
344 4461 351 4505 ;
364 4443 517 4511 spectemque
531 4442 607 4507 lucis,
622 4458 699 4511 quem
716 4442 879 4510 eprectt'eutes
892 4444 947 4513 ipsi

140 4514 295 4585 perderent,
304 4517 377 4567 cereis
387 4515 539 4567 eruliuteuus
552 4516 739 4581 propinarent.
752 4516 783 4567 lu
796 4516 843 4568 hoc
852 4517 946 4585 itaque

144 4590 185 4641 esi
197 4590 299 4639 natura
313 4586 463 4654 ertpelieaa
481 4588 583 4637 naturis
604 4589 700 4637 nostrat
725 4584 875 4639 corcditione
894 4588 946 4641 dtis·

146 4658 241 4717 tinctu,
259 4657 331 4725 qrcott
346 4672 392 4711 uos
404 4661 430 4710 et
443 4657 495 4709 loco
509 4654 758 4715 circumscribimur,
774 4659 801 4709 et
820 4659 945 4711 coectuttis

146 4729 304 4796 ipuoruutia
316 4734 495 4788 coarctamur,
506 4727 660 4794 aupelorum
681 4740 743 4778 vero
759 4728 872 4794 spiritus
892 4729 945 4781 loeo

146 4799 258 4867 quietem
271 4801 467 4868 circumscripti
477 4802 553 4859 suut,
570 4797 616 4851 sed
628 4800 717 4849 tumen
729 4810 818 4849 cortem
835 4800 946 4851 scierttt'c

998 3946 1263 4015 DeoScdpnomodo
1276 3946 1374 3999 boniet
1391 3946 1459 3999 matr
1475 3948 1567 4014 uupclt'
1583 3952 1710 4015 pnprtcut
1726 3950 1798 4002 inter

998 4019 1142 4071 selhluhts
1152 4021 1259 4084 perperat
1278 4016 1437 4076 accusando,
1460 4016 1541 4070 bouus
1563 4018 1737 4081 derferuternto.
1766 4020 1798 4074 lu

999 4092 1131 4155 pruritum
1144 4092 1182 4139 est
1193 4102 1295 4152 ruupua
1309 4092 1334 4138 et
1347 4101 1410 4138 vera
1424 4088 1555 4139 acmtuttio
1569 4087 1637 4139 rituli
1651 4089 1752 4157 artpeii,
1769 4090 1798 4144 iu

999 4161 1105 4212 tautum
1118 4160 1158 4209 est
1169 4156 1249 4209 tarda
1265 4160 1290 4208 et
1302 4155 1425 4208 inualida
1436 4156 1556 4221 desertsio
1569 4156 1641 4219 horti,
1656 4168 1709 4213 etc.

1033 4228 1047 4264 ι
1068 4228 1164 4293 idest,
1190 4226 1338 4279 secundnm
1358 4225 1505 4280 humanam
1526 4235 1650 4282 naturum
1672 4245 1687 4283 a
1708 4246 1737 4285 se
1756 4246 1798 4287 as·

999 4307 1148 4368 sumptam,
1177 4306 1204 4351 et
1228 4311 1288 4350 eam
1320 4297 1423 4352 orando
1457 4310 1663 4369 repraesentans.
1691 4303 1798 4359 ntuisto

999 4370 1072 4425 euim
1084 4377 1112 4424 ut
1127 4367 1244 4433 licemini,
1260 4382 1314 4421 non
1326 4376 1356 4422 nt
1368 4370 1437 4434 Deo,
1452 4383 1530 4423 omre
1538 4373 1674 4435 convenit,
1687 4390 1751 4429 eum
1764 4372 1801 4429 sit

1000 4442 1072 4496 Patri
1089 4439 1200 4511 aeqrraiis
1220 4438 1370 4494 secundum
1388 4439 1569 4497 divinitatem.
1594 4444 1687 4515 Neque
1706 4447 1745 4500 sie
1765 4460 1799 4502 es

1000 4528 1113 4583 persona
1127 4510 1246 4566 hominis
1270 4510 1401 4580 assumpti
1423 4526 1515 4567 orasse
1537 4513 1645 4568 dicitnr.
1665 4516 1742 4587 quasi
1771 4516 1799 4572 in

999 4584 1106 4641 Christo
1121 4582 1171 4637 alia
1185 4584 1219 4637 sit
1230 4598 1343 4652 persona
1358 4582 1451 4650 Verbi,
1462 4584 1511 4637 ulia
1524 4583 1640 4638 hominis
1654 4586 1798 4654 assumpti,

1000 4664 1030 4710 ut
1040 4655 1131 4711 doctrit
1144 4654 1245 4724 impius
1260 4652 1437 4708 haeresiarcha
1458 4656 1614 4717 Nestorium
1634 4656 1681 4709 sed
1700 4654 1799 4709 divitur

999 4741 1080 4782 orans
1101 4742 1134 4781 en
1155 4742 1268 4794 persona
1293 4725 1410 4778 hominis
1433 4725 1573 4791 assumpti.
1606 4723 1641 4775 oh
1667 4724 1800 4780 rationem

1000 4798 1084 4852 modo
1097 4796 1207 4856 illenim,
1222 4795 1285 4863 quiin
1298 4810 1351 4848 nou
1364 4802 1394 4847 ut
1409 4796 1492 4853 trous,
1505 4792 1552 4846 sed
1569 4800 1702 4862 quatenns
1716 4793 1800 4851 homo

145 4867 948 4938 tomesupermscircumplanteturaucturetatemitteretur
1002 4866 1108 4933 orabat,
1121 4874 1148 4919 et
1161 4880 1234 4918 nntrc
1245 4871 1323 4923 orat;
1340 4860 1574 4931 qineurudmodum
1593 4863 1632 4918 ait
1653 4866 1799 4933 Apostolus

146 4940 246 5009 t'pt'tur,
270 4945 294 4992 et
308 4942 437 4993 assistunt
452 4942 536 5008 :quia
545 4954 594 5009 per
608 4940 665 4999 hoc,
674 4937 746 5007 pereat
755 4940 949 5008 circumscripti

1000 4937 1035 4993 ad
1051 4938 1183 4991 ileirraeos
1200 4950 1245 4988 ιιι
1260 4953 1266 4987 2
1283 4936 1393 5001 Senrper
1412 4933 1502 4987 nitens
1519 4934 1556 4988 uel
1572 4936 1799 5005 interpellaretur.

147 5014 222 5076 suut,
239 5017 347 5076 curuum
361 5016 385 5064 et
395 5028 444 5081 per
457 5010 583 5079 ltocpnad
596 5012 669 5063 intres
683 5025 786 5077 qnoque
805 5015 947 5077 praesentes
997 5024 1050 5079 pro
1061 5006 1145 5061 anobis.
1163 5006 1170 5075 (
1185 5006 1252 5060 t'ete
1265 5006 1284 5060 S
1311 5004 1373 5057 Tim.
1388 5008 1448 5071 2-2,
1461 5022 1489 5073 p.
1504 5010 1549 5065 ιιι,
1561 5012 1613 5061 art.
1636 5016 1678 5075 to,
1690 5015 1715 5061 et
1732 5012 1799 5065 Leo·

147 5087 221 5141 suat,
234 5098 380 5151 rrrrvnpaum
395 5082 529 5136 recedunt.
543 5084 578 5135 Ει
591 5082 690 5147 frteiem
702 5097 764 5147 erpo
776 5083 865 5135 Putris
878 5096 948 5135 sem-
999 5078 1081 5135 nard.
1098 5079 1168 5132 Less.
1183 5076 1229 5129 lib.
1246 5089 1269 5129 ιι
1284 5075 1317 5129 tie
1326 5078 1503 5146 institimcap
1524 5076 1588 5147 ³7.)

145 5168 198 5224 per
209 5155 313 5207 eicient¹
326 5155 423 5208 liettir.
443 5167 518 5207 rvtu
528 5152 552 5221 ),
569 5158 593 5206 ct
608 5157 696 5206 teimau
707 5152 744 5206 ad
755 5168 804 5206 reos
819 5154 947 5219 corruant,

148 5226 216 5294 quia
230 5231 255 5279 et
265 5225 302 5279 atti
312 5242 358 5278 tros
369 5225 491 5294 spiritali
503 5225 649 5292 presertim
662 5227 737 5290 forus
749 5229 857 5284 sectant,
870 5229 894 5278 et
909 5229 950 5278 ta·

147 5312 210 5351 meu
220 5296 262 5349 itt
272 5312 300 5349 se
313 5297 383 5349 ariete
394 5300 553 5351 recesserunt
568 5311 616 5376 per
639 5298 773 5350 internum
785 5296 948 5365 enrttempiet·

149 5369 246 5422 tionem
258 5373 376 5421 serrant.
396 5368 438 5422 Sic
461 5368 618 5439 Gregorius
637 5367 845 5438 Porroquuliter
864 5369 950 5421 honus

149 5440 262 5506 angelus
285 5438 404 5492 divinum
432 5436 466 5492 ad
491 5453 541 5493 nos
566 5438 728 5493 henelieium
747 5438 898 5501 delaturus,
921 5445 951 5493 ut

150 5506 197 5563 bic
216 5509 350 5575 habetur,
375 5509 511 5564 interdum
530 5508 638 5565 diabolo
665 5511 806 5566 resistente
829 5523 950 5564 remore-

149 5586 206 5648 tur,
219 5581 276 5636 sive
299 5579 461 5647 retardetur,
484 5596 547 5635 cum
570 5590 674 5636 constet
696 5581 842 5636 minimum
868 5594 950 5650 ange·

148 5650 207 5708 lum
225 5651 328 5707 hortium
343 5653 522 5722 potentiorem
535 5668 595 5708 esse
610 5654 692 5707 etiam
708 5667 836 5723 supremo
855 5651 951 5717 attgelo

147 5722 234 5788 malo,
246 5724 321 5794 periri,
335 5734 363 5777 nt
374 5724 454 5779 clucet
464 5726 493 5779 S.
501 5723 621 5778 Thotnus
631 5730 661 5791 (t
676 5740 716 5793 p.,
727 5741 755 5793 p.
771 5728 833 5789 loti,
843 5729 896 5777 art.
908 5724 951 5792 4),

148 5793 180 5851 ιιι
213 5795 326 5867 Angelis
348 5794 536 5867 praeponderat
560 5802 589 5851 et
607 5795 734 5865 praestet
758 5796 828 5851 ordo
858 5794 952 5866 gratiae

1037 5159 1048 5185 ι
1068 5148 1146 5204 Sies
1173 5147 1277 5219 Agntlro
1290 5146 1410 5215 pontit'er
1425 5146 1452 5200 in
1465 5162 1494 5201 vt
1505 5148 1610 5219 synodo
1634 5148 1800 5207 metrmenica

1001 5220 1121 5278 definitii
1136 5238 1142 5273 :
1156 5220 1336 5275 Prendicnmns
1364 5220 1393 5271 iu
1415 5218 1519 5274 Christo
1552 5220 1620 5274 duces
1649 5222 1800 5276 noluntates

1004 5292 1278 5365 (tlteirttrmser'tieetct
1292 5291 1451 5355 hermonum)
1471 5306 1523 5343 nou
1538 5296 1697 5358 eorttrarius,
1714 5293 1801 5362 puta

1002 5365 1073 5433 quod
1087 5366 1167 5433 impii
1178 5368 1302 5417 cesserunt
1316 5363 1442 5423 heretici,
1456 5362 1502 5415 sect
1515 5370 1663 5431 sequentem
1674 5365 1730 5431 ep'us
1751 5366 1800 5417 lut·

1002 5453 1111 5490 marurm
1130 5437 1303 5495 uoluntatem,
1330 5438 1354 5487 et
1379 5448 1431 5486 nou
1450 5434 1624 5495 resistentem,
1648 5434 1695 5487 seu
1712 5437 1802 5503 petius

1004 5508 1149 5576 sttbjeetnm
1172 5508 1271 5560 rtiniuoe
1288 5506 1346 5575 ejus
1365 5510 1448 5573 estque
1470 5506 1643 5585 omnipotenti
1658 5505 1800 5562 volrtutttti.

1004 5580 1047 5635 Sic
1062 5578 1109 5632 ihi.
1127 5579 1211 5631 lauro
1230 5578 1264 5632 de
1280 5578 1329 5630 linc
1344 5576 1515 5629 voluntatum
1538 5592 1563 5629 rn
1577 5578 1685 5631 tiltristo
1704 5577 1805 5647 plenis·

1004 5651 1074 5706 sima
1096 5649 1240 5703 corrcouliu
1271 5646 1428 5703 consulendi
1458 5656 1521 5701 sum
1544 5648 1703 5720 interpretes
1735 5648 1804 5702 itlius
1882 5678 1893 5695 ·

1005 5721 1157 5783 sernentiae,
1175 5720 1291 5791 qrraehie
1304 5720 1405 5775 citatur
1425 5732 1457 5773 ex
1477 5722 1657 5783 hiartharum
1679 5721 1804 5775 doctores

1006 5809 1088 5866 super
1100 5794 1261 5863 Magistrum
1275 5790 1310 5849 ad
1319 5791 1384 5848 dist.
1401 5797 1431 5847 lt
1450 5790 1497 5846 lib.
1514 5806 1551 5848 ιιι
1565 5794 1687 5847 sentent.
