3824 6164
120 204 173 259 tiss
661 194 803 253 JOANNlS
819 194 973 254 casstittlt
989 193 1234 253 collisiones.
1720 194 1777 251 980

121 339 170 389 aut
185 328 332 403 impudens
349 328 509 401 poematum
527 324 660 383 memoria
679 332 850 397 suggeratur,
874 328 923 381 aut
936 326 962 390 Α
975 321 1059 395 igitur
1073 320 1134 379 liare
1147 319 1175 376 in
1192 327 1220 376 te
1233 317 1346 377 scientia
1355 316 1482 392 spiritalis
1492 324 1626 391 perpetua
1638 316 1778 375 soliditate

120 425 197 500 quasi
217 423 378 481 bellantium
396 422 513 479 heroum
527 426 591 477 ante
604 418 701 476 oeulos
722 420 817 491 imago
831 432 923 475 verse·
975 414 1129 483 roboretur,
1149 428 1199 471 neo
1220 428 1252 470 ea
1270 412 1329 485 jam
1346 412 1512 485 temporarie
1525 410 1688 485 perfruaris,
1705 412 1779 467 sieut

122 526 178 586 tur,
192 509 344 589 taliumque
355 530 400 571 me
412 515 633 587 phantasmatum
646 512 801 585 imaginatio
814 527 924 585 semper
977 509 1017 566 illi
1028 509 1073 582 qui
1092 524 1153 565 eam
1166 523 1223 565 non
1234 522 1285 564 suo
1298 504 1397 575 studio,
1413 504 1553 562 sedaiiena
1562 503 1697 561 relatione
1710 519 1777 561 oon·

121 611 244 679 eludens,
264 610 300 667 ita
329 617 451 665 mentem
482 622 574 664 ineam
596 606 631 663 ad
653 621 785 678 supernos
808 605 923 663 intuitus
975 603 1094 674 tingunt,
1111 602 1225 658 etrelut
1238 614 1331 665 aereo,
1346 608 1377 657 ιιι
1397 599 1433 655 ita
1448 598 1575 667 dixerim,
1588 597 1677 654 odore
1692 599 1777 669 persi·

121 705 241 777 aspirare
252 720 308 761 non
325 703 438 775 patitur,
449 710 479 758 ut
491 699 657 773 quotidianis
667 699 777 757 fletibus
786 715 842 755 non
856 715 922 772 pos·

120 798 156 853 sit
165 797 271 868 expelii.

413 888 536 945 CAPUT
545 888 626 943 xltt.

120 994 273 1062 heqtoioio,
305 1006 357 1060 quo
383 994 463 1061 pecto
483 991 646 1115 ὸιιιὶιιιιονιίιιιι
671 1004 761 1044 eorum
792 990 922 1057 possimus

464 1076 481 1115 o
525 1075 578 1114 ere.

157 1170 310 1224 Nosteros:
333 1170 376 1223 De
396 1166 448 1223 hac
468 1167 526 1239 ipsa
547 1182 576 1222 re
590 1164 662 1222 unde
684 1165 733 1221 tibi
754 1165 922 1238 purgationis

122 1261 247 1317 maxima
260 1261 382 1316 nascitur
396 1260 557 1332 desperatio,
567 1268 580 1295 ⁸
593 1260 680 1317 citum
692 1260 758 1316 satis
770 1268 853 1332 atque
864 1259 923 1317 etti-

124 1369 174 1411 cax
188 1353 341 1410 remedium
351 1355 452 1426 poterit
461 1352 573 1423 oboriri,
584 1353 606 1408 si
616 1353 740 1411 eamdem
755 1353 922 1425 diligentiam

124 1455 206 1519 atque
218 1448 376 1504 instantiam
389 1464 471 1519 quarn
490 1455 518 1503 te
530 1448 556 1502 in
571 1447 626 1503 illis
639 1446 812 1504 saecularibus
822 1446 922 1503 studiis

975 696 1065 769 piunt,
1084 695 1132 753 scd
1147 703 1176 750 ut
1190 693 1314 751 sensibus
1326 692 1383 751 tuis
1394 693 1554 750 inviscerata
1568 690 1778 764 quodammodo

976 798 1148 862 etperspecta
1158 797 1240 860 atque
1249 789 1354 861 palpata
1364 786 1509 853 condatur,
1520 784 1586 841 iliud
1595 785 1674 841 omni
1687 784 1779 844 obser-

976 882 1067 940 vantia
1085 882 1222 939 custodire
1235 889 1263 938 tc
1279 882 1417 941 conuenit,
1432 888 1464 936 ut
1477 878 1583 935 etiarnsi
1600 894 1631 936 sa
1650 894 1715 953 quae
1727 895 1777 954 op·

976 979 1044 1035 time
1076 978 1161 1045 nosti,
1188 974 1260 1034 forte
1281 975 1400 1033 audieris
1428 974 1456 1030 in
1479 972 1620 1031 collatione
1643 974 1778 1047 proferri,

975 1071 988 1105 ¹²
1003 1087 1059 1127 non
1070 1086 1102 1127 ex
1114 1070 1167 1127 hoe
1178 1069 1252 1142 quod
1264 1067 1378 1141 tibijam
1391 1076 1455 1124 note
1465 1067 1532 1136 sint,
1544 1076 1721 1141 aspernanter
1734 1069 1779 1125 fa·

976 1162 1140 1237 stidioseque
1156 1163 1298 1237 suscipias,
1312 1160 1360 1218 sed
1381 1176 1413 1218 ea
1432 1160 1507 1217 cordi
1528 1167 1577 1217 tuo
1589 1161 1634 1217 illa
1649 1161 1781 1219 ariditate

976 1256 1232 1327 commendesque
1252 1254 1353 1312 debent
1368 1253 1557 1311 desiderabilis
1577 1253 1676 1310 salutis
1686 1253 1777 1323 rerba,

978 1348 1019 1405 rei
1036 1349 1147 1405 auribus
1163 1348 1265 1405 nostris
1288 1347 1472 1403 indesinenter
1487 1344 1605 1414 infundi,
1617 1347 1660 1402 vel
1676 1346 1711 1403 de
1728 1362 1780 1403 no·

976 1451 1033 1499 stro
1052 1442 1213 1515 orejugiter
1233 1439 1358 1513 proferri.
1373 1439 1509 1510 Quamvis
1524 1440 1600 1496 enim
1620 1439 1780 1497 adhibeatur

123 1539 251 1597 habuisse
264 1540 363 1605 dixisti,
380 1540 415 1597 ad
428 1541 591 1612 spiritalium
614 1542 813 1613 scripturarum
827 1541 921 1598 volus·
973 1546 1128 1594 sanctarum
1142 1552 1235 1593 rorum
1248 1536 1344 1593 crebra
1357 1536 1491 1603 narratio,
1511 1550 1662 1607 numquam
1684 1544 1778 1593 minen

122 1635 162 1690 ris
180 1634 328 1690 lectionem
342 1634 600 1708 meditationemque
622 1632 777 1709 transferre.
804 1636 923 1690 Necesse
974 1632 1086 1699 animae,
1106 1630 1182 1686 sitim
1195 1644 1267 1687 veras
1284 1630 1405 1687 scientias
1423 1630 1578 1698 sustinenti,
1598 1629 1707 1686 satietas
1726 1644 1777 1703 ge-

22 1796 26 1803 ,
123 1726 244 1783 estenim
258 1734 380 1783 mentem
392 1734 467 1783 tuam
476 1726 581 1783 tamdiu
594 1727 648 1783 illis
659 1725 827 1782 carminibus
839 1742 957 1805 occu-B
975 1724 1081 1781 nerabit
1090 1724 1243 1791 horrorem,
1255 1722 1301 1780 sed
1322 1738 1354 1779 ea
1369 1723 1492 1795 quotidie
1506 1722 1582 1780 velut
1591 1738 1662 1779 noia
1675 1738 1708 1780 ac
1724 1722 1778 1780 de-

123 1822 192 1894 pari,
213 1808 354 1893 quamdiu'
365 1821 417 1877 sibi
432 1822 522 1893 aliqua
535 1836 597 1893 quae
609 1822 680 1877 intra
694 1821 866 1893 semetipsam
879 1835 924 1877 re-
977 1820 1091 1877 siderata
1100 1817 1259 1890 suscipiens,
1269 1825 1372 1889 quanto
1384 1817 1559 1888 frequentius
1570 1816 1701 1885 hauserit,
1716 1824 1776 1873 tan-

124 1914 206 1979 eolat,
231 1913 311 1969 simili
334 1912 427 1970 studio
443 1922 472 1971 et
484 1914 641 1971 assiduitate
655 1914 811 1986 conquirat,
827 1929 859 1969 ac
874 1929 924 1984 pro
977 1919 1006 1967 to
1019 1911 1121 1968 aridius
1137 1910 1178 1965 vei
1196 1908 1296 1978 audiet,
1321 1910 1364 1965 vel
1378 1909 1516 1982 loquetur,
1543 1918 1572 1967 et
1593 1909 1780 1966 confirmatio·

125 2006 177 2063 illis
191 2006 369 2063 infructuosis
387 2016 468 2078 atque
489 2008 615 2074 terrenis,
628 2007 776 2079 spiritualia
791 2014 870 2078 atquc
884 2007 924 2063 di·
978 2021 1045 2062 nem
1059 2006 1150 2078 potius
1163 2012 1298 2077 perceptae
1318 2005 1440 2061 scientiae
1456 2020 1488 2061 ex
1510 2020 1610 2061 eorum
1625 2004 1781 2077 repetitione

129 2100 192 2157 rina
207 2101 348 2172 parturiat.
364 2104 433 2174 Quae
451 2117 514 2157 cum
529 2100 662 2173 profunde
675 2100 781 2173 alteque
794 2115 925 2171 concepe-
980 2116 1062 2173 quam
1075 2100 1163 2155 ullum
1178 2115 1210 2156 ex
1224 2098 1359 2171 frequenti
1371 2100 1459 2171 capiet
1473 2099 1624 2156 collatione
1637 2098 1780 2156 fastidium.

124 2196 172 2263 rit,
191 2203 273 2267 atque
288 2195 317 2250 in
338 2194 393 2251 illis
412 2194 493 2251 fuerit
504 2195 632 2261 enutrita,
655 2194 697 2249 rel
710 2193 807 2265 expelli
823 2193 927 2265 priores
982 2192 1098 2249 Evidens
1116 2207 1235 2264 namque
1247 2201 1289 2249 est
1301 2192 1400 2263 tepidae
1414 2208 1446 2249 ao
1459 2194 1590 2265 superbae
1606 2194 1705 2249 mentis
1715 2190 1781 2247 indi-

129 2288 229 2345 sensim
249 2296 387 2359 poterunt,
411 2288 451 2343 iel
470 2285 578 2359 penitus
592 2286 703 2343 aboleri.
731 2290 834 2342 vacare
850 2287 925 2342 enim
980 2286 1100 2355 cium,si
1112 2285 1258 2343 verborum
1282 2285 1445 2342 salutarium
1461 2287 1640 2355 medicinam,
1659 2285 1782 2359 quamvis

125 2383 230 2439 eunctis
243 2381 452 2454 cogitationibus
473 2381 593 2437 humana
614 2395 690 2436 mens
710 2396 765 2436 non
782 2388 882 2452 potest,
897 2386 925 2435 et
978 2380 1067 2438 studio
1083 2380 1176 2437 nimiae
1194 2379 1360 2437 assiduitatis
1373 2381 1523 2452 ingestam,
1544 2379 1684 2437 fastidiose
1697 2380 1779 2454 negli-

129 2476 192 2533 ideo
207 2476 337 2548 quamdiu
356 2474 539 2547 spiritualibus
562 2474 662 2531 studiis
679 2490 734 2530 non
750 2473 829 2530 luerit
843 2489 924 2529 oceri·
979 2473 1269 2547 genterquesusoipiat.
1284 2475 1402 2530 tdirimo
1414 2473 1492 2529 enim
1502 2477 1781 2545 quaeinsotietoteesl,

128 2578 202 2641 pata,
213 2585 323 2626 necesse
343 2577 384 2625 est
395 2584 455 2624 eam
470 2567 520 2623 illis
539 2583 600 2640 quae
612 2567 717 2639 pridem
730 2566 823 2624 didicit
838 2567 926 2639 impii·
979 2569 1050 2634 struis
1063 2567 1169 2633 illudit3
1186 2568 1384 2621 unimoeoutem
1392 2570 1480 2636 speriti
1491 2570 1684 2623 etiamomuro
1697 2569 1781 2623 dulcio

127 2664 192 2721 cari.
208 2665 346 2734 Quamdiu
362 2662 436 2719 enini
451 2678 507 2719 non
527 2662 724 2734 habueritque
743 2670 876 2727 recurrat,
900 2668 927 2716 et
980 2661 1108 2715 ridentia·
1124 2659 1207 2731 (Prou.
1232 2660 1340 2731 xxvii).
1361 2662 1389 2717 Si
1407 2661 1496 2733 itaque
1511 2661 1573 2718 haro
1584 2661 1728 2735 diligenter
1739 2677 1781 2719 ex·

128 2758 278 2815 indefessos
293 2765 413 2814 exerceat
426 2764 529 2823 motus,
538 2771 648 2813 neeesse
662 2762 703 2812 est
717 2764 748 2811 ut
760 2755 796 2811 ad
811 2755 856 2811 ilia
866 2754 928 2827 qui·
981 2762 1068 2825 cepta,
1080 2762 1107 2808 et
1117 2754 1145 2808 in
1156 2768 1265 2810 recessu
1278 2754 1379 2810 mentis
1390 2754 1502 2811 condita
1512 2764 1597 2827 atque
1608 2756 1721 2826 indicta,
1730 2755 1782 2812 foe-

128 2851 181 2907 bus
191 2852 226 2908 ab
240 2850 352 2907 infantia
364 2850 469 2907 imbuta
484 2858 536 2919 est,
549 2850 707 2914 collabatur,
721 2864 807 2920 eaque
820 2862 928 2917 semper
981 2850 1044 2917 rint,
1059 2847 1244 2903 taciturnitate
1264 2847 1381 2920 signata,
1402 2857 1496 2921 postea
1518 2838 1551 2906 ur
1574 2850 1639 2905 rina
1663 2848 1781 2923 quasdam

127 2943 249 3002 resolvat
260 2958 321 3015 quat
339 2944 421 3013 longo
437 2959 486 2998 usu
499 2958 532 2997 ao
547 2940 722 2998 meditatione
741 2940 874 3011 concepit.
887 2942 928 2996 Ut
946 3010 950 3017 Ι
980 2954 1060 2997 snare
1079 2940 1178 2995 olentia
1194 2949 1220 2996 et
1242 2940 1407 2999 laetificantia
1425 2958 1474 2998 cor
1493 2942 1629 3013 hominis,
1648 2958 1709 2999 cum
1725 2958 1782 3000 sen-

676 3074 802 3129 shhltbt
822 3076 934 3134 Gtzffit
952 3076 1229 3133 COMMENTARIUS.

130 3194 923 3278 utpraeferttitulusejusoapitis.[lisdemumaeoeditter-
937 3206 959 3268 c
975 3202 1131 3258 volentibus
1158 3211 1184 3257 rt
1212 3203 1458 3269 consentientibus,
1496 3203 1580 3261 nobis
1605 3204 1713 3262 auferre
1745 3204 1782 3260 rei

129 3270 169 3325 tia
190 3278 260 3324 ratio
282 3268 549 3348 administrationum
575 3268 637 3348 sive.
652 3268 843 3339 spiritualium,
866 3271 924 3327 sive
978 3273 1109 3343 impedire
1129 3280 1224 3344 queat3
1244 3273 1341 3329 deiude
1358 3274 1509 3330 monachos
1523 3275 1578 3332 hoc
1590 3284 1713 3347 tempore
1725 3291 1778 3331 nou

128 3339 330 3411 temporalium,
343 3353 410 3410 quas
423 3338 618 3395 monachitum
630 3353 657 3393 in
672 3340 854 3409 monasteriis,
868 3349 926 3398 tum
979 3345 1028 3399 soli
1047 3344 1270 3415 contemplationi
1292 3360 1387 3400 vacare
1415 3345 1526 3409 debere,
1551 3355 1583 3403 ιιι
1605 3348 1643 3403 ilii
1669 3346 1779 3402 solitarii

129 3420 203 3469 extra
219 3410 384 3492 monasteria
399 3425 525 3491 exercere
539 3407 659 3474 debent;
675 3426 727 3465 nec
746 3418 840 3468 tamen
859 3428 925 3484 pos·
979 3414 1106 3470 monachi
1119 3422 1145 3469 et
1157 3415 1329 3471 anachoretae
1341 3416 1493 3489 antiquitus
1502 3418 1639 3486 solebant,
1651 3417 1697 3473 sed
1707 3418 1778 3473 mni·

130 3491 195 3539 sunt
213 3490 413 3549 convenienter,
433 3482 567 3551 religiose,
594 3480 806 3553 prudenterque,
824 3490 853 3539 ιιι
878 3499 927 3556 par
980 3486 1015 3541 tis
1029 3483 1156 3555 operibus
1176 3495 1203 3541 et
1226 3486 1359 3541 exercitiis
1373 3490 1434 3544 ritae
1456 3488 1563 3553 actirae,
1580 3504 1631 3560 pro
1650 3489 1781 3561 cujusque

130 3562 181 3620 est,
201 3553 254 3607 nisi
274 3552 360 3607 multa
381 3560 407 3607 et
427 3552 499 3606 iaria
525 3566 618 3607 rerum
640 3553 804 3623 cognitione,
828 3570 880 3609 usu
899 3562 927 3610 et
981 3555 1084 3612 ordinis
1094 3563 1121 3611 et
1134 3556 1273 3629 roligionis
1285 3557 1421 3625 instituto,
1436 3559 1537 3629 quibus
1549 3560 1594 3615 illa
1606 3560 1780 3616 scientiarum

119 3623 320 3678 exercitatione
335 3622 437 3692 praediti
449 3631 529 3692 atque
539 3622 676 3690 instructi,
692 3631 721 3677 ut
731 3638 778 3693 per
788 3639 817 3679 se
831 3633 927 3680 notum
980 3627 1138 3697 adjumenta
1161 3628 1284 3683 maxime
1301 3627 1465 3685 conducant.
1487 3630 1567 3701 Qiiod
1589 3632 1613 3685 si
1635 3631 1780 3685 meliorum

131 3701 183 3748 est.
196 3692 261 3760 Quis
276 3692 348 3775 euim
362 3692 428 3747 alios
442 3707 545 3773 regere,
558 3691 666 3758 dooere,
680 3693 847 3759 concionari,
863 3712 927 3751 con·
982 3697 1123 3777 magisque
1139 3699 1351 3754 necessariarum
1361 3716 1392 3755 ao
1403 3700 1507 3756 utilium
1517 3716 1605 3755 reruni
1616 3700 1741 3754 studium
1752 3708 1781 3755 et

132 3762 265 3819 sessiones
286 3778 420 3835 excipere,
437 3763 541 3833 aliaque
555 3777 667 3817 munero
681 3763 861 3820 ecelesiastica
876 3768 928 3821 rite
981 3775 1173 3838 cogitationem
1179 3768 1482 3827 obturbantistiusmodi
1487 3770 1604 3841 profana,
1615 3768 1776 3824 conandum

133 3834 327 3890 administrare
351 3834 446 3904 possit,
469 3833 493 3888 si
516 3833 666 3887 litterarum
691 3849 787 3914 expers
808 3844 855 3891 aut
872 3851 928 3891 non
981 3853 1045 3893 saue
1058 3845 1088 3892 ut
1099 3853 1113 3893 e
1124 3839 1256 3893 memoria
1270 3839 1411 3898 deleantur
1423 3852 1449 3898 et
1460 3840 1609 3907 eradantur,
1625 3840 1778 3911 utsapien-

131 3906 306 3962 mediocriter
319 3905 415 3959 salteni
432 3905 459 3959 in
475 3904 514 3960 eis
528 3912 651 3960 versatus
669 3902 768 3960 fuerit?
782 3906 850 3973 Quis
864 3922 927 3963 vero
981 3909 1086 3964 tissime
1100 3917 1194 3964 monet
1212 3910 1296 3965 abbas
1308 3914 1445 3969 Nosteros.
1464 3911 1650 3967 Sinuessanis
1664 3911 1736 3967 loeis
1753 3919 1781 3967 et

131 3976 311 4058 temporalem
329 3975 523 4057 meonomiam,
538 3983 568 4030 ut
582 3990 630 4046 par
644 3983 695 4056 est,
711 3991 845 4042 exercere,
863 3993 929 4033 mo·
981 3980 1151 4061 temporibus
1173 3992 1361 4052 coerceantur,
1382 3993 1409 4040 et
1430 3992 1582 4054 opportune
1604 3982 1641 4039 ad
1661 3981 1779 4039 diiinani

131 4056 240 4103 nasterii
264 4056 370 4115 negotia
386 4062 541 4118 procurare,
567 4045 636 4101 bona
658 4045 752 4102 itidem
771 4048 929 4104 eommunia
982 4051 1095 4122 gloriam
1106 4062 1290 4121 assumantur,
1303 4069 1399 4109 eorum
1408 4065 1483 4110 rerte
1494 4071 1550 4111 uon
1560 4063 1602 4112 est
1611 4054 1778 4127 procuranda

131 4129 205 4175 recte.
223 4117 412 4174 administrare
427 4118 509 4244 (guod
524 4133 555 4172 eii
571 4117 682 4173 decreto
694 4118 804 4174 Consilii
815 4119 928 4176 Triden·
982 4120 1095 4189 oblirio,
1109 4131 1138 4178 ut
1151 4138 1183 4177 ex
1197 4123 1277 4179 dietis
1289 4132 1372 4196 patet.

132 4190 179 4245 tini
196 4192 275 4258 (Sese.
291 4194 336 4257 ⁶25,
354 4208 376 4245 c.
392 4196 418 4257 i,
453 4189 717 4258 olleprileiribuslad
735 4189 808 4245 solos
822 4188 928 4245 officin—
1019 4192 1063 4248 Ad
1078 4195 1230 4263 exemplum
1246 4198 1279 4248 D.
1297 4195 1457 4267 Hieronymi
1477 4196 1628 4268 respondet
1648 4198 1777 4263 serarius,

132 4260 171 4316 les
182 4262 320 4332 pertinet),
331 4261 383 4316 nisi
393 4260 586 4325 arithmeticis,
601 4260 725 4331 politicae,
739 4261 927 4330 oecouoinirae,
983 4277 1039 4318 non
1059 4264 1197 4320 Ciceronis
1212 4273 1240 4320 et
1254 4267 1352 4334 Plauti,
1372 4281 1441 4338 quos
1459 4266 1494 4321 ibi
1508 4268 1678 4323 nominatim
1694 4283 1777 4323 recen·

132 4331 303 4401 aliarumque
317 4331 474 4402 hujusmodi
486 4330 929 4403 discipliiiaruniuteumquegna·
982 4342 1033 4397 set,
1046 4335 1231 4391 nonaliorum
1246 4337 1386 4407 gentilium
1402 4337 1546 4393 lectionem
1562 4339 1592 4393 in
1612 4340 1778 4409 Hieronymo

134 4417 181 4457 rus
191 4411 219 4457 et
228 4403 346 4472 peritus?
357 4402 543 4472 Quamobrem
555 4401 658 4470 optime
670 4403 929 4471 consuluntpraelati
982 4403 1167 4475 castigabiiem
1181 4414 1218 4472 et,
1237 4416 1283 4462 aut
1300 4424 1374 4477 vere,
1387 4416 1434 4464 aut
1447 4409 1624 4481 imaginarie,
1638 4426 1686 4481 per
1703 4424 1778 4482 quas·

133 4472 190 4526 suis
202 4469 344 4549 monachis
358 4480 385 4525 et
398 4469 554 4537 coenobitis,
565 4487 596 4525 ac
610 4471 643 4526 de
653 4472 709 4526 suis
721 4472 816 4528 itidem
832 4488 928 4528 muna·
982 4474 1048 4530 darn
1062 4490 1154 4530 reruni
1169 4477 1272 4547 speeies
1291 4488 1319 4534 et
1335 4479 1537 4551 phantasmata,
1559 4482 1731 4551 castigatam,
1752 4486 1775 4535 st

133 4541 222 4621 steriis
236 4548 338 4620 optime
350 4548 498 4605 merentur,
514 4540 580 4621 dum
595 4539 656 4620 illos
670 4540 825 4611 huiusmodi
839 4544 927 4599 scien·
982 4544 1174 4615 reprehensam
1197 4546 1297 4617 fuisse;
1322 4550 1370 4606 ssd
1395 4550 1484 4621 ipsum
1507 4552 1634 4607 lectionis
1651 4550 1770 4607 modurn.

132 4612 178 4667 tiis
190 4610 344 4693 liberalibus
357 4628 372 4667 a
383 4611 526 4693 juventule
538 4610 622 4665 inibiii
636 4618 716 4681 atque
730 4611 764 4667 ab
776 4612 889 4681 optimis
902 4624 929 4670 et
984 4617 1076 4672 Primo
1088 4618 1151 4689 quia
1169 4617 1251 4675 iioscc
1262 4629 1387 4678 auctores
1397 4621 1511 4687 avidius,
1529 4621 1703 4695 frequentius,
1717 4619 1775 4675 dili·

133 4684 321 4740 scientissimis
332 4682 544 4754 praeceptoribus
554 4696 630 4737 more
640 4689 763 4737 veterum
784 4682 926 4740 informari
984 4689 1141 4758 gentiiisque
1152 4705 1233 4760 quarn
1245 4706 1337 4748 sacros
1350 4693 1450 4748 litteras
1462 4694 1574 4762 legeret,
1596 4710 1657 4751 euin
1669 4704 1776 4764 praeser-

132 4765 238 4838 curaut,
252 4754 352 4838 quibus
366 4771 416 4828 pro
428 4769 479 4809 suo
493 4752 605 4836 quisque
619 4761 699 4824 eaptu
717 4754 751 4810 ad
766 4754 857 4809 munia
873 4756 929 4813 sive
983 4759 1034 4813 tim
1044 4760 1174 4814 sacculum
1184 4762 1245 4833 jam
1258 4763 1431 4830 deseruisset,
1452 4764 1633 4821 solitudinem
1652 4763 1776 4836 petiisset,

132 4827 279 4953 sgiritualia
302 4842 360 4882 sire
385 4826 547 4898 temporalia
565 4839 615 4880 suo
639 4832 764 4950 ternpore
781 4828 929 4884 exercenda
983 4832 1096 4900 Deoque
1115 4830 1225 4888 deberet
1244 4850 1337 4891 vacare
1350 4835 1474 4890 omniurn
1492 4836 1632 4901 maxime;
1651 4832 1775 4899 seeundo,

133 4897 142 4951 i
163 4913 249 4952 oneris
262 4896 406 4963 efficiatur,
425 4907 452 4953 et
465 4898 506 4953 vei
522 4895 650 4963 lectione,
663 4912 694 4952 ve
717 4898 766 4953 alia
786 4896 929 4954 functione
983 4901 1056 4970 quod
1073 4901 1185 4972 praeliis
1217 4904 1320 4961 rofanis
1340 4905 1496 4962 auctoribus
1513 4922 1607 4963 sacras
1622 4906 1727 4962 litteras
1745 4903 1778 4959 fs

133 4973 161 5049 el
172 4966 372 5047 exercitatione·
381 4976 539 5037 occupatus,
553 4968 652 5034 otiuin,
671 4984 726 5039 quo
740 4968 807 5024 nibil
821 4969 848 5024 iii
867 4970 927 5025 reli·
982 4971 1095 5037 stidiret,
1118 4980 1146 5027 et
1161 4920 1262 5047 atpium
1275 4976 1421 5047 Scripturas
1435 4978 1508 5032 velut
1530 4979 1666 5034 incultum
1679 4986 1706 5033 et
1717 4973 1776 5031 insi·

132 5051 214 5108 grone
232 5044 417 5107 pernictosius,
433 5037 527 5094 sedulo
541 5038 651 5105 devitet,
663 5039 737 5095 etad
750 5040 853 5111 majora
870 5040 927 5112 pie·
982 5041 1079 5113 pidum
1094 5041 1230 5111 horreret,
1246 5055 1277 5103 ιιι
1287 5048 1401 5119 ipsemet
1412 5048 1565 5118 profitetur.

132 5107 195 5164 tatis
209 5107 380 5235 ehtdootrinae
392 5108 558 5164 incrementa
572 5109 695 5181 quotidie
704 5111 790 5183 magis
801 5127 832 5167 ac
842 5111 929 5183 magis
999 5121 1030 5238 ¹⁶
1048 5116 1189 5241 contrari?
1216 5118 1290 5173 enim
1312 5119 1454 5175 contrariis
1466 5127 1611 5188 curantur,
1638 5126 1664 5176 et
1687 5116 1778 5173 etaim

132 5190 305 5252 proveatur.
982 5198 1088 5239 cavum
1108 5200 1139 5240 ex
1185 5188 1225 5243 lit.

168 5252 210 5308 Ad
226 5251 253 5309 id
272 5267 335 5309 iero
368 5251 422 5308 uod
441 5250 568 5323 superius
591 5266 626 5308 ex
650 5252 783 5307 sententia
795 5252 928 5307 Germani
1017 5255 1030 5289 l
1052 5201 1223 5314 Noteuiiraee
1234 5259 1279 5329 qui
1290 5261 1439 5319 conciones
1452 5270 1500 5318 aiit
1512 5261 1723 5319 exhortationes
1735 5274 1781 5315 tc·

132 5321 237 5380 abbatis
257 5266 445 5396 objicieiatur,
460 5321 538 5378 facile
556 5338 598 5378 res
618 5322 713 5377 onderi
729 5328 818 5392 potest
832 5321 927 5394 hujus·
983 5325 1043 5395 pius
1064 5326 1170 5383 auditas
1192 5339 1240 5385 aut
1258 5330 1308 5387 sibi
1327 5342 1407 5388 notas
1428 5342 1612 5404 aspernantur
1632 5342 1681 5389 siit
1704 5330 1780 5387 fasti-

131 5394 206 5450 modi
219 5395 426 5451 incommodum
440 5394 496 5449 sive
515 5394 587 5464 impe
607 5394 752 5461 imentum,
773 5391 847 5461 quod
860 5394 928 5449 sub·
982 5395 1079 5465 diunt3
1093 5397 1193 5467 quibus
1209 5400 1277 5456 iilud
1291 5404 1427 5475 congruit,
1449 5406 1523 5475 quod
1539 5406 1569 5461 in
1583 5405 1658 5461 Actis
1669 5408 1780 5473 Aposto

132 5463 193 5521 inde
211 5465 353 5522 orantibus
373 5474 420 5520 aut
449 5462 644 5519 meditantibus
661 5478 694 5519 ex
718 5471 860 5535 poetarum
887 5465 927 5521 vel
982 5466 1072 5522 lorum
1088 5468 1112 5523 le
1132 5469 1203 5525 itur:
1216 5472 1393 5531 Athenienses
1408 5476 1446 5530 nd
1458 5476 1531 5531 nihil
1546 5473 1778 5535 uliudiooobunl,

130 5531 307 5591 historiarum
322 5536 439 5619 lectione
451 5534 588 5617 provenit,
604 5534 674 5618 dum⁸
685 5550 762 5592 mens
776 5550 869 5593 earum
882 5552 925 5592 re·
981 5541 1038 5594 nisi·
1050 5485 1201 5606 arsinoe,
1210 5548 1260 5598 out
1273 5546 1482 5615 uudirccli'qua'd
1490 5550 1555 5602 novi
1563 5552 1663 5613 (sum.
1675 5544 1779 5611 xxvii).

130 5617 192 5658 runi
211 5606 399 5664 recordatione
413 5606 580 5674 distrahitur,
597 5607 689 5663 multis
700 5608 759 5663 aliis
771 5608 926 5664 commodis
1016 5611 1086 5666 ‘Dc
1099 5611 1149 5667 hae
1168 5616 1302 5672 sententia
1326 5615 1389 5673 ride
1411 5626 1505 5673 notata
1522 5634 1556 5675 su
1587 5621 1652 5675 rius
1672 5616 1778 5685 (collui.

130 5682 159 5729 ct
173 5675 333 5731 utilitatibus
351 5677 458 5760 abunde
475 5679 662 5760 compensari3
680 5694 730 5759 nec
743 5686 849 5732 tantam
868 5676 925 5763 iiim
979 5693 1037 5750 xii,
1050 5697 1109 5754 oop.
1123 5684 1162 5754 5),
1174 5693 1201 5740 et
1213 5689 1244 5740 i).
1262 5686 1426 5761 Gregorium
1439 5688 1486 5746 lib.
1498 5704 1542 5748 ιιι
1592 5690 1665 5750 oral.
1679 5704 1739 5763 cap·
1752 5692 1778 5741 l.

128 5744 241 5815 habere,
258 5754 287 5802 ut
304 5755 437 5804 orationis
459 5748 499 5803 rel
518 5749 701 5804 meditationis
720 5747 849 5818 fructum,
872 5762 923 5805 nisi
