3848 6158
144 275 206 329 11121
685 266 855 325 cottnttb
875 267 945 322 xvi.
964 295 1000 307 -
1019 267 1063 322 DE
1083 213 1274 325 amicitias
1731 275 1799 331 {022

449 393 568 452 CAPUT
586 394 633 449 Vl.
955 391 1041 454 Auia
1052 395 1203 447 communia
1215 394 1319 460 (Actor.
1332 393 1385 464 tv).
1400 392 1505 450 Deinde
1517 393 1751 466 quemadmodum
1763 395 1799 453 ab

160 490 260 557 Quibus
275 487 360 543 modic
372 464 536 543 inmutabilis
549 488 636 557 possit
652 487 763 541 secutus
778 484 919 539 retentari.
995 501 1028 543 eo
1048 487 1227 544 seminarium
1241 487 1419 545 dissensionis
1433 497 1572 561 exsurget,
1588 489 1635 560 qui
1654 503 1708 544 non
1728 504 1796 560 suaa,

178 580 268 637 Prima
286 590 299 616 ⁸
319 579 400 652 igitur
417 587 481 637 sunt
501 593 570 639 reiae
587 576 713 634 amicitiae
730 576 758 632 in
778 582 942 647 contemptu
995 576 1043 635 sed
1057 577 1150 636 iratris
1164 580 1285 637 sarriens
1297 579 1443 650 voluntati,
1456 581 1569 638 Domini
1582 590 1665 653 atque
1678 581 1798 638 auctoris

142 672 302 731 substantiae
317 672 462 731 mundialis
475 680 503 729 et
520 671 645 729 omnium
661 685 730 742 quas
746 668 881 725 babemus
900 683 942 726 ra·
995 673 1037 728 sui
1054 671 1138 730 tuerit
1150 673 1271 731 imitator
1289 671 1416 743 allectus,
1437 674 1484 747 qui
1505 675 1619 748 loquens
1636 692 1667 731 ex
1682 690 1798 747 persona

138 765 389 842 cumdespeetione
398 764 566 823 fundamina.
577 765 713 836 Perquam
725 762 799 820 anim
809 761 943 835 injustum
996 767 1113 825 bominis
1126 783 1208 840 quem
1223 768 1344 842 gerebat,
1359 773 1504 834 Nonacri,
1519 769 1617 842 inquit,
1633 774 1665 826 ut
1680 773 1797 839 (acereta

137 858 224 932 atque
238 859 353 931 impium
368 866 419 928 est,
434 859 457 915 si
480 865 542 930 post
562 854 781 914 abrenuntiatam
794 855 891 912 mundi
914 861 943 912 et
995 863 1162 919 uoluntatem
1178 878 1274 927 meam
1289 864 1336 919 sed
1346 865 1513 920 uoluntatem
1531 867 1591 935 eius
1606 866 1655 935 qui
1667 880 1709 921 me
1722 866 1797 922 misit

141 951 270 1008 omnium
290 965 351 1023 quaa
365 951 392 1007 in
412 966 446 1008 ec
461 959 528 1008 sunt
549 949 715 1017 vanitatem,
737 946 941 1020 pretiosissimae
994 959 1082 1023 (Joau.
1097 956 1147 1028 ψ
1161 958 1221 1028 Quo
1235 966 1328 1014 autem
1342 957 1426 1014 modo
1442 958 1532 1014 ultum
1551 957 1734 1014 eontanuonis
1753 956 1796 1015 to-

140 1045 232 1103 tratris
260 1045 396 1103 dilectioni
419 1044 540 1119 supellex
563 1044 697 1102 vilissima
719 1057 780 1116 quae
806 1038 940 1114 superfuit
993 1049 1090 1105 mitem
1112 1049 1264 1115 suscitabit,
1278 1051 1328 1123 qui
1347 1049 1382 1106 de
1395 1050 1570 1124 intelligentia
1587 1067 1618 1108 ac
1636 1066 1717 1109 sensu
1734 1065 1795 1119 suc,

141 1141 228 1210 [Lips.
244 1143 275 1195 iu
293 1155 380 1210 uterq.
399 1137 564 1212 superlinitl,
586 1136 748 1213 praeferatur
763 1155 771 1192 ε
786 1134 940 1193 mundum
993 1157 1049 1197 non
1063 1149 1121 1197 tam
1138 1143 1251 1214 proprio
1261 1141 1366 1215 judicio
1385 1156 1469 1214 quam
1484 1140 1579 1198 fratris
1593 1141 1689 1198 cedere
1710 1142 1794 1214 [Lips.

140 1240 183 1289 est
194 1239 225 1289 ut
236 1232 272 1288 ita
291 1247 355 1290 suas
370 1232 556 1305 unusquisque
570 1239 674 1289 resecet
686 1230 850 1297 voluntates,
861 1243 897 1285 ne
910 1243 940 1285 se
991 1237 1022 1290 in
1034 1251 1123 1305 uterq.
1138 1233 1259 1303 credere]
1273 1232 1392 1291 decrevit
1409 1233 1541 1300 examini,
1557 1249 1607 1305 pro
1621 1233 1681 1305 ejus
1694 1233 1795 1291 scilicet

136 1325 292 1398 sapientem
306 1335 387 1399 atquc
400 1325 557 1384 consultum
572 1341 631 1383 esse
640 1325 779 1399 iudicans,
790 1323 847 1380 suis
859 1322 940 1379 malit
993 1327 1118 1395 arbitrio,
1136 1328 1177 1385 vel
1193 1327 1313 1400 probans
1323 1343 1374 1385 sua
1392 1325 1513 1395 inventa,
1530 1327 1571 1381 vel
1588 1325 1755 1398 improbans,
1769 1335 1797 1384 et

138 1435 223 1492 quam
243 1420 362 1492 proximi
383 1419 589 1478 delinitionibus
609 1418 732 1475 obedire.
752 1416 876 1474 Tertium
896 1423 940 1473 cst
993 1419 1187 1493 Evangelicum
1196 1419 1263 1477 illud
1272 1420 1309 1492 pii
1321 1419 1412 1476 cordis
1423 1419 1579 1476 humilitate
1589 1435 1794 1489 consummans,

138 1521 170 1570 ut
183 1514 254 1569 sciat
269 1512 373 1581 amnia,
388 1514 472 1571 etiam
485 1527 547 1585 quie
564 1511 641 1568 utilia
652 1526 686 1569 ac
697 1511 851 1567 necessaria
865 1508 938 1568 aesti·
995 1515 1186 1571 Verumtamen
1205 1529 1260 1568 aaa
1280 1515 1350 1568 sieut
1373 1529 1420 1583 eqo
1442 1514 1515 1576 aulo,
1539 1512 1587 1568 sad
1610 1515 1679 1568 sieut
1702 1518 1732 1569 tii
1754 1515 1795 1570 eis

137 1614 205 1676 mat,
218 1606 410 1680 postponenda
422 1607 496 1665 bono
509 1606 649 1664 charitatis
660 1621 693 1663 ac
706 1605 796 1680 pacis,
808 1612 939 1678 quartum
992 1602 1103 1672 (nant.
1121 1602 1229 1674 xxvii?
1248 1603 1306 1658 Aut
1325 1616 1381 1674 qua
1395 1601 1500 1658 rationo
1513 1600 1615 1672 aliquid
1635 1616 1689 1672 quo
1709 1601 1795 1659 frater

135 1706 169 1755 ut
188 1688 282 1756 credat
298 1713 349 1757 nec
366 1698 448 1771 justis
461 1713 519 1777 ¹uec
535 1697 643 1771 iniustis
660 1697 695 1755 de
715 1697 807 1754 causis
830 1696 939 1770 penitus
991 1695 1194 1764 meastidcetur,
1209 1694 1344 1761 admittet,
1355 1694 1413 1767 ¹qui
1433 1696 1507 1753 bono
1525 1694 1598 1768 pacis
1611 1693 1678 1750 nibil
1690 1694 1795 1767 iudicat

138 1791 329 1863 irascendum
360 1793 487 1866 quintum
512 1801 543 1849 ut
563 1791 693 1850 adversus
715 1805 746 1848 ae
768 1789 938 1847 iracundiam
952 1796 976 1860 Β
992 1803 1051 1846 esse
1071 1788 1230 1861 pretiosius,
1250 1788 1404 1847 Dominicis
1423 1787 1493 1845 illius
1516 1787 1659 1845 sententia
1684 1802 1792 1844 memo·

137 1883 238 1952 iratria,
255 1885 339 1943 etiam
353 1885 412 1941 sina
430 1884 538 1941 ratione
556 1891 727 1957 conceptam,
741 1882 839 1941 eodem
853 1881 938 1939 modo
991 1884 1060 1941 riam
1081 1899 1140 1940 non
1159 1884 1303 1952 eminens,
1323 1888 1354 1941 ln
1376 1886 1424 1940 boc
1441 1888 1594 1953 mqnosceni
1612 1898 1700 1939 omnes
1723 1883 1795 1954 quod

135 1991 193 2049 quo
213 1993 294 2035 suam
318 1993 417 2037 curare
436 1977 586 2046 desideret,
609 1979 698 2036 sciens
720 1977 861 2049 aequaliter
884 1975 937 2032 sibi
991 1979 1120 2033 maestes
1133 1979 1270 2048 disnpuli,
1286 1978 1491 2033 sidiiectioneiii
1505 1977 1702 2033 habueritisad
1718 1977 1793 2031 inei-

138 2070 319 2141 pemiciosam
339 2069 450 2127 alterius
472 2085 532 2128 esse
550 2070 702 2140 minutiam,
719 2085 751 2126 ac
765 2070 788 2126 ai
810 2069 940 2126 adversus
984 2084 1047 2125 aeia
1060 2071 1148 2136 (toan.
1167 2073 1253 2138 1111),
1269 2084 1316 2142 per
1332 2068 1509 2141 quamielut
1523 2068 1635 2140 spiritali
1654 2067 1793 2141 signaculo

88 2150 90 2154 ’
138 2160 225 2218 ιι11ιιιιι
239 2162 295 2234 ipse
317 2170 471 2232 moveatur,
488 2162 541 2219 nisi
555 2177 631 2232 eam,
647 2169 781 2234 quantum
796 2162 825 2216 in
836 2176 866 2217 se
886 2167 938 2228 est,
992 2176 1105 2235 gregem
1115 2162 1207 2217 orium
1218 2176 1332 2218 suarum
1344 2162 1372 2217 in
1385 2161 1438 2220 boc
1453 2161 1557 2218 mundo
1569 2161 1655 2217 voluit
1669 2160 1794 2218 Christus

136 2254 221 2310 etiam
240 2255 275 2311 da
294 2254 387 2313 niuis
406 2263 498 2315 menta
513 2254 657 2329 depulerit.
679 2256 854 2312 Postremum
872 2253 938 2313 illud
992 2255 1115 2328 agnosci,
1133 2263 1215 2327 atque
1228 2254 1282 2312 hoc
1296 2271 1313 2312 a
1326 2255 1444 2322 eoeteris,
1460 2262 1490 2310 ut
1506 2255 1541 2310 ita
1555 2253 1681 2322 dixerim,
1695 2252 1791 2309 chora·

133 2354 188 2415 est,
207 2347 281 2420 quod
295 2348 421 2423 generale
434 2349 565 2408 vitiorum
581 2348 707 2407 omnium
722 2347 937 2419 peremptoriam
991 2354 1065 2404 cterc
1079 2346 1215 2407 duceni?
1234 2348 1294 2418 Qua
1309 2362 1374 2405 iero
1388 2362 1423 2404 ex
1437 2361 1523 2417 rausa¹
1532 2346 1574 2402 vel
1590 2346 1617 2401 in
1631 2360 1661 2402 se
1673 2345 1793 2416 recipere

133 2453 194 2496 esse
212 2455 266 2497 non
287 2440 403 2499 dubium
427 2450 478 2510 est,
501 2449 533 2499 ut
549 2457 579 2499 se
597 2440 632 2499 dc
649 2441 703 2498 hoc
718 2439 823 2497 mundo
844 2439 937 2498 credat
990 2440 1032 2496 vel
1050 2439 1144 2496 inalio
1160 2437 1280 2496 residere
1293 2453 1436 2496 rancorem
1451 2435 1567 2494 tristitiae
1580 2435 1737 2500 sustinebit,
1750 2432 1793 2490 cui

136 2533 259 2605 quotidie
270 2534 462 2608 migraturum.
475 2539 545 2610 Quat
557 2534 763 2608 persuasionon
775 2532 866 2591 solum
878 2534 937 2591 nul·
989 2547 1100 2590 summa
1117 2531 1241 2589 definitio
1255 2539 1307 2601 est,
1322 2536 1334 2565 ⁰
1347 2530 1504 2600 iracundie,
1523 2544 1585 2603 quae
1601 2528 1752 2601 perniciosa
1766 2534 1794 2583 et

134 2625 190 2682 tam
213 2626 241 2682 in
261 2627 343 2686 corde
365 2629 505 2686 tristimm
524 2628 641 2687 residere
664 2627 817 2701 permittit,
841 2641 937 2684 reruni
990 2623 1086 2682 illicita
1100 2632 1151 2693 cst,
1164 2624 1254 2697 justas
1272 2639 1369 2681 causas
1381 2639 1440 2680 esse
1453 2639 1511 2679 nan
1525 2638 1616 2696 possa,
1636 2620 1788 2693 codemque

131 2719 218 2775 etiam
239 2721 382 2778 universos
402 2722 689 2796 concupiscentiarum
709 2737 741 2778 ac
762 2728 937 2794 peccatorum
990 2731 1021 2774 sc
1034 2715 1129 2786 modo,
1147 2724 1324 2774 succensente
1345 2715 1398 2772 sibi
1416 2715 1511 2782 fratre,
1533 2702 1687 2771 orare'non
1701 2727 1792 2784 posse,

135 2814 260 2870 omnium
282 2815 446 2888 comprimet
458 2825 561 2872 motus.
586 2818 654 2872 Haec
674 2815 757 2888 igimr
770 2814 937 2886 quicumque
990 2824 1054 2866 cum
1068 2808 1145 2882 quasi
1156 2807 1232 2865 tratri
1244 2824 1295 2865 suo
1308 2807 1365 2881 ipsa
1378 2815 1546 2875 succenseat,
1558 2807 1706 2878 irrogatam
1718 2804 1793 2860 illam

136 2907 262 2973 tenuerit,
277 2908 490 2965 amaritudinem
503 2906 804 2980 iraeatquediscordiae
818 2905 936 2978 necpaii
991 2902 1106 2959 Domini
1134 2902 1283 2959 silvatoris
1310 2901 1408 2959 humili
1433 2917 1542 2973 semper
1567 2899 1688 2956 retinens
1710 2896 1794 2955 mide

133 2998 235 3070 poterit
246 3013 298 3055 nec
312 2997 421 3056 inferre.
436 3000 488 3056 His
499 3009 592 3056 autem
607 3001 788 3070 cessantibus,
802 3015 866 3056 cum
880 2998 935 3070 pri·
989 2994 1164 3061 sententiam,
1184 2996 1215 3052 Si
1226 2995 1305 3065 offers
1321 3010 1419 3050 munus
1442 3000 1519 3050 tuum
1538 2994 1575 3048 ad
1590 2994 1688 3056 altare,
1708 2996 1734 3047 et
1754 2992 1795 3045 ibi

136 3107 215 3149 mum
229 3093 242 3127 l
255 3091 298 3174 iile
312 3091 429 3149 aemulus
442 3091 586 3149 charitatis
597 3091 627 3147 in
641 3091 770 3149 cordibus
783 3092 936 3149 amicorum
991 3091 1142 3147 reeordatus
1150 3091 1238 3157 suern
1247 3088 1320 3160 quod
1328 3091 1418 3157 irater
1428 3092 1491 3143 tuus
1500 3086 1578 3142 babet
1588 3084 1792 3156 aliquidudaer·

131 3183 252 3250 tristitiae
279 3183 383 3240 sensim
404 3199 505 3241 venena
527 3182 685 3254 suffuderit,
708 3199 819 3241 necesse
840 3191 882 3240 est
902 3191 934 3240 ut
953 3196 1050 3261 Crura
1062 3189 1097 3247 te,
1112 3184 1234 3253 relinque
1248 3183 1288 3237 ibi
1297 3197 1396 3237 munus
1411 3184 1561 3236 mimante
1574 3180 1672 3241 altare,
1687 3176 1792 3233 etoade

132 3273 324 3349 frequentibus
340 3277 438 3351 jurgiis
461 3276 592 3352 paulatim
616 3276 762 3335 dilectione
786 3276 934 3350 tepefacta,
986 3272 1684 3350 priusreuonciiiariiratrituo,etsicuenienscffer
1694 3286 1791 3328 munus

132 3370 287 3426 amantium
298 3370 382 3426 corda
393 3370 442 3428 diu
456 3371 609 3429 exulcerata
620 3370 782 3444 quandoque
795 3370 934 3429 dissociet.
990 3378 1068 3429 tuum
1087 3372 1197 3438 (blatii.
1220 3370 1261 3436 v).
1279 3367 1352 3425 Nihil
1368 3368 1443 3424 enim
1462 3367 1587 3439 proderit
1601 3368 1624 3422 si
1639 3364 1791 3438 tequidem

133 3465 205 3519 llam
219 3463 265 3535 qui
280 3479 329 3535 per
339 3463 436 3521 callem
451 3463 588 3539 praedietae
602 3464 762 3522 directionis
775 3463 935 3538 ingreditur,
990 3480 1094 3522 asseras
1110 3479 1167 3520 non
1187 3461 1278 3531 irasci,
1298 3469 1326 3519 et
1343 3459 1438 3518 eredas
1455 3468 1482 3517 te
1501 3459 1614 3532 implere
1628 3456 1694 3514 illud
1708 3473 1790 3515 man-
1869 3500 1872 3508 .

133 3553 161 3609 in
176 3569 230 3628 quo
248 3554 284 3611 ab
297 3556 388 3614 amico
403 3572 535 3631 umquam
547 3573 598 3616 suc
615 3559 718 3631 poterit
730 3557 874 3628 dissidere,
887 3558 935 3630 qui
989 3559 1084 3616 datum
1100 3571 1155 3630 quo
1171 3554 1281 3625 dicitur,
1294 3556 1341 3612 Sol
1353 3570 1406 3611 non
1421 3555 1611 3624 occidatsuper
1621 3552 1791 3607 iracundiam

132 3648 248 3720 primam
263 3649 351 3706 litium
365 3666 476 3708 causam
494 3667 556 3727 quae
574 3667 608 3709 eit
623 3652 743 3725 parvulis
756 3651 840 3708 iebus
854 3651 932 3707 vilis·
987 3657 1110 3715 cestram,
1123 3659 1160 3717 et,
1173 3651 1228 3718 Qut
1238 3651 1367 3705 irascitur
1376 3650 1464 3717 tratri
1471 3663 1529 3713 suo,
1541 3663 1602 3704 reus
1612 3645 1789 3718 eriijudicib5

133 3740 263 3816 simisque
284 3744 406 3801 materiis
425 3745 546 3818 generari
567 3746 646 3812 solet,
667 3744 735 3802 nihil
749 3761 832 3802 suum
847 3743 934 3801 vindi·
987 3744 1098 3807 alterius
1117 3759 1181 3802 iero
1196 3743 1333 3810 tristitiam
1347 3758 1432 3815 qnam
1445 3742 1557 3798 delinire
1570 3749 1616 3796 tua
1632 3744 1789 3795 mansuetu·

132 3845 208 3901 cans,
229 3832 359 3889 radicitus
379 3834 570 3905 amputaverit,
592 3833 658 3891 illud
677 3833 752 3907 quod
774 3835 802 3890 in
822 3833 934 3890 Actibus
986 3838 1061 3897 dine·
1075 3837 1209 3912 potuisti,
1233 3835 1391 3893 contumaci
1411 3833 1494 3890 corde
1515 3832 1658 3904 despicias.
1684 3830 1789 3886 Eodem

59 3950 63 3954 ‡
133 3922 329 3994 Apostolorum
348 3923 464 3994 tegimus
486 3923 521 3979 de
539 3923 644 3980 unitate
666 3923 838 3980 credentium
856 3928 933 3984 omni
986 3946 1105 4002 namque
1128 3930 1212 3987 modo
1233 3909 1370 4002 'precepti
1402 3925 1534 3984 Dominici
1567 3923 1790 3998 praevaricatione

133 4015 235 4072 virtute
260 4014 435 4072 custodiens?
456 4015 640 4072 Multitudinis
661 4019 752 4070 αιιιιιιι
771 4016 935 4074 eredmtr'um
988 4021 1121 4093 plecteris.
1144 4023 1198 4091 Qui
1213 4023 1288 4079 enim
1303 4030 1331 4078 ta
1352 4021 1429 4077 irasci
1449 4020 1577 4080 adversus
1598 4018 1716 4075 alterum
1734 4030 1790 4072 non

134 4113 192 4166 erat
201 4125 245 4164 cer
255 4124 340 4164 unum
350 4112 376 4163 et
386 4110 479 4163 anima
487 4123 553 4172 una,
563 4111 763 4179 necquicquam
773 4124 863 4166 eorum
873 4126 934 4182 quea
987 4110 1088 4168 debere
1102 4112 1183 4180 dixit,
1201 4128 1252 4168 nec
1265 4112 1375 4168 alterius
1388 4112 1526 4168 contemni
1537 4111 1675 4168 tristitiam
1691 4108 1789 4166 debere

131 4202 297 4273 possidebat,
304 4201 413 4279 aliquid
420 4201 731 4266 suumessedicebat,ced
738 4204 933 4260 eraniiiit'som·
985 4202 1070 4274 dixit,
1086 4204 1218 4278 quianon
1235 4204 1347 4261 interest
1362 4202 1436 4276 apud
1448 4207 1548 4274 Deum,
1564 4203 1610 4276 qui
1627 4219 1722 4261 omnes
1736 4202 1787 4259 hc·

685 4325 811 4383 atnam
830 4327 943 4385 Gazmt
963 4328 1243 4387 COMMENTARIUS.

168 4445 352 4528 'traduntur
364 4446 409 4503 bic
424 4455 494 4530 octo.
506 4446 597 4530 modia
610 4447 708 4521 quibus
722 4461 785 4503 vera
799 4455 827 4504 et
840 4447 931 4519 perie-
983 4449 1104 4521 primam
1115 4466 1226 4509 causam
1240 4450 1329 4508 litium
1343 4451 1394 4509 :da
1405 4465 1458 4580 qua
1467 4451 1645 4509 Cassiodorus
1655 4450 1703 4522 (De
1713 4450 1787 4506 Ami·

131 4525 175 4573 cta
188 4526 258 4574 inter
279 4518 427 4575 monachos
440 4527 557 4575 amicitia
569 4518 686 4588 ineatur,
705 4526 882 4575 conservetur
903 4527 931 4576 et
984 4523 1050 4577 citio
1069 4540 1128 4595 cop.
1151 4531 1176 4596 ι)
1194 4530 1258 4595 apte
1278 4523 1307 4579 in
1325 4522 1398 4580 liunc
1426 4540 1507 4581 ocum
1527 4543 1534 4579 :
1556 4525 1686 4581 Amicitia
1703 4536 1786 4591 quum

129 4603 163 4644 aii
184 4599 260 4645 eatur
273 4607 280 4644 :
294 4604 357 4661 quae
372 4589 513 4646 memoriae
521 4588 649 4661 juvandae
663 4605 746 4647 causa
758 4589 877 4647 breviter
892 4590 929 4646 ita
982 4594 1121 4650 mundana
1133 4611 1166 4650 eu
1186 4596 1270 4652 iditut
1281 4596 1431 4652 introducit
1444 4596 1625 4664 fraudulento
1638 4597 1698 4648 est:
1715 4591 1786 4644 nibil

129 4605 218 4732 coiiigi
231 4668 365 4732 possunt:
383 4665 410 4715 1⁰
423 4668 454 4716 ut
466 4659 577 4716 firmum
589 4669 616 4717 et
627 4661 747 4717 solidum
755 4661 855 4733 jaciant
866 4660 929 4717 iun·
982 4678 1084 4730 comm,
1100 4612 1315 4730 nibifseeurum,
1330 4667 1399 4723 nibil
1412 4667 1612 4729 stabilitatem
1627 4664 1693 4716 bona
1706 4661 1787 4714 hami

128 4728 288 4810 dementum
303 4732 331 4787 in
344 4730 471 4805 religiosa
484 4736 652 4803 paupertate,
667 4739 825 4803 contemptu
839 4741 867 4788 et
880 4732 929 4789 ab·
943 4771 969 4834 D
982 4738 1025 4790 nis
1039 4744 1125 4801 amai,
1140 4754 1193 4792 non
1206 4739 1353 4800 bominemi
1366 4752 1484 4791 amorem
1496 4737 1606 4788 metitur
1618 4748 1651 4786 ea
1663 4735 1784 4800 questu3

130 4799 267 4856 dicatione
287 4818 379 4858 rerum
404 4803 611 4874 temporalium3
632 4807 662 4859 2⁰
681 4811 712 4858 ut
729 4816 794 4859 suas
817 4801 876 4873 quis
896 4818 930 4861 uc
983 4807 1125 4873 fortunam
1139 4810 1208 4863 uotis
1225 4808 1407 4876 amplectitur,
1420 4821 1473 4860 non
1483 4820 1641 4875 pomonam,-
1650 4803 1736 4873 juata
1749 4801 1784 4856 il·

131 4878 235 4952 resecet
247 4871 419 4952 noluntates,
436 4888 486 4930 nac
503 4881 561 4930 tam
575 4873 633 4930 suis
646 4888 729 4946 quam
750 4873 866 4945 proximi
877 4819 931 4930 de·
985 4875 1058 4930 lud:

133 4941 308 4996 finitionibus
326 4943 403 4999 malit
423 4943 548 5014 obedire3
564 4948 594 5000 ιθ
607 4952 638 5001 ut
648 4945 716 5001 sciat
729 4944 830 5008 omnia,
846 4945 931 5002 etiam

131 5026 194 5083 quae
206 5013 357 5069 necessaria
369 5022 416 5070 aut
429 5014 507 5070 utilia
519 5015 647 5080 aestimat,
658 5014 846 5088 postponenda
857 5016 930 5073 bono

131 5081 272 5139 charitatis
294 5091 322 5139 et
342 5085 429 5156 pacis3
453 5088 483 5141 4⁰
502 5094 535 5143 ut
554 5094 648 5143 careat
668 5085 847 5152 iracundiam,
868 5101 931 5159 quai

131 5162 219 5235 mater
240 5163 280 5211 est
294 5154 456 5226 discordiam
476 5160 507 5231 ⁵?
527 5165 558 5213 ut
577 5157 646 5214 iram
665 5155 755 5213 iratris
775 5164 870 5213 contra
884 5173 929 5227 se,
983 5158 1096 5216 Etinlra
1109 5161 1204 5218 :Audi
1214 5165 1246 5217 B.
1259 5163 1429 5220 Ambrosium
1440 5163 1507 5235 (Lib.
1519 5177 1557 5219 ιιι
1568 5161 1621 5231 Off.
1632 5175 1692 5230 cap.
1703 5159 1784 5231 uiti:

132 5231 214 5281 etiam
230 5226 289 5282 sine
308 5227 416 5284 ratione
434 5236 609 5300 conceptam,
623 5244 719 5287 curare
735 5244 768 5285 ac
787 5228 931 5302 mitigare,
986 5235 1045 5291 Non
1059 5236 1109 5297 est,
1120 5234 1220 5303 inquit,
1231 5236 1352 5290 amicitia
1365 5237 1514 5304 ceetipaiis,
1525 5234 1571 5290 aad
1583 5233 1701 5287 liberatis
1711 5233 1786 5287 :uir-

130 5309 208 5366 aeque
231 5313 264 5352 ac
281 5312 361 5354 suam
380 5298 530 5368 desideret3
552 5302 583 5358 6ο
601 5308 632 5357 ut
650 5315 680 5357 sc
700 5299 734 5357 de
754 5298 807 5357 hoc
826 5299 930 5358 mundo
984 5309 1027 5359 tus
1037 5307 1107 5360 anim
1119 5309 1204 5373 esaei
1215 5322 1267 5361 non
1278 5310 1475 5375 quastummn
1485 5307 1600 5376 pecunia
1614 5303 1784 5366 conmittitur,

130 5367 224 5446 credat
241 5369 362 5451 quotidie
377 5371 571 5444 migraturum,
592 5371 666 5444 quod
686 5380 726 5429 est
746 5371 870 5455 generale
889 5371 930 5428 vi·
983 5376 1030 5431 sed
1043 5378 1150 5446 pretim
1169 5392 1222 5432 nan
1238 5378 1390 5446 iitiqatiane
1403 5379 1570 5448 pretiorum,
1591 5375 1637 5430 sed
1651 5378 1785 5430 concerta·

130 5443 233 5518 norum
250 5454 375 5495 omnium
423 5442 618 5514 remptorium;
633 5448 665 5500 7⁰
685 5452 715 5500 ut
729 5451 811 5500 etiam
826 5443 853 5499 in
868 5442 933 5515 opi·-
983 5449 1054 5502 tiona
1070 5454 1173 5503 mutua
1187 5449 1374 5504 beneuolentiae
1388 5450 1512 5518 piquiiur
1526 5451 1551 5502 et
1564 5448 1680 5515 levetur,
1696 5452 1748 5501 etc.

128 5509 257 5589 tironibus
271 5511 306 5566 ad
318 5457 487 5569 insatiatam
504 5513 710 5586 pertinentibus,
726 5513 930 5586 lugiatcontcn·
1020 5525 1031 5552 ⁰
1053 5519 1130 5585 Haec,
1143 5526 1171 5573 et
1188 5534 1249 5591 quae
1266 5527 1429 5589 sequuntur,
1445 5534 1499 5590 quo
1512 5533 1593 5574 sensu
1612 5514 1785 5588 intelligenda

131 5585 232 5660 tionem
249 5582 279 5637 8⁰
295 5590 499 5656 ut-numquam
513 5600 575 5656 suo,
589 5585 637 5643 sad
649 5585 739 5658 magis
752 5585 840 5642 alieno
853 5584 931 5658 judi-
984 5595 1059 5656 sunt,
1074 5587 1136 5644 vide
1150 5588 1178 5644 in
1196 5589 1419 5647 annotationibus
1438 5589 1472 5645 ad
1492 5589 1540 5645 lib.
1557 5605 1617 5647 vrri
1633 5587 1785 5646 institutio-

129 5651 261 5707 ciolidat.
982 5673 1060 5715 num.
1084 5660 1236 5716 Pmdenter
1255 5669 1348 5717 autem
1368 5661 1437 5718 dixit
1458 5662 1620 5726 iracundia,
1643 5675 1700 5716 non
1721 5660 1783 5713 ire.

166 5715 179 5753 ¹³
195 5723 336 5791 Diabolus,
351 5726 392 5783 cei
408 5725 494 5783 radic
505 5729 623 5785 muniunt
636 5730 769 5785 mabmm
780 5728 928 5800 cupiditas,
983 5732 1056 5787 itam
1071 5730 1110 5786 ira
1125 5745 1198 5804 saepe
1210 5735 1285 5803 justa
1299 5741 1350 5799 est,
1366 5741 1393 5791 et
1404 5733 1492 5806 justas
1506 5731 1779 5790 mussabamssw

1045 4983 1098 5032 Non
1110 4983 1149 5032 est
1163 4994 1282 5044 personae,
1297 4982 1339 5032 sed
1354 4983 1520 5057 prosperitatis
1530 4983 1630 5046 amicus,

1078 5045 1156 5102 Quem
1171 5044 1266 5095 tertona
1277 5048 1344 5097 tenet
1355 5046 1442 5108 dulcis,
1457 5046 1544 5096 acerba
1555 5046 1622 5110 iiiqat

129 5790 271 5852 charitatis
290 5796 400 5867 amula,
421 5804 450 5854 et
470 5796 592 5870 inimica,
612 5815 695 5872 quam
715 5799 828 5858 interius
850 5809 931 5858 uocat
982 5801 1135 5874 bacaudis,
1147 5803 1322 5863 utsuoloco
1334 5805 1517 5862 dictumest,
