3824 6164
130 234 199 292 test

126 452 195 509 libro
216 449 364 507 viventium
380 448 465 504 inisse
483 446 678 518 conscriptum,
693 460 725 500 ac
746 444 845 515 pariter
858 458 922 499 enen

123 546 233 603 audisse
245 559 311 619 cutte
324 544 432 599 emeris
446 560 454 599 ε
474 543 562 597 Nolite
575 541 692 611 gaudere
711 542 778 609 patio
790 540 922 594 Minturnis

123 641 196 696 uobis
206 638 401 709 snbjiciuntur,
412 636 526 705 potestate
537 640 628 690 osten
637 638 704 705 petia
715 635 823 689 nomino
833 636 923 687 oestro

122 736 226 803 scripto
244 736 311 787 sterit
329 730 401 785 eote
421 732 506 799 (loeo
521 732 561 797 x).
581 726 636 783 Sed
657 728 722 799 quin
745 725 923 798 philargyriae

124 835 201 901 peste
222 833 376 897 corruptus,
396 823 432 879 de
451 822 618 895 ascriptione
637 821 741 878 emlesti
760 821 796 877 ad
814 828 922 877 terrena

124 920 245 993 dejectus
256 925 306 989 ast,
318 924 507 989 competenter
519 914 554 971 de
569 930 602 971 co
614 930 646 971 ac
658 912 693 969 de
710 912 849 969 similibus
862 912 922 983 ejus

124 1012 223 1070 dicitnr
235 1026 284 1083 per
296 1008 458 1083 prophetam
475 1027 482 1063 :
497 1010 624 1071 Domine,
639 1022 727 1061 omem
738 1007 789 1075 poi
800 1008 825 1059 tc
842 1004 921 1059 dero-

124 1108 261 1175 licpnnnt,
274 1103 487 1171 connectendas,
498 1101 647 1155 recedentes
656 1115 675 1152 o
685 1105 710 1154 te
725 1100 755 1153 tn
766 1103 840 1153 teres
851 1100 921 1155 scei-

666 220 807 279 tortNlilS
824 217 976 276 cessisti!
995 214 1241 273 conlationes

125 368 187 417 ctos
210 356 348 415 aclaristo
366 352 533 427 apostolatus
551 352 665 408 sortitus
678 356 721 407 est
743 348 871 421 gradum
897 346 967 413 ing

1249 340 1369 399 CAPUT
1388 340 1509 397 xxvtt.

979 532 1055 599 Qacod
1065 534 1152 587 satuti
1165 532 1219 586 riri
1227 531 1380 601 pertinaces
1399 528 1508 583 ocduri
1520 540 1643 581 essenon
1659 532 1779 595 poenire.

1012 726 1071 781 Neo
1084 722 1154 781 illius
1167 722 1295 796 precepti
1311 720 1412 778 utilitas
1425 729 1467 777 est
1479 716 1597 783 silenda,
1609 719 1684 791 quod
1699 720 1779 777 etiam

978 818 1001 875 si
1025 817 1170 889 instigante
1189 818 1225 874 ita
1246 816 1287 873 vel
1308 815 1431 887 qualibet
1442 813 1494 869 alia
1510 812 1649 883 passione,
1661 822 1674 849 ⁸
1688 829 1779 871 sacra·

977 919 1071 967 mento
1081 926 1132 967 uos
1142 909 1417 982 aliquoviurerimus,
1428 907 1503 978 quod
1516 923 1533 962 a
1548 906 1657 965 nemine
1667 907 1778 982 quidem

977 1004 1180 1061 monachorum
1199 1005 1256 1060 lieri
1279 1004 1384 1074 penitus
1405 1000 1500 1067 debet,
1519 1000 1658 1075 utriusque
1684 1010 1778 1060 tamen

977 1098 1016 1155 rei
1036 1112 1117 1155 causa
1142 1098 1248 1169 integro
1269 1096 1370 1155 means
1390 1102 1432 1151 est
1453 1092 1593 1166 pensanda
1612 1094 1730 1166 iudicio,
1751 1106 1778 1153 et

126 1196 765 1265 bonbccqniodereltspsemotoenomarpennem
776 1193 921 1249 musacium
974 1191 1157 1263 comparanda
1175 1199 1217 1247 est
1236 1190 1282 1247 illa
1305 1204 1348 1247 res
1368 1203 1452 1261 quam
1473 1188 1639 1255 statuimus,
1664 1188 1730 1245 istrie
1743 1190 1778 1247 ad

131 1294 272 1347 lominica
285 1288 389 1359 (terno.
404 1286 493 1357 ιιίι).
508 1288 543 1343 Et
554 1284 617 1341 alibi
633 1304 640 1341 :
657 1286 689 1341 lu
701 1286 809 1340 oonsilio
826 1286 923 1355 popm
975 1300 1055 1356 qnam
1072 1285 1187 1341 mandre
1206 1274 1408 1357 compellimur,
1422 1289 1504 1354 atque
1517 1280 1627 1339 adeam
1644 1282 1777 1339 sinecnn

123 1388 177 1439 mei
186 1398 239 1437 ooo
252 1386 342 1443 encot,
355 1385 380 1435 et
389 1383 418 1435 in
428 1382 567 1451 scripturo
579 1379 675 1435 damnes
695 1378 778 1435 lsroet
787 1394 840 1433 non
851 1379 921 1431 scri·
975 1379 1095 1435 ctatiom
1113 1388 1155 1435 est
1165 1378 1374 1445 transcundum,
1388 1392 1451 1449 quae
1463 1376 1677 1447 superveniente
1689 1377 1776 1433 senio·

125 1470 922 1547 tricasttoto-eomloncareingredientur-(ezeciam11).
976 1487 1038 1533 tutu
1059 1479 1186 1543 tractatu,
1196 1472 1298 1552 justior
1318 1470 1401 1531 fuerit
1410 1468 1543 1545 judicata.
1554 1462 1568 1501 't
1581 1469 1697 1531 Rectius
1707 1470 1777 1529 enim

669 1618 796 1675 attunt
816 1618 927 1675 Gaze!
948 1618 1225 1677 consentanius,

163 1755 176 1785 ⁸
192 1750 225 1807 ld
239 1756 290 1807 est.
301 1756 377 1815 roto,
395 1750 550 1815 iuramento
568 1746 609 1803 vel
628 1744 810 1819 promissione
826 1743 928 1817 obliga·
945 1752 969 1814 Β
983 1745 1142 1803 redderetur
1159 1746 1287 1803 inhabilis
1299 1754 1328 1805 et
1342 1747 1451 1818 ineptus
1463 1745 1499 1802 ad
1518 1744 1569 1801 alia
1583 1744 1678 1803 munia
1692 1748 1777 1821 magis

129 1823 258 1879 eeritnus.
272 1823 480 1879 &crnnrentnm
497 1819 580 1883 enim,
602 1818 682 1873 Festo
707 1818 866 1899 interprete,
886 1817 929 1873 di·
983 1817 1132 1889 spiritualia
1154 1825 1183 1874 et
1206 1818 1333 1873 salutaria
1356 1816 1496 1883 ‹beundn3
1518 1826 1566 1872 ant
1586 1816 1610 1873 si
1630 1818 1730 1887 jurarit
1747 1834 1776 1873 se

128 1894 199 1949 citur
212 1891 278 1965 quid
297 1891 346 1949 uid
356 1890 535 1965 jnrejurando
550 1887 713 1959 interposito
734 1894 846 1959 geritur.
867 1888 928 1957 Quo
982 1888 1084 1943 iturum
1098 1888 1133 1943 ad
1145 1887 1289 1947 ecclesiam
1301 1888 1349 1943 tali
1361 1888 1417 1954 die,
1427 1896 1455 1943 et
1467 1888 1607 1970 contingat
1621 1896 1685 1943 tunc
1698 1886 1774 1945 inlir·

129 1964 213 2021 etlam
231 1980 258 2020 m
296 1971 421 2020 onoster
434 1970 529 2017 auctor
542 1958 757 2041 usurpatllinc
770 1972 928 2039 sacramen·
981 1958 1258 2041 mumindigereeJ'ns
1271 1960 1423 2031 praesentia.
1439 1959 1522 2041 Quod
1534 1958 1776 2042 entmbnjusmodi

129 2045 189 2092 tum
203 2035 322 2091 militare
332 2033 484 2103 dicebatur,
494 2047 548 2103 qno
562 2032 661 2087 milites
675 2046 702 2085 m
717 2030 799 2084 verba
809 2044 928 2099 tmpera-
980 2045 1112 2102 promissa
1125 2040 1153 2086 ot
1160 2039 1316 2101 juramenta
1325 2038 1372 2086 aut
1386 2046 1442 2086 non
1453 2030 1617 2102 obligentab
1630 2031 1719 2095 torno,
1730 2042 1777 2088 aut

129 2108 197 2163 toris
214 2105 408 2177 suijurabnnt.
430 2105 515 2158 Porro
528 2102 622 2174 jurare
639 2109 715 2156 extra
738 2100 924 2156 necessitatem
979 2110 1072 2171 postea
1096 2101 1217 2173 obligare
1241 2102 1381 2167 desinant,
1412 2101 1564 2157 ostendunt
1590 2100 1673 2157 vona
1700 2102 1776 2159 Beda

130 2178 252 2233 inarime
265 2174 378 2231 dedecet
394 2173 537 2245 religiosos
551 2181 579 2228 ct
598 2174 688 2227 Βιιιιιι
700 2170 838 2237 timentes,
854 2186 925 2241 prat·
977 2186 1061 2243 supra
1075 2172 1172 2243 posita,
1184 2172 1407 2244 quandoquidem
1420 2172 1566 2228 observata
1579 2172 1701 2243 pejorem
1715 2188 1774 2229 rer·

127 2248 223 2302 sertim
237 2261 271 2300 ex
285 2245 324 2299 ira
339 2252 386 2300 aut
404 2244 457 2299 alia
474 2242 612 2313 passione,
624 2250 655 2296 nt
674 2239 716 2295 hic
729 2240 836 2296 dicitur.
850 2244 925 2298 Hinc
978 2252 1043 2314 gant
1058 2244 1086 2298 in
1105 2244 1226 2305 exitum,
1240 2244 1306 2299 dum
1321 2258 1369 2315 per
1383 2258 1415 2298 ea
1432 2243 1520 2315 majus
1538 2244 1644 2299 bonurn
1659 2244 1776 2300 excludi-

128 2319 163 2372 Ι).
178 2316 362 2385 Hieronymus
379 2313 415 2369 ad
430 2313 593 2369 Coelantiam
607 2314 703 2384 (Epist.
717 2311 781 2381 xiv)
792 2332 799 2367 :
812 2316 926 2369 Mentiri
977 2322 1033 2369 tur.
1054 2314 1135 2385 Atqui
1152 2314 1212 2369 talis
1231 2313 1317 2371 fuisse
1330 2313 1438 2372 videtur
1448 2314 1563 2386 sponsio
1578 2314 1646 2381 illa,
1659 2316 1714 2369 sire
1727 2331 1775 2373 ro·

128 2392 152 2442 et
162 2387 257 2458 jurare
269 2386 363 2455 leopos.
373 2389 419 2439 too
425 2398 538 2455 praeses
546 2386 660 2451 tptaoret,
671 2384 879 2453 toottespaeiote
887 2388 924 2440 sit
977 2392 1049 2451 tuni,
1071 2386 1127 2439 sive
1143 2384 1417 2457 juramentumque
1433 2401 1464 2441 se
1479 2384 1629 2441 Cassianus
1641 2400 1702 2441 cum
1725 2402 1774 2443 sno

125 2461 280 2523 tertiemus,
289 2462 321 2511 nt
334 2456 470 2527 qrtidqoid
484 2456 730 2525 dissaepit-rotam
741 2460 829 2523 pates
841 2456 875 2509 Et
884 2458 920 2510 Ι).
976 2454 1114 2511 Germano
1132 2455 1189 2512 suis
1208 2456 1394 2527 superioribus
1414 2463 1445 2511 et
1456 2455 1592 2512 fratribus
1606 2456 1633 2512 in
1650 2457 1775 2514 ooenobio

125 2528 297 2602 Augustinus
314 2534 378 2583 ante
401 2526 608 2582 conversionem
626 2540 704 2581 suam
725 2524 760 2580 ad
778 2524 921 2583 'urandnm
976 2524 1184 2582 nenoteeminco
1197 2527 1613 2584 obstrinxeratiniradelinitnm
1626 2528 1776 2598 tempnsad

127 2599 265 2671 proclivis,
287 2598 322 2655 de
335 2614 365 2654 sc
380 2598 440 2671 jam
460 2596 608 2653 enrendato
627 2607 655 2652 et
672 2597 706 2651 ad
727 2612 776 2666 per
786 2597 923 2653 eetionem
976 2597 1175 2654 monasterium
1192 2613 1359 2654 reversuros.
1373 2599 1433 2667 Qua
1452 2608 1547 2655 tamen
1560 2614 1618 2655 nou
1639 2598 1776 2665 obsmnu,

125 2671 307 2744 coangelicam
321 2670 458 2741 aspirante
469 2668 564 2740 (Serto.
578 2668 654 2724 lude
667 2668 799 2736 structislz
816 2670 923 2723 Timen-
978 2668 1084 2724 abbatis
1104 2667 1216 2740 losephi
1240 2669 1411 2725 institutione
1429 2678 1457 2725 et
1478 2669 1617 2735 doctrina,
1637 2678 1670 2725 ut
1685 2670 1715 2726 in
1727 2670 1778 2727 line

125 2744 170 2807 rto,
185 2742 273 2815 inquit
290 2746 385 2804 Descm
403 2741 563 2795 obsistimus
584 2738 748 2809 intrationem
763 2740 796 2793 de
809 2754 854 2793 ore
876 2756 923 2795 ao-
979 2738 1059 2809 liujus
1071 2738 1223 2795 collationis
1237 2738 1349 2803 dicitnr,
1361 2739 1432 2795 valeat
1446 2739 1540 2797 divino
1552 2740 1664 2797 oraculo
1679 2742 1778 2797 condr-

124 2811 924 2879 stro.mctnbbmmoioimns.onisnosordieitnlipoondo
977 2810 1044 2864 niati
1070 2809 1098 2864 in
1116 2813 1234 2881 AEgypto
1252 2810 1385 2879 residere,
1408 2820 1436 2866 et
1457 2826 1521 2866 cerm
1541 2811 1596 2868 illis
1614 2810 1740 2881 patribus
1752 2822 1780 2868 et

121 2887 266 2955 jurantes?
276 2892 329 2939 etc.
343 2887 437 2939 Exstat
451 2883 526 2937 enirn
540 2885 591 2936 boc
607 2881 642 2935 da
654 2880 857 2951 repraeclarom
870 2881 923 2937 do-
977 2879 1148 2936 anachoretis
1161 2882 1263 2936 camari
1282 2890 1310 2937 et
1327 2881 1470 2938 convivere
1486 2882 1645 2939 maluerunt
1663 2901 1672 2939 ι
1692 2882 1778 2940 donec

124 2965 287 3013 comeatum
299 2952 451 3009 innocentii
466 2954 505 3007 lll
516 2950 654 3022 pontificis
667 2950 694 3006 io
704 2950 766 3029 jure
779 2951 922 3029 canonico,
976 2950 1086 3005 tandem
1106 2950 1213 3023 expleto
1226 2953 1368 3024 septennio
1392 2952 1427 3008 ad
1452 2968 1535 3009 suum
1550 2952 1712 3011 coenobintn
1732 2970 1776 3011 er·

125 3042 179 3095 qno
206 3022 359 3081 monachos
380 3020 516 3092 quosdam
539 3019 672 3074 admonet
698 3026 726 3072 et
750 3026 858 3074 instruit
881 3020 923 3077 his
976 3029 1116 3077 currentes
1136 3022 1310 3093 sponsionem
1324 3038 1403 3079 suam
1421 3023 1606 3081 exsolverunt.
1621 3026 1688 3079 Hinc
1707 3026 1777 3081 enim

126 3094 213 3149 serbis
237 3094 304 3160 (Lib.
321 3106 344 3147 ιι
361 3096 462 3145 Decret.
479 3093 508 3143 io
526 3104 585 3157 cop.
604 3092 664 3145 Etsi
676 3090 814 3156 cbristus,
832 3093 876 3145 tit.
890 3094 923 3149 dc
936 3101 961 3165 c
976 3092 1105 3162 spectavit
1118 3101 1176 3148 tota
1195 3093 1276 3165 bajus
1296 3093 1401 3149 abbatis
1423 3094 1572 3166 disputatio
1593 3104 1621 3151 et
1641 3094 1774 3151 institutio

124 3164 272 3232 tterejreel:
285 3164 357 3218 Licet
366 3160 484 3215 debeatis
492 3161 606 3213 esseniri
614 3161 740 3229 persenti,
748 3165 778 3215 ot
791 3169 923 3229 prosettam
976 3162 1004 3217 in
1015 3162 1066 3218 hac
1077 3164 1228 3220 collatione
1240 3166 1323 3231 (Vide
1335 3181 1395 3235 cop.
1411 3170 1550 3235 isuprn),
1566 3175 1597 3222 nt
1609 3180 1658 3223 cot
1667 3165 1778 3223 doceret

126 3236 247 3304 potestas,
258 3232 411 3301 iuroaeeoti
425 3230 561 3285 atomum
574 3233 692 3295 secet&
706 3232 821 3287 colentes
834 3237 922 3290 menen
975 3248 1033 3288 non
1061 3234 1129 3290 bene
1151 3234 1204 3291 sibi
1224 3236 1408 3303 consuluisse,
1433 3252 1484 3293 nec
1508 3238 1644 3308 sapienter
1665 3235 1775 3299 secisse,

125 3305 299 3359 ittdcsnoitoti
308 3304 392 3357 nestri
400 3302 750 3371 otmtestert'iprocidere,oe
757 3306 921 3373 propteroa-
976 3302 1050 3376 qnod
1064 3320 1092 3360 se
1104 3312 1162 3360 tam
1176 3306 1270 3363 stricte
1280 3305 1315 3361 ad
1329 3314 1434 3363 certum
1445 3316 1556 3378 tempus
1570 3308 1774 3371 acarasseon

124 3378 224 3445 semitm
235 3376 354 3435 testium,
365 3374 488 3443 suijuris
497 3374 786 3436 sustineotltnsiouems
794 3379 922 3443 praeerat
975 3390 1029 3444 qua
1044 3375 1201 3432 conditione
1218 3386 1351 3433 serratas
1370 3378 1467 3449 majori
1481 3378 1572 3445 bono,
1584 3378 1612 3435 id
1630 3386 1682 3447 est,
1696 3379 1777 3449 aspi-

124 3443 815 3517 oobispopinoirdtdpcaasridest,iudnltnmesse
829 3455 921 3501 osteo·
976 3446 1067 3501 rituali
1093 3446 1265 3517 profectost
1289 3447 1465 3519 perfectionis
1487 3450 1578 3505 studio
1599 3465 1632 3506 aa
1656 3449 1776 3507 feliciora

124 3518 399 3589 dimocaitglossat
417 3518 515 3585 scipso
527 3516 668 3583 perbibere
681 3518 860 3571 testimoniam
875 3535 921 3574 oe·
975 3532 1026 3587 pro
1058 3533 1120 3574 essu
1151 3519 1349 3576 cohiberentur.
1365 3518 1447 3576 Unde
1460 3518 1600 3577 cottdodit
1617 3536 1667 3577 eos
1680 3522 1776 3593 btrjus-

125 3590 216 3668 ritott.
230 3588 299 3643 llaec
312 3532 437 3641 Pontifex
450 3594 477 3640 et
490 3583 541 3639 alia
554 3600 588 3639 ex
602 3586 700 3641 eodem
720 3601 782 3657 cap.
797 3590 921 3659 superins
976 3602 1023 3642 mo
1044 3588 1051 3641 i
1072 3535 1227 3644 conXitione
1247 3597 1275 3645 et
1295 3589 1451 3645 definitione
1474 3606 1531 3647 non
1544 3592 1649 3656 ιιιιειί,
1662 3606 1775 3663 eamque

125 3664 206 3712 crtata
228 3656 423 3726 (adrepto).
975 3666 1035 3713 tuto
1049 3666 1077 3713 et
1096 3660 1168 3715 salva
1190 3660 1353 3716 conscientia
1372 3675 1452 3732 posse
1476 3670 1637 3725 retrectare,
1657 3672 1707 3719 aut
1726 3678 1775 3727 per

159 3720 218 3785 ¹’ld
231 3732 283 3795 est,
304 3734 409 3781 mutare
421 3740 470 3796 pro
490 3724 694 3793 ositum,etiam
707 3736 772 3783 voto
786 3727 920 3799 autjnra·
975 3726 1092 3781 ἐπιεικιαν
1119 3730 1266 3785 commode
1288 3732 1458 3802 interpretari
1482 3750 1489 3787 :
1550 3732 1585 3787 od
1606 3732 1667 3803 ejus
1688 3747 1771 3787 suasu

125 3808 221 3855 mento
232 3796 384 3855 llrrnstum.
401 3740 589 3869 Quorfposoa
610 3794 692 3853 docet
711 3798 920 3869 intelligendum

125 3870 233 3927 nonde
274 3866 448 3941 rincipalibus
471 3866 608 3923 noandatis
629 3868 662 3923 ad
689 3868 805 3924 salntem
823 3886 929 3926 neces-

124 3940 211 4007 sariis,
232 3886 271 3996 bf
283 3948 334 4007 est,
350 3940 383 3995 de
403 3938 547 4011 praeceptis
570 3947 598 3993 et
616 3938 686 3993 votis
707 3940 857 4009 religionis,
873 3943 920 3998 sed

124 4013 158 4068 de
169 4012 334 4084 quibusdam
343 4008 683 4091 exercitiiscorporalibns,
694 4010 723 4065 id
736 4020 788 4075 est,
799 4012 920 4083 jejuniis,

975 3801 1056 3855 etiam
1068 3800 1202 3880 iecerunt.
1214 3804 1273 3869 Qua
1286 3802 1314 3857 in
1327 3812 1436 3858 recerto
1447 3803 1517 3859 neci
1528 3802 1605 3927 lepui
1619 3802 1766 3865 consuluit,

975 3884 1025 3926 ncc
1047 3870 1074 3925 br
1088 3872 1135 3953 qui
1155 3872 1342 3953 corrsulentem
1364 3874 1518 3942 audierunt,
1536 3888 1569 3929 eu
1612 3872 1660 3927 ndi
1674 3872 1769 3929 riden-

974 3948 1036 4009 tnr3
1055 3942 1109 3997 nist
1125 3941 1200 4023 quod
1215 3942 1259 3998 tile
1273 3944 1323 3999 hac
1336 3946 1479 4027 oponsione
1493 3946 1523 4000 in
1540 3944 1573 4027 de
1584 3943 1726 4000 ensinnem
1746 3953 1774 4000 et

124 4084 303 4147 orationibus,
317 4082 431 4153 aliisque
444 4080 659 4146 sustentatibus,
672 4080 708 4137 ad
719 4098 787 4153 quas
798 4083 920 4140 solebant
974 4016 1406 4155 ppppppppppppprpmtnppvppppup
1417 4024 1773 4159 gitfe'fftgselrttadffexitttrffilplaffl

125 4156 164 4213 illi
182 4154 310 4213 monachi
328 4152 444 4209 subinde
459 4160 522 4209 voto
537 4152 754 4279 autporamcnto
773 4154 879 4210 incaute
893 4164 921 4211 et
974 4170 1090 4227 rumque
1109 4171 1159 4227 pro
1182 4156 1333 4212 mutatione
1357 4158 1462 4213 consilii
1483 4166 1531 4214 ant
1548 4158 1683 4230 propositi
1702 4173 1774 4213 acce

123 4226 314 4298 imprudenter
325 4240 354 4281 sc
367 4224 529 4295 astringere.
546 4224 591 4279 Un
614 4230 736 4295 epostea
759 4225 786 4279 in
807 4240 920 4295 magnos
973 4226 1054 4296 perit,
1068 4226 1144 4296 quasi
1159 4226 1230 4282 idern
1242 4228 1279 4282 sit
1295 4228 1404 4283 mentiri
1423 4243 1453 4284 ac
1469 4236 1578 4285 mutare
1595 4230 1770 4292 sententiam,

122 4298 297 4354 eonscientiae
310 4296 455 4367 scrupulos
469 4303 497 4350 et
508 4294 648 4365 augustias
661 4294 831 4361 incidebant,
851 4297 919 4354 dnm
975 4312 1038 4366 quta
1047 4312 1112 4353 sane
1125 4298 1242 4354 multum
1255 4296 1437 4362 diliernnt,ut
1450 4315 1482 4354 er
1495 4300 1579 4355 dictis
1592 4300 1687 4373 liquet.
1699 4300 1774 4357 i'ide

122 4367 375 4440 supervenientibus
404 4364 533 4422 iratribus
556 4373 604 4421 ant
638 4366 779 4492 Ιιιζέιιιιιι
808 4368 848 4423 rel
872 4368 922 4423 alia
976 4366 1207 4439 batursiqnidem
1220 4369 1272 4423 isto
1285 4379 1346 4426 tum
1360 4371 1428 4426 seris
1442 4379 1470 4427 et
1482 4370 1614 4427 diuturna
1628 4386 1773 4430 commora-

123 4454 205 4493 cansa
220 4438 351 4509 exigente,
368 4436 691 4507 compellerenturatqur
723 4436 757 4491 dc
773 4448 923 4494 soaauste·
975 4437 1013 4493 tio
1039 4438 1066 4492 in
1083 4440 1209 4495 convictu
1223 4448 1250 4494 et
1269 4440 1450 4496 contubernio
1464 4443 1699 4499 sanctissimorum
1716 4458 1772 4497 mo·

123 4508 203 4564 ritate
221 4509 355 4573 relaxare,
367 4506 460 4575 sicque
480 4504 615 4586 votilragi,
631 4506 671 4559 sel
694 4508 806 4577 perjuri,
821 4510 860 4563 rel
875 4510 921 4565 ni·
936 4483 962 4546 Ῑ)
976 4509 1125 4564 nocherum
1139 4519 1166 4565 et
1186 4511 1413 4568 anachoretarum
1435 4511 1520 4577 (baud
1543 4512 1627 4569 dubie
1643 4514 1692 4569 snb
1706 4512 1769 4568 obr-

123 4582 209 4635 mium
220 4576 371 4651 pertinaces
385 4584 412 4632 et
422 4575 565 4631 inhumani
585 4575 752 4632 viderentur.
773 4580 832 4645 Qus
847 4579 875 4633 in
890 4596 921 4635 re
974 4580 1083 4635 dientiae
1105 4581 1207 4650 legibus
1221 4590 1249 4636 et
1261 4582 1399 4653 disciplina
1414 4584 1543 4665 regulari,
1558 4585 1639 4656 idque
1651 4600 1704 4639 noo
1715 4583 1769 4637 ulio

123 4652 259 4709 nimirum
285 4648 446 4706 fallebantur
464 4647 551 4713 illi,i
590 4655 701 4701 orantes
724 4647 920 4719 obligationem
975 4650 1028 4705 line
1047 4667 1130 4732 qnam
1150 4652 1184 4707 ad
1199 4654 1331 4723 ntajorem
1350 4654 1547 4723 perlectionem
1570 4652 1767 4726 acquirendam)

124 4724 180 4781 voti
199 4731 229 4779 et
235 4722 398 4796 juramenti,
412 4728 440 4776 et
458 4718 553 4791 cujusli
575 4727 602 4774 et
620 4718 809 4789 promissionis
820 4720 920 4793 duplici
974 4729 1104 4778 transitus
1119 4722 1229 4794 qnidam
1243 4723 1277 4780 ad
1298 4726 1442 4781 arctiorem
1460 4726 1627 4799 religionem,
1645 4741 1660 4779 a
1680 4738 1767 4779 coeno-

124 4812 158 4850 ex
181 4810 261 4851 eausa
283 4808 389 4849 cessare
405 4810 411 4846 :
430 4798 457 4846 1⁰
477 4792 503 4847 Si
525 4806 568 4846 res
582 4798 629 4845 aut
642 4803 711 4859 opus
732 4790 854 4860 juratum
874 4801 922 4848 aut
975 4792 1055 4847 bitiea
1071 4793 1124 4848 vita
1137 4796 1170 4848 ad
1193 4793 1413 4851 anachoreticam
1430 4816 1436 4849 ι
1452 4796 1625 4877 quiquidem
1641 4794 1769 4851 transitus

123 4866 289 4935 promissum
313 4872 405 4935 postea
418 4862 549 4919 reddatur
568 4860 739 4931 impossibile
756 4861 922 4933 jacanaam
974 4880 989 4918 a
1006 4866 1053 4919 SS.
1074 4866 1198 4920 Patribus
1213 4867 1392 4936 approbatur,
1412 4876 1438 4921 et
1455 4882 1518 4938 Jttre
1541 4870 1626 4925 etiem
1645 4868 1770 4923 canonico

122 4935 244 4996 voventi,
260 4935 301 4987 vel
328 4935 465 4998 illicitam,
482 4934 621 5005 superiore
639 4940 748 4988 retartte
767 4936 806 5000 (S.
828 4936 918 4990 Tbom.
974 4934 1142 5001 coroniditnr,
1160 4938 1242 5008 petita
1256 4937 1427 5008 superiorum
1443 4938 1564 5005 lieentia,
1579 4940 1706 5011 quamvis
1720 4953 1769 4991 oorr

123 5010 175 5063 ιι.
191 5024 218 5075 ‘l-
232 5007 278 5069 89,
293 5008 348 5057 ort.
359 5012 389 5067 7;
406 5005 477 5058 llertn
488 5006 581 5058 taootil.
600 5010 648 5070 133
662 5006 788 5059 &ration
805 5010 918 5076 laps,
975 5005 1162 5078 «obtenta,cap.
1179 5008 1299 5069 biretis
1309 5009 1486 5077 lleprttoribus
1494 5012 1564 5076 (Lib.
1576 5025 1611 5065 ιιι
1626 5011 1767 5067 peretot-¹.

122 5094 144 5131 e.
161 5078 192 5134 ili
204 5075 336 5145 otiqteid).
354 5076 386 5128 ln
401 5072 445 5127 bis
464 5074 538 5129 enim
557 5075 647 5129 locum
666 5075 748 5131 babet
768 5076 812 5132 illu
827 5093 917 5133 vener.
974 5076 1025 5131 Sed
1039 5079 1077 5132 cis
1098 5080 1215 5133 ninxitnc
1230 5078 1441 5160 suffragatori).
1458 5080 1590 5137 Beruardi
1604 5082 1732 5137 warenna
1745 5081 1769 5132 in

122 5150 203 5205 liedes
215 5146 352 5203 sententia
363 5160 378 5199 a
389 5144 522 5200 Gratiano
531 5144 630 5200 citata:
644 5147 674 5201 Si
688 5148 756 5216 qnid
767 5163 812 5201 nos
823 5151 918 5202 iocern—
974 5148 1043 5203 libro
1053 5148 1087 5204 de
1100 5152 1236 5217 Praecepto
1250 5158 1278 5205 et
1292 5151 1499 5221 litspensatione
1510 5154 1645 5221 (sepult)
1660 5153 1698 5207 ita
1711 5149 1770 5207 scri·

122 5219 433 5292 tittsjurcreeutttipoit,
442 5216 514 5285 qood
525 5218 691 5271 obseruatum
699 5216 816 5285 pejorem
826 5223 919 5285 neapol
974 5219 1062 5275 beistis
1074 5238 1080 5273 :
1092 5224 1160 5275 Sorte
1172 5222 1205 5275 de
1224 5222 1356 5289 relipiosis
1369 5237 1401 5277 oc
1415 5222 1478 5277 besse
1492 5224 1631 5278 ordinetis
1651 5228 1771 5278 maraste

123 5295 151 5347 ie
164 5294 283 5355 enitttm,
299 5290 381 5345 tibere
394 5288 464 5343 illud
481 5288 628 5342 sectabet'ori
640 5288 748 5341 cottsitio
761 5290 920 5343 attestandum
973 5293 1023 5345 riis
1037 5292 1127 5345 catellos
1139 5294 1333 5361 perpessorum,
1341 5309 1398 5348 atreo
1404 5294 1523 5357 assimilia,
1536 5310 1572 5349 rte
1581 5298 1710 5351 orctieois
1721 5294 1774 5363 pttt'·

120 5366 281 5426 imperiosos,
304 5370 368 5427 etc.;
390 5361 465 5431 quod
486 5359 547 5413 aliis
564 5358 652 5412 verbis
673 5356 717 5411 nic
737 5357 822 5413 obbas
843 5358 918 5426 dicit,
974 5362 1770 5435 aboet‘itmdesidceio,sinelimutiesniseniorisepredietnr.

119 5438 217 5489 rectius
229 5450 283 5490 esse
305 5439 428 5489 nosti-tem
445 5448 491 5485 etos
510 5430 649 5500 preterire
667 5444 823 5497 sermotiem,
838 5448 920 5501 quertlt
973 5436 1102 5501 leprosos
1117 5438 1220 5495 tomen.
1243 5436 1269 5487 si
1286 5436 1381 5490 melios
1395 5437 1525 5491 insperserit
1542 5440 1568 5489 et
1587 5438 1709 5506 clapcrt't.
1721 5452 1773 5491 men

120 5508 162 5559 rei
173 5506 332 5559 celebrioris
341 5520 373 5559 nc
379 5506 435 5573 pce
449 5502 688 5571 sttbircjocttttum.
704 5504 734 5553 2⁰
748 5500 777 5557 si
786 5518 842 5557 lton
856 5505 919 5575 qoi—
973 5503 1150 5557 stiltilomirttrs
1157 5506 1218 5572 jem
1237 5507 1346 5561 uottsilio
1360 5522 1412 5561 itote
1426 5506 1647 5575 regredieturod
1661 5512 1692 5563 iu
1705 5510 1774 5563 erius

122 5576 187 5631 dem
207 5590 257 5653 per
272 5592 302 5629 se
324 5576 428 5629 malum
442 5572 554 5639 evadat,
569 5572 644 5643 quod
660 5571 787 5655 Joratom
808 5582 849 5629 est
871 5584 919 5631 aut
975 5576 1069 5629 bantana
1085 5574 1157 5645 parad
1176 5577 1562 5701 eelipnerrrtetcenticepsesnt
1579 5594 1640 5648 parce
1653 5580 1774 5637 aecclesiis

124 5656 301 5717 promissum,
312 5645 359 5699 sed
371 5654 463 5699 tamen
478 5644 593 5715 majoris
603 5643 666 5699 bont
682 5652 794 5714 praestet
803 5644 918 5715 impedi·
971 5649 1123 5715 pracsertim
1133 5647 1159 5701 si
1166 5648 1225 5701 illuc
1247 5648 1342 5701 melios
1355 5651 1408 5705 tecle
1416 5652 1513 5717 (aemi,
1523 5650 1597 5719 quot
1608 5651 1670 5720 ejus
1680 5653 1775 5721 prime

125 5720 273 5771 monim:
292 5723 324 5768 nt
342 5713 366 5767 si
382 5716 533 5770 monachus
550 5715 654 5770 voverit
671 5716 750 5785 longa
764 5723 792 5770 et
809 5723 919 5771 austera
970 5719 1134 5785 professioni
1141 5732 1287 5786 etlngrtterc
1293 5720 1495 5791 sidente-tuipse
1505 5736 1600 5791 ocupa
1609 5722 1717 5777 uiderit
1723 5736 1775 5791 quo

119 5784 234 5860 jejunia,
251 5782 422 5855 disciplinas,
438 5783 512 5839 bunti
527 5784 703 5850 cubationes,
714 5790 780 5849 etc,
795 5798 842 5853 per
856 5798 918 5854 quim
972 5790 1170 5857 attio-receptatus
1187 5788 1331 5845 irtteotiooe
1344 5792 1442 5847 cattinis
1455 5806 1500 5847 sets
1512 5794 1631 5848 cretione
1646 5806 1776 5863 mesom-
