3848 6158
130 272 185 328 937
607 267 778 325 CObth'i'lO
796 268 864 325 lllll.
883 296 920 309 ·-
938 268 983 323 DE
1001 267 1241 325 PROTECTth'E
1259 270 1325 325 bei.
1744 276 1797 333 938

132 393 251 468 liquerat
261 402 293 450 ut
303 394 442 467 probaret,
459 392 496 448 ita
507 392 604 450 dicitur
621 411 628 447 τ
651 394 690 451 Ne
704 394 810 461 interm
828 408 938 449 manum
951 397 978 460 Α
991 408 1037 450 eos
1051 410 1104 449 non
1121 394 1310 465 apprehendat
1329 396 1386 449 inibi
1397 396 1526 457 humana,
1544 394 1732 453 infirmitatem
1747 410 1795 455 eo·

133 494 210 545 mam
221 488 777 561 iapuerum,acqiictociaseiqnidquam
788 501 858 543 nunc
868 488 939 543 enim
992 502 1057 545 rum
1072 494 1102 544 et
1116 486 1329 544 inconstantiam
1344 486 1460 545 necdum
1488 488 1612 545 robusta
1629 488 1730 546 mentis
1746 504 1796 547 er-

133 586 188 639 aclo
202 585 358 655 quintinus
369 584 513 640 Dominum
525 586 566 649 tu,
579 585 603 635 et
616 597 668 636 noa
676 582 822 652 pepercisti
829 581 884 649 tlla'o
894 584 940 636 tuo
991 579 1112 651 pmbrat,
1129 596 1183 653 qua
1207 578 1296 638 adbuc
1319 581 1482 654 spiritalium
1501 582 1683 655 nequitiarum
1704 582 1796 641 turbi-

134 674 487 747 ili'lectopi·opterme(dcn.
499 672 941 746 xxii).Quodtentntionisgenus
991 672 1074 730 nibus
1092 688 1148 730 non
1170 680 1297 745 poterant
1310 672 1474 747 impugnari,
1497 674 1643 731 adversum
1666 690 1735 747 quos
1754 690 1797 734 se·

111 746 114 751 ’
131 768 216 825 nobis
229 783 337 841 quoque
349 768 383 825 ad
404 767 573 839 probationis
587 766 719 823 meritum
732 780 810 838 posse
829 766 939 822 eontin-
992 764 1141 837 metipsum
1158 765 1198 821 vei
1215 765 1276 823 illos
1297 764 1435 839 perlectos
1452 775 1568 823 noverat
1579 766 1701 841 quotidie
1711 766 1796 825 dimi-

132 876 210 934 ·gcrc,
225 862 254 918 in
274 861 494 918 Deuteronomio
515 860 580 917 satis
601 858 769 917 evidentera
789 858 941 933 legislatore
991 874 1070 927 carc3
1095 858 1130 916 de
1153 858 1252 931 quibus
1272 859 1308 917 ad
1323 860 1457 933 Ephesios
1481 860 1548 918 dicit
1569 882 1575 917 :
1599 865 1661 918 lam
1679 878 1733 919 iton
1757 870 1797 921 est

135 955 302 1028 praedicatur
329 977 335 1011 ;
361 957 393 1012 Si
414 957 574 1017 suircacrit,
601 952 700 1025 inquit,
725 954 798 1008 inter
812 967 856 1007 eos
875 967 937 1022 pro·
990 955 1067 1010 nobis
1080 954 1233 1009 colluctatio
1252 954 1385 1010 aduersus
1398 970 1506 1009 carium
1521 961 1547 1010 ct
1566 959 1734 1025 sanquinem,
1748 956 1796 1013 scd

135 1048 216 1119 pheta
229 1052 280 1103 aut
294 1049 343 1118 qni
354 1049 486 1103 somnium
497 1062 524 1103 sc
538 1046 639 1101 cidisse
648 1046 730 1109 dicat,
745 1051 771 1101 et
779 1045 940 1115 predixerit
992 1051 1123 1106 adversas
1140 1050 1322 1119 principatus,
1344 1050 1474 1103 aduersas
1485 1052 1644 1119 potestates,
1666 1050 1796 1107 adsersus

135 1146 241 1211 siqniini
267 1146 349 1211 atque
369 1146 534 1213 portentum,
559 1145 584 1196 et
604 1141 719 1195 meinent
740 1139 812 1209 quod
838 1140 940 1193 loeutus
991 1140 1089 1197 meridi
1099 1145 1211 1195 emtores
1232 1142 1402 1195 tenebrarum
1416 1142 1523 1203 lunias,
1545 1146 1637 1197 contra
1654 1143 1796 1214 spiritalia

130 1239 184 1304 est,
198 1241 224 1290 et
243 1237 348 1291 iiiaeiit
374 1236 432 1297 tibi,
448 1238 549 1291 Erimus
565 1239 590 1290 et
603 1235 752 1291 veniamus
771 1234 824 1289 diis
839 1234 935 1288 alienis
988 1236 1116 1305 nequitie
1130 1232 1553 1305 incelestibus(Eplics.vi).Cuni
1565 1234 1793 1307 verosuhjungit:

135 1344 202 1398 quos
215 1332 355 1398 ignoratis,
371 1346 403 1385 nc
424 1329 524 1383 audias
545 1328 625 1383 cerba
633 1330 769 1399 prophetie.
790 1328 866 1383 illitis
886 1331 936 1383 aut
988 1328 1111 1382 ‘Fidelis
1124 1331 1214 1382 autem
1228 1328 1296 1381 Deris
1306 1330 1355 1397 qni
1367 1342 1419 1382 ioon
1430 1328 1569 1396 permittit
1579 1342 1624 1383 eos
1636 1330 1738 1383 tentari
1747 1344 1794 1385 su·

134 1424 316 1484 sornaiaioris,
333 1424 398 1490 qaia
421 1424 527 1476 tentans
548 1424 634 1475 tentat
658 1425 684 1474 to
701 1422 833 1476 Dominus
855 1422 934 1487 mnu,
988 1437 1043 1492 pro
1056 1422 1087 1475 id
1099 1421 1171 1491 quod
1182 1423 1292 1491 potestis
1311 1421 1337 1486 (l
1352 1420 1413 1476 eor.
1433 1418 1478 1491 ιι);
1492 1434 1549 1476 non
1561 1420 1655 1493 utique
1669 1429 1747 1495 optat
1760 1436 1796 1479 ne

134 1514 409 1583 utrumdiliqaseuia
423 1517 450 1567 iu
464 1519 518 1569 toto
531 1512 675 1581 cordetuo,
688 1515 937 1569 eleustodiosinan·
990 1529 1039 1570 eos
1057 1513 1194 1570 Dominus
1214 1513 1312 1569 tentari
1334 1511 1513 1584 permitteret,
1535 1512 1583 1569 sed
1609 1530 1645 1571 ne
1662 1529 1745 1588 snpra
1768 1515 1795 1573 id

127 1611 201 1665 «dato
222 1610 306 1673 illius,
325 1625 362 1663 an
375 1624 426 1665 aon
446 1608 535 1681 (Dent.
551 1608 649 1679 xxiii).
670 1607 742 1677 Quid
767 1608 851 1681 ergo?
866 1610 937 1667 Cum
991 1605 1065 1679 quod
1085 1607 1221 1663 sustinere
1249 1612 1391 1678 poterant,
1418 1614 1598 1663 tentarentur.
1627 1606 1698 1665 lllnd
1721 1608 1795 1665 enim

134 1701 219 1757 istum
232 1698 396 1773 prophetam
414 1707 461 1755 aut
481 1700 678 1756 somniatorem
701 1714 813 1771 surgere
834 1699 935 1772 permi-
993 1697 1092 1755 indieat
1103 1697 1216 1754 humani
1229 1696 1331 1753 arbitrii
1346 1696 1517 1765 facultatem,
1535 1696 1588 1754 hoc
1599 1714 1664 1757 vero
1682 1700 1795 1756 Domini

129 1796 201 1852 :serit
219 1799 305 1864 Deus,
326 1794 398 1851 itane
418 1809 465 1850 eos
479 1808 598 1866 quorum
617 1792 701 1849 tidem
716 1792 833 1867 probare
847 1792 939 1867 dispo-
955 1792 1110 1869 Bgratiam
1122 1792 1303 1847 tentationum
1318 1790 1468 1847 luctamina
1482 1790 1651 1849 moderantis
1664 1792 1793 1851 ostendit.

127 1889 200 1957 suit,
219 1896 393 1961 protecturus
413 1902 472 1945 esse
486 1886 638 1943 credendus
657 1895 709 1955 cst,
726 1894 757 1942 ut
770 1886 876 1944 nullum
893 1902 938 1959 pe-
993 1888 1023 1941 ln
1039 1883 1080 1940 his
1094 1884 1175 1956 igitur
1189 1885 1320 1941 omnibns
1331 1884 1496 1957 approbatur
1509 1884 1544 1941 ita
1556 1900 1664 1959 semper
1678 1884 1796 1943 divinam

130 1978 211 2036 nitus
229 1981 334 2048 locum,
348 1996 404 2052 quo
424 1979 481 2037 suis
497 1980 599 2038 viribus
611 1996 675 2037 cnm
690 1988 826 2038 tentatore
844 1981 939 2038 conili·
993 1978 1109 2051 gratiam
1124 1977 1270 2034 arbitrium
1285 1977 1405 2034 bominis
1426 1978 1547 2043 incitare,
1568 1978 1676 2036 utillud
1693 1994 1751 2036 non
1767 1980 1797 2037 in

138 2080 213 2145 gant,
237 2071 323 2129 libero
340 2088 438 2129 eorum
452 2080 571 2131 reservet
588 2073 720 2131 arbitrio?
731 2084 744 2110 ⁸
763 2077 799 2130 Et
814 2074 880 2148 quid
892 2090 940 2132 eos
994 2071 1123 2128 omnibus
1137 2071 1227 2127 taliter
1242 2079 1366 2144 protegat
1384 2087 1416 2128 ac
1431 2070 1569 2141 defendat,
1591 2079 1621 2127 ut
1641 2087 1699 2128 non
1710 2072 1795 2131 etiam

135 2178 248 2220 necesso
270 2172 312 2221 est
327 2165 367 2221 vel
393 2166 507 2233 tentari,
522 2179 593 2236 quos
614 2165 652 2221 ita
671 2165 796 2222 infirmos
817 2168 892 2223 novit
909 2182 940 2223 ac
994 2164 1108 2237 propriis
1123 2180 1185 2221 eum
1198 2164 1342 2221 conatibus
1356 2163 1484 2237 congredi
1496 2163 1641 2221 adversum
1658 2166 1796 2237 spiritales

126 2258 253 2331 ·iragiles,
267 2267 298 2315 ut
311 2274 485 2331 nequaquam
501 2259 601 2315 virtute
619 2274 668 2315 sua
690 2260 796 2316 valeant
810 2260 936 2318 resistere
995 2256 1076 2315 iaciat
1090 2258 1221 2327 inimicos,
1238 2258 1265 2313 in
1280 2256 1383 2330 quibus
1396 2257 1439 2313 vel
1451 2258 1565 2330 gratiam
1577 2258 1628 2313 Dei
1642 2258 1738 2325 victor,
1752 2259 1794 2317 vel

127 2350 284 2407 tentatori?
298 2350 351 2406 Sed
364 2351 458 2423 utique
472 2367 522 2408 nec
538 2352 638 2409 tentari
652 2367 699 2408 eos
710 2352 810 2423 iustitia
826 2354 937 2411 Domini

126 2443 323 2516 permississe,
333 2445 384 2499 nisi
396 2460 490 2517 parem
502 2446 530 2501 in
539 2446 579 2501 eis
592 2444 731 2501 resistendi
741 2446 838 2503 scisset
849 2447 937 2505 inesse

134 2536 274 2604 virtutem,
296 2553 349 2609 qna
370 2546 482 2610 possent
502 2538 636 2610 equinus
652 2538 757 2611 judicio
776 2540 802 2595 in
821 2549 937 2613 utroque

135 2630 232 2686 merito
255 2631 296 2687 vel
323 2632 361 2686 rei
383 2631 423 2685 vcl
446 2631 592 2688 laudabiles
609 2632 735 2703 judicari.
758 2631 821 2689 Tale
849 2640 936 2689 estet

133 2722 198 2781 illud
211 2724 285 2796 quod
299 2724 333 2780 ab
348 2726 482 2797 hpostolo
496 2725 594 2782 dicitnr
609 2748 616 2783 2
633 2729 729 2797 ltaque
743 2730 792 2797 qai
808 2742 835 2783 sc
846 2730 936 2782 unisti-

134 2823 189 2872 nuit
199 2824 280 2882 sture,
296 2818 386 2873 uideat
397 2834 428 2872 ne
440 2820 529 2874 candal.
548 2822 669 2875 Tentatio
683 2835 727 2875 aas
740 2836 792 2875 non
807 2822 820 2855 ¹¹
835 2836 936 2891 appre-

136 2911 245 2972 hendat,
259 2914 315 2965 nisi
326 2913 454 2966 humatio.
467 2914 567 2968 Fidelis
580 2919 670 2969 atatim
680 2918 750 2970 Deus
760 2915 809 2985 (μα’
818 2932 871 2971 non
878 2930 936 2986 per·

137 3002 224 3055 initiet
239 3016 283 3056 eos
306 3006 408 3057 tentari
420 3020 503 3075 supi-a
518 3006 546 3059 id
559 3007 630 3074 qnod
645 3010 767 3077 potestis,
791 3010 838 3065 sed
852 3009 935 3076 laidet

135 3110 195 3147 eain
209 3096 351 3149 tentatione
357 3097 470 3163 cainan,
486 3100 515 3150 ut
528 3100 659 3153 stistinerc
665 3102 777 3168 possitis
788 3102 810 3171 (i
821 3102 880 3157 Cor.
891 3100 932 3171 ι).

992 2350 1178 2408 infirmitatem
1198 2365 1276 2409 suam
1299 2358 1443 2423 superatus
1456 2350 1598 2422 intelligat,
1619 2359 1647 2407 et
1659 2352 1695 2408 ita
1709 2351 1795 2409 discat

990 2444 1048 2500 noii
1067 2444 1102 2500 de
1116 2458 1166 2501 sua
1188 2442 1359 2510 tortitudine,
1380 2442 1428 2499 sed
1442 2442 1476 2499 de
1490 2442 1584 2500 divino
1602 2458 1711 2517 semper
1732 2460 1795 2518 spe-

991 2552 1051 2593 rare
1074 2535 1218 2607 suilragio,
1247 2544 1330 2607 atque
1362 2535 1395 2590 ad
1423 2550 1505 2591 suum
1522 2535 1622 2608 jugiter
1653 2552 1794 2596 recurrere

992 2638 1189 2705 protectorem.
1206 2631 1242 2685 Et
1258 2637 1288 2685 ut
1311 2628 1363 2684 hoc
1377 2644 1431 2683 non
1454 2638 1548 2685 nostra
1562 2628 1728 2700 conjecturo,
1744 2630 1793 2687 sed

991 2724 1203 2781 evidentioribus
1223 2722 1312 2779 adhue
1331 2723 1476 2795 Scriptura
1500 2722 1666 2779 testimoniis
1690 2738 1793 2796 appro-

991 2820 1081 2885 betur,
1092 2814 1159 2873 iliud
1170 2817 1183 2852 ²¹
1194 2816 1269 2889 quod
1281 2816 1382 2872 inleso
1395 2819 1469 2872 Nave
1481 2814 1581 2888 legitur
1590 2824 1771 2875 retractemus
1783 2840 1790 2878 i

989 2912 1055 2973 iliis,
1081 2908 1181 2979 inquit,
1196 2914 1285 2977 pentes
1308 2910 1410 2963 dimisit
1434 2911 1573 2969 Dominus,
1590 2925 1622 2964 ac
1635 2910 1793 2980 dispudere

989 3004 1087 3071 noluit,
1100 3007 1130 3057 ut
1144 3004 1174 3058 in
1189 3004 1225 3057 eis
1239 3004 1406 3072 capua-etio·
1418 3003 1554 3067 isnielem,
1570 3009 1664 3059 utrum
1679 3006 1792 3061 mistodi

990 3102 1030 3153 ret
1042 3096 1171 3151 mandata
1183 3096 1292 3151 Deretini
1305 3096 1355 3151 Dei
1366 3097 1420 3159 sui,
1438 3102 1465 3151 et
1475 3097 1606 3151 luibeinnt
1619 3100 1790 3155 constvetudt'·

133 3186 205 3241 Cum
217 3185 290 3241 enim
304 3185 369 3242 dicit
385 3206 393 3241 :
409 3189 457 3259 qai
466 3192 521 3243 stat
533 3189 623 3245 uideat
636 3206 667 3245 ne
682 3192 772 3255 eadat,
792 3192 936 3249 sollicitam
949 3184 972 3248 C
988 3205 1047 3245 neti
1058 3205 1115 3244 cum
1131 3188 1250 3243 hostibus
1256 3189 1407 3259 praeliandi
1415 3188 1511 3253 (ludio.
1526 3189 1585 3261 ιιι).
1599 3191 1633 3245 Ει
1644 3198 1675 3245 ιιι
1685 3190 1790 3247 incom·

133 3277 223 3335 reddit
234 3278 335 3335 arbitrii
350 3280 515 3352 libertatem,
531 3298 614 3355 quam
633 3284 726 3357 utiquc
741 3294 864 3355 noverat,
880 3302 934 3359 per·
988 3282 1103 3356 parabili
1117 3280 1252 3339 creatoris
1272 3280 1357 3337 nostri
1370 3280 1521 3338 elementiae
1539 3284 1656 3339 mortale
1676 3284 1789 3358 aliquid,

131 3380 212 3445 cepta
234 3372 332 3445 gratia,
356 3374 396 3431 vel
417 3384 489 3432 stare
508 3391 557 3449 per
575 3376 749 3448 industriam,
772 3378 814 3437 vel
837 3378 934 3437 cadere
988 3391 1045 3433 non
1060 3390 1108 3448 pro
1129 3372 1284 3447 equalitate
1298 3372 1415 3444 pietatis,
1436 3374 1485 3431 sed
1498 3390 1530 3430 eit
1544 3374 1633 3447 aliqua
1646 3375 1791 3451 indulgen·

130 3481 180 3539 per
192 3467 382 3541 negligentiam
398 3484 486 3542 posse.
507 3472 578 3528 Cum
594 3480 688 3528 autem
707 3470 800 3543 inient,
822 3476 935 3531 tentatio
988 3472 1034 3527 tiae
1047 3467 1229 3527 similitudine
1248 3481 1460 3539 comparemus:
1477 3467 1521 3524 ‘si
1540 3469 1631 3525 nutrix
1645 3468 1688 3541 pia
1707 3478 1789 3545 atque

674 3596 807 3653 thllDl
827 3597 942 3653 GAZAEI
961 3590 1246 3654 COMMENTARIUS.

168 3696 306 3767 ⁸0ptima
325 3699 465 3771 responsio
491 3698 614 3757 redditur
634 3700 716 3768 inira,
742 3718 794 3775 qua
812 3704 931 3776 seipsum
984 3718 1042 3759 non
1054 3700 1212 3773 denegatur.
1234 3695 1314 3754 Unde
1326 3695 1411 3753 tidelis
1426 3700 1501 3753 Deus
1512 3696 1621 3779 dicitur,
1636 3698 1698 3770 quin
1722 3714 1787 3771 pro·

129 3766 252 3823 Collator
268 3767 391 3824 eoniutat
405 3778 432 3824 et
450 3785 542 3826 seeum
567 3780 691 3843 pugnat:
708 3775 930 3844 uteelqiuti'ani
985 3772 1076 3830 missis
1097 3786 1152 3827 non
1175 3769 1260 3837 deest,
1287 3766 1339 3823 hoc
1352 3775 1404 3836 est,
1431 3782 1486 3821 non
1511 3766 1601 3823 delicit
1623 3784 1639 3823 a
1674 3771 1788 3827 romissa

132 3838 531 3909 Dntei’ctoneeliiifirmi'tatem
546 3848 930 3915 suainsuperatusintalliqat,
1016 3844 1079 3911 ntia,
1098 3856 1181 3914 quam
1195 3839 1246 3895 seit
1259 3837 1409 3893 nobisesse
1427 3838 1641 3920 neccssariama
1674 3840 1786 3895 vincen-

133 3912 158 3963 et
171 3910 212 3963 ila
222 3909 369 3964 ‹liscutnoa
379 3911 469 3963 desua
479 3910 650 3976 fortitudine,
661 3912 748 3967 sealde
759 3916 931 3969 diciiiosein-
984 3860 1035 3971 ils
1048 3914 1260 3986 qualescumque
1273 3910 1454 3977 tentationes;
1469 3908 1517 3965 sed
1537 3906 1681 3965 faciteam
1695 3916 1787 3966 tenta·

128 3993 179 4049 pau
187 3995 295 4049 spinare
304 3980 449 4046 suffviiqio,
460 3984 542 4047 atque
553 3979 591 4031 ad
600 3994 678 4033 suurn
683 3982 789 4049 inaniter
797 4000 932 4040 recurrere
984 3984 1059 4040 tione
1072 3991 1243 4054 proventum,
1260 3977 1350 4044 idest,
1375 3988 1553 4061 augmentum
1569 3980 1665 4053 gratian
1679 3994 1730 4052 pro
1743 3996 1787 4037 ra·

127 4054 315 4120 protectorem.
339 4048 382 4103 Sic
406 4048 474 4118 ipse.
489 4052 527 4103 itt
538 4049 678 4119 quomodo
690 4052 807 4132 gratiam
821 4054 872 4110 Dei
889 4053 930 4110 vi·
985 4052 1059 4109 tione
1072 4061 1100 4107 et
1144 4052 1246 4106 avitare
1261 4049 1431 4115 tentationis,
1444 4050 1485 4105 vel
1501 4057 1616 4114 exitum,
1633 4048 1746 4119 isiaca,
1758 4050 1786 4111 id

128 4130 192 4175 etor
208 4117 341 4189 intelligat
355 4127 383 4173 et
402 4125 542 4187 agnoscat,
555 4118 578 4173 ii
592 4118 647 4176 suis
659 4120 760 4178 viribus
774 4130 803 4179 et
816 4124 933 4197 propriis
985 4130 1027 4179 est
1051 4137 1099 4178 eva
1120 4120 1182 4175 cndi
1202 4118 1372 4188 facultatem,
1393 4126 1424 4174 ut
1450 4121 1484 4173 D.
1499 4120 1651 4192 Cyprianus
1673 4122 1787 4195 exponit

129 4187 286 4256 conatibus,
307 4196 338 4243 ut
356 4186 395 4243 ibi
416 4188 527 4255 dicitur,
548 4197 575 4244 et
589 4190 648 4247 siae
662 4191 746 4263 gratia
760 4192 848 4249 victor
866 4209 932 4251 eva·
986 4192 1054 4265 (Lib.
1067 4206 1092 4247 ιι
1104 4192 1212 4246 Tastiin.
1226 4204 1248 4244 e.
1263 4188 1319 4259 et).

128 4260 189 4325 dat,
203 4266 230 4313 et
241 4272 291 4313 cur
302 4274 361 4314 non
378 4258 412 4314 de
425 4274 473 4315 snn
494 4257 654 4318 tortitudine
667 4278 778 4335 sperare
790 4264 885 4335 possit,
908 4264 931 4321 si
1020 4264 1033 4299 ⁶¹
1049 4264 1110 4319 Non
1123 4262 1163 4318 sie
1173 4258 1374 4332 accipiendum,
1389 4258 1466 4333 qnasi
1479 4259 1549 4329 hacc,
1564 4276 1626 4335 quae
1644 4260 1689 4319 hic
1703 4262 1784 4319 citan-

130 4344 225 4401 parcm
248 4328 300 4384 sibi
314 4329 446 4400 intelligat
466 4330 606 4387 resistendi
628 4334 717 4389 inesse
732 4334 872 4404 virtutem,
886 4350 931 4392 se-
986 4343 1030 4391 tur
1045 4332 1137 4402 urba,
1152 4331 1180 4388 in
1201 4332 1270 4387 libro
1287 4332 1372 4388 iosue
1385 4330 1441 4403 (qui
1462 4340 1491 4387 et
1503 4334 1583 4389 lesus
1602 4334 1676 4389 Nave
1696 4333 1784 4392 dictus

130 4398 209 4454 cluso
223 4400 273 4455 Dei
288 4399 418 4473 sniiragio
435 4408 463 4456 et
476 4401 619 4459 subsidio?
631 4404 700 4461 Vide
716 4406 857 4478 quomodo
871 4405 931 4464 baec
985 4409 1037 4475 est)
1051 4405 1150 4477 scripta
1163 4401 1327 4471 habeantur,
1339 4418 1401 4458 eum
1414 4416 1447 4457 eii
1465 4402 1534 4459 libro
1545 4402 1673 4461 iudicum
1686 4420 1783 4477 prom-

129 4468 293 4525 eohaerennt.
983 4486 1031 4549 pta
1044 4478 1107 4544 sint,
1122 4482 1154 4531 ut
1177 4482 1298 4541 notatur,
1312 4473 1361 4530 sed
1377 4474 1439 4546 quia
1456 4473 1484 4530 in
1499 4474 1557 4545 ipso
1575 4476 1641 4531 Jesn
1655 4476 1739 4544 Nave,
1754 4476 1783 4535 id

166 4541 235 4596 ¹³lta
250 4540 393 4615 legendum
406 4541 511 4599 videtur
522 4558 554 4599 eii
571 4547 705 4603 sententia
720 4547 851 4616 Cassiani,
886 4548 929 4605 uin
983 4557 1035 4614 est,
1057 4545 1226 4618 temporibus
1240 4553 1269 4602 et
1288 4544 1340 4601 snb
1362 4543 1477 4616 imperio
1497 4548 1581 4603 losue
1603 4546 1783 4617 contigerint,

131 4610 351 4669 Graecehabetur
361 4612 474 4683 εἲληφει,
489 4617 679 4685 approbantia
694 4632 743 4687 pro
753 4634 808 4743 quo
819 4622 932 4676 latinns
945 4623 970 4686 D
985 4620 1033 4692 qui
1045 4634 1108 4675 eum
1123 4617 1189 4675 alias
1200 4624 1295 4743 gentes
1308 4614 1480 4684 debellasset,
1496 4617 1583 4671 noluit
1595 4624 1688 4670 tamen
1707 4620 1783 4673 Deus

986 4690 1035 4747 has
1055 4691 1089 4746 ab
1111 4704 1144 4745 eo
1164 4686 1199 4744 de
1219 4686 1306 4753 ellari,
1321 4694 1352 4741 nt
1374 4688 1400 4742 in
1420 4686 1459 4741 cis
1480 4686 1660 4756 experiretur,
1680 4683 1708 4739 id
1730 4694 1781 4755 est,

132 4753 187 4809 lam
201 4770 274 4810 emm
288 4770 379 4811 veram
395 4770 456 4812 esse
477 4756 621 4813 lectionem
643 4758 783 4815 contendit
796 4760 803 4814 i
838 4762 930 4817 eCas·
985 4760 1114 4886 probaret
1123 4768 1151 4816 et
1158 4764 1297 4814 exerceret
1307 4756 1506 4819 lsraelem,ete.
1518 4755 1692 4826 Quamquam
1702 4756 1782 4813 etiam

129 4824 227 4879 sianus
239 4824 284 4880 lib.
299 4839 319 4882 v
333 4828 538 4884 institutionum
550 4843 609 4910 cap.
625 4833 666 4895 iti,
680 4837 712 4885 ut
726 4828 762 4885 ibi
777 4830 802 4884 vi
823 4841 929 4888 ereest.
997 4832 1003 4844 '

996 4832 1055 4887 iber
1071 4830 1198 4885 lodicum
1215 4826 1300 4899 possit
1322 4839 1355 4879 er
1369 4831 1446 4895 parte
1460 4823 1529 4880 liber
1551 4826 1615 4881 lesu
1633 4828 1718 4897 Nave,
1734 4840 1782 4885 seu

130 4895 269 4951 Caetemm
283 4896 397 4967 Vulgata
419 4898 502 4954 editio
523 4899 700 4971 praeierenda,
721 4900 763 4957 cui
777 4910 804 4957 et
817 4902 932 4958 auctori-
986 4904 1083 4969 losue,
1097 4896 1262 4968 nuncupari,
1277 4909 1340 4951 cum
1355 4895 1413 4966 ipse
1424 4894 1666 4966 primiisludicum
1676 4898 1783 4955 ersdte·

129 4973 174 5021 tas
188 4966 235 5022 SS.
258 4968 368 5022 Patrnm
382 4966 557 5041 suffragatur,
572 4978 601 5025 et
614 4971 681 5026 sacri
696 4970 803 5027 concilii
817 4972 929 5029 Triden-

985 4972 1030 5036 ιιι,
1046 4980 1073 5027 et
1092 4970 1151 5041 ejus
1170 4976 1302 5023 extremae
1322 4980 1366 5022 res
1392 4973 1485 5039 geste,
1507 4982 1559 5024 nec
1579 4983 1634 5023 non
1651 4966 1742 5026 obitus
1755 4976 1784 5026 et

132 4682 264 4766 interpres
287 4685 382 4755 legisse
407 4684 653 4756 videturellapiro,
673 4703 757 4758 oppre
776 4690 866 4745 eadat.
896 4691 927 4745 ll·

131 5034 182 5091 tini
195 5037 367 5110 approbatio,
384 5047 415 5095 ut
428 5037 482 5095 illic
493 5040 693 5098 annotavimus.

168 5112 258 5165 tlloii
279 5108 410 5191 signifieat
424 5110 572 5193 Apostolus
586 5127 638 5195 iios
656 5112 800 5239 aliqqiando
819 5115 930 5183 tentari,

131 5186 180 5235 aut
193 5186 373 5236 tentationem
388 5189 522 5237 sustinere
536 5190 636 5239 nostris
650 5184 698 5239 uri
719 5199 762 5251 us,
778 5186 855 5257 quasi
873 5186 931 5243 haec

131 5248 167 5306 sit
181 5249 301 5307 bumana
326 5252 451 5319 tentatio,
472 5268 535 5325 qua·
553 5269 611 5310 non
628 5264 739 5326 superat
764 5256 833 5313 vires
855 5256 931 5313 liberi

132 5320 250 5387 arbitrii,
273 5329 303 5377 ut
317 5321 362 5378 hic
375 5327 480 5380 huctor
501 5324 637 5382 subtiliter
654 5326 863 5399 interpretatur,
882 5327 931 5385 scd

131 5390 269 5465 signinam
279 5394 370 5449 Deum
383 5410 440 5451 non
448 5396 607 5469 permittere
621 5412 671 5454 nos
683 5401 782 5455 teiitari
795 5415 876 5472 supra
891 5398 929 5453 vi·

132 5476 179 5519 rea
192 5478 224 5519 eii
237 5464 324 5535 gratia
337 5475 460 5539 acceptas
476 5484 483 5523 :
497 5476 525 5524 et
544 5483 603 5525 esse
615 5470 747 5541 quasdam
766 5471 930 5526 tentationes

130 5532 195 5615 aliis
207 5535 344 5606 graviores
364 5544 392 5592 et
405 5537 589 5596 diuturniores
605 5541 712 5611 (quales
726 5541 828 5611 experti
845 5542 929 5597 etiam

131 5619 183 5659 viri
197 5606 369 5675 sanctissimi,
385 5610 531 5679 Antonius,
553 5610 690 5678 Hilarion,
704 5611 891 5685 Hicmnymus
903 5619 931 5667 et

130 5674 200 5743 alii),
214 5676 312 5749 quibus
336 5678 496 5761 superandis
511 5688 541 5735 et
561 5681 708 5739 evadendis
722 5680 825 5755 majore
840 5692 866 5739 et
880 5698 930 5754 po·

131 5747 247 5804 tentiore
261 5764 330 5821 opus
350 5758 385 5805 sit
406 5750 491 5823 gratia
505 5758 533 5806 et
552 5752 657 5808 auxilio
677 5752 782 5820 divino,
797 5753 871 5827 quod
890 5754 933 5810 ia·

130 5818 214 5875 cienti
229 5819 303 5891 quod
318 5821 346 5875 in
360 5834 390 5877 ao
410 5830 453 5877 est
465 5820 618 5879 secundum
639 5832 781 5897 acceptam
801 5824 931 5899 matiam,

238 5912 369 5967 Parnon.
387 5910 492 5967 xlix.

984 5042 1121 5113 sepultura
1136 5039 1162 5095 in
1172 5037 1268 5095 eodem
1280 5036 1349 5093 libro
1362 5036 1561 5095 describantur.
1572 5040 1654 5097 Unde
1666 5042 1701 5095 D.
1714 5038 1783 5095 Hie·

984 5126 1115 5185 ronymus
1130 5111 1177 5166 lib.
1193 5108 1321 5166 adversus
1335 5109 1492 5166 Helvidium
1510 5112 1586 5181 (Cap.
1603 5110 1630 5181 ι)
1651 5126 1659 5164 :
1675 5110 1740 5167 ilum
1754 5113 1784 5167 in

984 5185 1124 5256 sapidiora
1142 5184 1204 5238 lesu
1220 5180 1297 5251 liber,
1313 5184 1362 5264 qui
1374 5197 1408 5237 ea
1419 5184 1523 5237 immine
1534 5184 1593 5253 ejus
1615 5182 1781 5251 appellatur,

985 5257 1106 5329 enplctus
1124 5255 1171 5317 sit,
1183 5267 1294 5307 mirsam
1308 5268 1337 5306 in
1347 5252 1474 5307 iudicum
1488 5254 1630 5315 columine,
1646 5254 1728 5323 quasi
1739 5255 1783 5307 ci-

985 5342 1057 5397 vcns,
1076 5340 1271 5395 retractisque
1284 5322 1454 5385 describitur,
1468 5328 1493 5379 et
1503 5323 1552 5378 sub
1572 5321 1783 5394 ἀναιεφαλαιώσει

983 5415 1065 5471 opaea
1076 5398 1134 5468 ejus
1146 5396 1379 5467 praedamnarent
1391 5395 1491 5463 legitur
1504 5412 1511 5448 ε
1525 5396 1600 5451 liisit
1610 5396 1685 5450 lesus
1696 5410 1782 5467 popu·

985 5472 1051 5533 liam,
1064 5474 1091 5523 et
1100 5468 1224 5522 inhiarunt
1236 5467 1288 5536 filii
1298 5466 1391 5527 hanel,
1406 5467 1591 5535 tiniuqnisque
1600 5468 1629 5521 in
1640 5468 1784 5523 haredita-

984 5546 1037 5597 tun
1051 5554 1136 5602 aiam,
1149 5542 1181 5593 ut
1190 5537 1358 5609 possiderent
1370 5540 1480 5591 turam.
1495 5538 1529 5592 nt
1544 5538 1655 5593 seruicit
1666 5540 1784 5611 papirius

985 5613 1097 5669 Domitio
1108 5612 1209 5665 cunctis
1220 5608 1313 5663 ‹liebus
1322 5610 1393 5675 lesu,
1406 5615 1458 5663 ete.
1469 5626 1479 5675 3
1489 5610 1633 5678 statimque
1641 5612 1784 5681 subjungi·

985 5688 1052 5740 tur:
1068 5686 1104 5739 Et
1118 5684 1239 5736 mortuus
1251 5680 1373 5735 estleaus
1387 5680 1469 5748 Naue,
1483 5694 1575 5735 senus
1587 5682 1709 5741 Βοιιιιιιι,
1724 5694 1789 5733 cca-

987 5760 1044 5811 tan
1056 5754 1145 5809 decan
1157 5766 1287 5808 annonam
1302 5750 1481 5877 lindiam&
1628 5815 1636 5826 ⁸
1669 5812 1678 5823 ⁸
1796 5801 1805 5813 ,

1023 5825 1122 5884 ‘llus
1143 5822 1407 5895 similitudmem
1425 5820 1459 5877 ιι
1476 5826 1560 5875 eatur
1582 5810 1788 5945 asturigiam
1799 5814 1844 5853 w
1891 5843 1920 5901 ¹-
