3824 6164
131 241 199 297 lent

442 351 564 409 CAPUT
584 349 617 403 V.

166 462 321 534 Responsio,
344 456 452 528 quando
463 458 569 509 rentiam
583 452 727 507 contrahat
740 450 795 504 linc
803 448 896 518 passio

447 525 613 580 dormienti?

165 638 293 696 Theonas
313 652 319 688 :
342 631 425 690 Omni
445 629 555 703 quidem
579 625 724 693 industria,
744 630 878 697 quantum
904 619 932 675 in

131 730 210 789 nobis
223 736 280 796 est,
296 724 405 783 studere
421 722 565 788 debemus,
578 728 609 775 nt
628 716 833 775 immaculatam
851 711 930 769 easti-

131 822 232 881 moniae
252 820 401 893 puritatem
422 816 468 873 illo
494 815 535 872 rel
558 813 677 871 maxime
691 818 815 882 tempore
837 815 931 863 tenea-

131 932 204 983 mus,
224 930 278 987 quo
302 910 463 968 venerandis
483 909 611 965 assistere
632 915 760 978 optamus
780 900 929 969 altaribns;

130 1022 160 1071 et
179 1008 384 1083 vigilantissima
400 1002 643 1075 circumspectione
658 996 929 1073 praecavendumest,

131 1123 166 1165 ne
178 1104 266 1162 carnis
288 1100 429 1174 integritas
448 1096 617 1172 praecedente
637 1103 762 1164 tempore
780 1088 928 1155 custodita,

130 1202 159 1257 in
168 1216 199 1257 ea
208 1198 344 1271 praecipuo
358 1197 387 1249 in
399 1210 452 1265 qua
463 1208 515 1247 nos
525 1192 560 1247 sd
568 1187 791 1245 communionem
805 1182 930 1240 salutaris

130 1292 249 1351 convivii
270 1302 456 1362 praeparamus
480 1292 570 1353 noete,
601 1281 752 1338 fraudetur.
776 1281 879 1334 Verum
907 1276 930 1332 si

130 1386 219 1445 bostis
229 1383 274 1441 ille
285 1380 506 1454 nequissimnsut
520 1376 598 1432 nobis
607 1374 727 1432 coelestis
742 1370 854 1428 remedii
865 1370 931 1427 sub-

131 1479 221 1537 trabat
229 1474 404 1541 medicinam,
413 1469 568 1527 custodiam
585 1466 681 1539 sopitat
692 1465 791 1521 mentis
804 1463 929 1530 illuserit,

133 1574 170 1629 ita
189 1569 331 1627 dumtaxat
350 1574 382 1621 nt
405 1564 483 1619 nullo
506 1558 710 1634 reprehensibili
733 1555 931 1613 interveniente

131 1664 247 1738 pruritu,
265 1659 340 1716 nullo
365 1656 565 1714 contaminetur
590 1650 781 1709 oblectationis
806 1663 929 1715 assensn,

671 219 812 278 loannis
830 215 981 275 GASSlhb'l
1000 208 1244 269 COLLthONES.
1420 276 1426 287 ,

943 337 1063 407 Aillnm
1082 334 1222 391 calestem
1243 330 1336 388 eibum
1352 344 1368 386 a
1383 324 1572 384 communium
1591 336 1720 379 escarum
1734 323 1792 382 rili-

1725 204 1793 258 liii

983 439 1040 487 tate
1052 442 1205 495 secernens,
1220 440 1271 481 nec
1285 424 1368 480 talem
1389 435 1447 477 esse
1460 416 1627 491 dijudicans,
1637 431 1724 488 quem
1737 433 1791 477 aon

984 522 1036 579 nisi
1052 519 1210 593 parsliceat
1224 526 1315 573 mente
1324 514 1365 571 rel
1381 527 1462 569 carne
1472 523 1652 583 presumere.
1665 510 1790 584 Denique

985 613 1086 671 iniert:
1102 614 1163 670 ideo
1181 614 1256 667 inter
1271 624 1316 665 oos
1337 608 1419 663 multi
1430 605 1534 675 infirmi
1547 606 1574 659 et
1588 602 1745 667 imbecilles,
1766 612 1790 663 et

986 710 1125 765 dormiunt
1147 707 1245 773 multi3
1258 714 1272 740 ⁸
1287 701 1425 774 spiritales
1445 699 1547 755 scilicet
1566 698 1742 767 infirmitates
1757 716 1788 755 oc

983 807 1079 859 mortes
1091 818 1125 858 ea
1137 801 1186 854 hac
1197 794 1355 869 specialiter
1374 794 1464 850 dumus
1477 792 1697 863 presumptione
1711 807 1787 861 pene·

984 898 1056 951 rori.
1072 893 1151 950 Multi
1163 892 1237 949 enirn
1247 890 1293 962 qni
1307 903 1371 947 enm
1388 888 1474 956 [lips.
1491 886 1520 939 in
1535 898 1627 953 marg.
1648 887 1725 955 cnm]
1738 885 1786 941 illi-

984 991 1037 1046 citr
1055 986 1229 1060 usurpatione
1251 988 1440 1057 praesumunt,
1472 976 1648 1033 infirmantur
1669 976 1742 1049 lide,
1762 988 1788 1037 et

984 1081 1113 1139 imbecilli
1138 1086 1202 1136 sunt
1221 1084 1329 1143 mente,
1361 1072 1521 1146 passionum
1543 1070 1645 1128 scilieet
1669 1072 1786 1148 languo-

984 1177 1060 1233 ribus
1073 1174 1200 1242 involuti,
1218 1181 1246 1228 et
1268 1168 1411 1227 dormiunt
1429 1180 1530 1223 somno
1551 1166 1665 1237 peceati,
1683 1166 1718 1223 ab
1735 1167 1787 1225 boc

984 1285 1082 1342 sopore
1097 1268 1188 1324 lethali
1204 1277 1377 1338 nequaqnam
1389 1258 1504 1317 salutari
1515 1257 1695 1315 sollicitudine
1707 1275 1787 1318 resur·

984 1371 1087 1437 gentes.
1100 1360 1206 1417 Deinde
1217 1357 1342 1430 seqnitur
1355 1352 1487 1422 :Quodsi
1500 1356 1675 1423 nosmetipsos
1686 1354 1786 1423 diiudi

983 1471 1113 1519 earemres,
1123 1470 1176 1510 non
1186 1456 1281 1523 utique
1285 1451 1478 1521 judicaremur
1490 1466 1499 1503 r
1515 1446 1568 1503 hoc
1577 1453 1629 1518 est,
1641 1447 1664 1503 si
1674 1456 1786 1507 nosme-

984 1550 1061 1623 ipsos
1084 1547 1257 1621 perceptione
1285 1549 1535 1609 sacramentorum,
1561 1539 1786 1615 gundacumque

985 1643 1087 1715 peccati
1106 1641 1216 1696 vnlnere
1234 1637 1429 1710 prevenimur,
1450 1633 1629 1706 judicaremus
1645 1634 1785 1708 indignos,

129 1757 178 1815 sed
195 1755 362 1829 egestionem
383 1759 429 1807 ant
448 1748 564 1806 natarali
577 1746 737 1803 necessitate
759 1742 928 1815 propulsam,
945 1734 1205 1807 Bimpenderemus
1230 1732 1321 1802 ulique
1349 1728 1472 1786 studium
1489 1736 1520 1783 ut
1541 1742 1589 1799 per
1608 1728 1786 1800 plenitudinis

131 1857 180 1907 ant
192 1856 265 1904 certe
280 1844 485 1918 impugnatione
503 1840 604 1898 diaboli
616 1839 719 1911 absque
736 1851 817 1893 seusu
832 1834 930 1907 volup-

130 1944 193 2001 tatis
214 1941 344 2009 elicitam,
365 1938 400 1995 ad
419 1935 644 2009 impedimentum
666 1941 768 1990 nostrae
782 1929 932 1986 sanctifica·

130 2037 215 2095 tioms
231 2032 393 2099 obtenderit,
409 2044 554 2104 possumus
572 2037 599 2084 et
613 2027 745 2084 debemus
755 2022 789 2079 ad
807 2023 923 2095 gratiam

130 2130 255 2188 salutaris
271 2127 325 2184 cibi
339 2125 508 2183 confidenter
527 2122 669 2179 accedere.
688 2120 738 2176 Sin
751 2131 815 2173 raro
832 2124 929 2172 nostro

130 2223 196 2278 ritio
214 2221 273 2275 hmo
292 2219 372 2273 luerit
385 2226 477 2289 egesta
491 2215 640 2278 concretio,
658 2211 851 2269 convenientes
865 2223 928 2265 con·

130 2313 275 2369 scientiam
290 2318 412 2365 nostram
432 2306 501 2363 illud
521 2306 709 2377 Apostolicnm
723 2303 904 2360 formidemus
919 2321 926 2357 :

131 2406 185 2474 Qui
202 2403 404 2458 manducaverit
422 2416 522 2471 panem
539 2403 565 2454 et
579 2397 674 2452 biberit
692 2397 801 2452 calicem
822 2396 931 2451 Domini

128 2494 247 2563 indigne,
264 2507 323 2547 retes
335 2494 387 2546 erit
396 2493 545 2561 carptoriset
556 2490 696 2557 sanguinis
706 2488 822 2541 Domini.
833 2485 929 2542 Probet

128 2592 218 2642 autem
236 2588 356 2655 primum
370 2585 539 2653 semetipsum
558 2582 644 2647 bomo,
665 2584 690 2635 et
702 2582 741 2634 sic
756 2579 870 2649 depone
882 2578 928 2632 illo

129 2682 192 2737 edat
205 2686 231 2736 et
242 2680 275 2735 de
288 2681 369 2734 colice
383 2679 458 2733 bibat
470 2679 493 2742 (l
506 2676 568 2732 Gor.
590 2674 642 2745 rr).
656 2673 709 2745 Qui
723 2672 797 2728 enim
809 2670 928 2728 mandu-

129 2783 173 2832 cat
186 2782 213 2830 ct
226 2773 296 2829 bibit
308 2772 433 2844 indigne,
444 2769 579 2842 judicium
593 2768 645 2825 sibi
661 2766 806 2823 manducat
821 2774 847 2821 et
861 2764 929 2821 bibit

131 2885 187 2925 non
201 2867 357 2925 discernens
371 2879 470 2937 corpus
490 2862 602 2920 Domini
618 2882 626 2917 :
640 2860 667 2917 id
681 2870 733 2927 est,
755 2874 927 2931 nequaqnam

984 1827 1201 1886 emendationem
1227 1824 1262 1882 ad
1282 1838 1315 1880 ea
1336 1823 1417 1896 digne
1437 1836 1580 1895 possemus
1603 1821 1747 1891 accedere,
1760 1830 1786 1880 et

983 1940 1039 1981 non
1049 1918 1296 1995 tamqnamindigni
1310 1916 1491 1987 severissimis
1498 1914 1784 1988 ialirmitatumllagris

983 2019 1180 2091 castigaremur
1202 2032 1218 2071 a
1242 2012 1374 2081 Domino,
1395 2020 1425 2067 nt
1448 2012 1491 2068 rel
1518 2010 1558 2067 sic
1579 2012 1734 2082 compuncti
1751 2011 1784 2069 al

981 2111 1102 2168 remedia
1117 2116 1275 2166 maurorum
1295 2106 1439 2162 vulnerum
1461 2118 1649 2171 recurramus,
1662 2118 1697 2160 ne
1714 2103 1782 2178 digai

982 2204 1123 2279 praesentis
1139 2202 1230 2259 snauh
1243 2200 1404 2258 brevissima
1419 2199 1596 2273 correptione
1617 2213 1676 2255 non
1692 2198 1780 2269 babiti,

982 2302 1010 2357 in
1022 2298 1115 2355 lutura
1136 2296 1219 2353 simul
1233 2310 1297 2351 cnm
1312 2295 1392 2367 hujus
1407 2292 1504 2350 mnndi
1520 2293 1712 2366 peccatoribus
1722 2310 1784 2351 oon-

982 2392 1154 2449 demuemnr.
1168 2388 1248 2460 Quod
1260 2388 1340 2445 eliam
1354 2388 1383 2443 iu
1402 2386 1521 2443 Levitico
1544 2386 1666 2443 evidenti
1681 2385 1783 2443 denun-

982 2485 1094 2543 lintione
1116 2483 1274 2557 praecipitur
1301 2475 1448 2541 :¹'Omrris
1471 2482 1594 2537 maridas
1619 2482 1784 2539 munducabit

982 2595 1092 2643 eornm:
1110 2583 1136 2633 et
1157 2580 1250 2633 animo
1264 2590 1436 2647 quecumque
1448 2576 1598 2633 comederit
1612 2576 1647 2633 de
1663 2576 1783 2631 carnibus

983 2674 1113 2742 sacrificii
1118 2670 1328 2741 solatorisauod
1335 2674 1373 2726 est
1380 2672 1499 2735 Domini,
1513 2671 1544 2726 in
1558 2673 1661 2741 quaest
1672 2672 1782 2725 immun·

983 2766 1065 2831 ditio,
1085 2767 1187 2837 peribit
1200 2781 1289 2821 coram
1302 2768 1413 2821 Domino
1428 2762 1521 2835 (berit
1536 2764 1580 2833 tr).
1594 2764 1625 2817 ln
1650 2765 1784 2819 Denmro

983 2859 1078 2916 nomio
1096 2874 1206 2930 qnoque
1220 2875 1235 2914 a
1249 2857 1414 2930 spiritalibus
1431 2856 1526 2915 castris
1537 2854 1784 2913 immuudnssimi·

677 3046 804 3101 thRDl
824 3046 937 3102 Ghzmt
954 3045 1234 3103 COMMENTARIUS.

126 3228 219 3295 portos
229 3228 370 3293 sonprrinis
382 3226 524 3279 sonandum
533 3226 719 3293 philosophum
731 3226 828 3293 (Arist.
844 3226 862 3278 l.
878 3227 927 3281 ade
941 3230 964 3294 c
978 3228 1109 3281 trementis
1122 3226 1304 3281 hebetudinem
1312 3230 1374 3294 post
1391 3239 1419 3279 se
1431 3226 1585 3294 relinquere
1599 3226 1738 3292 corisumit,
1748 3240 1779 3279 eu

129 3296 222 3354 Gener.
232 3296 345 3350 nninrnl.
352 3312 374 3350 c.
386 3295 686 3366 monitionumque
695 3300 733 3350 est
742 3301 924 3365 compererim
982 3298 1097 3352 durante
1120 3300 1149 3351 in
1166 3312 1257 3365 passo,
1273 3296 1364 3351 deceris
1383 3300 1421 3350 est
1441 3311 1502 3350 eum
1522 3296 1725 3351 ooolebrotime
1736 3310 1780 3351 seu

124 3372 195 3438 puto
209 3384 268 3422 eum
280 3368 404 3437 prouenit
411 3382 445 3419 ec
451 3368 637 3435 superfluitate
649 3367 703 3421 cibi
713 3371 738 3420 et
752 3371 840 3435 potus,
849 3369 927 3421 ethoc

127 3440 209 3494 etium
223 3442 310 3507 potest
323 3452 377 3491 esse
390 3442 525 3505 peccotrrm
540 3437 653 3503 eerriule,
667 3438 709 3491 uel
721 3438 833 3492 martelle
845 3457 853 3492 :
866 3438 926 3492 lieet

126 3511 295 3577 srerpnentius
302 3512 440 3576 peceatum
449 3508 558 3560 mortale
570 3508 674 3561 aendot
682 3510 850 3578 oirooturpes
859 3510 927 3577 cogi

128 3580 254 3639 iomanes,
277 3582 387 3645 propter
400 3577 562 3643 facilitatem
576 3591 726 3644 coruensus,
749 3594 830 3647 quam
853 3581 925 3633 circo

127 3650 305 3717 suceptionem
322 3648 375 3700 cibi
387 3652 413 3701 et
422 3652 510 3715 pratris.
525 3647 601 3703 Urtde
616 3653 641 3701 et
657 3649 800 3716 Gregorius
809 3650 926 3704 scribens

127 3720 281 3785 Auprutino
292 3718 443 3785 Anglorum
457 3720 576 3787 episcopo
590 3718 657 3771 dicit
669 3720 822 3773 cessandum
843 3734 925 3775 essen

128 3791 308 3845 corrrrnunione
320 3788 429 3858 prounde
444 3804 478 3841 eu
497 3789 623 3857 turpibus
637 3791 846 3857 capitationibus
856 3806 926 3859 pro·

128 3862 214 3925 tenit5
224 3876 278 3914 non
287 3863 378 3913 autem
391 3859 499 3927 qrmndo
506 3863 628 3928 prouenit
635 3875 668 3912 ear
679 3863 866 3928 superfluitate
871 3862 925 3915 cibi

125 3932 167 3986 uel
182 3936 272 4001 potus,
287 3932 437 3999 presertim
448 3931 474 3982 si
485 3931 625 3982 neccessitas
640 3929 723 3983 adsit.
739 3931 782 3984 Sic
792 3932 878 3998 igitur
891 3946 925 3985 ea

127 4018 210 4057 causo
230 4002 388 4071 pollutionis
401 4000 567 4053 considerari
584 4003 672 4069 potest
685 4005 776 4053 utrum
799 4005 926 4056 nortuum

122 4070 926 4144 pollutioimpediatennecessitatesumptionemlrujussocro·

125 4147 219 4199 menti.
230 4146 274 4199 Ea
287 4143 473 4212 qrtrrdornuero
484 4144 657 4208 corrpruerrtio
668 4142 781 4210 impedit
791 4148 923 4211 petentum
942 4180 947 4191 ·

126 4216 233 4281 adelae,
242 4230 354 4283 priorum
365 4229 449 4266 unum
461 4227 564 4280 semper
574 4212 788 4279 accidit‚scilicet
798 4214 923 4281 quadarn

125 4288 238 4354 [reditus
243 4285 398 4353 corporalis,
407 4299 524 4351 memque
528 4288 640 4352 propter
649 4286 825 4337 rer-arentiam
836 4300 925 4339 sacru·

125 4359 219 4421 arenti,
239 4372 291 4409 non
304 4356 379 4408 olecet
390 4354 426 4406 od
440 4354 527 4407 trltrtre
541 4354 662 4408 ‹recordere
678 4354 758 4423 (unde
772 4358 797 4408 ct
808 4355 922 4411 tubulos

126 4431 234 4493 tongere
246 4426 354 4493 aliquid
360 4440 579 4492 socrum-murras
589 4425 703 4489 lornant),
717 4428 771 4479 nisi
779 4426 850 4491 sorte
858 4426 922 4482 talis

125 4496 300 4551 immunditia
319 4497 354 4547 sit
364 4500 495 4563 perpetuu
507 4495 548 4547 uel
562 4495 704 4555 diuturna,
715 4498 784 4549 stine
795 4501 833 4550 est
848 4498 921 4566 lepra

126 4572 151 4625 et
157 4568 405 4637 demussurrpuinis,
413 4565 730 4633 eolalipuidhrp'usmodi.
741 4567 827 4621 Aliud
831 4573 920 4623 aretem

980 3368 1780 3439 communioneobstinere,etiarnsiprtprrefertur,pretendit

979 3440 1037 3493 sino
1058 3439 1146 3507 erripo.
1173 3442 1204 3494 ln
1223 3439 1384 3493 solemnibus
1399 3442 1489 3492 tumen
1510 3439 1717 3506 festivitatibus,
1736 3452 1779 3493 sorr

980 3510 1142 3579 temporibus
1153 3511 1310 3579 prneeipuis,
1320 3514 1430 3579 propter
1443 3512 1534 3563 notum
1538 3512 1651 3579 poterit,
1663 3512 1778 3579 aemonis

980 3581 1026 3633 ille
1036 3584 1084 3645 est,
1094 3583 1198 3649 prurio
1209 3582 1373 3646 consessione
1384 3584 1409 3633 et
1420 3580 1517 3634 deuota
1531 3582 1724 3636 caesaraeum
1732 3594 1778 3651 pro

979 3666 1054 3719 posse
1068 3651 1239 3711 nobilitatus,
1251 3666 1310 3705 curn
1319 3651 1492 3721 permissione
1499 3652 1669 3720 prrrlotiont
1678 3652 1777 3717 confes

979 3723 1047 3775 soris
1057 3723 1216 3789 corridente·
1231 3722 1360 3788 irrorare,
1376 3721 1432 3777 sito
1446 3722 1483 3775 od
1495 3722 1708 3787 celebrationem,
1723 3724 1777 3776 site

978 3792 1016 3845 od
1029 3794 1245 3845 communiamur.
1261 3794 1393 3846 Sr'nriliter·
1414 3793 1606 3861 sanctimonii
1625 3807 1660 3843 ea
1685 3792 1778 3859 officio

978 3862 1110 3915 incumbit
1117 3878 1149 3915 eo
1163 3862 1206 3915 die
1215 3878 1269 3931 qua
1277 3862 1332 3917 sibi
1344 3862 1498 3931 larriusmodi
1507 3861 1604 3915 recudit
1616 3876 1706 3923 comes,
1715 3864 1777 3917 lllis·

978 3947 1037 3987 som
1048 3932 1188 3987 celebrare.
1203 3935 1233 3987 si
1248 3936 1309 4003 aurs
1323 3938 1412 3987 aretem
1425 3934 1544 4004 quotidie
1555 3936 1607 3985 ont
1625 3934 1777 4003 {monento-

979 4006 1051 4059 tr'one
1066 4006 1151 4057 nimia
1164 4004 1320 4072 hujusmodi
1327 4007 1452 4074 potiatur
1464 4006 1633 4073 pneumati
1645 4004 1775 4059 nonnullis

979 4090 1013 4127 ear
1025 4075 1081 4129 sola
1094 4077 1259 4143 capitatione,
1270 4091 1316 4131 seu
1325 4075 1426 4144 affatu,
1437 4074 1717 4129 reloruiiluuitiornm
1725 4090 1776 4129 cor·

978 4145 1081 4198 radium
1093 4146 1125 4198 in
1138 4147 1299 4212 consessione
1314 4152 1362 4199 out
1379 4147 1459 4213 alios,
1473 4149 1556 4201 eliam
1572 4149 1667 4200 inritis
1677 4152 1702 4200 et
1711 4147 1775 4201 retri-

979 4216 1094 4271 teatibus
1114 4230 1172 4270 orem
1187 4216 1361 4272 detestatione
1374 4218 1445 4279 uitii,
1459 4221 1614 4286 contingere
1626 4220 1774 4283 eorrsrrn·it,·

977 4302 1029 4340 nen
1046 4292 1189 4355 propterea
1202 4292 1291 4343 ramus
1304 4288 1458 4342 celebrandi
1467 4294 1519 4343 out
1533 4304 1613 4343 sucro
1625 4304 1653 4343 se
1664 4302 1773 4342 mmmrr·

977 4359 1057 4411 uiorre
1068 4359 1200 4427 privandi
1211 4364 1370 4413 oeerrsiorrem
1385 4365 1492 4422 srrnrut,
1507 4360 1557 4413 sed
1571 4360 1686 4413 corrsrrlte
1697 4362 1772 4413 elon·

975 4432 1072 4481 rrnentc
1083 4430 1198 4497 preeloto
1221 4446 1266 4484 sru
1287 4432 1435 4497 rarrsessore
1455 4445 1514 4495 suo,
1536 4432 1623 4485 sr'rnnl
1634 4434 1659 4484 et
1678 4428 1771 4498 offula

976 4498 1105 4560 trabeate,
1121 4500 1285 4568 tolerabiliter·
1301 4501 1419 4556 aeratot.
1431 4502 1499 4557 llaec
1512 4500 1551 4557 ibi
1572 4498 1772 4573 aprudentibns

977 4577 1004 4624 et
1015 4569 1148 4639 religiosis
1160 4571 1284 4625 Patribus
1295 4571 1375 4627 edila.

126 4646 166 4697 est
177 4640 299 4707 coopertio
310 4638 407 4691 mentis
423 4652 482 4705 quoe
494 4638 617 4705 superitur
633 4636 806 4705 pollutionem
818 4642 921 4692 nootnr·
935 4625 961 4686 D
1011 4648 1024 4673 ⁸
1037 4642 1231 4711 interpretatur
1244 4642 1286 4697 liic
1297 4641 1381 4697 abbas
1401 4639 1485 4697 verba
1496 4641 1542 4699 illa
1556 4640 1695 4715 Apostoli:
1707 4640 1768 4693 dieu

124 4728 199 4777 nora,
210 4712 347 4782 precipue
362 4708 471 4778 qmtrrdo
492 4723 550 4761 cunr
563 4710 638 4776 turpi
651 4709 843 4775 imaqinatione
861 4724 920 4763 con·

125 4786 214 4853 tirrgit.
230 4786 285 4839 Hoc
295 4787 383 4835 trinea
399 4779 618 4849 impedimentum
628 4780 699 4849 qrtod
708 4796 741 4833 en
754 4782 922 4848 corrgruitute

122 4857 255 4925 preteriit,
262 4854 387 4923 postponi
396 4852 473 4906 debet
482 4851 719 4921 prnpternlipuarn
731 4853 920 4922 necessitatem,

121 4932 201 4995 proto,
216 4931 246 4978 nt
261 4926 404 4991 drepanius
419 4923 495 4989 dicit,
508 4938 567 4976 earrr
578 4923 692 4990 fortasse
705 4927 754 4976 aut
768 4924 853 4989 festrrs
865 4924 922 4978 dies

125 4998 219 5063 eripit,
231 4999 278 5047 ortt
295 4995 606 5048 eulriberemirristerium
647 5010 668 5047 'o
682 4994 786 5063 eoquod
799 4994 921 5050 sacerdos

123 5068 195 5121 alius
209 5065 290 5125 deest,
305 5066 365 5133 ipso
375 5066 514 5118 neccessitas
524 5081 611 5133 compe
623 5065 664 5119 lit.
674 5066 741 5119 llaec
750 5066 778 5119 S.
788 5064 919 5133 Thomas,

124 5138 222 5212 quibus
232 5133 435 5199 nilrilenactins,
449 5134 515 5189 nibil
531 5135 687 5205 explicatius
697 5136 724 5189 in
739 5135 789 5190 hac
802 5136 919 5191 materia

123 5210 337 5281 ailerripotes13
364 5205 480 5277 ideoque
501 5213 531 5262 ut
550 5205 611 5261 huic
632 5207 691 5261 loeo
713 5215 738 5260 et
758 5206 814 5262 lere
835 5207 919 5263 totius

124 5282 276 5339 collationis
287 5287 447 5351 argrrnrento
463 5277 850 5347 inarinreaeconrmodam,ita
865 5277 918 5331 mi·

121 5356 194 5410 ninre
209 5350 441 5427 praetermittenda
458 5350 515 5404 risa
529 5359 601 5405 sunt.
618 5350 722 5417 Quibus
736 5348 841 5419 optimc
853 5363 919 5402 con·

123 5427 244 5482 sentiunt
255 5441 315 5496 qrrae
328 5425 354 5480 in
369 5422 558 5479 Caeremoniali
580 5418 792 5475 Brrrediclorum
806 5434 919 5491 congre-

123 5496 241 5567 gationis
255 5494 416 5552 llirsfeldcn.
430 5492 574 5557 habentur,
586 5507 647 5563 quse
666 5490 710 5546 lric
723 5492 804 5546 etiam
818 5490 918 5547 referre

122 5580 180 5622 non
194 5568 244 5620 erit
254 5569 372 5622 alienum
382 5574 430 5621 aut
447 5580 686 5637 supervacaneum.
700 5564 743 5618 Sic
759 5564 843 5635 igitur
856 5579 915 5634 cap.

122 5636 157 5695 dc
170 5635 253 5691 illusis
267 5648 401 5692 noetrrrno
423 5652 522 5692 sonrno
539 5654 546 5689 t
563 5640 598 5693 Et
613 5640 638 5690 si
656 5642 787 5689 rrae-turno
804 5636 918 5705 pollutio

119 5710 256 5781 plerisque
273 5710 387 5772 accidat,
409 5710 485 5761 nrdlo
502 5709 581 5777 culpo
598 5722 646 5761 suo
660 5708 834 5775 praeestante,
850 5708 917 5775 quin

122 5786 211 5839 tomen
220 5778 376 5849 lrrtjusmodi
383 5781 474 5845 passio
485 5779 631 5847 quamdam
648 5781 739 5831 curnis
747 5779 918 5846 proripinom

974 4713 1046 4765 inter
1063 4726 1107 4765 eos
1125 4712 1206 4765 rnrdti
1222 4716 1340 4782 infirmi,
1365 4718 1391 4767 et
1404 4714 1562 4779 irnbecillrs,
1584 4718 1609 4765 et
1630 4711 1769 4765 dormiunt

974 4782 1064 4849 multi,
1078 4781 1112 4836 de
1136 4782 1291 4839 ialirmitate.
1313 4783 1440 4855 spiritali,
1458 4798 1508 4839 sen
1523 4780 1617 4840 morbo
1634 4779 1733 4847 animi,
1745 4786 1771 4836 et

974 4861 1063 4908 morte
1082 4851 1178 4909 itidem
1197 4855 1325 4925 spiritali,
1340 4853 1434 4921 idest,
1449 4863 1562 4926 peccato
1577 4852 1669 4909 letlrali
1685 4872 1692 4906 :
1708 4866 1770 4907 cum

974 4922 1095 4996 plerique
1110 4927 1204 4979 Patres
1224 4934 1279 4981 tam
1295 4925 1393 4989 Graeei,
1410 4941 1494 4997 quam
1516 4926 1608 4981 Latini
1621 4924 1655 4980 de
1670 4922 1769 4979 morbis

974 5003 1001 5049 et
1021 4995 1154 5051 mortibus
1176 4997 1361 5069 corporalibus
1382 4996 1606 5067 interpretentur,
1636 4995 1767 5068 qnibnsa

973 5066 1032 5121 Deo
1047 5066 1175 5122 immissis
1203 5068 1281 5123 nrnlti
1304 5067 1376 5139 apud
1405 5068 1565 5123 Corinthios
1588 5068 1616 5122 in
1642 5064 1766 5138 primitira

974 5136 1093 5193 Ecclesia
1108 5138 1298 5209 puniebantur,
1317 5139 1352 5194 ob
1368 5138 1508 5211 indignam
1517 5138 1695 5195 Eucharistiae
1708 5148 1768 5205 per-

973 5208 1140 5290 ceptionem..
1155 5208 1238 5281 Cujus
1259 5211 1295 5265 rei
1319 5209 1370 5265 alia
1392 5208 1520 5281 quadam
1545 5208 1669 5335 exempla
1689 5205 1770 5287 babes

973 5279 1045 5349 apud
1060 5282 1226 5351 cyprianum
1239 5282 1267 5336 in
1281 5296 1408 5337 sernrone.
1423 5280 1457 5337 de
1471 5281 1565 5353 lapsis,
1582 5281 1630 5338 Pal
1642 5278 1731 5336 adium
1743 5290 1770 5331 ru

972 5350 1120 5430 Lansiaeis,
1133 5352 1319 5422 sophronium
1333 5354 1360 5408 in
1376 5355 1456 5407 Prato
1469 5352 1619 5421 spirituali.

1008 5412 1022 5451 ¹'
1035 5421 1132 5476 Citarit
1145 5423 1226 5477 etiam
1242 5424 1314 5479 lrnne
1326 5424 1415 5479 locum
1427 5422 1631 5480 Cassiarnrslib.
1645 5434 1678 5479 vr
1692 5416 1770 5477 lnsli·

973 5499 1025 5547 tnt.
1052 5508 1110 5562 cap.
1127 5498 1155 5560 8,
1169 5492 1215 5549 ubi
1238 5494 1300 5551 ride
1320 5503 1426 5551 notata.
1447 5496 1537 5551 Porro
1559 5494 1621 5551 haec
1644 5490 1771 5550 nonaria

973 5563 1044 5635 apud
1057 5564 1138 5619 LXX
1148 5579 1203 5621 non
1214 5566 1347 5639 reperitur
1363 5564 1473 5621 levitici
1482 5580 1540 5630 sn,
1554 5576 1585 5621 ut
1598 5565 1647 5621 hie.
1659 5564 1771 5623 citatur:

971 5634 1019 5689 sed
1032 5634 1093 5690 huic
1106 5636 1202 5691 similis
1219 5645 1260 5691 est
1275 5637 1387 5692 Leritiei
1403 5639 1485 5693 xxn
1502 5656 1508 5689 :
1525 5638 1622 5693 llrnrris
1638 5637 1715 5691 bomo
1726 5634 1772 5703 pai

973 5710 1108 5762 (recesserit
1129 5706 1167 5761 ad
1180 5723 1211 5761 ea
1226 5722 1286 5776 prin
1300 5714 1453 5765 consecrato
1468 5712 1543 5777 sunt,
1560 5712 1587 5763 in
1602 5723 1658 5779 pao
1671 5712 1711 5763 est
1722 5710 1772 5759 im·

971 5778 1118 5847 munditia,
1133 5778 1234 5847 peribit
1243 5795 1331 5835 corum
1342 5782 1460 5837 Dorrrino.
