3848 6158
178 252 233 310 235

854 217 994 302 somnis
1012 244 1164 303 cassiani

1780 257 1845 314 236·-

179 376 257 449 quasi
275 390 368 434 serem
382 375 539 445 verberans,
555 375 649 447 idest,
666 373 695 430 in
706 385 810 429 vanum
826 366 898 428 ictus
910 384 979 427 con·
992 373 1019 437 A
1031 377 1123 427 scente
1136 369 1236 429 virtme
1257 361 1458 454 conscendere,
1477 371 1576 431 eodem
1591 388 1642 432 nos
1662 389 1773 450 quoque
1788 381 1837 436 or÷

178 469 302 528 tinentia
312 470 466 543 porrigens,
479 486 527 542 per
536 485 605 543 quos
616 483 674 525 non
687 481 779 523 aerem
790 479 921 533 vacuum,
932 463 981 521 sed

180 559 243 619 illos
255 559 368 633 spiritus
386 557 434 632 qui
453 558 482 614 iu
501 574 534 615 eo
556 565 708 624 versantur,
732 555 914 628 castigatione
935 555 978 610 sui

179 654 304 726 corporis
318 650 488 710 verberabat
507 650 561 720 Qui
577 650 652 708 enim
669 648 751 720 dicit,
768 664 825 707 non
839 649 919 722 quasi
931 663 979 706 ae·

178 763 239 805 rem
252 749 407 816 verberans,
422 745 541 804 ostendit
559 761 606 815 se,
616 746 727 803 tarnetsi
746 760 804 803 non
817 759 911 802 aerem
930 760 980 801 vr·

104 845 108 852 '
179 857 262 898 cuum
277 849 305 898 ct
321 841 451 908 inanem,
465 839 572 912 aliquos
592 839 730 898 tamenin
751 852 813 896 aere
826 837 979 896 verberare.

179 939 216 993 Et
228 937 294 1009 quia
317 935 377 993 haec
391 936 577 994 certaminum
590 950 691 1010 genera
716 943 871 1008 superorat,
891 943 919 991 et
936 934 980 992 di·

162 1037 251 1100 ¹tatus
275 1031 429 1087 multarum
452 1044 618 1089 coronarum
641 1028 786 1101 stipendiis
816 1027 979 1098 incedebat,

178 1138 237 1180 nou
257 1123 400 1182 immerito
414 1123 603 1181 robustiorum
627 1124 724 1196 incipit
744 1122 867 1180 hostium
886 1121 981 1180 subire

179 1215 343 1286 luctamina,
355 1232 389 1274 ac
401 1216 539 1288 prioribus
555 1215 660 1274 aemubs
674 1214 851 1289 triumphatis
869 1229 935 1272 cum
950 1214 979 1270 a·

179 1307 261 1366 ducia
274 1308 438 1381 proclamat,
453 1316 482 1365 et
490 1308 558 1366 dicit
572 1329 579 1366 :
595 1310 659 1366 iem
670 1324 729 1366 non
741 1309 823 1366 nobis
836 1315 877 1365 est
890 1307 980 1367 collu-

1034 462 1099 520 dine
1115 451 1225 538 oportet
1235 462 1396 538 praelioruin
1409 456 1478 547 inire
1497 467 1662 536 certamina,
1672 476 1700 525 et
1714 469 1838 541 primum

1034 572 1098 613 cum
1113 559 1248 631 Apostolo
1270 558 1360 617 dicere
1376 579 1383 615 :
1407 558 1453 616 Sic
1465 575 1557 633 pugno
1580 575 1638 617 non
1650 559 1729 633 quasi
1743 576 1845 620 aerem

1033 651 1194 721 verberans,
1209 652 1259 710 sed
1278 653 1384 726 castigo
1405 668 1505 726 corpus
1519 651 1636 724 meum,
1657 658 1685 710 et
1703 640 1831 720 sarmenti

1034 746 1151 820 subjicio
1166 750 1190 816 (i
1201 748 1261 805 cor.
1272 752 1328 816 ιι),
1339 755 1370 803 ut
1383 745 1437 805 hoc
1446 746 1578 804 conilictu
1587 754 1727 820 superato,
1739 762 1845 808 rursus

1034 854 1099 897 oum
1114 856 1146 897 eo
1163 831 1253 898 dicere
1268 840 1425 913 possimus:
1444 842 1507 897 Non
1521 848 1563 898 est
1578 839 1660 897 nobis
1677 841 1845 902 colluctatio·

1034 932 1164 992 adsersus
1176 949 1288 991 carnem
1304 942 1332 991 et
1344 933 1522 1007 sauguinem,
1542 933 1592 992 sed
1608 933 1738 994 adversus
1760 935 1837 1010 prin'·

1034 1026 1139 1101 cipatus
1146 1069 1158 1100 ,
1168 1027 1300 1086 adsersus
1319 1035 1479 1101 potestator,
1493 1027 1621 1087 adversus
1633 1030 1729 1087 muudi
1744 1038 1835 1090 recto·

1033 1137 1078 1180 res
1090 1122 1266 1180 tenebrarum
1281 1122 1392 1192 harum,
1406 1129 1503 1180 contra
1517 1123 1651 1196 spiritalia
1664 1125 1794 1196 nequities
1806 1125 1845 1183 in

1034 1208 1192 1272 ooelmdbus
1211 1215 1388 1287 (Ephesus).
1410 1215 1498 1272 Aliter
1523 1216 1596 1272 enim
1618 1216 1749 1290 congredi
1768 1232 1837 1275 cum

1034 1309 1089 1366 illis
1109 1309 1184 1366 nullo
1204 1307 1290 1365 modo
1310 1308 1476 1381 poterimus,
1500 1324 1553 1366 nec
1568 1308 1706 1383 spiritales
1730 1326 1845 1384 pugnas

61 4455 65 4468 “
87 4467 90 4474 “
176 4483 181 4491 ·
218 4454 306 4516 ¹‘lice
321 4468 380 4523 est,
396 4469 461 4517 aute
476 4458 571 4531 jejunii
586 4468 695 4533 tempus
713 4461 835 4530 legitime
849 4462 982 4519 observa·

178 1400 263 1458 ctatio
282 1400 414 1459 adversus
430 1417 542 1459 carnem
554 1411 582 1458 et
600 1400 773 1476 sanguinem,
791 1399 838 1458 sed
851 1399 982 1458 adsersus
1035 1403 1205 1461 merebimur
1217 1401 1343 1476 experiri,
1357 1403 1461 1460 carneli
1476 1402 1572 1477 dejecti
1587 1403 1731 1474 conflictu,
1744 1404 1838 1463 etcol-

177 1493 366 1566 principatus,
388 1493 519 1552 adversus
541 1501 707 1567 potestates,
729 1493 861 1552 adversus
884 1491 983 1561 mundi
1036 1498 1186 1555 luctatione
1199 1496 1845 1584 sentriselisi:meritoquenohisahdpostolo-

177 1598 298 1646 rectores
311 1589 488 1646 tenebrarum
503 1589 618 1658 harum,
632 1595 729 1651 contra
743 1588 876 1661 spiritalia
887 1589 984 1661 nequi·
1038 1607 1103 1648 cum
1116 1591 1328 1682 exprobratione
1351 1589 1456 1648 dicetur
1478 1609 1485 1646 ε
1506 1593 1633 1649 Tentrtio
1649 1608 1698 1649 ros
1718 1608 1772 1649 non
1786 1608 1838 1665 ap·

177 1681 224 1740 ties
235 1683 265 1740 in
275 1683 432 1743 caelestibus
451 1684 558 1756 (Epire.
569 1684 627 1753 vr).
1037 1683 1195 1758 prehendit,
1208 1685 1263 1759 pisi
1276 1684 1399 1742 bumana
1414 1687 1456 1752 (ll
1472 1687 1529 1744 Cor.
1546 1688 1586 1753 x).

463 1805 586 1863 cneur
611 1805 692 1881 xix.
993 1788 1018 1850 B
1216 1768 1230 1816 ³
1301 1794 1303 1801 ‘
1326 1783 1449 1849 CAPUT
1471 1785 1540 1842 XX·

450 1925 456 1936 .
487 1925 493 1935 .
623 1923 628 1936 .
1034 1878 1435 1948 Quodnonalebeatmonachus
1444 1878 1570 1934 sumendi
1582 1879 1637 1933 cibi
1648 1883 1837 1948 tempaseace·

179 1920 257 1990 Quod
271 1922 380 1979 atletetoe
392 1923 507 1987 Chersis,
521 1923 603 1979 donec
615 1938 645 1976 en
661 1936 770 2004 corpore
789 1927 977 1992 mammone,
1068 1950 1148 2017 dm,
1167 1951 1194 2005 3,-
1210 1949 1270 2004 ,mn
1288 1949 1326 2003 Μ
1343 1964 1454 2019 mnas
1479 1952 1637 2005 imm-mm
1660 1951 1836 2006 mmmmm

451 2009 546 2065 patqrm
559 2008 612 2050 nort
627 1993 705 2048 desei.
1064 2023 1217 2092 mm·

218 2109 364 2166 ‘Athletae
387 2107 534 2167 christiin
550 2123 666 2180 corpore
687 2110 874 2166 commoranti
893 2125 979 2167 num·
1068 2113 1154 2187 lgitur
1177 2111 1332 2171 monachus
1344 2110 1379 2169 ad
1402 2127 1507 2186 pugnas
1524 2113 1689 2171 interiorum
1708 2114 1836 2171 commi·

179 2221 263 2281 quam
277 2202 370 2261 delicit
383 2201 610 2287 colluctationum
621 2201 713 2276 palma
731 2203 796 2260 :sed
808 2211 911 2277 quanto
923 2220 980 2261 ma·
1033 2221 1103 2263 num
1119 2208 1231 2280 cupiens
1250 2207 1405 2278 pervenire,
1426 2207 1496 2263 banc
1517 2207 1547 2263 in
1567 2207 1665 2279 primis
1680 2206 1837 2265 cautionem

178 2301 221 2374 gis
231 2295 438 2370 triumphorum
447 2296 620 2354 successibus
630 2297 755 2366 creverit,
771 2305 848 2354 tanto
859 2298 884 2354 ei
895 2299 980 2355 etiem
1034 2300 1146 2358 sibimet
1164 2298 1282 2368 indicat,
1307 2308 1407 2358 utnon
1423 2310 1505 2374 potus
1520 2301 1685 2373 quidquam,
1702 2317 1758 2359 non
1772 2314 1843 2358 esus>

178 2391 401 2451 colluctationum
424 2389 565 2447 robustior
586 2388 655 2447 ordo
676 2388 810 2447 succedit.
830 2390 981 2464 subjugata
1034 2392 1094 2451 ulia
1112 2392 1297 2456 oblectatione
1315 2391 1449 2461 devictus,
1465 2387 1478 2441 ¹³,
1496 2400 1560 2450 anre
1580 2393 1727 2450 stationem
1746 2392 1836 2465 lagiti-

179 2487 283 2544 etenim
302 2500 395 2552 carue,
409 2491 492 2557 atque
505 2483 622 2553 devicta,
637 2491 746 2556 quanta
759 2482 980 2542 adversariorum
1034 2503 1111 2546 mam
1124 2499 1354 2561 communemque
1366 2486 1525 2544 reiectionis
1538 2485 1649 2555 horam,
1663 2493 1739 2543 extra
1752 2500 1839 2542 men-

179 2580 428 2653 oohortes,quauta
439 2578 563 2636 hostium
573 2577 681 2652 agmina
691 2579 837 2637 adeersum
847 2579 980 2637 victorem
1034 2595 1094 2637 sam
1107 2583 1245 2653 percipere
1256 2579 1370 2637 sibimet
1383 2593 1497 2650 prorsus
1510 2577 1665 2649 induigeas
1679 2577 1728 2634 sed
1746 2592 1782 2633 ne
1793 2594 1845 2636 re·

178 2672 299 2730 militem
311 2672 412 2729 Christi
424 2671 642 2745 triumphisque
654 2672 781 2745 instigata
792 2674 978 2746 consurgunt!
1035 2672 1153 2731 sectione
1174 2671 1287 2746 quidem
1311 2679 1465 2743 transacta,
1484 2686 1517 2727 ex
1536 2670 1580 2726 his
1600 2684 1766 2742 praesumere
1784 2669 1839 2727 sibi

179 2766 333 2824 scilicetne
349 2765 424 2838 pacis
446 2765 504 2822 otio
523 2765 602 2822 miles
616 2765 719 2824 Christi
740 2765 893 2823 lentescens
910 2765 981 2823 inci-
1035 2767 1321 2849 quantulumcumque
1333 2767 1497 2840 permittat:
1519 2765 1646 2821 similiter
1666 2779 1776 2837 quoque
1787 2779 1840 2821 ce·

177 2861 235 2933 piat
247 2859 372 2917 obliusci
384 2859 612 2917 colluctationum
626 2876 739 2918 suarum
751 2861 872 2933 gloriosa
888 2869 980 2919 certa-
1034 2863 1166 2918 nonicum
1180 2862 1270 2918 somni
1280 2868 1390 2932 tempus
1401 2854 1616 2928 mensuramque
1625 2856 1772 2913 custodiat.
1783 2859 1842 2913 Eo·

178 2953 272 3022 mina,
288 2968 320 3009 ac
334 2953 487 3011 securitatis
508 2953 606 3010 inertia
620 2952 786 3021 dissolutus,
801 2953 980 3027 praemiorum
1034 2955 1098 3014 dem
1111 2971 1231 3030 namque
1244 2953 1336 3012 studio
1350 2953 1409 3011 istae
1420 2962 1486 3010 sunt
1496 2953 1598 3009 mentis
1609 2950 1782 3024 amputandae
1796 2951 1837 3009 la-

122 3033 124 3037 ’
178 3046 323 3121 stipendiis
337 3062 369 3103 ac
387 3046 594 3120 triumphorum
609 3047 715 3102 meritis
729 3045 915 3104 defraudetur.
927 3049 981 3103 lta·
1035 3050 1138 3118 scivias,
1151 3065 1207 3121 quo
1220 3047 1449 3105 meretricationis
1463 3046 1560 3102 vitium
1573 3044 1765 3102 desecandum.
1780 3045 1840 3118 Qui

179 3155 232 3213 que
246 3139 269 3197 si
287 3141 321 3197 ad
340 3139 393 3196 hos
415 3139 623 3211 triumphorum
639 3139 740 3212 gradm
762 3142 890 3213 cupimus
919 3157 980 3199 cre-
995 3131 1018 3196 C
1035 3143 1109 3200 cuim
1121 3153 1132 3179 ⁰
1146 3142 1216 3215 gulae
1231 3140 1386 3214 superfluos
1407 3140 1546 3212 appetitus
1568 3137 1693 3195 inhibere
1706 3153 1764 3194 non
1784 3153 1838 3210 po·

728 3317 857 3374 aarum
875 3319 988 3376 GriZAEl
1006 3317 1288 3376 COMMENTARIUS.
1357 3328 1362 3341 '

214 3470 418 3528 ‘Dictuminsi
455 3470 982 3544 eetmemoriaeinigendum.Cuicon·
1036 3472 1128 3529 aiones
1150 3479 1251 3528 nostrae
1273 3477 1354 3537 suut,
1374 3468 1408 3525 ad
1427 3477 1553 3551 optatum
1578 3467 1715 3526 Paschatis
1734 3468 1837 3528 festum

180 3539 421 3599 mauritianae
456 3541 588 3599 sententia
602 3561 609 3597 ι
623 3543 724 3600 Militia
737 3547 848 3599 estoita
868 3545 982 3600 hominis
1070 3541 1237 3598 rreuiamus.
1258 3541 1304 3596 Sic
1319 3540 1494 3596 Ambrosius.
1515 3541 1652 3597 Caeterum
1672 3556 1704 3596 ex
1723 3541 1841 3598 Tertul-

180 3627 262 3739 ἐ’
279 3611 684 3739 ‘coartentur
1035 3612 1127 3739 εεε
1144 3610 1273 3738 aiei
1292 3610 1837 3740 εεεεε”,εεεεεεέείεεεε

180 3697 613 3837 ssggirrosipetrmomhinsnssm,
631 3699 735 3837 idciiilci
756 3699 982 3824 &fliffiffffiss
1036 3724 1182 3835 Nam'liin
1201 3697 1378 3836 degiejunio,
1401 3698 1676 3834 statipnesigdictas
1692 3697 1836 3837 affieuniis

182 3834 302 3884 ascetum
310 3824 386 3896 ,hoc
398 3833 454 3896 est,
470 3770 590 3898 pugiieui
603 3840 635 3881 ac
647 3825 763 3882 militem
785 3825 884 3883 Christi
898 3842 982 3899 pecu·
1036 3824 1199 3881 voluntariis
1211 3823 1296 3880 distin
1316 3839 1399 3906 lens,
1414 3825 1615 3894 art:Argaunt
1626 3840 1673 3880 nos
1767 3840 1841 3896 pera

181 3898 284 3955 liariter
305 3896 434 3970 appellari
447 3895 514 3953 alias
527 3896 699 3953 ostendimus
711 3898 787 3964 (lib.¹
803 3914 812 3952 r
826 3913 848 3954 c.
866 3896 903 3968 2).
917 3900 982 3955 Mo·
1035 3899 1082 3951 nia
1091 3897 1206 3967 propria
1217 3899 1289 3950 cresto
1309 3910 1408 3958 ramas,
1421 3895 1493 3964 quad
1501 3899 1628 3951 stationes
1638 3897 1838 3967 plerumquein

182 3969 336 4026 nocherum
348 3985 431 4042 porro
442 3977 582 4026 certamen
597 3967 740 4040 quomodo
788 3977 916 4041 rpetuum
931 3968 982 4038 sit,
1037 3983 1177 4040 uesperwn
1188 3967 1377 4039 perducamus,
1393 3975 1445 4047 cte.
1460 3968 1532 4021 ilinc
1542 3968 1674 4022 Rabanus
1688 3966 1735 4024 lib.
1759 3981 1784 4023 ιι
1803 3965 1838 4024 de

181 4049 209 4098 et
222 4040 366 4112 multiplex
381 4041 484 4114 palma,
499 4041 556 4098 sire
568 4038 735 4112 praemium,
753 3983 814 4096 friso
825 4039 934 4098 disserit
944 4043 982 4097 D.
1038 4040 1128 4095 Instit.
1141 4039 1224 4095 Cleri.
1239 4054 1299 4109 cap.
1314 4044 1348 4094 18
1362 4059 1369 4094 :
1385 4040 1530 4107 inanium,
1548 4037 1646 4110 inquit,
1658 4042 1684 4093 ct
1694 4040 1777 4094 stateo
1791 4038 1839 4095 di·

181 4112 396 4186 Chrysostomus
410 4112 506 4169 homil.
523 4117 558 4168 st
571 4111 627 4179 (Ad
637 4127 702 4184 pop.
716 4112 867 4180 Anthea),
880 4110 915 4169 de
928 4112 984 4168 rita
1037 4113 1115 4167 citur.
1132 4113 1293 4166 llbcenunt
1305 4114 1395 4164 autem
1404 4109 1515 4179 qaedam
1523 4110 1594 4163 inter
1596 4109 1734 4189 jejunium
1745 4113 1771 4165 et
1781 4113 1841 4166 sic·

180 4183 396 4253 monachorum,
407 4186 473 4242 ets.
490 4183 609 4256 Ephrem
624 4184 652 4239 in
685 4181 784 4240 uadem
795 4183 984 4240 adhortatione
1037 4185 1144 4238 emnem.
1159 4183 1229 4238 Nam
1233 4179 1371 4248 jejunium
1382 4180 1574 4247 indifferenter
1583 4181 1724 4250 utroslibet
1734 4180 1790 4237 diei
1796 4184 1838 4237 cst

181 4253 216 4306 ad
232 4253 370 4320 pietatem,
386 4255 432 4309 ubi
444 4255 504 4311 lraec
515 4254 597 4310 verba
614 4273 619 4307 :
635 4199 738 4311 beilum
751 4256 868 4310 militam
890 4255 982 4321 brem
1037 4253 1219 4314 noeanentia,
1235 4251 1458 4332 reeuperleqern,
1473 4251 1521 4334 scd
1533 4252 1679 4306 secundnm
1692 4253 1837 4335 propriam

182 4322 229 4377 sed
242 4324 366 4375 monach
371 4339 465 4391 pugno
1036 4323 1218 4387 uoluntatemr
1231 4324 1312 4375 stateo
1326 4323 1365 4375 est
1375 4322 1525 4377 obsecratio
1540 4327 1704 4378 statutorum
1717 4323 1834 4387 dwmm,

1037 4392 1079 4447 cel
1090 4396 1258 4460 ternporam:
1273 4391 1388 4455 dierum,
1398 4398 1429 4447 ct
1439 4398 1544 4463 quarta
1552 4399 1667 4450 etseatae
1678 4393 1838 4465 tenerare

1036 4464 1113 4516 nium
1127 4477 1161 4516 erc
1179 4465 1266 4516 uetere
1280 4462 1336 4531 lege
1349 4466 1460 4535 (nempe
1481 4465 1639 4536 apostolica)
1651 4469 1836 4537 praeceptum,-

172 4536 244 4587 ‘tum
255 4570 263 4595 ‚
275 4529 328 4597 sel,
340 4538 371 4586 ut
381 4530 444 4586 alibi
457 4529 577 4600 loquitur
589 4532 666 4602 (cap.
679 4534 724 4598 at,
735 4531 834 4601 infru),
848 4536 984 4604 anteprce
1036 4538 1185 4604 temporum
1197 4538 1298 4596 autem,
1312 4534 1485 4604 utjcjunium
1497 4540 1599 4606 quarti,
1613 4538 1714 4608 quinti,
1725 4537 1836 4607 septtini

182 4605 307 4660 siitutnm
313 4600 676 4672 iejuniiborarmetcollat.
687 4607 703 4658 5
713 4617 739 4656 c.
752 4606 782 4656 ii
795 4623 801 4658 ε
813 4603 981 4659 antenorem
1036 4607 1062 4658 et
1080 4605 1185 4667 dammi,
1201 4605 1383 4660 etobseruatio
1399 4607 1629 4676 Quadroqcsineoe,
1649 4624 1711 4678 qene
1727 4609 1756 4661 in
1769 4609 1836 4662 uni-

183 4675 338 4732 canonicam
355 4673 488 4729 absolutio
496 4672 599 4744 jejunii
618 4674 774 4729 nullatenus
791 4675 982 4744 preeunendn
1035 4690 1110 4731 uerso
1121 4677 1183 4731 orbe
1191 4677 1359 4730 institutione
1367 4680 1512 4758 apostolica
1523 4679 1689 4734 obserantur.
1705 4679 1772 4733 llaec
1782 4679 1838 4734 Ra·

182 4752 230 4804 cst.
254 4748 328 4804 Nam
342 4746 423 4802 statio
443 4743 515 4817 apud
528 4744 689 4802 Cassianum
703 4753 731 4801 et
751 4744 820 4801 alios
834 4745 981 4817 scriptores
1035 4743 1123 4802 banus
1136 4747 1169 4803 de
1179 4747 1330 4802 stationum
1341 4755 1369 4802 et
1378 4748 1541 4819 jejuniorum
1553 4748 1720 4805 discrimine.
1730 4749 1837 4805 Verum

182 4817 379 4877 ecclesiasticos
417 4832 450 4875 ro
467 4816 574 4890 je'unia
589 4816 748 4890 frequenter
763 4825 918 4900 usurpatur.
936 4817 981 4874 Sic
996 4807 1023 4871 b
1037 4817 1182 4874 Cassianus
1200 4815 1391 4874 indifferenter
1415 4835 1463 4886 pro
1486 4820 1584 4892 quovis
1604 4818 1728 4891 jejunio,
1748 4818 1836 4876 etiam

182 4890 365 4947 Tertullianus
378 4834 425 4946 lig.
441 4889 475 4946 de
487 4832 617 4945 litatione
630 4891 706 4960 (Cap.
724 4889 764 4961 ii)
780 4889 858 4956 dicit,
872 4897 984 4972 sumpto
1039 4888 1205 4958 volrrntario,
1219 4889 1365 4945 stationem
1377 4905 1485 4946 sumere
1500 4890 1607 4946 videtur
1629 4892 1700 4948 Nam
1709 4889 1839 4962 etcapite

388 4394 393 4403 ὗ
449 4324 985 4406 .,·ἀοηεε,εηεε’ρεεεαάιῡοεηιήεεεε,εεεη-

179 4390 327 4463 peramat
344 4391 426 4456 (Vnae
441 4393 483 4446 aba
501 4392 601 4447 scholae
622 4394 656 4449 G·
673 4393 786 4461 Vocati.

97 5027 99 5029 .
183 4976 298 5033 corpore
315 4960 426 5016 Domini
439 4975 497 5016 non
511 4961 580 5017 seiri
594 4962 758 5030 stationem,
774 4960 827 5017 hoc
841 4967 899 5028 est,
925 4975 984 5032 epu·
1038 4960 1168 5032 vigesimo
1184 4969 1282 5033 quarto
1300 4959 1381 5032 hujus
1393 4961 1454 5017 libri
1467 4961 1614 5018 stationem
1633 4959 1836 5034 quotidianam,

182 5031 262 5087 nium
275 5069 283 5098 ,
297 5038 325 5085 et
339 5031 465 5086 stationis
478 5046 580 5087 nomen
600 5040 744 5104 sumptum
759 5047 818 5089 esse
832 5047 848 5088 a
869 5032 907 5087 mi
920 5031 983 5089 itari
1036 5034 1120 5104 paulo
1132 5040 1204 5103 post,
1212 5031 1347 5105 jeJunium
1358 5032 1548 5103 quotidianum
1560 5040 1710 5102 nuncupat,
1726 5039 1754 5089 et
1765 5030 1836 5091 sciri

182 5099 321 5171 exemplo,
336 5098 390 5156 hoc
406 5107 485 5168 est,r
501 5102 666 5159 stationibus
680 5102 811 5160 militum.
829 5103 919 5173 Quam
935 5119 983 5161 ra·
1037 5103 1126 5159 solere
1139 5101 1207 5159 dicit
1221 5103 1250 5159 in
1269 5102 1386 5159 adventu
1402 5103 1524 5174 hospitis.
1545 5108 1579 5160 Et
1590 5104 1735 5161 collatione
1758 5098 1835 5175 vige·

182 5171 289 5227 donem
304 5171 426 5226 nominis
444 5173 481 5226 D.
495 5172 657 5228 Ambrosius
669 5188 752 5228 serm.
768 5180 802 5227 25
816 5175 916 5230 cirum
929 5191 979 5232 ex·
1037 5173 1105 5230 sima
1125 5175 1232 5246 pn‘ma,
1254 5172 1342 5246 capite
1355 5175 1487 5247 vigesimo
1501 5190 1590 5245 nono,
1603 5183 1752 5246 utrumque
1763 5188 1837 5235 eon·

183 5240 314 5315 plicans:
340 5242 454 5306 cmtrn,
470 5240 570 5312 inquit,
584 5244 735 5299 nolierunt
749 5245 872 5314 nostrai
892 5246 980 5310 ἐπει,
1031 5245 1161 5319 iungens,
1188 5247 1330 5301 eserenon
1338 5244 1443 5327 peierati
1453 5245 1577 5328 appellat.
1595 5251 1636 5303 Dc
1660 5244 1766 5318 duplici

182 5310 856 5384 qaoenosaciioboiicaimpagnationedesendunt:
919 5318 982 5386 ique
1036 5331 1102 5373 nere
1133 5316 1300 5385 stationum,
1327 5331 1384 5373 sive
1411 5317 1595 5392 jejrrmorum,
1625 5317 1732 5374 dicetur
1764 5314 1836 5375 inre

181 5386 311 5440 stationes
323 5388 463 5447 uocantur,
475 5384 547 5455 quael
560 5389 662 5441 mantes
671 5390 697 5441 et
705 5389 892 5440 commorantes
904 5389 934 5440 in
943 5391 981 5444 eis
1037 5388 1111 5460 (cop.
1135 5390 1189 5460 2⁴).

183 5457 306 5511 inimicos
328 5456 490 5511 insidiantes
507 5456 678 5539 repellenate.
700 5457 734 5511 Et
754 5471 839 5511 serm.
855 5459 890 5511 ti
910 5455 981 5515 hanc
1069 5457 1122 5515 ⁰ld
1138 5469 1190 5525 est,
1204 5457 1382 5529 inordinatos,
1394 5475 1463 5532 quos
1475 5461 1509 5516 D.
1525 5459 1835 5529 dragonariensem

182 5525 430 5599 Quadragesimalis
449 5525 548 5598 jejunit
563 5528 698 5583 rationem
711 5525 810 5595 reddit,
822 5526 896 5611 quod
907 5527 979 5585 sicut
1034 5529 1180 5586 Moralium
1193 5545 1252 5602 cap.
1268 5536 1301 5586 27
1314 5531 1447 5604 expressit
1463 5531 1505 5587 his
1518 5532 1604 5589 uerbis
1617 5552 1624 5587 :
1639 5533 1765 5602 ostiaque
1777 5545 1835 5586 mo·

182 5598 301 5668 populus
319 5596 402 5652 lsrael
421 5612 437 5652 a
453 5596 616 5668 captivitatis
638 5597 803 5670 AEgyptiaeae
813 5614 889 5682 ¹jugo
912 5599 979 5657 libe·
1034 5600 1077 5657 dis
1092 5616 1140 5657 nos
1155 5603 1224 5672 quic
1236 5605 1333 5658 uitium
1344 5607 1451 5660 tentat:
1467 5604 1615 5675 aliquando
1632 5618 1753 5675 namque
1765 5600 1837 5667 inde

181 5677 259 5725 ratus
278 5666 454 5740 quadraginta
476 5667 640 5723 stationibus
662 5683 708 5723 seu
729 5669 926 5731 mansionibus.
943 5670 979 5728 ad
1032 5675 1129 5743 gentica
1144 5678 1263 5745 tempora
1272 5677 1652 5802 irroeomdroliquandooero
1664 5681 1717 5731 tem
1781 5688 1834 5729 raon

183 5746 287 5796 terram
307 5736 497 5810 promissionis
521 5739 659 5809 pervenit,
675 5739 772 5794 eodem
794 5739 850 5795 iere
875 5741 976 5809 modo,
1028 5749 1171 5815 macerit,
1186 5748 1272 5803 sedai
1289 5749 1709 5819 oslaairbrcsquoerit;nliquaa
1758 5759 1838 5817 quoe·

181 5810 333 5884 eodemque
347 5824 463 5866 numero
482 5808 671 5883 jejuniorum,
686 5823 760 5881 quae,
777 5811 882 5883 inquit,
895 5828 977 5868 man·
1031 5815 1096 5872 tibet
1119 5819 1250 5875 sennenn
1272 5820 1342 5886 sint,
1360 5822 1521 5893 preparari
1540 5821 1694 5876 amaratias
1712 5818 1835 5889 erpetitr
