3848 6158
90 229 144 281 517
474 223 641 279 COLLATIO
661 226 679 277 l.
701 253 736 306 -Ι-
756 221 969 291 littttONacttt
991 221 1199 276 lNTENTlONE
1218 222 1261 276 AC
1280 223 1368 278 FlNld.
1692 235 1743 288 518

88 349 133 406 nis
148 346 310 413 multorum,
324 354 460 402 atemere
479 348 547 403 lucri
564 347 692 420 spiritalis
707 347 829 420 instigat,
844 361 892 419 per
906 350 932 410 Α
947 349 1027 402 uiro:
1045 350 1189 403 novissime
1200 353 1290 403 cutem
1304 364 1395 404 aarum
1411 353 1518 407 conterat
1531 354 1562 407 io
1574 354 1744 425 profundum

88 442 170 519 quod
181 457 232 499 nos
245 440 278 497 ab
290 439 443 497 humilitate
456 442 584 514 propositi
591 442 674 514 liujus
682 458 714 500 ac
724 442 893 499 districtione
945 444 1049 511 inferret
1059 443 1201 510 (Proccrb.
1217 446 1294 510 arv).
1316 445 1350 498 Et
1364 444 1463 501 iterum
1478 440 1657 519 :lMoieJeus
1671 462 1745 511 crocet

90 538 212 598 divellat·
227 539 294 608 Quae
313 536 406 591 omnia
427 551 491 592 curn
511 535 565 591 sint
581 544 684 593 nostrae
697 536 777 593 saluti
791 535 895 609 proles·
946 552 1005 591 orm
1023 551 1050 591 sc
1072 536 1209 592 miscuerit
1218 536 1295 607 justo
1307 540 1398 605 (Prae.
1420 543 1495 610 avr),
1510 540 1538 598 id
1557 551 1606 618 est,
1621 544 1745 606 diabolus

89 631 216 704 sionique
234 628 380 697 contraria,
409 636 501 684 tamen
520 629 650 685 velamine
669 629 790 702 quodam
811 630 894 687 mise·
946 627 1045 701 decipit
1059 646 1123 686 cum
1143 629 1225 687 luerit
1247 630 1338 688 colore
1353 633 1505 692 sanctitatis
1527 637 1660 696 obtectus.
1681 641 1746 698 Odit

89 725 217 785 ricordiae
230 742 263 783 ac
272 724 414 797 religionis
428 723 547 794 obtecta,
559 723 637 783 lacile
648 725 786 799 imperitos
798 727 894 783 incau—
947 731 1039 781 autem
1053 740 1151 782 sonum
1171 725 1274 792 tutelae,
1291 725 1319 783 id
1339 735 1391 798 cst,
1411 727 1581 789 discretionis
1603 733 1669 805 vim,
1684 750 1746 809 quae

88 830 188 896 tosque
210 820 359 894 decipiunt.
388 820 536 877 imitantur
551 820 625 879 enim
646 821 813 879 numismata
838 820 894 878 ueri
948 817 982 875 de
996 819 1136 877 seniorum
1150 819 1239 876 verbis
1255 835 1286 877 ac
1297 821 1450 881 monitione
1463 825 1592 896 procedit.

89 917 180 991 regis,
195 915 258 989 quia
282 913 409 972 videntur
429 915 597 987 adpraesens
615 917 695 988 plena
712 917 833 989 pictatis,
847 916 895 974 sed
1237 914 1359 973 CAPUT
1372 919 1455 974 XXl.

90 1024 149 1067 non
171 1016 264 1067 sunta
278 1007 410 1081 legitimis
430 1008 606 1078 monetariis,
619 1010 647 1066 id
664 1018 720 1080 est,
732 1009 853 1082 probatis
867 1017 895 1067 et
1126 1012 1163 1063 Do
1183 1008 1307 1063 illusione
1321 1011 1427 1064 abbatis
1448 1016 1567 1070 Joounis.
1653 1001 1663 1011 ’

90 1102 234 1163 catholicis
250 1102 374 1160 Patribus
392 1103 522 1176 figurata;
535 1119 586 1160 nec
608 1104 642 1161 de
656 1103 784 1163 cardinali
802 1119 834 1160 ac
845 1119 895 1176 pu·
984 1102 1014 1154 ln
1029 1115 1083 1170 quo
1096 1099 1177 1154 etiana
1192 1109 1202 1135 ⁰
1221 1099 1348 1157 abbatem
1363 1117 1450 1173 nuper
1464 1106 1609 1179 loannem,
1621 1112 1666 1182 qui
1681 1115 1747 1188 Lyci

90 1192 161 1251 blica
173 1192 327 1251 collationis
341 1208 438 1252 eorum
452 1192 588 1265 prodeunt
601 1192 720 1257 officina,
736 1192 785 1250 sed
798 1192 895 1249 lurtim
949 1200 1151 1260 commoratur,
1164 1193 1343 1264 cognovimus
1356 1194 1440 1252 luisse
1454 1197 1574 1256 illusum.
1586 1205 1655 1260 Nam
1672 1223 1747 1278 cum,

92 1287 191 1346 iraude
213 1288 371 1346 damonum
394 1284 541 1354 fabricata,
562 1301 619 1341 non
646 1285 705 1342 sine
731 1284 896 1343 detrimento
948 1285 1080 1343 exhausto
1103 1301 1217 1359 corpore
1231 1295 1312 1360 atque
1331 1286 1452 1360 delecto,
1471 1294 1672 1366 perceptionem
1694 1300 1747 1355 cibi

93 1383 228 1458 imperitis
239 1383 393 1456 quibusque
404 1389 433 1437 et
449 1379 636 1453 ignorantibus
647 1379 816 1453 ingeruntur.
828 1381 896 1450 Quae
948 1379 1068 1437 biduano
1078 1380 1183 1454 jejunio
1201 1380 1364 1453 distulisset,
1378 1383 1517 1442 accedenti
1537 1387 1562 1443 ei
1575 1388 1609 1446 ad
1621 1389 1748 1448 relectio-

93 1478 219 1552 quamris
242 1477 319 1534 utilia
337 1491 370 1533 ac
384 1473 532 1533 necessaria
549 1473 690 1530 videantur
711 1472 746 1530 ad
762 1488 894 1546 praesens,
949 1489 1012 1530 nem
1026 1474 1069 1532 die
1083 1475 1230 1547 postero,‘¹
1246 1476 1356 1534 veniens
1368 1477 1488 1537 Zabulus
1502 1480 1531 1536 in
1545 1480 1634 1554 figura
1647 1485 1750 1543 AEtbio-

93 1582 188 1630 tamen
205 1573 229 1630 si
244 1570 426 1629 soliditatibus
447 1567 629 1641 professionis
648 1575 749 1623 nostrae
767 1567 897 1641 incipiant
949 1568 992 1639 pis
1005 1568 1083 1637 tetri,
1096 1577 1177 1641 atque
1189 1568 1226 1626 ad
1239 1569 1297 1642 ejus
1316 1586 1403 1643 genua
1424 1574 1600 1646 provolutus,
1620 1578 1749 1652 indulge,

94 1675 158 1740 post
169 1666 229 1729 ,hoc
247 1680 306 1724 esse
321 1663 468 1734 contraria,
480 1669 507 1719 et
520 1661 823 1734 totumquodammodo
837 1677 899 1719 cor·
949 1661 1046 1734 inquit,
1064 1661 1144 1730 milri,
1157 1661 1219 1734 quia
1234 1678 1284 1735 ego
1296 1662 1346 1719 tibi
1359 1662 1433 1720 bunc
1447 1665 1570 1724 laborem
1584 1667 1677 1728 indixi.
1694 1673 1751 1730 lta-

95 1777 148 1835 pus
168 1761 253 1820 nostri
268 1758 431 1817 labefactare
448 1758 599 1832 propositi,
617 1764 758 1830 tamqnam
774 1772 897 1814 necessa-
913 1766 937 1829 Β
951 1773 1004 1831 que
1018 1757 1061 1814 ille
1073 1757 1252 1815 virtantuset
1263 1758 1471 1818 indiscretionis
1485 1761 1592 1819 ratione
1603 1764 1749 1837 perlectus,

94 1856 168 1914 rium
189 1855 313 1930 quidem,
328 1855 377 1913 sed
399 1853 584 1912 scandalizans
603 1853 767 1924 membrum,
784 1853 896 1925 etquod
943 1853 1001 1910 sub
1020 1853 1111 1911 colore
1124 1853 1298 1910 continentiae
1316 1853 1527 1927 incongruenter
1540 1859 1691 1917 exercitata
1707 1861 1751 1916 in-

95 1951 200 2010 dextrae
213 1966 311 2009 manus
322 1950 364 2006 vel
372 1948 447 2022 pedis
459 1963 537 2021 agere
551 1947 674 2004 videatur
687 1946 820 2016 officium,
833 1962 897 2020 pro·
951 1945 1051 2001 tellexit
1062 1961 1091 2003 se
1113 1945 1148 2000 ob
1164 1944 1217 2000 hoc
1239 1943 1383 2003 calliditate
1401 1948 1498 2004 diaboli
1517 1949 1750 2024 circumventum,

93 2045 141 2118 jici
156 2045 265 2103 anobis
283 2050 364 2117 atque
384 2041 505 2100 abscindi
525 2040 631 2098 salubre
649 2049 698 2098 est.
715 2041 804 2099 Satius
822 2042 896 2098 enim
951 2038 1052 2110 talique
1072 2037 1224 2096 distentum
1241 2038 1362 2111 jejunio,
1381 2049 1411 2097 ut
1431 2040 1617 2101 lassitudinem
1631 2063 1687 2104 non
1702 2065 1751 2106 ne-

98 2147 141 2197 est
166 2137 269 2212 absque
293 2135 372 2194 unius
392 2134 518 2209 praecepti
540 2134 682 2203 membro,
696 2133 722 2191 id
737 2141 789 2204 est,
802 2149 897 2206 opera·
951 2135 1114 2204 cessariam,
1130 2135 1218 2191 immo
1235 2133 1318 2192 etiam
1339 2135 1444 2207 spiritui
1458 2138 1627 2209 nocituram,
1638 2141 1751 2214 fatigato

99 2231 175 2289 tione
187 2230 228 2287 uel
238 2229 339 2300 tractu,
352 2228 492 2288 incaeteris
507 2242 604 2286 sanum
612 2225 776 2299 firmumque
787 2225 896 2298 durare,
951 2229 1060 2301 corpori
1073 2236 1267 2302 superponeret
1284 2233 1313 2285 :⁰
1325 2229 1537 2302 paracharagmo
1547 2232 1648 2289 scilicet
1658 2235 1753 2294 illusus

102 2333 131 2382 et
143 2331 284 2398 tamquam
298 2321 415 2382 debilem
428 2323 541 2380 introire
563 2322 591 2378 in
604 2337 719 2395 regnum
740 2320 801 2391 Dei,
816 2337 899 2394 quarn
951 2323 1130 2390 numismate,
1145 2313 1213 2379 dum
1226 2322 1254 2379 in
1270 2322 1316 2379 illo
1325 2323 1381 2378 ucri
1395 2323 1466 2395 regis
1478 2323 1625 2397 imaginem
1640 2342 1753 2385 venera·

100 2435 164 2476 cum
181 2418 317 2476 soliditate
336 2417 456 2474 mandati
474 2416 590 2473 incidere
604 2416 633 2472 in
655 2414 765 2487 aliquod
785 2414 899 2472 scanda-
952 2423 1006 2482 tus,
1020 2432 1116 2489 parum
1128 2417 1238 2475 discutit
1252 2425 1367 2473 anesset
1382 2416 1499 2489 legitime
1512 2418 1688 2491 figuratum.f
1702 2423 1753 2480 Ul·

99 2513 167 2581 lum,
191 2511 265 2585 quod
284 2511 436 2585 perniciosa
457 2508 804 2580 consuetudineseparatos
818 2524 899 2566 nosa
952 2511 1018 2567 uma
1042 2528 1107 2568 uero
1133 2510 1287 2569 observatio
1313 2510 1394 2583 hujus
1420 2511 1568 2583 probabilis
1598 2518 1750 2588 trapezitae,

99 2606 275 2665 districtionis
297 2606 401 2680 regula,
433 2612 514 2676 atque
534 2603 634 2676 arrepti
656 2602 788 2675 propositi
818 2600 898 2660 disci·
953 2603 1082 2675 quamde
1097 2603 1271 2675 inquisitione
1289 2601 1419 2675 ponderis
1436 2606 1694 2678 essepraediximus,
1712 2619 1754 2667 ta-

100 2702 187 2775 plina,
197 2700 308 2759 inducat
330 2703 357 2756 in
371 2699 426 2757 tale
439 2697 629 2771 dispendium,
642 2695 716 2769 quod
729 2711 900 2769 nequaquam
953 2695 1039 2753 litera
1051 2696 1129 2752 nobis
1147 2695 1315 2768 implebitur,
1332 2697 1354 2752 si
1376 2696 1506 2769 quidquid
1519 2701 1668 2772 gerendum
1681 2705 1754 2775 cogi·

100 2795 192 2853 lutura
216 2795 380 2853 detrimenta
406 2808 599 2866 compensans,
630 2806 725 2849 omnes
748 2790 900 2864 praeteritos
955 2788 1022 2844 tatio
1042 2795 1136 2845 nostra
1157 2789 1335 2863 suggesserit,
1360 2791 1465 2847 8omni
1483 2791 1601 2864 scripulo
1625 2797 1709 2865 [lips.
1724 2799 1754 2851 in

100 2888 206 2947 tructus
217 2896 361 2962 totumque
373 2887 536 2961 operationis
547 2895 648 2945 nostrae
660 2901 759 2958 corpus
772 2885 901 2958 gehennae
955 2900 1040 2952 marg.
1054 2884 1195 2956 scrupulo]
1205 2893 1398 2955 retractantes,
1408 2894 1491 2959 atque
1500 2887 1528 2943 in
1539 2888 1626 2945 nostri
1639 2891 1755 2960 pectoris

100 2982 181 3041 iaciat
195 2982 302 3056 ignibus
316 2982 484 3056 concremari
496 2982 603 3050 (Metili.
618 2985 724 3049 avrti).
739 2982 780 3036 De
794 2980 903 3053 generi·
954 2978 1057 3035 trutina
1066 2978 1239 3049 collocantes,
1252 2979 1468 3052 aequilibratione
1479 2981 1630 3054 justissima
1643 2998 1756 3055 perpen-

101 3076 153 3135 bus
178 3077 331 3135 istiusmodi
353 3077 509 3135 illusionum
528 3077 611 3133 etiarn
634 3077 663 3131 in
679 3074 832 3132 Proverbiis
847 3075 900 3131 ele·
955 3071 1063 3144 damus,
1080 3088 1116 3130 an
1127 3073 1240 3146 plenum
1254 3074 1289 3130 sit
1297 3073 1440 3133 honestate
1447 3078 1600 3148 communi,
1610 3093 1645 3134 an
1657 3078 1755 3136 timore

101 3180 197 3244 genter
203 3172 368 3247 exprimitur
378 3173 482 3231 :estat
491 3174 542 3228 uiae
555 3187 614 3242 pcc
626 3171 753 3226 videatur
759 3174 836 3226 rectae
848 3183 902 3226 csse
915 3155 938 3220 C
954 3168 1007 3225 Dei
1021 3169 1058 3224 sit
1069 3184 1162 3243 grave,
1181 3169 1204 3225 si
1219 3170 1356 3241 integrum
1371 3185 1467 3241 sensu,
1482 3171 1505 3228 si
1521 3172 1642 3230 bumana
1661 3182 1754 3231 osten-

648 3324 776 3394 alitent
795 3324 907 3379 otzAEt
926 3322 1210 3379 COMMENTARIUS.

139 3469 152 3498 ¹
165 3464 279 3538 Vulgata
289 3463 371 3521 editio
387 3468 453 3521 :Est
464 3467 510 3520 cio
523 3478 583 3535 qaae
592 3463 699 3518 uidetur
709 3462 903 3531 lromioijusto,
958 3464 1070 3530 arnmot
1084 3459 1198 3526 illicito3
1211 3459 1271 3514 licet
1280 3460 1352 3529 quod
1362 3464 1442 3530 poter
1452 3475 1516 3516 suus
1524 3461 1639 3518 zabulus
1649 3477 1700 3533 pcr
1712 3478 1752 3520 se-

103 3539 250 3593 cocissimu
258 3537 408 3607 ‹tutcarrejats
419 3536 521 3591 decurri
533 3535 688 3590 salmariam
699 3535 833 3600 (Proccrb.
850 3549 904 3590 atu
957 3535 1101 3602 metipsum
1108 3547 1160 3586 noa
1169 3532 1244 3599 tecit,
1258 3533 1469 3588 intolerabiliore
1478 3536 1528 3589 istc
1539 3535 1676 3604 sacrilegio
1682 3551 1755 3605 prce·

104 3609 214 3679 ctxvr).
230 3610 291 3664 Duo
301 3607 509 3664 proverbiorum
520 3605 579 3662 loca
588 3604 730 3679 conjunxit
743 3604 901 3661 Cassianus:
957 3607 1056 3660 sumat.
1072 3604 1188 3659 zabulus
1207 3619 1299 3658 arerem
1320 3605 1370 3659 Dei
1390 3605 1488 3660 Filiam
1503 3606 1755 3674 sciebatua·,·1lrics

104 3681 223 3735 alterum
238 3696 270 3735 ex
280 3694 410 3750 capurv,
422 3694 504 3751 quem
519 3681 555 3733 D.
572 3677 758 3749 Hieronymus
771 3676 817 3732 lib.
832 3692 843 3732 ι
856 3675 904 3731 ad·
957 3680 1049 3745 ucpot.
1068 3675 1228 3732 Cassianum
1249 3674 1331 3730 etiam
1344 3675 1467 3747 superius
1488 3677 1579 3747 (Cap.
1597 3681 1646 3743 20)
1659 3677 1756 3735 dixisse

104 3765 201 3807 uersus
213 3751 369 3824 Pelagianos
378 3751 416 3806 ita
427 3752 491 3807 citat
504 3769 511 3806 :
525 3752 627 3807 Ertaia
639 3765 700 3820 que
713 3749 820 3804 videar
833 3752 905 3803 recta
958 3746 1176 3819 monuiregnum
1188 3745 1282 3802 Zabuli
1296 3761 1343 3816 pro
1353 3762 1438 3819 regno
1450 3745 1560 3814 diaboli,
1575 3756 1605 3804 ut
1619 3748 1655 3804 ibi
1667 3749 1756 3807 ridere

105 3821 774 3893 esscopudboruiuesottramissimacjusceoiuulin
783 3821 906 3890 moruu-
958 3823 1008 3875 est.
1026 3821 1108 3886 (Vide
1123 3820 1234 3875 delium
1249 3819 1364 3887 Rboda‘q.
1381 3820 1476 3888 Antip.
1497 3823 1568 3873 Lect.
1583 3820 1602 3872 l.
1621 3834 1642 3874 ιι
1655 3836 1678 3872 c.
1696 3825 1756 3890 10.)

105 3894 171 3948 dum
183 3895 424 3961 irascrrti;alterum
435 3909 466 3947 ex
476 3908 535 3972 cap.
551 3905 613 3953 rur,
627 3904 710 3959 quern
719 3888 792 3943 idem
805 3888 905 3944 Hiero·
957 3889 1081 3962 Denique
1107 3890 1135 3945 in
1154 3889 1250 3962 hymn.
1274 3889 1307 3945 dc
1322 3891 1348 3944 S.
1370 3889 1502 3944 lliclraele
1522 3887 1596 3944 canit
1612 3887 1732 3944 Ecclesia
1749 3911 1754 3946 :

104 3978 206 4036 nyrnus
219 3965 246 4019 in
265 3969 314 4021 lsa.
335 3980 393 4033 cap.
415 3978 439 4017 ιι
453 3969 480 4016 ct
497 3961 543 4015 bb.
562 3974 586 4013 ιι
605 3957 734 4012 adversus
746 3956 906 4023 Pelagianos
959 3962 1112 4016 Micbociem
1121 3962 1221 4015 uirtute
1229 3964 1403 4015 conterentem
1413 3961 1552 4014 zabulum.
1569 3961 1655 4015 Porro
1670 3958 1757 4015 Zabu-

105 4051 166 4105 cap.
185 4043 192 4089 t
210 4037 275 4091 citat
286 4037 314 4090 in
328 4034 401 4087 bunc
414 4030 529 4085 modum
544 4047 550 4082 :
567 4029 634 4082 Sunt
649 4029 698 4079 oiae
708 4041 767 4108 quae
780 4021 907 4082 cotasc-
959 4029 1007 4084 lon
1017 4029 1045 4083 in
1057 4030 1140 4086 sacris
1152 4030 1249 4086 litteris
1260 4034 1366 4098 (Gcnes.
1383 4031 1449 4100 ιιιιι)
1461 4031 1533 4086 lilius
1544 4028 1628 4085 Jacob
1642 4032 1758 4101 patriar·

107 4109 169 4160 ciro
178 4106 271 4175 jactare,
286 4105 433 4185 siccissima
445 4105 534 4155 autem
546 4098 791 4168 eoremrospaaiuot
805 4099 835 4150 ia
844 4112 907 4166 pro·
960 4098 1019 4155 char
1029 4098 1150 4156 decimus
1164 4116 1196 4155 ex
1210 4100 1257 4154 Lia
1271 4121 1277 4155 :
1292 4101 1362 4155 uude
1377 4101 1464 4156 tribus
1477 4100 1617 4169 Zabulon,
1633 4100 1757 4158 sednihil

104 4178 484 4326 ᾐᾞάῖιιιῗξΙιῖζιὶιίυιιιιθιριθῑθε
497 4240 613 4312 πονηρὸς
627 4239 828 4321 κακοποιιιῑζὸταν
845 4256 906 4310 σιμ.
960 4169 1067 4295 haic&
1081 4169 1243 4308 galiug&
1270 4237 1434 4295 adulterino,
1464 4240 1537 4297 Alibi
1557 4241 1640 4298 „pipm-
1660 4243 1758 4300 eodem

107 4315 283 4390 μιξῃδιιαιῳ,
302 4313 411 4385 μισεῖδε
433 4308 661 4384 ἦχοιάσφαλειις;
684 4326 726 4366 cur
750 4309 908 4381 invulgata
960 4310 1112 4376 vocabulo,
1139 4309 1201 4366 licet
1228 4308 1297 4365 lorte
1332 4319 1477 4382 corrupto,
1507 4314 1758 4381 PetrusDamiani

102 4387 231 4446 versione
245 4385 390 4457 respondet
402 4383 461 4440 baec
480 4401 495 4442 e
511 4386 619 4458 regione
633 4381 777 4451 sententia,
791 4382 909 4437 multum
960 4382 1080 4453 quodam
1104 4380 1174 4448 loco,
1195 4381 1241 4437 ubi
1261 4380 1315 4437 ait:
1331 4385 1362 4439 Si
1375 4385 1461 4454 ipsius
1477 4391 1589 4441 mocetoe
1603 4388 1759 4443 oblitterato

104 4470 200 4516 tamen
217 4456 343 4513 diversa:
364 4457 512 4526 Asilipctao·
525 4458 606 4519 melo,
624 4457 672 4525 qai
688 4454 767 4525 fidem
779 4455 848 4520 socii
856 4469 908 4523 pro
960 4454 1001 4507 cci
1013 4455 1113 4509 detrito
1126 4455 1162 4508 sit
1175 4454 1277 4522 requio,
1289 4459 1434 4525 postquam
1449 4460 1563 4512 metallis
1578 4460 1758 4530 imprimitur,

105 4537 250 4595 astronom
263 4525 405 4599 periculam
414 4528 531 4598 loqueos,
542 4542 648 4583 securata
656 4525 907 4593 edifficarent.
961 4540 1013 4578 uon
1027 4541 1166 4592 rtummus,
1182 4526 1229 4580 scd
1237 4527 1482 4596 parcebarocimcs
1495 4531 1633 4586 invonitur
1651 4533 1722 4597 (Lib.
1734 4544 1760 4586 ιι

144 4604 207 4656 ιΙιι
220 4599 272 4657 boc
281 4604 399 4666 loanoe,
415 4608 442 4654 ct
454 4602 529 4672 Lyco
541 4596 651 4670 oppido,
665 4610 712 4652 seu
724 4595 793 4665 vico,
803 4595 908 4652 dictum
960 4598 1041 4666 epist.
1058 4601 1068 4651 l
1084 4598 1121 4651 (ul
1131 4600 1208 4668 episc.
1225 4597 1330 4663 Cordi.
1346 4599 1387 4655 lta
1399 4600 1467 4724 igse.
1694 4640 1697 4647 -

107 4673 206 4730 estlib.
222 4688 252 4728 ιι
271 4672 359 4728 instit.
377 4685 436 4751 cap.
451 4677 495 4726 23.
997 4666 1155 4738 ‘Quartum
1179 4683 1278 4724 munus
1306 4683 1354 4723 sen
1379 4670 1409 4726 ol
1428 4671 1501 4726 cium
1532 4670 1597 4726 boni
1622 4671 1759 4738 trapezita

143 4733 157 4775 ‘¹
170 4744 293 4814 Plerique
303 4759 366 4798 curn
378 4741 510 4813 Dionysio
521 4740 630 4810 legunt:
644 4736 759 4817 l'eaaicns
771 4736 905 4793 ambolus.
961 4738 1018 4794 sive
1029 4738 1206 4795 nummularii
1216 4738 1243 4793 io
1252 4740 1433 4795 examinando
1444 4740 1563 4820 pondere
1574 4739 1759 4804 numismatis,

108 4816 163 4872 Sed
185 4823 278 4871 noster
301 4813 383 4870 ctiam
401 4810 576 4881 blanuscript.
603 4807 782 4890 Plantanranae
801 4807 909 4864 lectioni
922 4777 948 4841 D
961 4808 1063 4880 dequo
1084 4823 1164 4879 supra
1180 4827 1186 4862 :
1203 4809 1278 4888 quod
1296 4817 1324 4864 et
1344 4808 1371 4863 in
1389 4807 1500 4878 spiritali
1521 4806 1688 4888 discussione
1707 4808 1760 4864 ob-

107 4886 191 4951 laret,
206 4893 234 4941 et
253 4894 294 4941 est
315 4885 381 4941 satis
401 4883 532 4940 lamiliare
559 4880 685 4935 Patribus
704 4875 845 4934 diabolum
858 4882 909 4934 Za·
962 4878 1124 4936 servandum
1148 4891 1255 4949 egregie
1272 4877 1352 4933 docet
1365 4885 1427 4932 tum
1448 4876 1501 4932 boc
1523 4886 1625 4949 capite,
1640 4886 1699 4936 tum
1720 4895 1761 4937 se·

106 4956 164 5014 buli
181 4955 312 5013 vocabulo
324 4955 475 5028 designare.
492 4958 530 5010 Ι).
547 4951 698 5023 Cyprianus
712 4947 747 5004 ad
759 4950 909 5007 Demetria-
963 4949 1066 5021 quenti.

106 5043 173 5084 num
186 5045 194 5082 :
210 5029 282 5097 Quid
296 5031 324 5082 ira
337 5030 447 5082 ruinam
459 5024 565 5081 dioboli
574 5038 626 5093 por
640 5024 733 5094 ipsum
745 5025 770 5075 et
782 5035 840 5076 cum
853 5023 910 5092 ipso
998 5027 1012 5064 Β
1025 5017 1180 5091 scripulum
1192 5033 1224 5073 ex
1235 5018 1365 5075 Vaticano
1375 5017 1441 5092 legit
1450 5019 1603 5079 Ciaconius.
1618 5024 1668 5078 Est
1676 5023 1760 5092 enirn,

106 5101 202 5155 cerdis?
216 5100 261 5156 ubi
276 5099 319 5154 alii
333 5098 435 5180 legunt,
448 5103 516 5152 teste
529 5091 751 5159 Pometiotssua'cl
764 5093 911 5148 inrecisum
963 5089 1061 5162 inquit,
1079 5088 1225 5162 scripulum
1246 5105 1358 5162 parvum
1376 5089 1495 5163 pondus,
1510 5108 1608 5164 nempe
1633 5094 1761 5165 vigesima

106 5172 216 5235 Zabuii,
242 5179 308 5238 eto,
334 5169 558 5243 coruscationem
581 5165 653 5220 banc
676 5163 794 5235 assignat
808 5161 910 5220 ibidem
964 5170 1059 5234 quarta
1082 5176 1144 5233 pars
1167 5160 1262 5217 unciae.
1282 5161 1390 5219 Dicitur
1407 5162 1490 5220 etiam
1503 5164 1683 5236 scriptulum,
1704 5165 1760 5223 sive

107 5242 239 5311 blorelius
256 5261 261 5297 :
276 5242 414 5309 Varietas,
429 5237 529 5311 iuquit,
544 5235 607 5293 inde
621 5244 701 5302 orta,
722 5233 795 5305 quod
810 5233 912 5293 Dorica
964 5231 1126 5300 scribulum,
1141 5248 1157 5288 a
1171 5232 1254 5289 verbo
1268 5232 1356 5290 scribo
1371 5233 1471 5318 ubique
1484 5234 1604 5292 derivato
1619 5238 1760 5307 vocabulo,

107 5313 199 5386 lingua
214 5328 275 5385 quac
289 5313 392 5369 Latinae
403 5307 619 5384 quamproxima
629 5318 682 5376 est,
695 5309 726 5368 ζα
737 5304 849 5376 ponitur
861 5320 911 5377 pru
964 5307 1125 5363 Graecorum
1141 5303 1304 5374 inritatione,
1324 5305 1370 5377 qui
1389 5304 1545 5379 hujusmodi
1560 5308 1665 5378 pondus
1679 5312 1761 5382 γράμ-

108 5385 159 5450 δια,
175 5384 268 5458 lingua
293 5384 394 5453 Attica,
416 5391 446 5439 ut
471 5378 589 5453 exempli
610 5382 697 5451 gratia
711 5376 838 5434 sceatta
862 5390 912 5449 pro
966 5397 1010 5449 po,
1030 5378 1071 5435 uel
1086 5375 1216 5449 γραμμὴν,
1237 5374 1334 5444 idest,
1356 5375 1473 5434 litteram
1493 5389 1599 5443 vocant,
1619 5392 1761 5453 propterca

109 5454 250 5524 διαιάλλιι,
273 5458 376 5527 etiope<
392 5470 442 5527 pro
463 5454 586 5524 διάκορος.
612 5449 737 5519 Sicilie,
756 5447 913 5532 significans
965 5449 1039 5520 quod
1058 5458 1088 5506 ut
1109 5451 1198 5505 littera
1217 5448 1289 5521 apud
1312 5462 1358 5505 eos
1376 5448 1616 5522 vigesimaquarta
1640 5469 1702 5523 pars
1722 5461 1763 5509 est

110 5524 244 5583 Zabulum
259 5527 362 5584 dictum
378 5541 426 5598 pro
436 5525 560 5589 diabolo,
577 5525 679 5581 Dorica
699 5521 861 5577 imitatione.
874 5523 910 5576 D.
965 5519 1118 5591 alphabeti,
1143 5521 1181 5577 ita
1214 5534 1348 5600 gramma·
1363 5518 1419 5576 sive
1451 5522 1602 5592 scripulum
1635 5523 1762 5596 vigesima

109 5598 179 5653 item
192 5599 312 5656 Hilarius
322 5599 350 5654 in
360 5597 522 5654 ltlattbmum
536 5598 613 5666 (cop.
627 5598 675 5660 tv)
688 5613 694 5649 :
706 5595 859 5656 contusam,
870 5591 912 5648 in·
966 5599 1062 5664 quarta
1076 5606 1139 5662 pars
1154 5591 1243 5649 unciae
1262 5592 1310 5655 sit,
1322 5592 1367 5647 Sic
1384 5591 1438 5648 illc.
1454 5593 1559 5650 Dicitur
1573 5601 1666 5650 tamen
1678 5597 1763 5653 etiam

107 5668 186 5740 quit,
202 5671 230 5725 iu
246 5673 392 5728 tcrrtotiorac
403 5671 520 5741 primam
530 5684 632 5724 amttam
651 5666 747 5722 zabuli
757 5666 913 5734 iradicotpo·
966 5664 1110 5735 scrupulus
1123 5672 1151 5720 et
1170 5663 1327 5735 scrupulum
1340 5662 1436 5720 eadem
1453 5664 1651 5736 significatione
1668 5676 1696 5724 et
1708 5682 1764 5723 me·

107 5744 244 5798 testatem.
269 5746 305 5798 tt.
329 5741 494 5798 Ambrosius
514 5739 560 5796 lib.
576 5738 610 5795 de
627 5738 692 5796 Fide
708 5752 767 5809 cap.
786 5741 803 5792 8
818 5756 825 5792 ι
842 5733 914 5802 Quid
967 5733 1105 5817 taphoricc
1127 5750 1178 5817 pro
1200 5750 1266 5793 cura
1281 5742 1308 5793 et
1326 5734 1528 5793 sollicitudine:
1545 5753 1599 5811 quo
1617 5738 1700 5795 modo
1718 5736 1762 5791 bic

104 5817 217 5879 mirum,
235 5821 333 5887 inquit,
348 5828 373 5868 se
389 5813 473 5870 almus
486 5827 564 5869 suum
580 5813 703 5867 imitetur
714 5811 867 5871 auctorem,
882 5809 914 5862 ul
966 5814 1049 5863 cuam
1063 5821 1134 5863 sunu
1148 5813 1246 5878 potest.
