3848 6158
130 285 185 341 389
452 283 496 337 ott
513 281 750 339 COENOBlORUM
771 283 893 340 INSTlT.
913 284 976 343 tte.
998 287 1030 344 X.
1051 316 1087 329 -
1107 288 1151 345 DE
1170 289 1304 347 setultu
1325 293 1470 349 ACEDiAE.
1738 301 1792 358 390

679 446 809 504 strunt
826 447 943 517 ,cazat
961 449 1242 511 COMMENTARIUS.

133 585 207 643 inter
210 583 363 669 precipua,
373 597 405 641 ae
421 584 552 668 primaria
564 585 625 644 silae
639 588 799 646 monasticas
814 589 939 648 instituta
952 596 979 659 Α
990 593 1139 666 plurimum
1152 611 1186 651 ea
1206 597 1329 668 operibus
1347 615 1491 666 manuum,
1506 605 1532 657 et
1554 603 1680 673 epulatio
1697 607 1792 660 restri-

131 656 264 739 habuisse
278 653 435 739 rideantur:
446 664 482 713 tta
495 665 598 725 tamen,
612 666 642 714 ut
651 674 701 716 nec
711 659 817 718 divinas
834 660 940 730 laudes,
992 667 1091 732 etimne)
1105 686 1112 722 ι
1126 671 1204 723 tanta
1214 684 1277 723 cura
1286 671 1421 740 apartibus
1430 673 1613 738 distribuitur,
1625 679 1728 744 meanto
1739 692 1791 731 non

128 742 181 786 nec
207 727 260 784 alta
288 726 438 799 spiritualia
459 727 585 785 exercitia
605 731 855 803 praetermitterent.
879 735 939 807 Qua
991 736 1026 791 ab
1043 739 1109 808 ipsis
1120 740 1169 809 qui
1181 739 1349 797 distribuunt
1362 748 1547 813 comparatum
1561 749 1608 800 est.
1622 745 1701 803 Nullo
1713 747 1791 802 modo

131 798 168 859 ds
183 808 214 855 te
228 798 317 856 multa
329 806 437 882 exstant
449 799 497 856 SS.
514 801 627 856 Parrum
637 801 802 870 testimonia,
817 818 937 885 qnorum
991 822 1109 879 namque
1126 815 1264 879 satapuul,
1278 818 1309 867 ut
1320 813 1376 867 brec
1397 815 1450 869 sibi
1463 816 1600 871 abundent
1615 834 1624 870 .·
1642 818 1690 872 sed
1703 820 1790 872 omni·

131 868 267 953 annualia
286 867 321 927 ad
342 868 532 953 illustrandam
557 871 681 928 Cassiani
709 881 873 931 sententiam
894 874 939 933 hic
992 880 1068 934 mado
1080 885 1172 949 agunt,
1187 886 1219 936 ut
1232 898 1284 937 nan
1296 886 1372 953 apud
1384 899 1411 940 se
1426 890 1571 949 remaneat,
1585 888 1657 956 quad
1668 888 1792 943 aborida-

132 940 269 1005 sscnbere
282 955 340 997 non
362 950 413 1023 erut
427 940 559 1025 alterium,
574 957 662 1015 neque
674 943 784 1026 lectori,
803 951 835 1001 ut
847 960 936 1018 spero,
991 952 1075 1019 aerim·
1087 966 1170 1022 usque
1183 952 1249 1007 adeo
1261 957 1292 1008 ut
1312 960 1435 1010 maeatas
1455 959 1536 1011 enam
1548 973 1628 1012 noces
1649 960 1678 1012 in
1692 974 1722 1013 ea
1734 960 1791 1014 laea
1851 961 1857 970 ’

132 1010 326 1096 injucundum.
348 1012 372 1093 l}
392 1011 519 1084 sphamus
540 1011 737 1097 dementatus
760 1015 887 1074 omuibus
911 1017 938 1074 id
991 1021 1113 1085 mittant,
1129 1038 1189 1092 qna
1202 1025 1291 1094 inopes
1307 1026 1433 1081 incolunt.
1448 1029 1506 1082 Nan
1526 1044 1592 1098 opus
1605 1033 1645 1083 est
1660 1030 1744 1099 plura
1758 1030 1791 1087 de

131 1083 223 1169 ipsum
238 1027 428 1169 [ιοιιιιιιιιιξιιιι
448 1082 510 1140 haee
530 1084 622 1169 scribit
639 1085 798 1170 JLuborant
817 1091 938 1159 propriis
990 1106 1019 1145 re
1029 1094 1169 1147 notissima
1181 1093 1278 1149 dicere.
1288 1093 1334 1150 Sic
1347 1097 1374 1151 S.
1387 1097 1564 1169 Augustinus,
1579 1099 1625 1170 qui
1639 1108 1667 1154 et
1680 1100 1743 1156 alibi
1755 1099 1790 1158 de

131 1154 306 1211 maresbusad
314 1154 526 1227 empcrtsendum
538 1158 619 1211 etiam
633 1156 830 1227 radamantum
848 1174 938 1228 quem·
989 1158 1254 1219 haemonacbnrum
1266 1164 1390 1222 instituto
1402 1166 1438 1221 ita
1449 1167 1592 1223 meminit:
1607 1172 1689 1224 Deam
1699 1175 1790 1228 testem

131 1225 281 1282 admodum
304 1229 387 1282 ettam
409 1227 439 1280 in
467 1227 583 1295 sinpulis
611 1230 797 1292 monasteriis,
826 1234 883 1285 tum
908 1233 937 1286 in
989 1233 1079 1288 inraea
1092 1249 1172 1306 super
1180 1237 1299 1290 animam
1310 1251 1405 1301 meam,
1419 1239 1546 1307 quioniam
1557 1238 1664 1292 mallem
1674 1245 1792 1309 persin-

132 1299 249 1369 AEpppti
258 1300 372 1367 cepione,
385 1302 441 1352 tum
459 1299 489 1351 in
501 1298 564 1353 aliis
576 1299 698 1354 amnibus
715 1301 753 1355 sia
766 1299 889 1356 laborant
900 1302 937 1357 ad
990 1304 1066 1374 pulos
1083 1304 1140 1360 dies
1153 1308 1231 1361 entis
1252 1306 1342 1375 boris,
1366 1313 1496 1378 quantum
1515 1309 1545 1363 in
1570 1309 1633 1362 berre
1646 1310 1791 1367 mudnatis

126 1369 712 1440 justitiam,relutapes,inmanibusquidem
719 1371 936 1428 babenteseeram
989 1378 1158 1432 monasteriis
1169 1380 1343 1433 constitutum
1357 1385 1405 1447 est,
1416 1380 1525 1450 aliquid
1535 1380 1659 1435 monibus
1671 1384 1788 1450 operari,

131 1440 244 1511 opificii,
262 1441 290 1494 in
300 1454 416 1524 arerem
425 1443 514 1510 guttas
526 1439 611 1524 mellis
624 1456 683 1521 cum
697 1445 812 1512 propria
826 1443 937 1512 bpmni·
989 1448 1016 1502 et
1024 1451 1108 1502 certas
1117 1447 1197 1503 boras
1206 1448 1345 1505 baberead
1361 1451 1511 1520 leqendum,
1521 1455 1547 1505 ct
1554 1451 1699 1514 mandram,
1708 1468 1790 1521 quam

131 1511 196 1580 tera
209 1525 466 1566 eoseunnersarum
476 1514 862 1584 Damcemmjuatapraprium
877 1530 936 1570 sen·
990 1518 1245 1575 tumultuosissimas
1334 1521 1458 1577 lenitates
1478 1537 1618 1578 causatum
1637 1522 1790 1579 alienarum

131 1580 326 1637 sumbaudant.
339 1583 375 1636 D.
387 1581 502 1638 Basilius
514 1581 606 1639 insuis
616 1582 764 1639 constitut.
776 1586 936 1643 monasticis
984 1591 1058 1659 pati,
1073 1597 1126 1646 ete.
1145 1589 1230 1646 Multa
1251 1607 1265 1645 a
1279 1592 1303 1647 ia
1322 1593 1446 1664 exempla
1464 1599 1492 1649 et
1504 1592 1659 1648 testimonia
1672 1594 1790 1676 reperies

131 1665 192 1726 sap.
211 1659 266 1709 bet
282 1650 367 1709 bsuis
384 1650 528 1734 monacbis
542 1667 756 1726 opusmanuum
774 1655 846 1712 serio
861 1671 937 1712 eam·
988 1665 1049 1714 tum
1068 1659 1138 1743 apud
1158 1660 1327 1727 Palladium,
1345 1670 1405 1719 tum
1430 1662 1459 1717 in
1479 1664 1562 1719 Prata
1582 1663 1713 1735 spirituali
1734 1667 1788 1721 So·

130 1723 257 1792 mandat,
270 1722 403 1795 docetque
418 1738 447 1779 se
465 1722 510 1779 lus
530 1722 659 1796 operibus
677 1724 845 1783 monachum
860 1741 936 1785 exer-
988 1727 1106 1803 phronis.
1130 1731 1235 1801 Quibus
1263 1732 1394 1791 omnibus
1426 1731 1600 1790 manifestum
1626 1732 1790 1806 relinquitur

131 1806 194 1876 cere
207 1793 400 1877 debere‚·qua2
422 1795 523 1852 erdirn's
546 1797 633 1866 ipsius
654 1796 745 1852 decori
764 1800 932 1864 eunomiam,
987 1808 1092 1857 veteres
1105 1800 1166 1859 illos
1187 1802 1357 1872 monachos,
1373 1811 1433 1860 tum
1456 1804 1612 1877 AEgyptios‚
1640 1804 1790 1888 dequibus

132 1880 210 1936 cupas
224 1865 475 1938 modi,1nqurt,ea
492 1872 555 1922 sunt
576 1869 673 1930 amurca,
689 1884 706 1922 a
721 1869 817 1938 quibus
834 1885 934 1940 cnapa-
988 1869 1035 1928 bie
1056 1872 1219 1943 Cassianus,
1249 1882 1309 1930 tum
1332 1872 1522 1948 (tappadoees,
1547 1890 1595 1931 seu
1617 1875 1786 1944 Basilianos,

130 1939 218 1992 naria
231 1939 300 1991 artis
310 1940 497 2008 etimpasturae
507 1940 592 1993 ametis
603 1939 810 2010 aestismatio,
840 1957 934 2012 unque
986 1942 1126 1999 tumalios
1145 1943 1268 2000 laborem
1283 1960 1424 2013 manuum,
1440 1960 1487 2002 seu
1503 1961 1572 2027 opus
1589 1946 1714 2003 manuale
1730 1962 1789 2004 nort

131 2008 216 2063 nulla
227 2008 359 2078 lortpiores
370 2011 457 2063 animi
467 2009 665 2091 distractiones,
675 2015 723 2065 aut
735 1957 849 2080 imperii
860 1988 971 2083 quse·B
987 2012 1102 2070 omuino
1114 2012 1196 2070 libere
1212 2022 1240 2070 et
1259 2029 1308 2086 pra
1321 2015 1398 2072 libito
1417 2031 1585 2083 metensem
1606 2017 1656 2073 sed
1674 2025 1705 2073 ut
1720 2018 1788 2075 alias

130 2083 191 2135 stus
205 2084 366 2149 sequentium
378 2081 485 2150 sintque
497 2081 639 2151 epersmodi,
650 2084 680 2135 ut
688 2081 856 2138 manentibus
868 2086 934 2154 ipsis
986 2083 1145 2141 monuimus
1161 2086 1228 2152 (tib.
1249 2101 1281 2153 u,
1297 2101 1320 2140 c.
1335 2090 1360 2152 s)
1376 2086 1492 2157 propriis
1506 2085 1619 2159 Regalis
1633 2094 1660 2142 et
1675 2088 1788 2146 institu-

131 2150 403 2206 intramanasterium
412 2152 933 2224 perpepassmuneaperamtabortbus
987 2154 1024 2213 tis
1043 2156 1091 2213 SS.
1117 2156 1231 2212 Petrum
1252 2154 1286 2211 ad
1310 2154 1336 2212 id
1353 2153 1437 2212 fuisse
1458 2156 1582 2212 astrictos
1596 2164 1624 2212 et
1643 2155 1786 2228 obligatos,

132 2222 294 2285 contentius,
302 2223 479 2293 qaamparsit
488 2223 678 2286 consectandis,
689 2225 778 2278 animi
785 2225 813 2278 in
823 2226 933 2281 uirtutis
986 2232 1047 2282 tum
1059 2226 1095 2283 ab
1109 2227 1211 2283 uictum
1223 2233 1251 2283 et
1270 2240 1363 2282 rerum
1384 2226 1601 2282 necessariarum
1625 2227 1786 2296 penuriam,

134 2294 354 2348 commentatione
366 2308 467 2357 nanos,
484 2294 704 2364 industriamque
727 2295 856 2350 elidamns
875 2314 883 2350 ε
904 2299 933 2351 in
986 2302 1046 2352 urm
1066 2296 1100 2353 ad
1115 2297 1202 2353 otium
1222 2303 1248 2354 et
1265 2296 1364 2352 noxias
1384 2297 1562 2371 cogitatianes
1587 2294 1733 2365 vitandas,
1756 2304 1788 2353 ut

133 2376 189 2431 qua
203 2362 275 2416 illud
295 2358 498 2429 obseruandum,
524 2369 555 2419 ut
578 2369 604 2420 ct
623 2381 638 2420 a
658 2380 689 2419 us
711 2363 883 2434 absolvatur,·
907 2374 933 2423 et
986 2367 1022 2423 D.
1038 2367 1223 2441 Hieronymus
1236 2368 1373 2440 esposuit,
1389 2376 1448 2424 tum
1461 2367 1497 2424 ob
1511 2367 1577 2424 elias
1590 2366 1711 2424 rationes
1723 2366 1787 2425 alibi

130 2432 626 2503 aquietetamenrtonde'seedatnrlb'i
668 2437 787 2491 eumdem
796 2438 825 2491 in
837 2439 930 2507 Requi.
986 2452 1137 2511 expressas.
1156 2437 1234 2494 Unde
1250 2438 1352 2494 mimm
1372 2454 1430 2495 non
1455 2447 1497 2496 est
1518 2438 1678 2495 Cassianum
1698 2446 1789 2497 tanto-

130 2503 188 2571 sus.
206 2504 296 2574 dispe.
314 2520 336 2560 c.
352 2511 383 2560 tt
401 2510 427 2561 et
443 2509 489 2563 tu.
505 2507 574 2563 Vide
585 2508 666 2562 etiem
686 2507 820 2577 chrysost.
838 2509 930 2564 bamil.
985 2522 1050 2581 pere
1066 2525 1163 2583 urgere
1175 2524 1243 2581 opus
1256 2524 1405 2578 manuum,
1420 2516 1450 2565 ut
1473 2524 1532 2566 rem
1554 2510 1668 2566 omnino
1690 2525 1786 2569 neem·

130 2576 166 2630 tt
178 2579 205 2630 ct
217 2580 251 2630 te
266 2575 300 2630 de
317 2578 383 2633 Vita
392 2583 493 2647 mona.)
504 2577 581 2633 ldem
592 2578 735 2634 conlirmat
746 2580 782 2632 D.
796 2578 932 2652 Hierony·
985 2579 1085 2636 sariam
1098 2589 1127 2637 et
1143 2577 1318 2636 monachatui
1335 2580 1518 2647 essentialem,
1531 2595 1595 2636 cum
1607 2580 1641 2636 de
1656 2580 1707 2637 illis
1724 2588 1787 2655 agat

130 2658 193 2702 mus
211 2645 245 2703 de
261 2647 406 2704 monachis
428 2649 560 2722 AEgyptiis
581 2647 732 2719 generatim
753 2648 790 2703 ita
810 2649 932 2705 scribens
985 2650 1128 2707 monachis
1143 2650 1190 2722 qui
1215 2648 1265 2705 hac
1282 2649 1340 2723 lege
1354 2659 1382 2706 et
1402 2651 1560 2708 conditione
1579 2651 1605 2706 in
1620 2652 1787 2710 monasteria

129 2715 166 2773 sd
191 2717 338 2774 Rusticum
356 2719 523 2776 monachum
544 2722 648 2790 (Epist.
664 2724 695 2785 4)
721 2721 931 2790 :AEppptcbrnm
987 2728 1015 2776 et
1028 2720 1228 2778 monachorum
1240 2729 1343 2778 roetum
1353 2719 1577 2790 admittebantur,
1591 2731 1623 2777 ut
1637 2721 1710 2777 inter
1720 2722 1787 2780 alias

129 2788 932 2862 monasteriabanomaremteneut,utnullumabsqueaperis
984 2792 1148 2848 monastiea
1170 2790 1319 2864 disciplinae
1348 2791 1568 2858 exercitationes,
1593 2792 1676 2847 etiam
1711 2791 1787 2849 aeri

130 2858 220 2915 labare
229 2863 390 2931 srnmpmuts
401 2877 452 2917 non
460 2866 515 2918 tnm
523 2867 635 2933 propter
642 2864 727 2918 autres
738 2865 929 2927 neccessitatem,
986 2876 1117 2918 manuum
1130 2870 1265 2931 vacarent,
1279 2871 1308 2919 et
1319 2861 1423 2919 bonam
1439 2870 1542 2934 partem
1554 2864 1686 2944 temporis
1698 2808 1787 2920 etiem

131 2945 213 3001 quom
227 2935 341 3002 prepter
355 2935 454 2989 anima
470 2935 597 3001 salutem·
609 2949 642 2988 ne
653 2937 765 3004 cupetur
774 2935 931 3005 pernin'osis
984 2930 1182 3005 impenderent.
1199 2933 1300 3006 'Viguit
1312 2944 1405 2990 autem
1427 2933 1487 2990 haec
1509 2933 1643 2990 institutio
1664 2940 1691 2989 et
1715 2933 1786 2991 obli·

131 3003 331 3072 cognationibus
341 3020 422 3069 meres,
434 3011 485 3060 etc.
496 3007 531 3060 Et
542 3005 571 3061 in
580 3004 693 3077 epistola
703 3003 737 3060 ad
749 3004 930 3060 Eustochium
985 3003 1059 3078 gatio
1081 3004 1169 3061 mrtlto
1194 3012 1333 3077 tempore,
1349 3012 1376 3059 et
1403 3003 1430 3059 in
1450 3002 1586 3086 plerisque
1609 3002 1788 3075 religionibus

131 3074 231 3144 (Epist.
250 3078 310 3142 22),
321 3074 412 3132 ubide
430 3074 578 3132 eoenobitis
597 3090 747 3148 eorumque
765 3074 930 3147 quotidianis
985 3089 1033 3132 seu
1047 3074 1189 3132 ordinibus
1200 3074 1412 3143 monachorum,
1427 3082 1579 3157 praesertum
1589 3074 1784 3155 Orientalium,

130 3144 259 3201 oribus
278 3160 292 3199 a
313 3144 360 3201 ἰε
431 3147 504 3215 es,in
526 3147 583 3212 uit,
602 3147 658 3202 diei
676 3150 775 3205 statum
791 3151 844 3210 est,
859 3148 931 3217 qnod
985 3153 1016 3202 ut
1029 3145 1075 3202 hic
1092 3146 1182 3202 innuit
1196 3149 1311 3215 Auctor,
1326 3145 1457 3219 quamdiu
1480 3159 1613 3226 nrmrmm
1635 3153 1671 3200 tta
1694 3145 1786 3201 visum

150 3230 232 3299 ecana
242 3231 270 3270 re
308 3218 377 3272 itum
404 3221 478 3302 ertur
492 3163 529 3272 ait
543 3232 710 3301 economum,
727 3218 775 3287 qui
783 3221 809 3272 et
817 3219 931 3287 ipseper
985 3222 1026 3273 est
1044 3217 1169 3299 Patribus
1190 3217 1327 3343 expedire,
1341 3225 1400 3272 tum
1416 3215 1450 3273 ad
1472 3222 1573 3271 rictum
1588 3215 1783 3340 quaerlendum,

128 3287 371 3414 tibitibi.
384 3293 806 3431 uetustissimus
820 3292 932 3414 itti
984 3287 1095 3413 tud
1107 3287 1569 3439 destituentibus
1585 3285 1787 3428 stistte

129 3426 234 3485 badium
248 3430 378 3497 (bassim.
391 3435 435 3496 ³8)
462 3429 596 3487 rasseribit
609 3428 790 3515 angeluse'us
800 3373 928 3499 Χίοιιιιοι,
987 3427 1109 3497 brunda,
1133 3437 1160 3485 et
1184 3427 1219 3486 ad
1243 3428 1335 3485 munia
1361 3427 1539 3483 ecclesiastica
1571 3436 1784 3511 assumerentur.

131 3499 250 3567 fartibus
271 3502 355 3568 sortia
376 3447 502 3557 mareiam·
520 3518 618 3574 opera;
642 3444 776 3556 imbecilia
799 3504 889 3556 autern
907 3506 932 3557 et
987 3500 1124 3557 Caetemm
1151 3506 1267 3556 nonest
1291 3495 1503 3582 existimandum
1527 3513 1622 3555 omnes
1657 3508 1786 3571 antiquos

133 3570 251 3626 iniciis
265 3574 314 3642 qui
325 3587 353 3628 se
366 3576 451 3643 nuqis
465 3577 587 3640 enarrent
607 3572 720 3641 (seilicet
736 3571 763 3627 in
780 3571 932 3644 spirituali·
986 3571 1153 3641 monachos,
1177 3578 1224 3627 aut
1247 3570 1390 3645 religiosos
1412 3569 1538 3626 manibus
1559 3568 1712 3639 laborasse,
1733 3570 1786 3628 hos

131 3639 195 3713 bus)
209 3645 237 3697 et
250 3647 314 3698 sunt
326 3644 518 3701 imbecilliores.
533 3641 796 3702 IdemPalladiusde
807 3642 931 3700 aiiomo·
984 3650 1038 3711 est,
1057 3658 1140 3716 opera
1154 3641 1312 3698 mechanica
1333 3642 1500 3710 exercuisse,
1523 3649 1603 3713 atque
1628 3641 1660 3698 iis
1682 3643 1785 3699 vietum

132 3712 252 3769 nasterio
272 3713 385 3785 loquens
408 3717 496 3785 (Vide
515 3721 569 3773 art.
583 3721 617 3772 35
639 3720 664 3773 et
681 3719 733 3772 100
745 3715 863 3786 ejusdem
879 3717 931 3773 lte·
985 3714 1154 3796 quaeritasse.
1165 3715 1237 3769 Nam
1253 3728 1341 3785 neque
1353 3711 1433 3784 primi
1450 3711 1579 3767 monaehi
1591 3711 1642 3768 sub
1655 3713 1786 3785 apostolis

131 3784 236 3855 puta),
263 3784 290 3840 iu
312 3800 366 3857 qua
390 3795 468 3844 erant
485 3787 601 3844 trecenti
623 3785 768 3852 monachi,
782 3784 878 3841 scribit
890 3801 932 3842 eas
985 3798 1016 3841 ιιι
1036 3784 1223 3850 Hierusalem,
1237 3799 1326 3857 neque
1344 3782 1519 3839 Alexandrini
1542 3782 1581 3837 illi
1603 3797 1618 3837 a
1640 3784 1667 3837 S.
1690 3786 1784 3840 Marco

133 3857 282 3913 mermisse
300 3873 403 3913 amnem
421 3862 523 3926 arten,
547 3862 627 3927 atque
640 3857 705 3912 adea
718 3857 861 3926 aedificasse
874 3871 938 3912 mo-
984 3856 1149 3930 evangelista
1163 3854 1277 3911 instituti
1292 3854 1326 3911 de
1346 3869 1429 3927 opere
1446 3867 1580 3909 manuum
1598 3851 1685 3923 legem
1706 3867 1783 3931 aece-

133 3929 268 3994 nasteria3
283 3933 309 3983 et
322 3929 404 3984 alium
418 3930 527 3999 peridem
541 3928 674 3981 laborasse
685 3927 715 3978 tn
728 3939 795 3995 apro
806 3927 930 3992 calenda,
984 3923 1057 4009 pisse
1078 3927 1214 4007 leguntur,
1230 3934 1262 3982 ut
1282 3932 1356 3997 patet
1375 3926 1436 4007 Act.
1453 3938 1478 3980 ιι
1486 3932 1513 3980 et
1526 3937 1568 3988 tv,
1584 3929 1612 3977 et
1624 3937 1657 4002 ex
1672 3920 1786 4006 Philone

130 3997 216 4052 alium
231 4001 258 4052 in
272 3999 358 4062 meto,
373 4000 461 4053 alium
475 4000 505 4051 in
514 3998 642 4066 pistrino,
661 3995 746 4048 alium
759 3996 859 4050 tuere
873 3998 934 4065 am·
984 4012 1013 4052 ιιι
1029 3996 1098 4052 libro
1113 3996 1149 4054 de
1169 3999 1235 4052 Vita
1250 3995 1476 4067 contemplativa,
1497 4001 1525 4050 et
1540 3990 1660 4073 Eusebio
1671 3994 1745 4058 (inb.
1760 4008 1786 4050 ιι

132 4068 296 4131 cimelium
309 4072 337 4124 in
349 4067 519 4136 remeando,
529 4066 654 4120 aliumin
664 4063 818 4120 annuendis
828 4064 931 4130 calceas,
984 4067 1057 4123 utet.
1072 4083 1132 4138 cap.
1145 4071 1201 4133 bb).
1216 4066 1315 4123 Scribit
1338 4067 1422 4121 etiam
1434 4063 1468 4122 de
1485 4067 1651 4119 monasteno
1663 4064 1691 4118 S.
1712 4065 1786 4119 blar-

120 4138 219 4209 ,slium
233 4142 263 4195 iu
272 4140 384 4210 pulclne
396 4137 546 4206 scribendo,
568 4137 653 4191 alium
666 4139 802 4191 contenere
819 4150 932 4205 mapnas
984 4134 1035 4196 tini
1044 4135 1175 4209 Sulpitius
1188 4137 1217 4191 in
1230 4136 1290 4191 Vita
1301 4135 1423 4208 ejusdem
1437 4150 1497 4205 cap.
1510 4141 1526 4188 7
1538 4152 1544 4189 2
1558 4135 1640 4215 tiemo
1653 4134 1694 4187 ibi
1706 4135 1786 4204 quid·

194 4216 249 4273 tas,
270 4212 356 4264 alium
378 4211 526 4273 carentum,
553 4212 579 4264 et
600 4207 745 4279 sportulas.
761 4203 813 4263 Sed
829 4205 932 4263 mirum
985 4209 1216 4279 quamproprium
1223 4207 1338 4261 babebat
1349 4224 1356 4259 ι
1369 4207 1459 4260 omnin
1469 4207 1499 4259 in
1512 4204 1599 4258 medio
1613 4206 1783 4272 emelercban·

130 4224 214 4337 ‘iiie
235 4287 278 4334 est
295 4294 326 4334 ac
341 4295 408 4352 pene
422 4278 578 4337 incredibile
596 4277 670 4352 quad
684 4277 712 4334 in
732 4276 801 4334 Vitis
819 4278 932 4334 Petrum
985 4282 1033 4333 tur
1057 4295 1066 4332 .·
1085 4294 1136 4333 non
1149 4294 1242 4341 emere,
1256 4275 1441 4344 aestuantem,
1460 4280 1490 4331 nt
1500 4275 1636 4346 pleresque
1649 4278 1785 4333 monacbis

129 4295 163 4409 ie
189 4349 338 4421 Serapione
360 4350 472 4424 ejusque
496 4349 638 4408 monachis
660 4347 778 4406 refertur
791 4350 929 4420 (Lausiac.
984 4351 1066 4404 moris
1080 4353 1128 4413 est,
1143 4350 1291 4420 quidquam
1308 4349 1419 4415 licebats
1433 4362 1479 4403 ars
1499 4347 1554 4410 ibi,
1579 4350 1696 4418 arreptis
1713 4349 1784 4403 scri-

132 4424 189 4491 tb),
207 4422 363 4478 sozomeno
382 4422 500 4496 idipsum
516 4428 661 4479 attestante
677 4421 750 4492 (tib.
765 4435 799 4476 vs
813 4423 884 4477 llr'st.
900 4437 921 4478 c.
979 4421 1115 4492 ptaribus,
1126 4421 1374 4488 nullababeboturr
1387 4421 1432 4474 cni
1441 4424 1530 4475 tamen
1540 4420 1616 4489 aperi
1622 4420 1708 4474 minor
1717 4425 1784 4476 atas

132 4498 188 4561 28).
203 4492 245 4547 lbi
255 4493 326 4548 enim
339 4493 397 4550 lraee
409 4494 545 4551 habentur
559 4513 565 4548 :
577 4495 643 4552 Sera
667 4493 804 4549 ‘macena
812 4493 929 4548 millium
982 4491 1174 4562 deputabatur,
1195 4492 1310 4575 maiores
1324 4493 1440 4547 arationi
1456 4491 1600 4545 vacabunt.
1619 4490 1687 4547 Hae
1707 4491 1752 4548 ille
1773 4509 1781 4547 ι

131 4564 318 4620 macharum
327 4572 417 4635 pater,
435 4568 483 4637 qai
494 4581 582 4621 omnes
594 4580 629 4620 ea
656 4564 782 4619 abatibus
793 4566 927 4636 propriis,
982 4562 1029 4619 ubi
1048 4562 1122 4621 uides
1142 4562 1216 4621 solos
1230 4562 1356 4636 juniores
1373 4561 1511 4618 laborasse
1525 4560 1684 4627 scribenda,
1703 4561 1784 4634 idque

132 4650 197 4707 qrtos
208 4639 343 4706 praeipne
357 4639 449 4692 messis
470 4642 585 4707 tempore
600 4651 651 4706 pro
668 4635 783 4690 maceda
803 4651 931 4690 manum
984 4648 1040 4690 non
1054 4635 1088 4694 ad
1104 4636 1206 4692 victum
1230 4632 1409 4707 quarendum
1423 4636 1505 4700 (nam
1519 4630 1588 4687 nihil
1610 4631 1650 4687 eis
1666 4633 1783 4687 rendere

129 4706 931 4846 ,attenuarentur
944 4746 970 4810 υ
983 4699 1784 4845 bitterensis‘sinsummense

130 4849 186 4905 Hac
197 4794 607 4906 auen'morisquerotnoasotuior
619 4793 705 4919 mlieris?
716 4848 763 4903 sed
773 4849 930 4905 etomnibus
983 4846 1032 4905 illa
1053 4794 1196 4921 opusculi,
1211 4845 1285 4927 quod
1298 4845 1428 4927 aduersus
1444 4838 1577 4919 quasdam
1592 4838 1703 4907 ignavos
1719 4853 1783 4894 ma-

126 4934 196 4991 pene
211 4922 344 4991 AEppptiis
358 4923 552 4985 momordisset
570 4921 662 4976 messis
681 4923 797 4991 ternpore
814 4920 931 4975 mercede
982 4917 1086 4975 naahas
1103 4916 1274 4988 mnseripsrt,
1286 4930 1332 4986 qur
1350 4910 1485 4983 negabant
1504 4907 1631 4965 manibus
1644 4922 1704 4966 esse
1718 4925 1782 4984 ope·

131 4990 361 5062 cmdactisruqes
375 4994 546 5056 demeterent,
561 4995 686 5062 atqueea
704 4990 796 5046 eadem
813 4991 930 5046 mercede
981 4987 1112 5055 randum,
1130 4987 1421 5068 docetquatuoruesse
1442 4979 1642 5065 monachorum
1665 4996 1781 5108 genera,

130 5066 264 5132 adsueras
275 5066 457 5134 uniusquisque
475 5063 576 5118 madias
594 5062 797 5132 smmmtiplus
810 5062 932 5119 minnere
983 5057 1083 5143 entibus
1091 5058 1154 5132 jure
1165 5057 1327 5131 Euangelus
1338 5054 1484 5137 ltceatsme
1496 5068 1630 5137 manuum
1644 5054 1783 5137 lacubus

129 5133 931 5206 conquirat,etborumpartemplarirnampauperumnsibus
984 5139 1066 5187 ratam
1092 5130 1205 5200 ducere,
1223 5137 1250 5185 et
1272 5127 1389 5185 aliorum
1410 5124 1538 5208 substdus
1558 5131 1586 5206 et
1599 5123 1783 5207 oblationibus

130 5204 256 5276 efferaret.
279 5207 354 5262 Unde
369 5222 422 5261 esau
442 5206 528 5261 solnm
548 5220 664 5275 repmnis
682 5219 768 5275 apsens
782 5203 931 5274 indipmtes
984 5202 1024 5261 uti
1040 5221 1047 5257 ι
1063 5218 1095 5260 na
1108 5200 1197 5275 primo
1209 5200 1270 5257 loca
1284 5197 1429 5272 poniteas,
1439 5213 1485 5270 qm
1497 5195 1681 5277 praedications
1694 5197 1783 5254 Eran-

128 5277 250 5343 alantur,
265 5277 312 5332 sed
322 5283 347 5333 et
361 5278 562 5334 dleanndriane
580 5292 660 5333 rueres
677 5279 814 5345 frumenta
829 5280 931 5331 onusta
1002 5273 1078 5333 etism
1090 5272 1221 5332 doctrinae
1233 5268 1403 5338 incumbunt,
1417 5277 1464 5355 aaut
1476 5266 1590 5353 uerbum
1608 5269 1658 5322 Det
1670 5265 1779 5329 docent.

129 5346 299 5417 dirigantur,
311 5350 352 5404 ael
359 5351 388 5404 in
400 5364 528 5405 carcerem
538 5349 675 5414 conclusus,
685 5347 727 5403 nel
739 5348 850 5418 reliquis
856 5362 933 5418 pere-
984 5290 1035 5404 ists
1041 5349 1120 5412 enim,
1130 5353 1198 5404 teste
1207 5342 1352 5418 Apameia,
1362 5341 1501 5397 ordinarat
1511 5343 1639 5397 Dominus
1648 5339 1681 5394 de
1692 5343 1780 5397 Euan-

128 5421 227 5488 mian,
242 5425 325 5490 atque
347 5420 482 5491 egentibus
495 5420 634 5490 eroganda
642 5439 652 5487 ,·
674 5420 838 5491 nequeenim
857 5421 932 5475 intra
984 5420 1053 5490 acteo
1066 5422 1153 5475 viuere
1173 5420 1199 5486 (1
1212 5417 1269 5474 Car.
1294 5416 1355 5481 ιιι),
1369 5411 1422 5469 hoc
1436 5420 1493 5478 est,
1512 5411 1613 5468 vietum
1639 5427 1655 5467 a
1681 5414 1781 5538 populo

129 5491 931 5563 AEqpptumsuspeiuntpauperes,quipassintmisericordia
984 5497 1085 5562 petere.
1109 5491 1140 5546 ln
1166 5486 1286 5545 secunda
1316 5483 1412 5542 ordine
1438 5482 1606 5565 statuitneos
1632 5483 1678 5554 qui
1702 5485 1781 5567 atari

130 5574 223 5615 aarum
239 5567 264 5617 et
278 5564 414 5634 largitatis
426 5565 531 5632 puetrn
549 5563 697 5619 absumere.
710 5563 778 5620 Haec
794 5562 848 5631 ibi,
869 5578 931 5635 quae
983 5561 1119 5628 seruiunt,
1134 5560 1162 5618 id
1186 5568 1241 5627 est,
1258 5561 1427 5615 sacramenta
1447 5553 1651 5635 administrant.
1669 5552 1717 5635 vet
1730 5555 1782 5639 alta

151 5630 245 5687 uidem
260 5633 336 5701 plane
353 5634 548 5692 consonantiis
561 5649 622 5708 quae
643 5633 858 5691 hicaCassiano
871 5642 930 5691 tra·
985 5631 1164 5691 eeclesiastiea
1189 5629 1340 5687 ministeria
1365 5633 1508 5709 enereenii
1533 5639 1598 5707 9⁰¹³
1630 5622 1665 5679 <¹⁰
1691 5621 1732 5681 ¹¹¹8
1753 5642 1783 5683 ¹1¹

127 5645 244 5759 duntur.
257 5704 363 5775 Quibus
372 5707 455 5762 etiam
467 5703 632 5779 subtragator
643 5708 679 5762 D.
699 5705 867 5778 Augustinus
885 5706 931 5776 qui
984 5702 1080 5761 eadem
1104 5701 1139 5761 ad
1163 5699 1321 5760 Corinthios
1337 5695 1633 5785 'Epistola-scripserat
1649 5694 1748 5752 Paulus
1775 5715 1783 5750 ·.

128 5772 201 5831 inter
216 5774 268 5832 alia
294 5777 495 5834 coenobitarum
515 5776 642 5835 lustituta
656 5775 717 5835 haec
730 5775 824 5834 scribit
841 5777 931 5835 :Sane
983 5777 1099 5835 Nescitis
1120 5777 1249 5847 puniam
1265 5775 1314 5847 qui
1331 5783 1499 5827 insumamus
1513 5764 1806 5849 superassumpsit

125 5846 267 5919 quidquid
287 5851 432 5906 necessario
444 5851 529 5905 uiden
549 5849 684 5906 redundat
702 5851 712 5916 l
719 5862 785 5905 nam
797 5848 931 5906 redundat
985 5849 1110 5907 merome
1123 5851 1200 5917 nant,
1219 5848 1320 5914 edunt,
1340 5849 1367 5904 et
1380 5844 1432 5916 (pti
1443 5840 1549 5897 ultuma
1560 5834 1742 5889 temnunt,
1758 5840 1827 5878 sum
