3848 6158
133 220 189 278 329
469 221 514 276 DE
533 219 774 281 COENOBIORUM
794 223 922 281 ansata.
942 225 1008 283 tta.
1029 227 1099 285 Vlll.
1118 257 1154 272 -
1173 231 1217 287 DE
1236 231 1370 291 SPlHlTU
1390 236 1470 294 lllAE.
1748 245 1801 304 330

132 356 227 399 manae
242 339 473 414 perturbationis,
489 343 539 401 sed
553 345 635 418 digne
649 350 724 419 Deo,
746 350 793 422 qui
809 348 844 406 ab
859 352 937 407 omni
954 355 979 418 Α
994 352 1086 410 otendi
1101 363 1182 424 sunt,
1197 356 1278 415 furor
1291 360 1379 432 graiis
1391 369 1419 418 et
1432 361 1472 417 ira
1489 363 1637 421 saeiiissima
1646 366 1797 438 judicatur.

133 437 341 511 perturbatione
363 438 470 496 alienus
495 448 553 509 est,
576 443 679 499 sentire
706 442 853 515 debemus,
883 447 939 504 soi-
997 447 1124 520 Longum
1146 457 1205 519 est,
1228 465 1281 506 nec
1304 455 1444 523 praesentis
1464 454 1569 526 operis,
1584 450 1606 512 si
1626 457 1798 520 voluerimus

131 530 267 611 licetque
282 546 331 604 per
345 531 406 588 baec
424 548 488 589 eum
499 534 621 606 jndicem
633 543 663 592 et
678 537 798 595 ultorem
810 540 938 599 omnium
995 541 1165 612 omniaque
1180 542 1213 600 de
1227 546 1286 600 Deo
1301 543 1421 603 bumana
1435 547 1634 621 significatione
1647 549 1799 624 figuraliter

130 640 194 701 quae
207 624 303 698 inique
317 634 449 698 geruntur
462 627 491 683 in
506 626 559 684 lioc
572 629 677 689 mundo
692 633 828 705 possimus
839 634 939 694 adrer—
994 635 1021 692 in
1039 637 1187 710 scripturis
1197 637 1265 695 dieta
1279 649 1355 708 sunt,
1371 641 1524 714 explanare.
1542 645 1610 702 Haeo
1625 644 1660 703 ad
1677 660 1796 720 praeseu·

129 727 206 790 tere,
223 726 252 777 et
267 719 466 778 retributorem
481 721 634 781 terribilem
647 734 760 784 actuum
777 737 938 788 nostrorum
992 738 1050 787 tem
1069 730 1344 805 necessitatemque}
1364 743 1460 792 contra
1478 735 1579 795 furoris
1595 739 1691 798 vitium
1709 741 1796 813 perti·

129 812 175 870 bis
188 812 338 870 uerborum
351 813 604 887 significationibus
623 816 819 889 formidantes,
840 831 936 881 contra
990 825 1102 895 nebant,
1121 825 1224 884 dixisse
1250 827 1382 899 sufficiat,
1399 838 1429 887 ut
1449 831 1541 889 nullus
1563 833 1661 892 exinde
1682 833 1792 894 sibimet

129 905 204 965 illius
211 907 380 966 voluntatem
386 909 536 968 timeamus
546 911 860 986 quidquamadmitterc.
869 918 935 977 illos
991 921 1163 979 occasionem
1177 921 1267 979 morbi
1282 926 1435 998 mortisque
1449 935 1587 999 perpetuae
1601 944 1649 1001 per
1664 928 1790 1003 ignoran-

128 999 335 1062 eteuimtimere
341 1003 933 1084 consuevithumananatura,quosindignari
989 1013 1056 1071 dam
1071 1014 1163 1072 trabat
1179 1014 1251 1072 unde
1266 1017 1395 1074 sanctitas
1414 1026 1441 1073 et
1457 1018 1648 1079 immortalitas
1667 1022 1730 1082 ritae
1744 1038 1789 1081 sa·

126 1095 205 1153 norit
218 1103 245 1153 et
259 1103 367 1153 veretur
381 1095 538 1169 offendere3
554 1107 584 1155 ut
598 1101 627 1155 in
645 1103 786 1160 nonnullis
803 1106 933 1177 aequissi-
988 1107 1105 1182 latisque
1118 1107 1240 1165 remedia
1256 1109 1467 1181 conquiruntur.

126 1188 330 1265 misjudicibus
341 1189 411 1247 solet
426 1190 459 1247 ab
472 1190 514 1248 his
533 1192 579 1264 qni
594 1192 687 1266 aliquo
700 1205 779 1254 reatu
793 1213 852 1255 suae
866 1198 955 1256 con-⁶
1299 1204 1420 1260 CAPUT
1440 1206 1474 1259 V.

125 1285 250 1343 scientim
263 1285 466 1355 remordentur,
480 1285 521 1343 ira
535 1286 619 1343 ultrix
634 1288 724 1346 timeri
738 1307 745 1345 :
760 1307 816 1349 non
828 1293 931 1351 scilicet
1056 1294 1140 1365 Cujus
1147 1296 1318 1367 placiditatis
1330 1297 1489 1351 manualium
1503 1294 1715 1366 esse1coareniat.

126 1379 202 1453 quod
215 1379 276 1437 liaec
290 1381 319 1436 in
333 1381 434 1437 animis
447 1395 544 1437 eorum
558 1383 606 1455 qui
618 1382 692 1455 juste
701 1385 853 1458 iudicaturi
865 1397 931 1445 sunt
1020 1393 1115 1463 ltaque
1125 1390 1279 1448 monachus
1288 1389 1322 1448 ad
1335 1391 1526 1464 perfectionem
1539 1390 1665 1460 tendens,
1678 1400 1707 1447 et
1717 1407 1788 1466 ago-

127 1472 297 1546 perturbatio
317 1475 467 1545 consistat,
478 1473 527 1532 sed
546 1475 621 1551 quod
635 1477 673 1534 ita
683 1480 871 1538 metuentibus
884 1480 930 1540 ille
983 1499 1047 1541 nem
1064 1484 1214 1557 spiritalem
1229 1484 1349 1559 legitime
1363 1486 1475 1558 cupiens
1486 1484 1643 1549 decertare,
1659 1483 1693 1541 ab
1709 1485 1788 1542 omui

126 1567 262 1624 sentiatur
275 1565 391 1625 moetus
407 1569 453 1641 qui
468 1583 517 1641 pro
533 1569 707 1629 exsecutione
722 1571 814 1646 legum
826 1583 854 1631 et
868 1589 930 1632 era·
984 1575 1034 1634 irio
1047 1575 1202 1651 furorisque
1219 1577 1282 1634 vitio
1307 1577 1413 1636 alienus
1430 1578 1545 1648 existat,
1565 1585 1593 1634 et
1610 1576 1706 1636 audiat
1720 1577 1789 1650 quid

125 1659 280 1718 minatione
293 1660 408 1733 justitiae
422 1670 450 1718 et
468 1662 686 1735 mquilibratione
705 1667 840 1739 procedit.
859 1669 929 1742 Quae
982 1671 1034 1728 sibi
1049 1674 1104 1728 Vas
1124 1671 1264 1729 electionis
1277 1673 1415 1746 praecipiat
1430 1690 1436 1728 :
1451 1676 1463 1705 ³
1477 1672 1588 1741 Omnis,
1609 1671 1716 1745 inquit,
1731 1673 1789 1741 ira,
1852 1672 1859 1689 ¹

124 1759 220 1811 tamen
238 1754 409 1828 quantalibet
423 1755 509 1812 animi
521 1754 604 1814 fuerit
616 1758 827 1817 mansuetudine
840 1776 872 1818 ac
885 1762 927 1819 le-
943 1783 967 1846 B
983 1773 1013 1822 et
1029 1765 1199 1838 indignatio,
1218 1773 1247 1821 et
1268 1765 1383 1835 clamor,
1407 1775 1434 1822 et
1454 1764 1626 1838 blasphemia
1642 1764 1787 1823 tollatura

124 1847 211 1906 nitate
224 1849 328 1922 prolata
337 1890 348 1921 ,
366 1849 402 1907 ab
420 1849 464 1908 liis
479 1851 524 1923 qui
536 1867 587 1924 pro
600 1867 650 1910 suo
663 1855 765 1911 merito
774 1871 853 1927 poena
868 1857 928 1929 ple·
982 1857 1060 1915 vobis
1077 1873 1141 1913 cum
1164 1859 1241 1915 omni
1267 1858 1369 1915 malitia
1392 1861 1507 1930 (Epioe.
1524 1851 1604 1929 xv).b
1622 1858 1693 1915 Cum
1706 1857 1785 1927 dicit,

678 1954 805 2011 anxani
823 1957 934 2013 cazat
951 1942 1236 2013 touuearaaius.

124 2037 266 2093 moderata
276 2043 302 2094 ct
312 2039 441 2094 ordinata
451 2042 515 2095 mint
524 2043 632 2109 omnia;
643 2046 669 2097 et
675 2059 767 2113 pana,
780 2061 835 2114 qua
842 2060 931 2115 pecca
983 2050 1061 2101 ratus
1068 2087 1077 2115 ,
1085 2061 1186 2102 necesse
1196 2049 1235 2100 est
1243 2050 1275 2099 ut
1284 2047 1412 2115 prosiliat
1422 2047 1451 2099 iii
1462 2045 1612 2109 clamoren,
1626 2048 1661 2107 et,
1676 2046 1785 2102 turbide

123 2112 195 2163 tores
207 2112 388 2179 corripiatur,
405 2111 503 2167 nastris
514 2113 620 2167 naumis
629 2115 784 2184 appellatur
793 2132 856 2172 :nos
868 2133 930 2173 cero
982 2119 1112 2187 fremens,
1123 2119 1174 2172 aaa
1184 2121 1266 2187 atquc
1278 2117 1344 2170 illuc
1359 2118 1388 2170 iri
1401 2116 1509 2170 modam
1522 2117 1587 2183 [olii
1604 2117 1748 2172 ventiletur
1758 2120 1786 2173 et

125 2181 153 2234 si
158 2181 320 2243 irascamur,
325 2182 526 2252 perturbamur,
537 2186 572 2247 et,
583 2184 678 2251 furore
685 2188 769 2257 capti,
779 2189 866 2242 nostri
874 2203 930 2245 esse
983 2189 1080 2243 dicut:
1103 2189 1125 2245 0
1144 2204 1232 2243 raum
1251 2188 1401 2256 irii'ipuiias!
1414 2202 1429 2240 a
1444 2186 1546 2254 injusta
1556 2187 1665 2255 judicia
1679 2190 1745 2242 Dei!
1758 2190 1785 2243 cf

127 2249 290 2306 desinimus.
982 2265 1087 2322 catera,
1101 2275 1162 2329 pum
1170 2259 1255 2313 solent
1266 2258 1342 2327 loqui
1346 2259 1395 2326 qai
1398 2272 1448 2327 per
1455 2256 1653 2326 indignationis
1660 2258 1784 2323 furorem

165 2323 178 2353 ⁸
191 2320 280 2393 Hujus
293 2322 448 2391 sententia,
465 2323 582 2381 nivaria
598 2324 693 2390 lectio.
708 2327 746 2384 ita
758 2328 832 2384 varia
847 2344 929 2402 erpo-
981 2333 1077 2385 mmtis
1089 2329 1226 2401 judiciam
1243 2328 1430 2410 perdiderunt.
1446 2328 1514 2383 Haec
1526 2334 1554 2382 et
1568 2326 1618 2383 iilia
1632 2330 1668 2382 D.
1683 2327 1783 2384 Hiero-

125 2389 202 2447 sitio.
219 2391 310 2450 Graeci
321 2392 557 2461 codiees‚inrerso
572 2396 678 2460 ordine,
688 2397 793 2454 iramet
803 2399 928 2472 indigna·
981 2416 1089 2472 aymus.
1105 2401 1192 2456 Porro
1210 2414 1273 2471 quia
1293 2399 1406 2471 longum
1421 2405 1480 2453 erat
1493 2396 1586 2453 oninia
1603 2411 1781 2468 enumerare,

121 2460 229 2517 tionem
248 2471 355 2535 ponunt
376 2482 382 2518 :
402 2474 465 2519 nam
499 2465 565 2522 riori
580 2467 640 2523 loco
660 2468 756 2525 Graece
777 2478 818 2526 est
838 2490 844 2525 :
861 2473 928 2525 πᾶσα
980 2471 1079 2543 adjecit
1098 2471 1248 2544 Apostolus
1269 2486 1275 2520 :
1295 2471 1361 2528 Cum
1374 2472 1447 2525 omni
1462 2470 1586 2532 malitia,
1601 2476 1700 2524 catera
1715 2468 1782 2526 iiiia

122 2532 223 2603 mepta,
246 2533 289 2585 tel
311 2533 401 2605 topic,
417 2536 459 2587 xiil
479 2481 543 2608 {ppt
559 2539 641 2605 (Vide
655 2542 740 2596 Basti
754 2541 787 2595 de
802 2543 924 2600 amatia
979 2540 1033 2599 lioc
1046 2542 1159 2598 nomine
1171 2540 1365 2614 complectens.
1379 2541 1410 2595 D.
1424 2547 1519 2596 tamen
1533 2539 1588 2620 lire
1608 2538 1682 2596 orius
1696 2539 1781 2596 mali·

120 2619 193 2658 mon.
209 2621 232 2660 a.
246 2608 303 2671 78).
316 2611 353 2661 At
366 2610 400 2661 D.
414 2604 605 2690 Hieronymus
618 2608 683 2683 legit
697 2631 702 2664 :
717 2613 808 2668 timuis
822 2616 925 2668 amum·
979 2612 1047 2669 tiam
1065 2612 1224 2669 interiorem
1235 2627 1284 2667 seu
1300 2627 1412 2682 pravam
1427 2609 1544 2666 nocendi
1558 2555 1726 2666 voluntatem
1736 2610 1780 2667 in·

122 2675 199 2738 tudo,
209 2677 290 2743 furor
301 2680 326 2731 et
338 2678 397 2741 ira;
410 2684 438 2733 et
452 2677 511 2736 hauc
526 2687 563 2734 ita
575 2676 719 2752 distinguit
733 2701 742 2736 .·
760 2684 924 2739 Amplitudo
977 2683 1087 2754 telligit,
1107 2691 1135 2740 et
1149 2681 1183 2738 ab
1200 2682 1381 2738 exterioribus
1396 2681 1469 2736 vitiis
1484 2682 1561 2752 prius
1574 2681 1724 2737 nominatis
1738 2681 1780 2738 di-

122 2745 406 2803 dulcedinicoatraria
414 2751 544 2815 astraride
553 2754 644 2806 amari
653 2753 922 2824 eulpoappeifoatur.
977 2754 1103 2826 stinguit,
1124 2754 1162 2809 ita
1183 2752 1307 2809 scribens
1331 2753 1483 2820 (Pastoral.
1503 2768 1564 2822 par.
1582 2765 1633 2819 ιιι,
1654 2768 1675 2806 c.
1695 2754 1747 2820 lit)
1769 2769 1777 2808 :

120 2818 472 2892 Furmeeroincipiensira
484 2824 866 2889 cst,etfei·reseensi'iianiino,
878 2828 923 2881 in·
979 2827 1072 2881 Ductor
1092 2827 1214 2895 egregius
1235 2840 1294 2880 aim
1313 2825 1476 2894 patientiam
1490 2823 1632 2892 discipulis
1653 2823 1782 2879 suaduet

119 2887 254 2958 mercatio.
265 2891 310 2945 fra
320 2896 424 2954 atatem,
437 2891 513 2962 maiis
526 2894 682 2949 amaritudo
696 2898 722 2949 ef
734 2897 925 2967 surorspecies
978 2895 1067 2951 dicem
1089 2913 1095 2950 :
1115 2897 1205 2952 oram
1223 2895 1391 2962 amaritudo,
1407 2899 1432 2948 et
1450 2896 1509 2956 i'ra,
1525 2898 1550 2948 et
1572 2894 1734 2962 indignatio,
1751 2899 1777 2949 et

118 2963 197 3024 sunt,
215 2975 276 3030 quie
289 2962 382 3028 furore
396 2965 520 3018 restincto
532 2964 667 3020 desiderat
675 2967 813 3030 ultionem,
826 2971 851 3021 ct
864 2983 925 3023 etim
977 2967 1087 3029 clamor,
1099 2971 1124 3021 at
1135 2967 1299 3036 blasphemia
1307 2966 1453 3032 auferatur
1462 2981 1478 3018 a
1488 2965 1576 3029 cotim
1589 2967 1669 3034 quasi
1679 2967 1780 3020 cunctis

209 3034 326 3087 nemisse
333 3038 424 3104 putat,
435 3035 494 3089 aiilt
508 3034 612 3089 ludere.
629 3038 670 3092 lta
682 3039 714 3091 D.
727 3037 920 3110 Hieronymus.
977 3038 1154 3093 artemonibus
1160 3037 1219 3106 jam
1230 3037 1462 3106 benecompositis,
1473 3035 1645 3089 adiutorium
1653 3038 1779 3090 connati

148 3114 228 3158 erum
237 3110 268 3157 ut
282 3104 399 3176 vulgatae
408 3103 519 3160 lectioni
530 3120 595 3161 cum
604 3106 736 3162 Cassiano
750 3107 921 3179 insistamus,
976 3112 1033 3172 tur,
1042 3109 1107 3163 dam
1118 3108 1258 3177 subjungit
1270 3108 1351 3163 :Cum
1361 3106 1639 3172 omnimalitia.0uia
1648 3107 1778 3161 nimirum

117 3180 150 3228 et
165 3172 287 3246 singulas
300 3182 390 3245 partes
411 3173 492 3248 hujus
512 3176 654 3233 sententiar
669 3177 790 3233 nonniliil
804 3178 921 3237 elucida·
974 3175 1778 3258 [mestraindi'paatioalamaretbiiisplierniaateateir'ori'dus

118 3258 198 3311 mus,
211 3250 315 3300 certum
324 3253 366 3301 est
378 3244 419 3301 liis
430 3244 520 3302 verbis
528 3246 651 3303 diversos
663 3247 762 3318 gradus
771 3255 798 3303 et
806 3247 922 3307 affectus
976 3251 1123 3312 falarensi
1132 3250 1467 3313 ininteiioribuseitianun
1478 3246 1680 3300 miiiermolitio
1688 3246 1777 3301 dorni-

121 3313 175 3371 irae
198 3314 340 3388 designari.
367 3315 531 3372 amaritudo
554 3317 639 3384 enim,
654 3334 702 3374 seu
723 3319 958 3413 amarulentia,c
975 3324 1068 3375 natur.
1079 3317 1777 3387 Etiireassamfarasaepui'tiaoaramisinciditur,si

118 3384 217 3442 Graece
231 3387 320 3469 asapia,
341 3388 453 3458 proprie
472 3387 571 3444 dicitur
590 3388 704 3445 tristitia
721 3389 814 3448 mimo
834 3389 923 3448 iubae-
976 3390 1409 3469 sribripturamultiplicr'iisiutas
1419 3388 1689 3469 inradicasauatiir.
1700 3387 1777 3444 Usus

117 3472 205 3524 rens,
221 3465 248 3513 et
268 3458 351 3513 infixa
372 3473 408 3514 ex
428 3458 558 3515 continua
573 3467 601 3516 et
618 3458 746 3516 diuturna
760 3459 826 3516 mali
841 3461 920 3532 illati,
976 3469 1070 3517 autem
1091 3468 1134 3516 est
1155 3460 1303 3532 Apostolus
1321 3459 1374 3514 alia
1387 3458 1469 3514 simili
1486 3464 1618 3513 sententia
1632 3457 1667 3512 ad
1681 3457 1777 3515 Colos-

116 3542 167 3584 seu
192 3527 302 3602 injuriae
319 3537 437 3601 acceptis
459 3529 662 3599 recordatione,
683 3546 767 3604 aqua
790 3530 922 3590 dicuutur
975 3547 1067 3588 senses
1079 3547 1122 3598 iri,
1138 3547 1191 3603 qua
1209 3529 1305 3587 eadem
1323 3529 1379 3586 fere
1390 3528 1482 3586 omnia
1500 3536 1528 3584 et
1538 3526 1641 3610 singula
1661 3527 1725 3610 vitia
1739 3527 1776 3586 ad

118 3599 207 3655 amari
233 3600 279 3671 qui
307 3609 469 3672 conceptam
492 3617 525 3657 ex
551 3600 704 3659 offensione
727 3602 867 3659 tristitiam
893 3612 920 3661 et
975 3602 1046 3659 iram
1067 3602 1243 3674 pertinentia,
1260 3601 1307 3659 sed
1322 3601 1376 3657 alio
1387 3600 1499 3667 ordine,
1516 3606 1645 3671 expressit
1657 3598 1699 3655 bis
1711 3614 1775 3657 rer·

118 3680 320 3742 consequenter
334 3672 404 3727 iram
420 3671 467 3728 diu
482 3673 614 3743 retinent,
629 3690 691 3746 quae
706 3673 824 3731 tristitiae
842 3689 919 3748 quae·
974 3672 1032 3731 bis:
1043 3678 1215 3732 Nuneoutem
1308 3673 1630 3735 itaetuasomni'a,iram‚
1642 3670 1775 3740 indigua·

117 3738 156 3796 rit
169 3740 333 3799 medicinam
359 3744 400 3813 (S.
418 3745 508 3801 Tliom.
529 3747 557 3799 in
576 3746 643 3801 bunc
658 3747 742 3801 focum
763 3751 788 3802 et
807 3750 869 3812 2-2,
910 3791 918 3805 .
974 3745 1773 3823 tibaem,matitiam,baspiciaiam,tiirpemsemioncm,etc.

100 3812 183 3880 tit,
202 3818 257 3868 ort.
274 3819 312 3884 5).
327 3813 410 3870 Unde
425 3815 608 3871 Ecclesiastioi
627 3816 860 3889 vigesimaprima
908 3848 919 3862 ·
1008 3810 1144 3874 ¹’Videtur
1162 3816 1308 3873 Cassianus
1325 3815 1369 3871 his
1390 3814 1478 3870 verbis
1493 3828 1606 3871 omnem
1620 3827 1691 3866 iram
1707 3811 1775 3894 vello

116 3881 211 3939 citur:
230 3887 288 3942 Non
307 3889 346 3940 est
359 3901 467 3948 sarisas,
482 3887 532 3940 abi
548 3890 587 3940 est
600 3888 764 3941 amaritudo.
782 3890 816 3942 Et
828 3888 919 3960 glossa
973 3887 1126 3954 excludere,
1150 3896 1177 3943 et
1200 3887 1227 3943 in
1250 3887 1317 3942 vitio
1340 3899 1442 3958 ponere
1463 3901 1470 3938 ε
1494 3883 1568 3955 quod
1584 3897 1621 3964 ,ex
1639 3889 1774 3962 sententia

116 3953 147 4008 in
162 3970 223 4025 cap.
237 3971 255 4010 u
267 3955 402 4023 blatthaei,
414 3956 553 4026 explicans
567 3953 633 4009 illud
646 3975 653 4009 ε
664 3959 837 4019 beatimites,
852 3966 918 4029 eta,
972 3957 1054 4015 etiam
1079 3958 1202 4029 Apostoli
1223 3957 1307 4014 modo
1329 3956 1473 4028 explicata,
1497 3962 1525 4010 et
1545 3953 1606 4008 aliis
1625 3953 1775 4033 Scriptura

116 4024 158 4081 ait
171 4042 178 4080 :
192 4028 369 4082 Haasiietudo
382 4031 421 4080 est
431 4024 542 4079 dulcedo
553 4025 648 4086 animi,
666 4039 749 4094 quam
766 4040 820 4080 non
836 4028 920 4085 uiuant
972 4027 1040 4084 focis
1066 4029 1174 4086 videtur
1201 4036 1332 4093 astruere.
1361 4030 1466 4083 Verum
1496 4021 1683 4105 antecedentia
1698 4037 1774 4104 ‘cum

115 4099 285 4152 amaritudo.
301 4098 418 4151 HancD.
428 4092 592 4150 Benedictus
599 4095 773 4150 vocatzeliim
783 4100 918 4154 amaritu-
972 4098 1203 4169 consequentibus
1211 4098 1399 4164 conferantur,
1411 4105 1438 4151 et
1450 4102 1604 4151 accuratius
1616 4108 1773 4149 exammeu-

114 4167 192 4230 dinis
203 4169 377 4236 matrimoni
384 4167 595 4236 separuiuDeo,
605 4169 631 4221 et
644 4166 720 4221 ducit
732 4166 770 4221 ad
779 4169 918 4235 infernum
971 4174 1028 4237 tur,
1051 4170 1119 4225 satis
1148 4168 1232 4225 intelli
1252 4171 1308 4224 itur
1332 4182 1388 4222 non
1410 4164 1569 4236 simpliciter
1593 4172 1622 4218 et
1647 4162 1773 4221 absolute

114 4240 128 4305 f
136 4235 204 4309 Gap.
220 4244 255 4290 72
269 4237 405 4306 Repaloe);
421 4235 465 4291 liic
478 4243 572 4292 tamm
583 4236 657 4293 zelus
674 4237 763 4294 malus
780 4240 863 4295 etiam
877 4239 918 4296 in·
969 4253 1084 4295 omnem
1099 4239 1181 4306 iram,
1195 4185 1306 4295 sedium
1321 4234 1634 4316 tautummodoritium,
1649 4232 1770 4305 bocaet,
1814 4257 1818 4265 ·

113 4306 223 4365 sidiam
236 4307 436 4377 complectitur,
452 4315 482 4363 ut
500 4307 625 4364 suoloco
641 4307 755 4365 dicetur.
773 4311 815 4366 lra
833 4325 914 4379 vern,
970 4309 1042 4365 iram
1055 4309 1181 4366 vitiosam
1190 4325 1238 4366 seu
1250 4307 1437 4365 inordinatam
1453 4307 1570 4389 voluisse
1581 4304 1727 4390 damnare,
1743 4313 1772 4362 et

112 4391 165 4436 seu
190 4376 265 4448 ὀργὴ,
287 4385 329 4432 εει
350 4377 405 4450 ipse
420 4379 555 4451 appetitus
577 4378 705 4438 vindictae
728 4379 915 4452 inordinatus,
970 4381 1211 4439 mansuetudinem
1223 4381 1328 4437 irarum
1344 4378 1553 4435 moderatricem
1567 4376 1709 4432 monacbis
1732 4377 1768 4434 ad

112 4464 173 4506 non
188 4448 319 4504 naturalis
332 4457 455 4516 tantum,
471 4449 519 4507 sed
533 4449 719 4517 voluntarius,
743 4452 789 4524 qui
811 4453 915 4511 multas
969 4450 1164 4524 perlectionem
1186 4450 1360 4509 tendentibus
1389 4449 1541 4533 impensius
1563 4447 1768 4530 commendare.

113 4520 165 4577 irae
180 4521 282 4592 species
291 4521 491 4592 complectitur,
506 4528 538 4577 ut
548 4519 617 4576 infra
629 4520 744 4579 dicetur.
761 4524 821 4581 lndi
859 4524 913 4581 atio
968 4523 1033 4597 Agit
1042 4524 1115 4581 enim
1127 4524 1156 4580 in
1167 4523 1210 4580 his
1221 4523 1297 4579 libris
1308 4529 1403 4578 contra
1411 4531 1473 4576 vitia
1483 4519 1618 4592 capitalia,
1630 4527 1660 4575 ut
1670 4528 1769 4602 notum

114 4599 160 4647 est
182 4606 232 4663 qua
255 4592 277 4647 is
296 4592 340 4647 oui
364 4592 520 4658 irascimur,
540 4592 737 4660 contemuitur,
755 4602 782 4649 et
801 4595 915 4669 riipen·
970 4603 1022 4663 est,
1036 4594 1300 4652 ettitulusindicat:
1318 4591 1429 4665 proinde
1442 4591 1618 4648 contrairam
1633 4600 1769 4672 nonagit,

115 4659 201 4729 ditur,
215 4670 357 4735 tamquam
374 4662 501 4737 indignus
515 4678 530 4718 a
549 4677 604 4734 quo
618 4662 672 4719 tale
684 4663 751 4734 quid
769 4665 914 4736 patiamur.
969 4667 1020 4723 nisi
1031 4676 1163 4738 quatenus
1176 4666 1275 4722 vitium
1285 4673 1327 4720 est
1339 4673 1366 4721 et
1373 4671 1528 4746 peccatum.
1541 4659 1625 4719 Unde
1634 4676 1691 4717 non
1702 4661 1770 4717 dicit

114 4732 192 4789 Huic
219 4733 382 4805 coniunctus
404 4741 445 4790 est
464 4741 560 4788 tumor
579 4733 696 4801 mentis,
716 4748 771 4806 quo
793 4737 915 4809 seipsum
931 4717 1139 4795 Dmonachum
1152 4738 1187 4793 ab
1201 4735 1278 4793 omni
1291 4736 1332 4791 ira
1346 4735 1463 4792 alienum
1476 4748 1535 4789 esse
1549 4731 1658 4798 debere,
1671 4729 1720 4785 sed
1734 4731 1768 4786 ab

114 4802 236 4860 irascens
250 4805 367 4872 extollit,
378 4814 406 4860 et
424 4804 503 4861 alteri
518 4803 785 4875 praesumtionem.
797 4809 868 4866 less.
882 4810 916 4866 de
949 4807 959 4829 '¹
968 4812 1041 4865 amai
1050 4813 1100 4864 ira
1112 4811 1268 4878 furorisque
1276 4808 1358 4873 ειιιο,
1374 4813 1401 4860 et
1410 4804 1480 4860 infra
1492 4802 1572 4881 docet
1584 4802 1660 4869 (Gap.
1676 4803 1729 4854 tet
1740 4801 1766 4871 a)

113 4875 187 4931 Just.
200 4876 247 4930 tit.
274 4891 306 4932 ιιι
320 4893 343 4931 c.
358 4876 401 4945 a),
416 4876 493 4933 Facit
506 4875 582 4931 enim
595 4875 637 4931 ira
651 4883 681 4932 ut
694 4876 719 4933 is
731 4876 778 4948 qui
793 4876 917 4936 offensus
969 4879 1142 4937 irascendum
1161 4879 1264 4933 nostris
1290 4876 1362 4931 vitiis
1381 4883 1409 4929 et
1432 4871 1601 4953 defectibus,
1621 4876 1648 4924 et
1670 4884 1730 4951 cap.
1749 4877 1765 4926 t

115 4953 178 5013 est,
201 4961 230 5001 se
251 4946 437 5073 apprrehendat
456 4955 488 5002 ut
507 4961 649 5019 magnum,
665 4954 693 5004 et
704 4947 833 5017 extollat;
849 4964 916 5008 eum
968 4949 1060 5007 laudat
1074 4946 1216 5030 Davidem,
1230 4945 1303 5029 quod
1316 4944 1446 5026 adversus
1459 4942 1549 4999 diram
1563 4949 1767 5070 suggestionem

113 5031 182 5073 vero
201 5016 247 5088 qui
268 5034 284 5073 o
310 5017 400 5085 ondit,
417 5025 448 5073 ut
470 5017 568 5086 vilem,
591 5025 618 5073 et
639 5026 799 5076 contemnat
820 5020 916 5078 :unde
948 5014 1605 5092 ¹abisaipiaindignationefuentoommotusill
1636 5019 1764 5141 effari).

114 5094 264 5160 utramque
283 5089 355 5144 inter
368 5088 438 5145 filias
452 5088 501 5144 irae
516 5096 639 5145 recenset
655 5092 690 5146 D.
707 5090 872 5162 Gregorius,
885 5100 917 5149 ut
968 5090 1087 5148 Ptoiude
1101 5088 1303 5146 observandum
1317 5095 1345 5144 et
1356 5086 1499 5171 memoriae
1513 5100 1640 5170 commen
1660 5084 1767 5143 andum

110 5172 197 5232 supra
208 5161 375 5216 notavimus.
389 5160 501 5217 Clamor
511 5176 561 5215 iox
570 5168 611 5215 est
624 5159 769 5217 hominum
781 5161 916 5220 iratorum
968 5177 1001 5219 ex
1026 5160 1149 5220 doctrina
1171 5164 1205 5218 D.
1222 5159 1348 5234 Gregorii
1366 5159 1414 5216 lili.
1434 5158 1625 5225 illocalium,
1641 5171 1703 5241 eap.
1718 5163 1765 5225 33,

109 5228 173 5286 sine
182 5228 286 5303 judicio
301 5240 329 5288 et
343 5230 446 5303 pudore
462 5230 671 5288 vociferantium
683 5235 753 5301 (tit.
770 5247 790 5288 v
803 5248 826 5288 c.
847 5239 873 5304 ι,
887 5239 912 5291 et
965 5232 1039 5307 quod
1047 5235 1105 5290 alia
1115 5238 1154 5290 est
1162 5235 1215 5297 ira,
1223 5249 1305 5305 auam
1313 5234 1483 5304 impatientia
1490 5231 1604 5297 aaaron
1616 5230 1672 5312 alia
1682 5245 1766 5300 quam

113 5301 194 5372 buius
209 5302 255 5355 fib.
267 5319 289 5356 c.
310 5302 349 5375 1);
363 5301 396 5358 de
408 5317 463 5375 quo
477 5302 554 5358 lsaiae
568 5303 667 5374 quinto
683 5320 691 5356 :
707 5308 870 5376 &spadoni
882 5311 914 5363 ut
967 5305 1161 5375 aalmjustitia
1169 5305 1348 5375 sormafii'lla
1360 5306 1478 5365 capitio,
1490 5303 1545 5357 tao
1557 5303 1766 5386 eavrrtntaget'-

112 5372 217 5440 lucaei
218 5373 365 5442 judicium,
373 5378 399 5429 et
408 5389 463 5429 ecce
470 5376 602 5444 iniquitas
610 5393 619 5442 ;
630 5380 656 5431 et
672 5375 812 5444 'ostilam
825 5382 850 5433 et
859 5394 914 5434 ecce
966 5382 1090 5433 neratur.
1104 5377 1344 5435 sienimnufiaira
1358 5378 1502 5432 eaoirtute
1513 5377 1642 5444 surgeret,
1654 5374 1767 5429 Phineas

85 5477 99 5496 .
112 5443 222 5500 clamor.
240 5445 429 5517 blasphemia,
452 5444 481 5501 id
502 5453 559 5514 est,
579 5392 782 5517 maleficentia,
803 5448 858 5506 sire
879 5449 910 5505 iu
965 5445 1768 5518 diuinaonimadiierstmisimpetumparpladiamnmpta·

112 5514 204 5570 Deum
217 5524 244 5571 et
257 5525 380 5585 sanctos,
400 5517 456 5573 sire
476 5517 505 5572 iu
525 5516 684 5642 proximos,
699 5535 761 5592 quae
776 5520 859 5577 etiam
877 5535 912 5577 ex
965 5526 1059 5576 cassat.
1069 5523 1145 5577 Hanc
1158 5522 1228 5575 iram
1240 5522 1306 5590 pum
1315 5520 1377 5575 Heli·
1384 5535 1437 5573 aaa
1447 5518 1553 5579 babuit,
1565 5520 1664 5570 neotum
1674 5519 1767 5596 contm

113 5582 157 5640 ira
175 5587 304 5658 nascitur,
319 5595 347 5644 et
358 5589 430 5645 inter
444 5587 492 5645 irae
506 5586 576 5644 liias
589 5599 763 5649 numeratur.
783 5592 856 5649 Hinc
873 5593 910 5648 D.
965 5605 992 5648 se
998 5593 1204 5662 implacabiliter
1213 5591 1454 5661 supeniaaltioai's
1465 5589 1602 5645 enatavit.
1614 5590 1653 5642 De
1662 5585 1713 5639 fiac
1723 5598 1767 5639 ira

111 5653 297 5731 Hieronymus
310 5659 358 5716 ubi
376 5674 458 5732 supra
473 5680 479 5715 :
495 5663 558 5720 Pest
571 5662 794 5728 amomtudi'nem,
811 5662 911 5736 inquit,
963 5676 1015 5788 {ter
1026 5663 1196 5718 Psalmistam
1209 5662 1426 5727 dicituriPsalm.
1442 5665 1485 5726 xv)
1502 5657 1706 5715 :irasciminiet
1717 5670 1765 5709 ao·

109 5726 233 5796 sarman
247 5736 272 5787 et
291 5734 376 5795 iram,
396 5732 577 5789 reateclamor
590 5739 734 5805 amparet
748 5735 913 5807 blasphemia
1508 5801 1514 5815 θ
1649 5798 1655 5809 ἢ
1687 5795 1693 5808 ¹

107 5800 323 5871 penitentiam
333 5803 418 5867 nebu,
427 5805 548 5876 pampus·
555 5804 914 5879 sanciturorcfueri'tsupe·
967 5806 1051 5862 irasci
1059 5819 1106 5863 aas
1114 5805 1191 5862 nobb
1205 5802 1399 5868 tantummodo,
1411 5816 1464 5857 aaa
1476 5805 1559 5857 etiam
1569 5808 1706 5868 prosimu

217 5892 348 5950 Parnoi..
366 5891 471 5950 xiix.
1590 5885 1620 5937 tt
1683 5884 1687 5901 “

977 5734 1014 5788 ite
1025 5748 1142 5805 peecare.
1159 5733 1236 5802 Diiod
1248 5733 1378 5788 niminim
1395 5746 1448 5786 non
1461 5734 1530 5786 reate
1544 5728 1700 5796 intelligunt
1717 5724 1768 5849 gui
