3824 6164
122 232 192 313 iiao'
662 248 802 307 ieiunis
821 248 974 305 ciminii
991 246 1237 305 coiiiiionss.
1708 240 1777 297 iiio

120 378 173 437 ctis
185 376 287 435 habere
299 377 423 444 terronis,
438 390 555 447 eamque
573 380 709 447 quantum
730 373 851 431 humana
864 374 918 429 im·
932 378 1031 441 ,tsem
1050 382 1131 445 atque
1153 370 1341 445 Paphnutium
1362 368 1485 440 duosque
1503 365 1639 422 Macarius
1657 364 1778 420 noverim

122 471 254 529 becillitas
266 471 343 538 sinit,
359 469 438 527 unire
448 484 511 525 cum
520 466 638 525 Christo.
652 468 741 537 Quem
753 467 842 523 virum
856 467 924 523 Hie·
980 466 1141 539 possedisse.
1161 466 1214 537 Qui
1244 466 1281 522 ita
1312 472 1390 520 erant
1416 462 1584 532 inutraque
1610 456 1783 531 professione

122 566 224 623 remias
238 563 368 636 propheta
387 562 551 629 describens,
564 564 673 623 matus,
694 562 793 633 inquit,
811 563 855 617 eir
877 564 927 633 qai
978 559 1100 631 perlecti,
1115 567 1146 614 ut
1160 574 1224 615 eum
1239 557 1313 614 ultra
1328 570 1426 613 omnes
1436 552 1520 611 eremi
1529 553 1636 608 accolas
1649 552 1782 609 mecden-

123 658 338 728 trilitjupamah
351 656 529 711 adolescentia
543 658 621 718 siser,a
637 657 736 711 seruiit
749 656 886 710 solitarius
900 659 926 709 et
977 661 1029 721 tes,
1054 652 1238 709 insatiabiliter
1263 659 1368 708 secreto
1410 647 1565 705 solitudinis
1592 656 1782 719 pascerentur,

123 752 221 809 tandit
232 746 255 815 ¹³,
267 752 334 821 qaia
351 752 484 805 terii-mma
496 766 577 820 serpet·
590 753 640 805 se⁰
651 750 760 821 (Three.
774 750 832 820 iii).
848 750 925 805 Psal-
978 757 1112 821 quantum
1130 749 1159 804 in
1178 748 1243 820 ipsis
1262 756 1335 817 crat,
1348 760 1519 818 nequaquam
1539 744 1709 816 inquirerent
1727 744 1782 803 hu·

104 878 109 885 ·
123 845 207 903 mista
219 859 343 916 quoque:
353 845 454 900 Similis
462 846 618 912 scotiarum
630 845 752 915 pelicano
761 844 924 898 solitudinis.
979 859 1058 899 mana
1082 843 1231 913 consortia,
1245 848 1339 899 tamen
1352 842 1389 898 ita
1406 839 1588 913 frequentiam
1601 853 1634 894 ac
1651 837 1783 913 frag'lita·

126 940 250 1009 Vipiloai
261 944 286 993 et
298 942 389 1007 saetas
402 954 462 993 siim
475 940 546 993 deut
561 954 654 1009 passer
668 939 808 993 solitarius
820 940 849 992 in
860 940 926 992 tecto
977 946 1018 994 tes
1031 936 1067 994 ad
1081 952 1111 995 se
1123 937 1348 994 concurrentium
1366 933 1586 1003 sustinebamur
1599 948 1667 989 euin
1681 932 1717 991 ad
1732 949 1781 991 eos

124 1033 209 1101 (Psoi.
222 1031 274 1103 ci).
286 1031 328 1087 hd
342 1031 417 1086 liano
428 1030 603 1103 igiturlinem
617 1046 700 1103 quem
712 1030 925 1102 uniuscujusque
979 1031 1142 1088 visitationis
1165 1032 1206 1088 vel
1228 1030 1366 1102 proiectus
1385 1029 1471 1103 gratia
1490 1028 1638 1084 innumera
1661 1026 1779 1085 itanum

124 1124 300 1198 professionis
320 1140 379 1181 esse
401 1124 593 1195 praediximus,
616 1125 668 1179 nisi
691 1140 787 1180 eorum
810 1131 925 1194 uterque
978 1126 1126 1182 multitudo
1147 1126 1306 1189 conflueret,
1329 1132 1387 1181 tani
1402 1124 1497 1197 jugem
1511 1137 1580 1195 pene
1598 1122 1780 1195 susceptionis

124 1218 285 1293 pervenerit,
305 1217 407 1273 frustra
419 1226 447 1272 et
466 1217 512 1272 ille
529 1217 650 1274 coenobii
663 1225 690 1274 et
702 1218 754 1273 iste
770 1215 924 1272 anachore·
978 1216 1192 1291 inquietudinem
1218 1216 1354 1275 immobili
1378 1215 1508 1289 patientia
1533 1215 1693 1284 tolerantes,
1714 1216 1782 1273 nihil

124 1324 187 1367 scos
207 1308 308 1381 expetit
321 1309 505 1380 disciplinam.
518 1313 622 1367 Neuter
631 1311 706 1367 enim
721 1310 850 1366 virtutem
867 1324 925 1367 sirei
978 1310 1052 1369 aliud
1078 1312 1118 1367 vel
1141 1312 1270 1369 didicisse
1296 1310 1338 1367 vel
1356 1309 1508 1366 exercuisse
1537 1308 1615 1365 omni
1637 1308 1700 1367 vitm
1723 1324 1783 1368 suae

124 1402 302 1479 professionis
319 1402 453 1476 implevit.
978 1414 1100 1479 tempore
1114 1406 1298 1471 crederentur,
1319 1421 1402 1478 quain
1420 1412 1451 1460 ut
1464 1402 1660 1461 communibus
1669 1412 1779 1462 tantum

427 1500 549 1555 CAPUT
569 1500 620 1554 lx.
978 1498 1176 1557 advenientium
1198 1498 1296 1557 ciliciis
1311 1497 1493 1564 deservirent,
1515 1496 1551 1552 ita
1571 1503 1603 1554 ut
1621 1496 1694 1569 apud
1714 1514 1782 1555 enii-

249 1596 476 1649 Ilecorisammato
491 1609 523 1648 ec
534 1608 597 1647 nora
606 1594 781 1663 perfectione.
978 1602 1037 1651 etos
1049 1596 1298 1667 essetambiguum,
1312 1594 1341 1649 iii
1351 1608 1406 1665 qua
1420 1591 1598 1665 potissimum
1608 1591 1777 1665 professione

160 1687 306 1747 ‘Sedhaec
318 1688 416 1760 pepini,
431 1686 517 1755 idest,
532 1702 588 1743 non
604 1686 708 1759 integra
723 1685 787 1742 etin
800 1683 927 1741 omnibus
978 1688 1138 1745 eorumdem
1149 1688 1237 1760 maior
1260 1697 1332 1744 esset
1347 1686 1480 1743 industria
1495 1706 1501 1742 :
1518 1684 1612 1753 idest,
1634 1694 1725 1743 utrum
1746 1686 1777 1741 iu

125 1792 317 1843 consummata
338 1782 486 1855 perfectio,
509 1782 557 1841 sed
583 1798 647 1854 pars
674 1778 848 1854 perfectionis
874 1787 924 1835 est.
940 1788 964 1849 Β
980 1780 1025 1837 illa
1036 1781 1173 1838 eremitica
1186 1780 1312 1853 puritate,
1325 1796 1361 1837 aii
1375 1778 1465 1835 inista
1483 1779 1689 1836 conversatione
1700 1792 1780 1835 eom·

125 1880 199 1935 Rara
217 1884 258 1933 est
275 1892 339 1951 ergo
352 1886 379 1933 et
390 1875 564 1950 paucissimis
574 1876 648 1933 dono
663 1875 712 1932 Dei
724 1889 851 1931 concessa
864 1888 926 1943 per·
980 1875 1066 1945 muni,
1078 1874 1287 1947 magnanimitas
1301 1890 1397 1933 eorum
1414 1873 1565 1931 mirabilius
1579 1882 1727 1947 aptaretur.

126 1972 217 2030 lectio.
227 1974 254 2029 ls
269 1972 481 2043 etenimll'erbo
494 1974 527 2026 D.
537 1973 695 2041 Hieronymi
702 1970 752 2025 ubi
764 1968 856 2039 supra)
865 1980 927 2022 vere
1288 1970 1410 2027 CAPUT
1429 1972 1467 2026 X.

126 2076 155 2125 et
165 2084 220 2124 noii
239 2082 272 2124 eii
283 2075 359 2139 parte
370 2064 506 2140 perfectus
522 2075 575 2134 est,
587 2064 634 2137 qui
649 2073 676 2121 et
691 2064 718 2119 iii
731 2076 824 2118 eremo
843 2074 927 2131 squa-
1112 2069 1150 2121 iie
1161 2064 1203 2119 nu
1213 2066 1545 2133 quiimperfectieremnm
1556 2068 1666 2135 petum.

125 2162 211 2219 lorem
220 2161 382 2229 solitudinis,
394 2168 421 2215 et
434 2159 463 2216 in
475 2159 603 2215 coenobio
626 2156 797 2214 infirmitates
810 2153 927 2211 fratrum
1015 2150 1130 2213 ‘Solent
1148 2164 1240 2213 autem
1260 2156 1383 2213 nonnulli
1398 2156 1434 2213 ita
1450 2157 1581 2213 diuturno
1595 2158 1704 2216 silentio
1719 2162 1784 2218 soli·

124 2255 221 2326 aequati
238 2253 459 2325 magnanimitate
477 2260 622 2308 sustentat.
635 2254 669 2308 Et
682 2250 744 2307 ideo
764 2251 792 2306 iii
812 2258 926 2323 utraque
980 2248 1080 2306 tudinis
1098 2248 1217 2318 efferari,
1237 2256 1267 2306 ut
1281 2265 1395 2321 prorsus
1408 2248 1555 2307 hominum
1571 2254 1712 2310 consortia
1723 2270 1784 2326 per-

126 2346 296 2421 professione
316 2363 363 2419 per
376 2347 472 2403 omnia
483 2354 707 2403 consummatum
721 2344 843 2401 invenire
857 2344 927 2401 difli·
979 2342 1148 2411 horrescant,
1164 2352 1270 2400 etcum
1293 2344 1332 2401 vel
1348 2345 1492 2416 paululum
1505 2360 1520 2401 a
1535 2347 1635 2403 secreti
1652 2350 1697 2405 sui
1718 2349 1785 2405 soli-

126 2442 175 2499 cile
196 2451 247 2512 est,
267 2443 330 2513 quia
354 2457 406 2499 nec
428 2441 590 2513 anachoreta
617 2439 802 2511 temporivus,
825 2437 925 2503 idest,
979 2439 1085 2505 tudine,
1106 2438 1303 2495 interveniente
1322 2438 1439 2497 fratrum
1464 2440 1627 2511 visitatione,
1648 2441 1783 2501 discesse-

128 2544 320 2609 contemptnm
349 2550 381 2593 ao
412 2535 593 2609 privationem
620 2534 800 2591 materialium
824 2548 927 2605 rerum,
981 2535 1046 2603 rint,
1062 2532 1176 2590 notabili
1196 2533 1297 2590 mentis
1315 2550 1416 2607 angore
1437 2543 1465 2591 et
1487 2534 1659 2593 evidentibus
1673 2538 1785 2609 pusilla·

127 2646 178 2690 nec
200 2632 338 2689 coenobita
351 2634 363 2663 ⁰
377 2632 529 2689 theoricam
546 2631 582 2689 ad
601 2631 739 2705 integrum
751 2637 840 2702 potest
852 2644 929 2686 asse-
982 2630 1116 2687 nimitatis
1143 2628 1248 2686 indiciis
1272 2636 1400 2686 aestume.
1430 2629 1510 2700 Quod
1532 2630 1571 2686 vel
1595 2630 1716 2688 maxime
1740 2633 1786 2689 his

127 2724 174 2800 qui
187 2726 346 2799 puritatem,
357 2726 422 2783 licet
431 2734 581 2798 utrumque
595 2723 715 2797 perfecte
726 2724 855 2781 abbatem
865 2726 927 2779 hlo-
982 2722 1090 2780 evenire
1110 2724 1264 2791 consuevit,
1283 2723 1358 2798 aqut
1378 2739 1434 2778 non
1458 2722 1576 2797 perfecte
1598 2724 1627 2779 iii
1649 2724 1783 2783 coenobiis

675 2860 803 2917 hinnul
821 2859 936 2915 (iiiiii
957 2858 1235 2914 COMMENTARIUS.

127 2992 228 3064 quibus
241 2993 281 3048 ait
300 2992 449 3048 monachos
460 2990 495 3046 ab
507 2991 637 3061 apostolis
648 2988 795 3060 appellatos
809 2988 844 3041 ab
858 2987 927 3040 indi-
984 2989 1130 3044 ardoribus
1143 2990 1351 3059 epemcseentem
1361 3008 1388 3045 se
1397 2993 1516 3053 vitriani:
1527 2995 1622 3049 etsalis
1635 2996 1689 3049 iilis
1701 3010 1786 3050 mern·

127 3064 212 3119 uidua
232 3064 401 3131 etsinqulari
412 3064 479 3123 rito,
494 3077 554 3130 quar
566 3076 615 3131 per
627 3064 734 3114 serietas
752 3057 927 3112 divisibilium
984 3061 1786 3137 brisqtaenotnrccsem-iaintnecessitoti,obtectis,reliqrmm

128 3134 273 3203 affectuum
293 3136 324 3186 in
344 3148 428 3185 uiiiem
442 3132 655 3200 complicationes
673 3135 698 3185 et
712 3129 884 3195 collectiones,
901 3130 928 3182 in
983 3147 1077 3201 cupias
1091 3134 1240 3204 stipandus
1256 3136 1391 3189 immensis
1403 3142 1428 3189 et
1437 3136 1552 3203 saumis
1566 3138 1629 3191 solis
1641 3137 1786 3193 ardoribus

128 3204 251 3257 diuinam
261 3202 813 3271 iiiiitatemsinpnlaremquepersectionem
824 3215 930 3271 promo
945 3206 967 3269 C
983 3204 1087 3257 nudam
1099 3210 1249 3273 reqionum,
1263 3210 1330 3260 ester
1345 3222 1420 3276 eque
1432 3208 1613 3276 atqueclqore
1626 3214 1688 3263 cont
1738 3216 1781 3264 ito.

128 3278 189 3339 uet3
203 3271 232 3328 id
243 3281 295 3339 est,
307 3287 341 3327 eo
352 3272 426 3344 quod
441 3271 523 3327 rebus
535 3272 712 3329 divisibilibus
727 3279 755 3327 et
767 3271 928 3341 temporali·
984 3275 1023 3329 Eo
1033 3275 1146 3338 aceedit,
1158 3276 1230 3345 qaod
1239 3277 1375 3331 alimentis
1385 3279 1611 3347 quibushomines
1622 3283 1694 3335 uesci
1739 3286 1784 3335 ent

128 3343 182 3399 bus
194 3342 340 3409 derelictis,
356 3343 478 3409 hloiiadi,
496 3343 525 3399 id
538 3351 588 3413 est,
609 3342 747 3399 Divinitati
760 3342 810 3398 soli
826 3342 929 3413 placere
980 3347 1090 3415 penitus
1103 3346 1218 3415 rejectis,
1233 3348 1415 3417 durescente-r
1427 3354 1526 3403 terram
1541 3366 1551 3403 .·
1560 3351 1633 3405 irride
1647 3352 1743 3419 βόσκοι,
1755 3352 1783 3407 id

131 3417 309 3472 contendant.
323 3416 386 3485 Quo
400 3430 481 3471 seusu
491 3430 595 3471 nomen
607 3414 733 3470 monachi
753 3413 819 3469 solis
830 3412 929 3469 eremi·
982 3420 1030 3481 est,
1052 3417 1226 3487 pabulatores
1244 3420 1435 3489 appellantur,
1455 3422 1569 3491 indeque
1581 3422 1669 3477 salum
1686 3426 1785 3478 rictum

130 3486 165 3542 tis
177 3494 204 3541 et
218 3487 346 3542 solitariis
360 3486 467 3556 proprie
485 3485 629 3540 convenire
643 3486 772 3541 diximus.
983 3486 1236 3557 sibisuppeditont3
1249 3492 1314 3545 odeo
1329 3495 1360 3546 nt
1372 3508 1430 3545 cum
1447 3497 1562 3562 tempore
1577 3493 1673 3549 belluis
1682 3496 1784 3549 similes

165 3566 178 3593 ¹
192 3556 290 3612 Glossu
304 3556 459 3611 ordinaria:
476 3559 541 3612 Cum
556 3561 617 3617 lieo,
633 3574 686 3611 cirin
699 3559 839 3610 immistus
856 3570 929 3623 nepo

133 3630 233 3682 tiorum
246 3632 272 3681 el
284 3626 477 3681 desideriorum
489 3628 587 3681 turbis.

165 3699 179 3732 θ
194 3696 304 3765 Glossa,
320 3698 355 3751 ab
369 3699 442 3751 omni
456 3700 572 3768 strepitu
583 3696 687 3750 mnndi.

166 3768 296 3837 ffGloma,
310 3768 498 3824 contemnendo
512 3772 628 3831 terram,
642 3771 667 3821 et
680 3768 718 3821 ad
735 3768 849 3823 calestia
863 3770 931 3837 aspi·

132 3840 228 3895 rande.
243 3840 380 3897 Desiderio
391 3842 458 3893 inim
472 3840 536 3894 bono
547 3838 708 3893 laramnrad
719 3842 811 3903 Derim,
823 3841 930 3893 ridelis·

131 3914 265 3981 qustiuns.
276 3912 344 3966 llaec
357 3909 407 3965 ibi.
418 3910 487 3966 ltlilii
504 3910 613 3964 videtur
624 3909 669 3962 hic
681 3908 733 3963 tria
753 3909 781 3964 iii
796 3909 930 3963 monacho

133 3982 324 4037 commendari
338 4001 345 4036 ;
361 3981 482 4053 quietem
495 3981 594 4036 meritis
609 3987 637 4034 et
649 3980 790 4051 corporis,
806 3994 869 4051 quat
882 3994 930 4050 per

131 4054 279 4109 sessionem
302 4052 411 4109 solitarii
433 4052 591 4123 designatur
612 4050 850 4107 :taciturnitatem
866 4051 931 4115 oris,

131 4140 195 4181 cain
213 4124 334 4181 dicitur:
350 4125 505 4189 Ettocebitr
521 4132 549 4179 et
562 4121 684 4179 studium
696 4122 933 4196 contemplationis

53 4198 58 4209 '
131 4212 186 4270 quo
198 4211 317 4269 suprase
336 4196 466 4253 elevatur.

167 4268 236 4324 “lta
256 4268 375 4326 correxit
394 4267 538 4325 ciaconius
552 4282 584 4322 ex
601 4264 750 4329 Vaticanis,
766 4280 829 4320 oum
853 4271 931 4319 antea

133 4338 161 4394 iii
174 4339 326 4411 plerisque,
346 4347 372 4394 et
387 4338 558 4394 Plautiniana
574 4336 657 4392 etiam
669 4336 789 4392 editione
804 4335 933 4392 mendose

983 3560 1138 3627 efficiantur
1148 3563 1263 3632 :quippe
1269 3578 1329 3615 oum
1336 3564 1427 3629 forma
1435 3567 1550 3633 coquaris
1561 3567 1682 3619 stanimi
1688 3566 1787 3620 habitu

983 3630 1017 3683 ob
1038 3631 1102 3684 aliis
1121 3631 1273 3686 hominibus
1294 3634 1452 3703 discrepent.
1473 3638 1514 3691 Ae
1534 3636 1560 3689 si
1581 3637 1651 3703 (one
1663 3637 1785 3691 uiderint

984 3700 1110 3761 hmnities,
1127 3704 1220 3758 statim
1232 3706 1400 3771 aiisupinnt;
1427 3710 1453 3758 it
1471 3708 1497 3759 si
1512 3708 1562 3775 qui
1574 3722 1615 3761 cos
1635 3708 1783 3776 inrepreen-

986 3776 1041 3834 iur,
1067 3776 1115 3825 ant
1134 3772 1277 3827 elabrentrn·
1295 3775 1432 3829 uelocitate
1449 3777 1560 3845 pedam,
1581 3782 1626 3831 ant
1645 3776 1779 3831 edernae·

986 3844 1780 3919 torcularisadquiedifficillimeaceedipossitseociultant.

1020 3912 1116 3968 lilinc
1129 3917 1163 3970 D.
1177 3916 1365 3989 Hieronymus
1378 3916 1407 3972 in
1420 3916 1518 3973 eadem
1533 3919 1575 3974 illa
1589 3918 1702 3991 epistola
1719 3940 1727 3976 :
1744 3925 1783 3975 De

986 3984 1059 4047 lude,
1073 3985 1122 4054 ait,
1134 3990 1354 4043 monasteriorum
1368 3988 1550 4059 drijiiscemodi
1560 3990 1619 4045 colo
1627 3992 1720 4061 egredi
1731 3995 1786 4045 mi-

986 4055 1055 4117 lites,
1074 4072 1139 4125 qiios
1158 4060 1238 4111 eremi
1251 4059 1323 4113 dure
1336 4060 1491 4116 medimaita
1506 4076 1561 4116 non
1576 4067 1711 4127 terreant;
1733 4067 1787 4134 qui

982 4128 1113 4195 specimen
1126 4132 1331 4185 maiiersationis
1341 4146 1397 4185 sicia
1412 4134 1495 4188 raalio
1509 4138 1625 4203 tempore
1639 4133 1785 4189 dederint:

985 4200 1034 4265 qui
1043 4200 1160 4253 caeritum
1173 4202 1279 4267 scierint
1290 4204 1405 4269 minimi,
1413 4208 1444 4257 nt
1451 4206 1665 4273 primiscerium
1675 4208 1785 4275 pereat:

985 4284 1050 4336 quos
1061 4286 1107 4323 iaec
1114 4274 1213 4325 assirim
1225 4273 1372 4341 adspirando
1380 4290 1426 4328 nec
1431 4278 1565 4329 saturitas
1576 4280 1715 4347 eripienti-u
1723 4297 1730 4337 ;
1738 4280 1788 4348 qui

983 4346 1145 4409 praeparata
1157 4343 1305 4401 letantur:
1318 4360 1432 4413 ,peronam
1440 4346 1561 4408 beabitur,
1574 4362 1671 4409 sevino,
1683 4350 1783 4415 tultus,

134 4409 278 4479 legeretur,
297 4410 374 4479 μερὶς,
392 4410 432 4463 vel
451 4406 572 4479 μεριτικὴ.
589 4410 636 4461 Est
649 4408 722 4462 eiiim
739 4408 847 4477 μερικὸς,
867 4422 933 4476 par·
987 4411 1111 4471 incessis,
1131 4412 1252 4466 electrina
1265 4416 1397 4469 uirtutum
1412 4422 1461 4477 cst,
1477 4425 1528 4472 etc.
1543 4418 1686 4473 Cassianus
1700 4419 1748 4475 lib.
1764 4434 1783 4473 v

132 4479 220 4547 tialis,
247 4478 422 4543 dimidiatus,
445 4478 630 4550 imperfectus.
658 4480 698 4531 lta
721 4478 865 4532 collatione
896 4483 928 4531 13
983 4481 1105 4537 institut.
1117 4498 1176 4553 nip.
1192 4488 1227 4537 :tit
1240 4502 1247 4537 ε
1261 4486 1366 4554 Alium,
1382 4485 1480 4559 iuquit,
1494 4488 1627 4552 ordinem,
1637 4493 1687 4559 qiii
1696 4492 1785 4546 meel-

134 4566 164 4607 ca
186 4594 193 4607 .
213 4550 325 4607 ddecet
346 4548 432 4605 abbas
448 4549 611 4606 Chaeremon
626 4547 801 4617 philosophos
818 4547 929 4620 gentiles
989 4552 1085 4607 lentior
1092 4556 1213 4617 irritetur,
1220 4556 1305 4623 idest,
1312 4559 1706 4621 arimehoi·etornm,eanctmum
1711 4577 1781 4633 pnr-

134 4566 262 4679 hazuisse
276 4619 469 4679 tantummodo
481 4619 627 4702 quamdam
650 4619 762 4689 pepiirp,
775 4619 815 4674 vel
836 4618 932 4689 peplis,
947 4588 971 4650 D
986 4626 1781 4703 coniisinstipnti,capacissimoeor-decidercproperarimas:

134 4692 162 4751 id
175 4704 227 4763 est,
240 4694 441 4767 portiunculam
455 4699 596 4748 castitatis.
897 4760 903 4770 Ι
990 4693 1021 4746 hi
1032 4710 1148 4765 namque
1158 4699 1187 4749 in
1204 4700 1327 4753 rcriobi'is
1334 4703 1456 4770 primum
1470 4703 1781 4759 diutissimerommaran-

170 4766 245 4821 ellic
259 4782 353 4824 rursus
370 4764 490 4822 theorica
509 4780 559 4837 pro
578 4760 725 4818 theoretica
744 4758 816 4831 apud
823 4760 933 4843 'Cassia-
988 4769 1036 4833 tes,
1052 4770 1175 4837 notarique
1183 4772 1325 4839 partientur.
1338 4788 1370 4827 ac
1382 4772 1550 4828 discretiatus
1568 4776 1663 4843 repeda
1673 4774 1782 4843 diliqen·

134 4850 202 4891 num
217 4856 223 4889 :
239 4847 268 4894 ut
286 4846 314 4894 ot
331 4838 404 4909 apud
418 4840 454 4893 D.
465 4836 568 4891 llieron
588 4848 674 4896 mum,
690 4841 722 4888 ut
739 4846 863 4903 superius
878 4848 933 4888 me·
952 4868 955 4873 -
987 4840 1029 4891 ter
1046 4838 1140 4905 eisteti,
1151 4844 1177 4894 et
1195 4841 1358 4897 huriiititctis
1366 4846 1476 4911 pariter
1490 4860 1522 4899 ae
1536 4846 1673 4901 nuditatis
1685 4847 1785 4901 uirtute

134 4906 267 4963 minimus
277 4909 381 4977 (collat.
402 4916 426 4975 t,
439 4924 462 4962 c.
474 4914 510 4976 2;
526 4850 586 4962 rolf.
603 4913 646 4987 tt,
657 4922 679 4959 c.
694 4904 748 4985 2)..
843 4974 849 4984 .
983 4922 1113 4977 possesse,
1130 4916 1211 4981 atquo
1222 4913 1260 4965 ad
1271 4928 1375 4982 pinum
1390 4917 1520 4970 citiorum
1534 4918 1709 4972 rmiriersiiate
1722 4932 1787 4972 eon-

171 4976 275 5033 ‘Tala
289 4977 452 5049 quibusdam
474 4979 571 5034 saltem
593 4977 764 5031 lineamentis
788 4972 933 5047 depingere
985 4984 1104 5050 sumpta,
1117 4982 1421 5040 din'ssirnisdnmcnum
1432 4988 1535 5056 preliis
1548 4991 1785 5059 coiiqressuri,pc·

135 5047 242 5106 videtur
265 5051 301 5104 D.
317 5048 504 5130 Hieronymus
519 5050 547 5103 in
562 5047 674 5117 epistota
689 5056 717 5113 t,
738 5045 773 5101 ad
787 5047 930 5102 Rusticum
984 5054 1095 5105 netrant
1105 5056 1186 5106 eremi
1192 5056 1331 5123 profunda
1342 5062 1451 5112 secreta.
1461 5059 1494 5112 Et
1503 5072 1599 5113 rursus
1613 5058 1660 5115 lib.
1673 5062 1786 5115 riiilii-

133 5122 304 5177 monachum
318 5140 324 5176 :
339 5121 409 5189 Alii,
422 5118 558 5191 inquiens,
569 5119 682 5174 sublatis
693 5122 722 5173 in
735 5118 820 5171 altuni
836 5118 930 5171 larme-
985 5119 1070 5175 stitut.
1086 5138 1145 5193 cap.
1160 5130 1190 5177 it
1207 5128 1360 5190 :Eranam
1371 5127 1418 5192 ait,
1428 5131 1572 5199 perfectos,
1583 5133 1711 5201 omnique
1720 5133 1787 5186 citio

134 5194 185 5263 rit,
198 5198 223 5248 et
236 5196 311 5249 intro
320 5209 347 5251 st
352 5195 439 5249 risseio
450 5192 518 5263 quid
528 5193 699 5253 cornicantes,
709 5190 931 5258 stupentibusque
983 5198 1116 5261 parputos
1128 5201 1229 5265 oportet
1242 5202 1375 5268 repetere,
1383 5200 1678 5271 eteccactisadpnrum
1689 5205 1718 5257 in
1727 5218 1786 5257 con-

134 5266 164 5319 in
189 5270 289 5322 terram
307 5267 400 5329 emilis,
420 5264 550 5319 trementia
569 5263 648 5317 arrha
667 5263 845 5319 trutinantur,
866 5264 896 5311 nt
908 5261 934 5310 si
985 5267 1371 5335 perpatiarisfrat-iremmitiis,
1380 5284 1433 5324 non
1439 5272 1678 5341 pusillanimitatis
1685 5275 1788 5344 persa-

130 5350 277 5406 meconem
282 5338 433 5400 addideris,
438 5340 515 5407 putes
520 5335 641 5389 inscelere
649 5335 851 5403 praefecturam.
861 5330 931 5383 Sunt
985 5335 1040 5401 pio,
1054 5336 1101 5389 sed
1114 5336 1214 5390 dicteria
1227 5342 1456 5409 contmiplaticnrs
1469 5342 1588 5405 obtuitu,
1613 5348 1640 5398 ct
1653 5344 1788 5401 desideria

132 5407 298 5477 quihumore
312 5409 453 5471 calliarum,
468 5406 703 5473 immoderatisque
708 5401 832 5472 jejttteit's,
846 5401 926 5453 lwtlt'c
984 5406 1102 5460 intuitus
1113 5406 1277 5463 sublimioris
1290 5411 1406 5479 intiure,
1417 5416 1467 5482 qui
1477 5429 1529 5468 sion
1537 5415 1631 5469 ni'siin
1639 5416 1789 5473 solinidinc

131 5478 298 5543 solitudinis,
313 5498 345 5535 ac
357 5481 445 5535 nimiu
455 5480 571 5540 lectione,
585 5477 650 5531 darn
664 5474 795 5530 dicbusac
807 5472 929 5527 teoctibas
984 5492 1002 5529 a
1013 5479 1141 5545 perfertis
1154 5479 1316 5535 soliammodo
1332 5486 1432 5552 poterit
1445 5485 1621 5555 apprehendi.
1643 5488 1682 5541 D.
1696 5488 1784 5543 etism

131 5548 243 5603 cumbas
256 5552 311 5603 suis
323 5555 478 5619 personant,
491 5554 631 5605 uertuntur
642 5550 670 5602 ia
681 5544 929 5605 vulcanaliorum
983 5548 1148 5604 Benedictus
1167 5550 1241 5619 (Cup.
1262 5556 1271 5605 t
1289 5554 1408 5622 mpetu)
1429 5555 1580 5625 prudenter
1598 5556 1724 5613 ostendit
1737 5560 1786 5627 qui

131 5622 301 5691 Hippocratis
310 5625 395 5687 moqis
405 5624 531 5689 [omentis
540 5637 622 5691 qaam
631 5621 731 5674 nostris
740 5616 930 5672 monitisindi·
983 5616 1088 5673 dicendi
1104 5620 1159 5675 siut
1168 5623 1222 5677 reri
1235 5622 1420 5690 anachoretae,
1440 5633 1465 5681 et
1479 5625 1592 5697 quinam
1605 5627 1641 5683 ad
1654 5627 1709 5685 hoc
1721 5628 1787 5687 vitis

130 5694 257 5761 peritlta
271 5693 306 5745 D.
320 5689 512 5762 Hieronymus.
525 5695 583 5748 lteo
597 5691 715 5747 multum
734 5689 768 5744 ab
787 5687 829 5742 his
843 5685 926 5767 dissi·
982 5700 1067 5757 genus
1090 5690 1145 5761 apti
1166 5701 1194 5747 et
1215 5692 1303 5748 idonei
1327 5695 1465 5765 censendi,
1487 5696 1622 5767 videlieet,
1648 5702 1701 5769 qai
1729 5716 1785 5757 iton

129 5761 208 5818 miles
228 5762 266 5818 illi
290 5760 417 5816 monachi
440 5762 590 5842 dequibus
610 5762 740 5831 Euagrius
759 5754 929 5837 harescnbit
981 5763 1154 5816 macarianis
1174 5765 1279 5833 terrore
1300 5767 1401 5821 crocitat
1421 5766 1599 5893 ffitirrecrem.
1615 5776 1785 5839 commeat),

128 5834 243 5903 (Hister.
255 5834 275 5890 t.
290 5847 302 5891 i
316 5846 376 5903 cap.
392 5832 436 5899 tl)
449 5848 457 5885 s
468 5830 531 5887 Viri
542 5846 574 5885 ac
585 5832 709 5885 mrdmres
720 5826 927 5883 maolitudmem
980 5828 1027 5883 scd
1035 5836 1194 5887 monasterii
1205 5836 1281 5905 lorsqu
1293 5838 1420 5907 eapcrten
1441 5838 1447 5852 '
1476 5838 1634 5897 diduenint
1647 5842 1783 5899 adom
