3848 6158
128 233 179 287 sor
594 294 598 307 ³
671 224 811 281 loturus
829 223 980 280 CASSlle
999 221 1242 279 contritores.

1730 228 1784 284 568

128 355 210 429 pisse,
231 354 255 411 si
279 352 427 412 secundam
439 367 496 411 non
517 351 614 410 eodem
632 348 721 407 studio
735 321 816 420 atquo
829 346 967 414 eodemA
983 347 1067 421 Cuius
1079 348 1119 404 rei
1140 344 1224 403 fidem
1243 353 1325 420 atque
1340 344 1468 402 virtatem
1481 360 1563 403 nemo
1578 343 1665 403 nisiis
1688 348 1777 421 capiet

127 448 334 523 impleverimus
348 446 457 505 ardore.
471 448 506 503 Et
519 446 559 502 ita
568 458 632 501 cum
654 443 737 499 etiam
762 441 833 499 banc
846 440 930 498 tueri·

129 558 192 601 mus
210 541 312 616 adepti,
328 538 363 598 ad
380 540 457 597 illam
481 553 592 612 quoque
605 535 716 594 tertiam
731 534 872 607 pervenire
882 549 931 607 po·

129 639 255 707 terimus,
271 652 324 709 qua
336 635 371 693 da
381 631 576 707 domoprioris
589 631 679 691 nostri
699 630 818 705 parentis
828 629 930 704 egressi

132 733 225 806 (quem
246 731 280 787 ab
291 728 404 786 exordio
417 725 568 784 nativitatis
580 731 683 784 nostras
696 723 848 783 secundum
860 731 932 781 vote·

130 840 190 883 rem
203 821 346 880 bominem
361 836 393 879 ae
407 821 549 894 pristinam
558 820 806 887 conversationem,
819 815 931 891 quando

130 931 242 975 eramus
259 923 359 973 natura
371 917 426 986 tilii
437 918 498 981 iro,
523 917 593 970 sicut
608 918 635 969 et
650 916 741 970 anteri
757 913 864 984 (Epist.
888 914 932 979 rr),

130 1018 236 1084 patrem
247 1011 329 1068 nobis
341 1008 427 1069 fuisse
440 1008 633 1078 meminimus)
648 1023 761 1065 omnem
774 1005 880 1088 mentis
888 1005 933 1062 in-

130 1106 234 1165 tuitum
249 1104 284 1162 ad
298 1103 418 1162 coelestia
432 1101 614 1159 deflectimus.
634 1103 677 1158 De
693 1100 846 1173 quostiam
857 1107 933 1174 patre

130 1198 165 1257 ad
178 1197 343 1267 ierusalem,
357 1211 420 1268 qnae
430 1211 526 1253 verum
539 1203 646 1268 patrem
655 1196 746 1251 ὓοοοι
760 1203 932 1267 contempse-

131 1299 185 1362 rat,
199 1290 301 1348 dicitur
312 1310 319 1347 :
332 1293 414 1349 Pater
427 1294 489 1347 tuus
498 1290 688 1359 Amorraeus,
697 1293 815 1346 etmater
829 1293 877 1344 tua
884 1289 932 1346 Ce-

131 1386 318 1455 theomarus
333 1385 406 1457 ιιι).
419 1383 658 1456 Etinlivangelio,
674 1385 727 1441 Vos
738 1399 772 1440 ea
779 1386 860 1455 patre
870 1381 934 1437 dab-

133 1480 274 1545 boloestis,
282 1483 308 1535 et
318 1479 642 1551 demderiapatrisuestri
649 1478 733 1534 cultis
740 1479 832 1546 {acere
842 1479 931 1545 (ioan.

986 443 1071 509 solus,
1086 442 1132 515 qui
1145 441 1205 498 haec
1213 455 1275 514 quae
1288 439 1417 498 dicuntur
1430 440 1592 512 experientia
1604 441 1784 516 magistrante

986 534 1149 607 perceperim
1162 535 1241 608 cujus
1254 533 1380 592 videlicet
1391 533 1428 591 ita
1436 534 1571 591 Dominus
1584 535 1680 593 oculos
1693 535 1791 597 cordis

986 627 1020 684 de
1030 626 1163 684 universis
1171 626 1352 701 praesentibus
1357 628 1490 699 avocarit,
1497 636 1529 685 ut
1537 643 1634 685 canon
1641 637 1790 706 umquam

986 720 1146 789 transitura,
1160 720 1207 777 sed
1219 720 1279 794 jam
1293 721 1369 794 qnasi
1383 737 1441 778 non
1459 719 1608 779 existentia
1620 731 1752 796 reputans
1760 733 1791 783 et

987 814 1062 871 velut
1072 814 1183 871 inanem
1196 812 1314 883 furnum,
1325 814 1353 871 in
1364 814 1478 873 nibilum
1492 815 1612 873 resoluta
1623 816 1789 891 conspiciam

987 907 1184 980 ambulansque
1197 914 1229 964 ut
1236 905 1333 966 Enoelr
1344 923 1407 964 curn
1419 911 1491 977 Deo,
1506 924 1538 965 ae
1547 907 1710 967 debumana
1720 925 1791 969 eon·

987 1002 1140 1060 remotione
1162 1000 1342 1075 moribusque
1369 1001 1527 1069 translatus,
1551 1017 1608 1059 non
1635 1002 1794 1065 invenietur

987 1097 1016 1154 in
1039 1096 1182 1170 praesentis
1204 1095 1296 1154 seculi
1320 1095 1450 1153 vanitate.
1474 1094 1556 1169 Quod
1580 1097 1610 1153 in
1632 1096 1681 1154 illo
1705 1098 1794 1158 etiam

988 1191 1164 1264 corporaliter
1173 1189 1278 1248 iactum
1292 1189 1372 1247 lectio
1393 1190 1536 1248 Geoescos
1554 1189 1592 1246 ita
1611 1205 1794 1251 commemo-

987 1283 1465 1356 rar2Amoulaaitpue·anctmm
1485 1287 1793 1349 Deo‚eruoamoese

990 1381 1079 1446 bairo,
1089 1382 1155 1451 quia
1165 1379 1307 1436 transtulit
1317 1394 1377 1434 mm
1389 1383 1459 1436 Deus
1472 1377 1576 1445 (aene.
1588 1381 1625 1445 ι).
1642 1380 1795 1453 apostolus

989 1488 1101 1548 quoqne
1114 1473 1152 1529 ait
1168 1473 1252 1530 :Dite
1262 1473 1352 1530 Enoch
1362 1473 1514 1528 translatus
1527 1476 1576 1536 est,
1584 1476 1676 1530 utuoa
1689 1473 1794 1532 uideret

132 1575 215 1641 ιιιι).
229 1572 317 1642 Quem
328 1588 391 1628 cum
399 1570 597 1639 dimiserimus,
610 1569 645 1627 de
657 1568 810 1626 visibilibus
821 1566 856 1625 ad
868 1567 935 1624 invi·

130 1663 220 1722 sibilia
233 1664 474 1736 transmigrantes,
497 1679 563 1722 enm
576 1662 713 1737 Apostolo
725 1662 816 1720 dicere
830 1661 933 1734 poteri·

132 1772 196 1816 mus
217 1779 223 1815 :
238 1760 342 1816 Scimus
353 1763 443 1815 autem
455 1759 583 1830 quoniam
596 1759 622 1814 si
634 1757 769 1813 terrestris
783 1756 878 1812 domus
886 1770 936 1811 ιο-
950 1755 975 1819 B
989 1756 1020 1811 iu
1039 1759 1169 1811 atomum
1188 1756 1276 1824 (locu.
1293 1752 1345 1827 ιιι).
1368 1752 1544 1826 Quapropter
1559 1750 1686 1812 festinam
1703 1751 1798 1813 debe-

132 1852 284 1923 straltujus
294 1853 470 1908 hamtamouis
481 1852 655 1915 dissoluatur,
664 1850 737 1921 quod
743 1851 935 1906 habitationum
988 1862 1062 1917 mus,
1079 1847 1104 1905 si
1118 1845 1314 1921 perlectionem
1332 1860 1426 1903 veram
1440 1844 1623 1904 desideramus
1639 1845 1790 1921 mingere,

133 1945 279 2003 babeamus
290 1962 325 2002 err
335 1949 399 2010 Deo,
419 1946 528 2002 domum
540 1960 594 2001 rou
607 1945 794 2012 manufactam
808 1946 936 1999 eternam
990 1948 1022 1999 ut
1034 1939 1270 2014 quemadmodum
1289 1954 1405 2013 corpore
1420 1948 1555 2013 parentes,
1571 1938 1698 2012 patriam,
1713 1938 1790 1998 diri·

88 2096 92 2103 ,
134 2041 164 2094 iu
181 2037 252 2094 ouis
268 2036 304 2110 (ll
319 2039 379 2095 Gor.
394 2041 431 2104 ι).
447 2039 482 2093 Et
500 2035 567 2093 illud
581 2032 655 2104 qnod
679 2033 760 2106 paulo
779 2039 842 2090 ante
857 2047 935 2089 eom·
990 2035 1041 2093 tias
1065 2034 1174 2106 muudi,
1207 2034 1414 2108 voluptatesque
1435 2032 1621 2106 despeximus,
1643 2033 1683 2090 ita
1707 2033 1797 2092 etiam

134 2130 367 2188 memoravimus:
380 2130 569 2184 Nosterautem
581 2127 873 2197 muricpatusiocoelis
881 2130 934 2194 ast;
989 2128 1073 2187 corde
1090 2120 1256 2186 baecomnia
1276 2127 1472 2201 relinquentes,
1490 2126 1566 2185 nulla
1586 2142 1682 2186 mrsus
1703 2126 1739 2185 ad
1761 2141 1798 2186 es

133 2221 415 2279 undemsnluatorem
425 2219 936 2292 easpecmmusDominumJesumGltri·
991 2240 1055 2299 quae
1077 2224 1231 2283 dimisimus
1248 2223 1471 2296 concupiscentie
1492 2231 1666 2282 revertamur
1688 2243 1696 2281 ε
1719 2224 1794 2284 siam

134 2319 216 2380 stum,
227 2313 940 2385 qutrerammumrpmiumilitatlrmstrccomau
992 2318 1029 2376 illi
1043 2318 1090 2392 qui
1107 2317 1198 2375 educti
1214 2333 1263 2390 per
1276 2318 1384 2387 Mosen,
1405 2333 1470 2375 cum
1488 2317 1583 2391 utique
1599 2333 1717 2390 corpore
1737 2333 1797 2376 non

134 2411 227 2464 ratum
232 2410 337 2479 corpori
346 2407 482 2463 olaritmis
493 2422 549 2464 suae
559 2407 670 2478 (Philip.
682 2409 735 2474 ιιι).
744 2407 780 2463 Et
791 2405 858 2464 illud
867 2406 939 2464 beati
990 2411 1133 2479 redissent,
1146 2409 1332 2468 cordetamen
1343 2409 1444 2468 reversi
1454 2409 1584 2468 dicuntur
1594 2409 1623 2466 in
1632 2413 1795 2486 AEgyptum

135 2500 249 2560 David:
267 2503 337 2570 Quin
349 2503 437 2557 incola
451 2517 497 2571 epo
509 2516 569 2556 sum
587 2503 617 2557 iu
638 2505 724 2572 terra,
735 2502 937 2574 elpereprinus,
991 2504 1088 2562 relicto
1101 2502 1207 2561 scilicet
1220 2506 1292 2573 Deo,
1306 2502 1353 2575 qui
1366 2517 1413 2560 eos
1422 2501 1552 2561 eduxerat
1570 2518 1635 2561 cum
1646 2510 1725 2562 tants
1735 2505 1799 2563 vir-

135 2592 939 2667 ucatomnesparumarrralarxvrnetcxvnr),nase-
991 2606 1051 2656 tute
1074 2595 1227 2673 signorum,
1252 2596 1324 2654 idola
1349 2597 1457 2671 AEgypti
1483 2612 1545 2670 qum
1568 2604 1802 2671 contempserant

135 2689 257 2748 cundum
276 2688 384 2747 Domini
405 2703 500 2746 vocam
518 2687 586 2745 tales
604 2685 765 2758 elidamur,
783 2687 878 2761 quales
900 2687 939 2745 illi
991 2699 1163 2762 venerantes,
1187 2690 1258 2749 sicut
1274 2690 1414 2764 Scriptura
1435 2698 1654 2751 commemorat:
1674 2684 1799 2751 ¹’iitro-

136 2781 171 2842 de
197 2782 298 2857 quibus
314 2782 375 2841 baec
394 2781 530 2840 Dominus
551 2778 587 2838 ad
612 2782 723 2838 Patrem
741 2779 770 2836 in
792 2780 939 2854 Evangelio
991 2785 1062 2844 versi
1082 2793 1147 2843 sunt
1163 2783 1294 2842 cordibus
1313 2783 1369 2841 suis
1384 2783 1414 2840 iu
1436 2785 1594 2859 AEgyptum,
1616 2783 1743 2846 dicentes
1758 2784 1799 2847 sd

136 2875 305 2951 loquebatur
320 2894 327 2932 :
342 2879 380 2933 De
391 2876 492 2933 mundo
501 2875 550 2932 lroe
563 2890 618 2931 aaa
626 2880 701 2939 suot,
715 2877 785 2931 simi
797 2880 874 2945 stepo
883 2889 937 2930 uon
994 2881 1100 2948 Aaron,
1112 2875 1159 2935 iac
1178 2876 1258 2934 uobis
1275 2876 1342 2935 deos
1357 2877 1403 2951 qui
1425 2877 1580 2951 praecedant
1598 2894 1666 2949 nos;
1680 2895 1719 2938 ne

138 2985 199 3028 sum
212 2970 247 3026 <le
256 2970 304 3026 icc
322 2969 422 3026 muodo
439 2971 526 3039 (Joau.
541 2967 632 3039 xvir).
647 2968 686 3025 Et
698 2981 809 3025 mesum
823 2966 859 3025 ad
870 2968 942 3040 ipsos
993 2971 1047 3028 illis
1061 2971 1143 3029 etiam
1158 2969 1260 3044 pariter
1268 2970 1495 3042 condemnemur,
1508 2972 1555 3046 qui
1568 2973 1596 3029 in
1605 2987 1702 3032 eremo
1714 2987 1802 3032 com·

137 3063 277 3136 apostolos
303 3061 404 3121 asida
416 3062 464 3118 linc
480 3060 582 3117 maudo
603 3062 705 3130 essetis,
731 3059 849 3117 mundus
869 3060 941 3132 quod
993 3072 1146 3134 morantes,
1160 3072 1224 3137 post
1244 3079 1335 3123 escam
1353 3080 1463 3123 mannae
1481 3065 1600 3124 eoelestis
1621 3066 1801 3126 desiderare·

140 3169 219 3213 suum
231 3157 390 3225 arctatique
401 3152 541 3224 diliperet3
551 3153 673 3224 sedquia
682 3154 770 3210 deboc
779 3137 975 3211 muadooooC
992 3166 1057 3215 runt
1080 3157 1211 3215 vitiorum
1234 3156 1347 3227 fetidos,
1371 3173 1404 3216 sc
1428 3158 1549 3217 sordidae
1575 3160 1686 3219 vilitatis
1705 3161 1799 3234 orbos,

138 3253 213 3315 estis,
229 3249 276 3307 sed
289 3263 337 3319 epo
347 3247 416 3318 alepi
428 3263 473 3304 aas
486 3247 521 3303 sle
533 3251 581 3304 lroc
601 3249 713 3312 mundo,
725 3252 870 3321 propterea
880 3247 940 3306 odit
994 3269 1098 3327 nosque
1113 3253 1228 3313 cumeis
1242 3253 1370 3310 similiter
1382 3268 1554 3312 murmurare
1562 3253 1715 3314 videamur.
1727 3259 1804 3322 Dare

137 3361 182 3403 uos
195 3346 315 3404 muudus
336 3346 423 3414 (Joaa.
446 3344 506 3417 xv).
529 3343 619 3418 Hujus
639 3359 704 3418 ergo
727 3343 942 3403 renuntiationis
993 3349 1069 3406 uobis
1082 3353 1139 3406 erat
1150 3351 1181 3404 ia
1192 3351 1316 3420 AEpppto,
1330 3349 1380 3403 ubi
1390 3348 1546 3407 sedebamus
1556 3363 1636 3422 super
1652 3351 1723 3409 ollas
1735 3368 1803 3412 aar·

138 3438 225 3495 tertioe
237 3453 330 3497 raram
339 3435 536 3510 perfectionem
547 3445 613 3495 tunc
625 3437 793 3496 merebimur
801 3436 937 3509 obtinere,
995 3445 1073 3498 uiam
1085 3446 1112 3498 et
1123 3442 1323 3499 comedebamus
1337 3457 1414 3513 cepas
1423 3445 1455 3516 et
1467 3443 1545 3507 allia,
1556 3446 1749 3511 etcummeres,
1766 3453 1810 3505 et·

139 3533 251 3607 quando
275 3550 353 3591 mens
366 3543 469 3601 nostra,
484 3535 560 3593 nullo
577 3549 684 3592 carneae
706 3534 876 3609 pinguedinis
887 3533 938 3592 be·
993 3537 1214 3610 peponesOEaod.
1225 3551 1292 3606 ιιι.
1303 3538 1385 3596 Num.
1396 3541 1450 3603 ιι).
1465 3536 1803 3612 Quaebgamlioetinillo

139 3627 230 3686 betata
252 3627 387 3701 cantapia,
412 3627 461 3686 sed
480 3626 651 3700 peritissimis
670 3625 871 3686 elimationibus
891 3643 938 3686 er·
996 3630 1164 3704 praecesserit
1173 3630 1284 3704 populo,
1297 3638 1391 3688 umen
1399 3646 1476 3689 nune
1484 3646 1661 3705 quoqneeam
1672 3632 1805 3707 quotidie

139 3723 225 3796 polita
239 3723 274 3781 ab
287 3722 363 3780 omni
376 3721 477 3781 aflectu
489 3720 658 3795 etqualitate
670 3729 849 3796 terrena‚per
859 3721 940 3781 inde·
996 3725 1026 3782 in
1048 3733 1144 3782 nostm
1169 3723 1266 3783 ordine
1287 3740 1319 3783 ac
1342 3724 1510 3799 professione
1531 3725 1657 3785 videmus
1674 3728 1800 3802 impleri.

137 3816 276 3875 sinentem
286 3816 441 3876 divinarum
450 3814 658 3874 meditationem
670 3815 873 3889 Scripturarum
881 3815 938 3889 spi·
996 3817 1095 3878 Omnis
1103 3817 1178 3877 enim
1191 3817 1358 3892 quicumque
1380 3826 1444 3892 post
1457 3819 1688 3878 renuntiationem
1702 3820 1803 3881 mnndi

139 3910 287 3987 ritalesque
305 3911 436 3982 bruerias,
457 3909 493 3968 ad
511 3910 557 3969 illa
570 3925 632 3984 quae
648 3908 794 3969 invisibilia
819 3919 885 3968 sunt
905 3925 939 3969 eo
998 3910 1081 3987 hujus
1107 3910 1142 3970 ad
1158 3911 1267 3985 antiqua
1284 3912 1429 3969 revertitur
1446 3911 1548 3983 studia,
1568 3921 1598 3970 et
1617 3912 1655 3971 ad
1682 3914 1803 3988 pristina

139 4022 226 4080 usque
239 4007 387 4074 mandem,
400 4014 431 4063 ut
449 4005 647 4064 circumdatam
658 4020 687 4063 se
699 4003 943 4079 fragilitatemrnis
997 4004 1131 4066 desideria
1142 4013 1298 4075 revocatur,
1311 4005 1372 4064 bec
1390 4005 1486 4064 eadam
1505 4022 1570 4064 cum
1591 4007 1646 4064 illis
1662 4021 1748 4080 opere
1763 4022 1801 4066 ac

140 4117 173 4159 ac
182 4103 238 4160 situ
250 4101 383 4178 corporis,
396 4101 521 4177 supernis
532 4107 560 4161 et
574 4100 739 4174 incorporeis
753 4099 869 4170 intenta,
883 4115 944 4159 non
996 4108 1090 4158 mente
1101 4099 1260 4174 proclamat,
1270 4097 1364 4157 dicens
1380 4100 1467 4156 :Deae
1477 4100 1547 4156 milii
1556 4103 1616 4156 erat
1630 4102 1659 4155 ia
1669 4103 1800 4172 sappus.

141 4197 254 4267 seruat,
270 4205 352 4271 atque
373 4198 402 4255 in
423 4195 581 4271 huiusmodi
608 4195 728 4270 rapiatur
747 4209 884 4266 excessus,
912 4199 945 4252 ut
997 4194 1124 4266 Quorum
1137 4209 1233 4253 vereor
1254 4206 1290 4249 ne
1304 4199 1380 4250 tanta
1402 4191 1563 4251 invenienda
1585 4192 1621 4251 sit
1637 4192 1803 4267 multitudo,

141 4302 199 4345 non
208 4290 301 4345 solum
311 4288 491 4348 nullasvoces
502 4288 598 4349 auditu
609 4289 745 4363 corporali
759 4288 880 4363 recipiat,
891 4302 943 4346 nec
998 4297 1113 4362 quantas
1129 4297 1197 4346 tunc
1210 4287 1352 4345 sublices
1364 4287 1603 4360 praerarimntium
1618 4286 1718 4346 turbas
1729 4287 1804 4363 legi·

54 4412 56 4417 -
142 4381 280 4438 intuendis
292 4383 515 4454 pretereuntium
527 4371 674 4440 bominum
689 4382 851 4456 imaginibus
864 4396 944 4441 occu·
996 4396 1059 4439 mus
1068 4381 1212 4438 exstitisse.
1227 4383 1299 4437 Nam
1316 4395 1380 4436 cum
1393 4389 1519 4438 sescenta
1530 4380 1616 4438 millia
1626 4389 1806 4440 arbustorum

143 4480 234 4545 petar,
254 4472 303 4530 sed
318 4488 353 4529 ne
374 4473 514 4532 adstantes
532 4472 641 4546 quidem
659 4474 790 4533 arborum
814 4476 946 4534 moleret
997 4473 1032 4532 de
1045 4477 1162 4549 AEgypto
1183 4473 1410 4547 denumerentur
1421 4488 1539 4548 egressa,
1560 4489 1593 4532 er
1608 4473 1650 4532 bis
1662 4488 1718 4530 non
1732 4480 1802 4531 sunt

987 1572 1100 1631 morters
1115 1567 1190 1638 (Hel.
1206 1571 1263 1634 ιι).
1279 1569 1385 1640 Dequa
1402 1573 1495 1623 morte
1512 1565 1689 1623 Dominusin
1701 1568 1797 1624 Evan-

988 1660 1058 1735 gelio
1073 1677 1080 1715 :
1095 1662 1149 1730 Qui
1158 1661 1236 1724 uiuit,
1249 1658 1346 1732 inquit,
1358 1664 1385 1715 et
1397 1659 1579 1724 crediliume,
1593 1675 1647 1716 nou
1661 1663 1798 1718 morietur

143 4565 268 4640 ingentes
296 4565 426 4624 materias
453 4567 574 4642 objectas
598 4566 684 4624 oeulis
708 4567 798 4624 carnis
819 4567 941 4641 aspiciat.
957 4555 982 4619 D
997 4566 1115 4641 amplius
1135 4583 1218 4641 quom
1233 4565 1288 4625 duo
1309 4575 1416 4625 tantum
1437 4575 1539 4625 terram
1552 4567 1743 4640 promissionis
1759 4567 1807 4625 in·

690 4719 818 4777 tasum
836 4721 951 4779 GAZAEI
969 4721 1251 4781 COMMENTARlUS.

179 4854 387 4914 ¹Duo'iuerunt
396 4854 492 4914 Enoch
504 4855 561 4913 sive
570 4854 774 4925 Henocb,alter
787 4855 860 4914 filius
871 4855 949 4925 Cain,
1004 4857 1108 4914 Eccles.
1120 4871 1194 4914 ιιιι
1209 4855 1319 4912 :Emori
1328 4857 1435 4938 placuit
1445 4861 1509 4925 Deo,
1523 4858 1710 4913 ettrauslatus
1724 4861 1766 4913 est
1777 4859 1808 4913 ris

145 4927 246 4984 Grues.
260 4941 308 5007 ry,
322 4927 392 4984 alter
404 4927 476 4985 lilius
485 4926 577 4998 Jarcd,
590 4927 730 5055 degenere
739 4927 815 4998 Seth,
831 4936 858 4985 et
869 4928 950 5002 septi·
1003 4929 1178 4997 Paradisum,
1194 4935 1247 4984 etc.
1262 4930 1364 4997 Tertia,
1376 4927 1451 5000 quod
1463 4927 1552 4985 adbuc
1565 4935 1706 5001 superstes
1718 4929 1763 4996 sit,
1777 4934 1808 4985 ot

146 5011 211 5053 mus
223 4994 259 5052 ab
273 5010 345 5069 rpso,
358 4999 459 5055 Genea.
473 5013 500 5062 v,
514 4998 548 5056 de
562 5013 616 5070 quo
652 4999 949 5073 icagitur:cujusin·
1002 4999 1121 5057 necdum
1143 5006 1281 5066 mortuus,
1301 5012 1353 5055 noc
1375 4998 1514 5073 usquead
1533 5000 1809 5058 consummationem

145 5068 432 5141 siguesprterogativae
440 5068 687 5142 tresinscripturis
696 5071 850 5128 traduntur.
860 5071 948 5128 Prima
1002 5070 1095 5128 saeculi
1111 5069 1238 5127 credatur
1251 5070 1411 5128 moriturus.
1434 5069 1551 5127 Disertis
1564 5069 1657 5127 verbis
1671 5070 1711 5128 ait
1729 5076 1811 5145 Apo·

145 5138 221 5211 quod
236 5137 386 5196 ambulavit
398 5154 462 5195 cum
470 5139 710 5207 Deo‚sivecoram
719 5141 948 5214 Deo,pbrasiiie
1002 5141 1091 5199 stolus
1103 5141 1138 5198 ad
1152 5141 1283 5198 Hebraeos
1302 5161 1308 5197 ε
1328 5143 1395 5199 rrae
1414 5142 1504 5199 anclt
1521 5142 1673 5198 translatus
1693 5147 1745 5212 est,
1773 5157 1808 5199 sse

146 5210 252 5276 braiea,
264 5225 318 5282 qus
340 5208 484 5282 singularis
498 5207 557 5281 ejrrs
569 5225 631 5284 erga
644 5213 732 5269 Deum
747 5213 833 5283 pietas
846 5221 874 5268 et
886 5212 947 5269 vitae
1000 5213 1105 5270 armaret
1123 5216 1236 5269 mortem
1257 5213 1334 5282 (Hel.
1360 5212 1415 5286 ιι).
1441 5213 1525 5272 Unde
1549 5221 1642 5285 aperte
1663 5212 1809 5285 colligimr

145 5281 279 5336 sauctitas
291 5280 451 5354 designatur
468 5282 596 5351 (Aupmt.
612 5298 653 5339 xv
677 5282 710 5339 de
724 5284 803 5340 Genu.
823 5285 874 5338 Dei
886 5298 944 5354 cap.
1001 5282 1456 5352 Enochnondumessemortuum
1467 5283 1515 5341 sed
1531 5283 1696 5340 moriturum
1707 5291 1809 5340 tamen

148 5348 644 5420 tu).ldemenimestambularecum
655 5357 713 5410 Deo
726 5353 946 5426 velcoramDeo,
1000 5352 1156 5426 aliquando,
1179 5355 1242 5428 quia
1260 5354 1339 5427 Juxta
1363 5355 1517 5428 generalem
1541 5355 1592 5412 Dei
1612 5352 1809 5411 armotiam:

147 5436 180 5479 ac
192 5420 333 5478 ambulare
352 5422 381 5479 in
403 5423 447 5481 via
469 5423 582 5480 Domini
602 5425 644 5482 vel
664 5423 692 5480 in
712 5423 857 5495 praeceptis
871 5422 943 5497 ejus,
999 5422 1139 5483 statutam
1148 5432 1186 5482 est
1197 5428 1321 5483 manibus
1334 5427 1485 5483 bominibus
1498 5426 1658 5483 semimari.
1674 5423 1749 5481 Eeb.
1768 5439 1809 5484 rx

145 5501 195 5550 aut
203 5493 308 5565 placere
320 5496 472 5563 Deo‚sicut
484 5496 564 5552 Lxx
573 5495 734 5566 interpretes
747 5509 797 5565 pro
809 5508 843 5550 eo
857 5502 944 5554 verte·
1000 5497 1078 5566 (Gru.
1094 5499 1141 5567 ιι).
1152 5498 1221 5554 Vide
1235 5499 1263 5555 S.
1280 5498 1417 5556 'lbomam
1425 5497 1454 5555 in
1467 5497 1552 5570 Epist.
1568 5497 1603 5556 ad
1613 5497 1762 5567 liebraeos,
1779 5504 1809 5555 et

146 5571 234 5620 runt:
259 5566 364 5622 Placuit
384 5570 448 5624 Deo.
470 5566 552 5625 Unde
572 5575 601 5623 et
616 5563 734 5623 Abrabae
759 5564 828 5622 dixit
848 5568 943 5625 Deus:
997 5568 1139 5625 Pererium
1155 5568 1183 5624 in
1198 5570 1342 5627 Genesim.

146 5636 731 5709 Ambulacoramme,etestoperfectus(lien.
740 5640 832 5703 xvir).
841 5637 943 5695 Secum
1032 5636 1173 5698 bVidetur
1187 5640 1361 5698 Auctorbaec
1374 5638 1455 5698 verba
1479 5647 1623 5712 tamquam
1636 5656 1652 5699 e
1663 5640 1810 5715 Scriptura

146 5703 193 5776 da,
208 5704 283 5778 quod
298 5707 333 5762 sit
350 5711 438 5765 sDeo
452 5707 608 5765 translatus.
627 5707 673 5762 Ait
687 5707 760 5764 enim
774 5708 936 5782 Scriptura:
992 5709 1089 5783 citare,
1124 5727 1167 5770 use
1181 5721 1275 5770 tamen
1289 5711 1567 5787 ineditionevulgata
1581 5712 1804 5779 nonbubentur,

146 5779 182 5834 st
196 5792 249 5833 aon
262 5781 401 5850 apparuit,
416 5781 482 5850 quia
497 5779 559 5836 mlit
578 5795 638 5836 eum
663 5783 744 5836 Deus.
759 5779 831 5838 Gen.
850 5796 884 5850 r;
911 5788 941 5838 et
992 5797 1045 5841 uec
1057 5726 1131 5858 apa‘d
1142 5783 1229 5842 alium
1240 5791 1382 5844 auctorem
1394 5784 1511 5857 reperire
1523 5784 1610 5858 potui.
