3848 6158
134 251 187 309 811
675 254 860 315 soliano
879 258 911 313 11.
930 287 967 299 -
985 257 1030 314 DE
1048 256 1238 315 unstrout.
1738 262 1791 323 818

134 376 289 451 diligentius
303 377 504 435 observandum
522 386 572 448 est,
591 386 623 436 ut
634 380 764 438 intrantes
777 382 805 437 in
819 380 934 438 cubicu—
947 386 976 448 Α
990 396 1043 453 qne
1057 390 1097 438 ost
1110 381 1273 438 sacrilleinm
1294 398 1399 450 rerrrm,
1420 382 1485 455 quia
1498 384 1661 452 marineium
1675 391 1727 443 beo
1737 389 1793 458 spi·

135 470 194 529 lnm
215 480 340 530 nostrum
355 473 449 529 clauso
475 471 546 529 ostio
572 480 667 530 nostro
692 488 803 531 oremus
825 476 936 531 Patrem
991 476 1063 532 ritus
1075 477 1271 532 ommentans
1287 475 1368 548 (Psoi.
1386 474 1425 549 s).
1451 478 1520 532 llaec
1537 477 1661 535 salutaris
1676 478 1790 547 oblatio,

134 574 260 623 nostrum
273 568 381 633 (Metti.
406 568 462 636 vr),
489 565 564 639 qnod
589 567 699 625 anobis
715 567 753 625 ita
766 567 935 641 implebitur.
992 569 1120 626 istasunt
1141 585 1209 642 pura
1225 569 1367 637 libamina,
1396 569 1467 627 istud
1491 574 1654 642 roaticium
1672 574 1793 643 justitie

135 662 209 718 lutra
223 669 351 718 nostrum
359 661 516 718 cubiculum
537 661 731 735 supplicamns,
746 677 810 718 enm
825 661 860 717 ab
872 677 938 718 om·
990 664 1096 732 (ibid),
1107 663 1179 720 istud
1187 668 1350 736 sacrificium
1362 666 1451 722 luridis
1459 667 1542 733 (Psal.
1558 666 1718 735 ternplum
1728 673 1793 723 snat

134 756 213 813 nium
227 758 426 831 cogitationum
450 756 505 814 sire
526 756 744 815 sollicitudinum
757 757 873 831 strepitu
888 774 936 815 cor
988 772 1102 815 aeraeac
1122 759 1236 833 pingues
1264 758 1372 827 bestiae,
1397 759 1448 816 ista
1471 768 1536 817 sunt
1565 762 1793 819 holocaustomata

134 858 262 907 nostrum
275 852 383 923 penitus
403 859 573 919 amoventes,
597 860 703 910 secreto
718 852 837 926 quodam
851 852 934 911 modo
987 854 1136 909 medullata
1156 856 1238 921 (Psoi.
1261 860 1342 924 uxr),
1355 870 1416 926 qrrae
1449 856 1575 913 contritis
1599 862 1625 912 et
1640 855 1792 914 humiliatis

135 958 168 1000 ac
195 942 361 1001 familiariter
386 960 480 1018 preces
492 952 599 1003 nostras
616 946 736 1004 Domino
768 946 930 1003 referamus.
988 948 1115 1007 cordibus
1136 947 1306 1019 offerentum
1327 965 1442 1022 quiaque
1460 951 1511 1007 bac
1527 968 1580 1023 qna
1600 950 1721 1008 diximus
1747 950 1791 1008 di-

134 1038 234 1096 Clanso
271 1055 382 1097 oramus
406 1041 493 1109 ostio,
515 1056 579 1098 cum
604 1040 706 1098 strictis
728 1040 807 1099 labiis
832 1040 935 1099 nostris
986 1041 1099 1115 sciplina
1127 1050 1154 1097 et
1176 1042 1326 1099 intentione
1344 1042 1454 1115 spiritus
1482 1044 1649 1111 exhibentes,
1682 1044 1786 1102 efficaci

135 1132 268 1205 omnique
279 1132 386 1190 silentio
398 1132 592 1206 supplicamus,
608 1149 665 1191 non
680 1150 790 1203 recum,
808 1133 857 1191 sed
870 1150 935 1191 cor·
988 1135 1139 1208 poterimus
1167 1135 1265 1191 virtute
1287 1142 1415 1192 cantare:
1444 1139 1584 1206 nir-eatur
1610 1141 1698 1193 oratio
1727 1154 1786 1195 mco

134 1224 213 1283 dium
241 1228 397 1284 scrutatori.
424 1230 456 1284 ln
483 1227 644 1287 abscondito
680 1243 801 1300 oramus,
825 1228 935 1302 qnando
987 1230 1055 1284 aaut
1076 1229 1212 1285 irucrrsum
1231 1232 1261 1283 ia
1280 1234 1420 1300 comperta
1435 1234 1492 1293 tuo,
1521 1231 1631 1285 elevatio
1659 1247 1789 1289 raaaaum

134 1320 219 1379 corde
233 1330 351 1393 tantum,
372 1322 515 1380 etintenta
542 1333 634 1381 mente
656 1324 801 1396 petitiones
824 1332 934 1379 nostras
986 1338 1106 1378 mearum
1126 1325 1288 1392 sucmfieium
1316 1325 1497 1393 uespertinum
1522 1324 1691 1392 (Partem).
1711 1322 1792 1393 erod

133 1412 185 1469 soli
201 1415 346 1487 pendimus
359 1417 428 1483 Deo,
448 1416 485 1472 ita
506 1426 536 1474 ιιι
552 1433 587 1474 ne
610 1417 677 1490 ipsae
690 1416 801 1488 quidem
812 1416 935 1475 adversae
987 1415 1070 1472 etiam
1084 1430 1135 1472 nos
1149 1424 1301 1488 opportuna
1315 1422 1474 1472 commonet
1484 1416 1628 1473 devotione
1639 1418 1792 1488 persolvere

133 1506 240 1563 valeant
252 1517 400 1581 potestates
413 1525 499 1584 genus
514 1517 614 1567 noslrae
625 1509 763 1581 petitionis
776 1525 933 1583 agnoscere.
987 1508 1064 1567 liora
1077 1510 1161 1584 ipsius
1175 1526 1207 1566 ac
1220 1510 1308 1567 noetis
1318 1510 1450 1567 adrentus
1464 1510 1515 1568 :de
1527 1527 1582 1584 quo
1596 1511 1709 1584 quidem
1725 1512 1791 1569 licet

135 1601 331 1675 Propterqnod
342 1619 408 1660 cum
422 1619 534 1661 summo
548 1603 735 1663 estorandnm
747 1604 866 1675 silentio,
877 1620 934 1662 non
988 1619 1038 1677 pro
1056 1604 1195 1661 tenuitatis
1205 1612 1307 1662 nostra
1323 1619 1452 1661 mensura
1461 1604 1548 1661 multa
1561 1605 1665 1677 prolata
1677 1606 1792 1662 ridean-

134 1695 224 1754 solnm
237 1712 271 1752 ne
288 1696 387 1755 fratres
402 1706 523 1756 astantes
549 1699 652 1756 nostris
672 1700 794 1756 susurris
808 1699 849 1755 rel
875 1700 935 1755 cla·
988 1706 1042 1768 tnr,
1058 1698 1161 1772 diuque
1177 1700 1214 1755 sit
1233 1707 1370 1772 protracta
1394 1698 1515 1768 collatio,
1544 1713 1594 1772 pro
1621 1699 1791 1756 sublimitate

134 1791 258 1848 moribus
271 1809 428 1863 avocemus,
451 1795 627 1850 otorantium
651 1792 973 1867 sensibusobstrepa-13
989 1798 1078 1847 tamon
1097 1808 1128 1848 ao
1140 1790 1304 1849 difficultate
1316 1792 1436 1849 materiae
1449 1792 1543 1865 paucis
1559 1790 1712 1848 admodum
1728 1805 1789 1847 cre·
1814 1844 1818 1857 ,

134 1898 214 1955 mum
235 1885 283 1943 sed
298 1895 329 1943 ιιι
353 1888 427 1960 ipsos
451 1903 560 1960 qnoque
586 1886 711 1945 inimicos
735 1895 855 1955 nostros,
884 1887 930 1959 qni
987 1884 1079 1942 dimus
1091 1883 1269 1957 disputatum.
1283 1886 1333 1941 llis
1345 1886 1445 1943 sanctis
1457 1885 1633 1943 sermonibus
1647 1884 1790 1957 stupefacti

135 1981 367 2039 orantibusnobis
391 1983 512 2039 maxime
528 1982 703 2048 insidiantur,
720 1982 804 2038 lateat
830 1989 934 2039 nostrae
990 1979 1175 2053 potiusquam
1195 1979 1327 2052 repleti,⁶
1352 1980 1502 2051 vespertina
1522 1980 1616 2053 synaxi
1642 1979 1790 2047 celebrata,

134 2074 277 2146 petitionis
289 2074 416 2131 intentio.
432 2076 472 2131 lta
491 2075 564 2131 enim
579 2084 746 2148 pracceptum
763 2073 830 2133 illud
841 2075 936 2147 imple·
989 2087 1086 2145 sopore
1100 2072 1242 2145 paululum
1260 2073 1383 2128 membra
1404 2074 1581 2143 laxavimus,
1591 2068 1735 2145 primoque
1747 2072 1789 2130 di·

136 2165 230 2223 bimus
245 2175 279 2222 ι·
300 2168 390 2223 Abeo
414 2184 475 2237 qua
500 2168 600 2224 dormit
620 2172 649 2224 in
669 2170 733 2225 siau
749 2174 806 2233 tuo,
833 2170 937 2225 custodi
990 2166 1082 2223 lucnlo
1096 2167 1231 2238 supplices
1245 2166 1280 2223 de
1302 2168 1425 2241 pleniore
1440 2176 1557 2224 tractatu
1579 2168 1677 2224 iterum
1698 2182 1790 2224 rerer·

137 2260 257 2316 claustra
268 2264 322 2316 oris
337 2264 380 2316 tui
393 2263 498 2325 (Micia
512 2262 582 2333 ru).
990 2258 1057 2327 suri,
1083 2259 1119 2316 ad
1142 2269 1236 2317 nostra
1257 2259 1445 2329 discessimus,
1460 2269 1517 2317 tam
1541 2261 1575 2317 dc
1589 2268 1789 2334 praeceptorum

396 2397 517 2454 CAPUT
536 2398 661 2454 XXXV!
993 2352 1179 2425 acquisitione,
1201 2371 1284 2427 quam
1298 2356 1332 2413 de
1346 2356 1548 2429 promissomm
1567 2355 1711 2412 securitate
1723 2370 1790 2429 gau·

333 2514 359 2524 ..
498 2514 503 2527 ι
629 2516 635 2525 ,
666 2440 673 2451 ”
751 2512 758 2526 .
799 2514 805 2525 ,
992 2444 1098 2503 dentes.
1127 2449 1319 2505 Excellentiam
1335 2448 1470 2521 siqnidem
1488 2450 1621 2506 orationis
1638 2448 1718 2505 nobis
1727 2456 1789 2505 tan·

242 2514 280 2569 Μ
293 2512 414 2567 “amate
430 2514 517 2569 brem
533 2518 560 2570 ⁰⁸
580 2517 669 2568 ’ΜΨ
683 2517 827 2569 mmm&
991 2541 1136 2598 tummodo
1152 2551 1399 2615 premonstratam,
1413 2543 1539 2600 ordinem
1554 2557 1619 2598 rero
1638 2550 1720 2613 atque
1733 2541 1789 2598 vir·

171 2634 301 2708 Obquod
316 2637 502 2710 ¹’frequenter
533 2638 653 2711 quidem,
682 2637 730 2694 sed
760 2637 880 2693 breviter
896 2646 938 2694 est
991 2640 1157 2707 tutamque
1176 2637 1259 2691 etiam
1279 2638 1447 2709 perpetuitas
1473 2636 1542 2708 ejus,
1558 2635 1600 2691 rel
1626 2632 1789 2706 acquirenda

135 2728 281 2798 orandum,
295 2745 330 2786 ne
355 2729 565 2788 immomntibus
583 2731 675 2799 nobis,
703 2730 822 2786 inserere
836 2730 937 2803 aliquid
992 2739 1043 2797 est,
1073 2731 1112 2784 rel
1135 2730 1263 2795 tenenda,
1283 2731 1402 2787 necdum
1428 2747 1479 2788 nos
1498 2730 1602 2802 integre
1637 2730 1789 2801 percepisse

135 2830 230 2880 nostro
244 2823 320 2881 cordi
336 2823 480 2882 insidiator
493 2825 578 2898 possit
599 2824 736 2881 inimicus.
758 2824 835 2881 lstud
855 2839 935 2879 nam·
993 2823 1046 2880 illis
1060 2824 1289 2895 disputationibus
1303 2840 1484 2882 senseramus.

679 2948 807 3004 stiunt
826 2948 936 3004 GAZAEl
956 2946 1236 3005 COMMENTARIUS.

130 3060 164 3112 ut
174 3058 201 3111 si
205 3059 276 3124 sorte
288 3057 382 3126 eliensi,
391 3057 575 3126 praeterieras
585 3059 753 3119 comtitrrtas,
764 3059 788 3111 si
796 3060 833 3112 ris
843 3061 930 3124 aruerat,
984 3058 1062 3111 modo
1074 3058 1258 3123 merebantur,
1275 3063 1301 3113 at
1317 3072 1370 3113 rea
1382 3060 1490 3127 peritas
1508 3073 1560 3112 aon
1569 3058 1741 3112 audiebatur.

128 3142 208 3184 orare
218 3129 356 3190 salue-int,
382 3143 435 3181 nou
449 3130 488 3182 eis
501 3130 558 3183 siat
578 3128 775 3197 impedimento.
799 3129 853 3185 Ubi
870 3128 931 3182 ride
1021 3130 1083 3185 'Nc
1093 3132 1212 3198 profueris
1225 3130 1297 3199 praed
1308 3131 1422 3187 Samson
1435 3130 1552 3184 allrrlila
1565 3144 1661 3199 passas
1682 3133 1731 3193 est,
1745 3127 1785 3185 ait

128 3198 259 3257 Umberti
270 3197 516 3254 Commentarium.
526 3201 554 3254 S.
564 3198 631 3254 item
648 3198 811 3253 Benedictus
824 3212 884 3268 cap.
896 3204 930 3252 52
985 3195 1040 3253 dir.
1057 3199 1254 3271 Hieronymus.

127 3270 261 3343 naula:
293 3271 408 3339 Expleta
426 3284 504 3338 optare
520 3273 578 3331 liei.
592 3284 679 3324 omnes
696 3283 799 3323 srrmmo
822 3270 966 3336 silentioc
1016 3270 1132 3325 ¹‘loeus
1150 3269 1290 3324 notandus
1311 3269 1339 3323 in
1365 3270 1637 3326 commendationem
1659 3267 1784 3325 lucrium

128 3348 237 3404 occant,
252 3344 277 3397 et
293 3346 394 3409 apertur
407 3343 555 3395 reuerentia
571 3344 631 3403 beo,
646 3344 678 3394 ut
693 3340 782 3405 freter
794 3341 844 3409 pai
855 3341 928 3406 lor-lc
981 3346 1010 3394 et
1018 3339 1246 3421 joculatoriorum
1271 3340 1436 3406 orationum,
1456 3340 1601 3411 dequibus
1623 3341 1708 3395 etiam
1720 3340 1787 3413 alias

127 3414 182 3470 abt
192 3414 370 3483 pemtlr'arr'ter
382 3411 441 3466 cult
457 3427 549 3473 orara,
563 3427 615 3466 aaa
633 3411 799 3481 impediebar
815 3411 927 3464 alterius
981 3423 996 3464 e
1017 3425 1089 3464 rmus
1102 3412 1172 3477 (bib.
1186 3424 1209 3464 ιι
1224 3412 1345 3465 iratam.
1361 3425 1384 3463 c.
1403 3416 1467 3477 10):
1492 3410 1592 3482 quibus
1606 3411 1686 3481 qnasi
1710 3410 1787 3465 sein-

129 3485 312 3555 improbitate.
335 3483 387 3538 Sed
406 3486 431 3536 et
449 3483 475 3535 si
491 3483 561 3548 sorte
582 3483 650 3537 alter
665 3482 723 3537 uult
740 3482 793 3535 sibi
803 3484 927 3536 secretius
982 3425 1045 3535 Mus
1060 3496 1108 3535 cor
1125 3489 1252 3535 nostmm
1276 3479 1442 3543 accenditur,
1460 3489 1486 3536 et
1512 3481 1589 3552 qnasi
1615 3481 1786 3551 quibusdam

128 3568 220 3617 orare,
234 3555 391 3625 simpliciter
405 3554 489 3607 intret
499 3557 525 3608 et
536 3558 603 3617 oret,
617 3569 670 3608 nora
683 3555 713 3607 m
727 3554 842 3607 clamosa
855 3566 925 3615 rece,
983 3551 1082 3634 jaculis
1093 3566 1141 3606 cor
1158 3552 1206 3606 Dei
1226 3550 1381 3617 confletur.
1396 3554 1436 3608 De
1449 3566 1563 3623 quartum
1580 3568 1629 3608 usu
1643 3551 1786 3607 morraclris

130 3626 217 3681 tedia
229 3626 396 3695 lacrymosas
413 3626 656 3688 intentioneomdr's,
667 3632 719 3680 etc.
736 3623 859 3696 Denique
871 3625 931 3679 Cae·
986 3623 1039 3678 rllis
1058 3622 1230 3694 frequentato
1254 3631 1281 3678 et
1303 3619 1425 3678 familiari
1438 3624 1474 3679 ita
1496 3623 1550 3679 dir.
1569 3623 1736 3695 Anprrstinus
1752 3622 1787 3679 ad

128 3696 244 3753 cariosa
264 3699 474 3752 Turreoremato
491 3697 590 3753 citatus
607 3714 615 3751 ε
633 3698 705 3753 Ante
719 3699 820 3759 omnia,
845 3694 932 3765 inquit
987 3694 1104 3751 Prolram
1130 3697 1228 3764 (Eprirt.
1250 3698 1330 3759 tati:
1353 3697 1488 3751 Dabuntur
1497 3698 1599 3763 srrrtras
1616 3698 1647 3750 in
1670 3699 1787 3766 AEeppto

128 3768 232 3839 (macr.
247 3771 296 3823 118
309 3770 336 3821 in
350 3768 500 3839 Reperiam),
513 3770 615 3837 fraires
628 3770 690 3830 mei,
701 3770 802 3837 quoties
816 3768 934 3820 orationi
985 3767 1103 3821 crebrius
1122 3767 1230 3837 quidem
1250 3766 1347 3820 babere
1361 3769 1503 3829 erutiones,
1516 3767 1562 3821 soal
1573 3782 1617 3820 eus
1631 3772 1720 3820 tarmen
1732 3767 1786 3820 bre

129 3840 499 3902 mmmlimusramsr'leute
509 3842 627 3907 eteuiele
638 3838 931 3906 srrpplr‘corcdebrmus:
985 3839 1108 3891 sissimus
1131 3841 1155 3892 et
1170 3840 1269 3906 ruptim
1288 3837 1482 3905 quodammodo
1496 3837 1641 3905 ejorulatas
1658 3855 1667 3888 :
1683 3840 1720 3893 Ne
1737 3835 1786 3890 illu

173 3914 194 3965 'r
209 3915 370 3981 pariamque
380 3909 494 3963 colrterr't
507 3908 629 3961 tumultu
638 3922 698 3959 occa
708 3908 838 3967 claruere,
848 3908 932 3958 omui·
986 3909 1133 3976 cipilnrrter
1143 3912 1240 3970 crecta,
1254 3910 1414 3977 quecoranti
1420 3908 1568 3977 plurimum
1578 3908 1785 3967 necessariora,

129 3926 271 4053 ffljrtatu
295 3998 323 4035 se
336 3979 471 4035 stantibus
485 3976 613 4030 orationis
637 3975 872 4041 smrotamcidctur
885 3990 934 4027 au-
985 3979 1547 4047 pcrprodurtr'oresruerasccunoscatulqrre
1560 3978 1788 4032 bebeteturiutert-

128 4054 212 4122 [erre.
222 4055 339 4121 llupr‘tas
350 4053 465 4107 turrium,
477 4047 640 4114 etsmrpirr‘u,
653 4045 695 4097 eal
709 4047 812 4111 pemitu
822 4044 935 4097 audiaa-
988 4048 1035 4099 tio.
1051 4049 1089 4100 Aa
1105 4063 1154 4115 per
1164 4050 1210 4101 boc
1219 4051 1301 4101 etiam
1314 4051 1370 4117 ipsi
1381 4052 1447 4103 salis
1461 4050 1603 4103 ostendunt
1617 4050 1686 4102 barro
1698 4048 1788 4101 iuterr-

131 4128 188 4180 fur.
200 4128 268 4179 Nam
283 4122 370 4173 curtio
386 4122 475 4171 erasme
489 4116 552 4170 iulis
564 4130 618 4170 csse
638 4115 725 4175 elebat.
750 4115 840 4184 curilis
850 4114 936 4179 {trisse
988 4118 1179 4182 ercamserta
1198 4131 1251 4170 neu
1269 4121 1309 4171 ast
1325 4120 1503 4181 extendenda,
1521 4122 1547 4173 si
1556 4119 1708 4187 pararunt-c
1734 4132 1788 4171 noa

134 4197 235 4265 lepitur
250 4194 338 4247 duna
351 4190 447 4242 matris
462 4189 532 4241 baali
539 4188 679 4243 Samuelis.
698 4187 742 4241 Sic
752 4188 822 4241 enim
835 4186 868 4239 cle
888 4185 936 4239 illa
987 4191 1093 4257 potest;
1109 4189 1147 4239 ita
1161 4188 1187 4239 si
1195 4188 1394 4255 perornaverit,
1407 4204 1459 4243 acu
1471 4192 1520 4243 cito
1533 4204 1587 4244 csse
1601 4189 1785 4259 mrmperrdam.

131 4264 327 4332 scriptumest,
346 4262 410 4329 qaia
428 4262 491 4327 {lens
503 4259 608 4320 orabat,
619 4261 645 4312 ct
664 4258 738 4312 labia
751 4258 936 4326 eprrsteutum-
1025 4257 1077 4311 ⁰ld
1094 4263 1146 4321 cst,
1165 4257 1317 4328 vespertino
1336 4256 1438 4327 officio,
1454 4274 1501 4315 sen
1523 4261 1645 4315 oratione
1669 4266 1785 4331 peracta.

575 4488 966 4592 COLLATIO
1010 4491 1344 4614 DECIMA,

659 4671 738 4744 Quae
754 4671 804 4733 esi
819 4666 968 4733 secunda
985 4666 1119 4735 abbatis
1138 4674 1247 4753 isaac,

846 4808 887 4858 DE
906 4808 1079 4860 abstrusa.

845 4939 1080 4953 ῃ

386 5050 506 5107 CAPUT
521 5048 682 5103 PRlblUbl.
950 5044 1069 5116 Dstylo,
1095 5042 1227 5113 quiddam
1256 5058 1308 5099 nos
1338 5042 1500 5103 interserere
1530 5053 1609 5118 atque
1635 5053 1790 5112 contexere,

174 5148 249 5201 luter
260 5144 320 5201 haec
330 5144 554 5200 anachoretarum
575 5140 698 5196 instituta
716 5135 854 5205 sublimia,
869 5152 930 5208 quae
988 5134 1064 5209 quod
1080 5135 1153 5192 relut
1171 5146 1184 5171 ⁸
1197 5136 1309 5207 pulolrro
1331 5139 1439 5210 corpori
1454 5154 1561 5197 naerum
1583 5137 1730 5211 quemdam
1746 5137 1789 5191 ri·

136 5243 287 5310 utcumque
304 5239 424 5296 donante
441 5239 512 5306 Deo,
526 5236 589 5291 licet
602 5231 730 5305 imperito
743 5230 848 5303 digesta
867 5239 933 5287 sunt
986 5229 1083 5286 deatnr
1097 5245 1245 5302 apponere,
1260 5232 1424 5289 narrationis
1439 5234 1525 5306 ipsius
1538 5231 1606 5290 ordo
1628 5230 1789 5303 compellit:

682 5357 809 5413 ALAMDl
829 5355 943 5411 Gazam
961 5352 1243 5413 COMMENTARIUS.

178 5480 191 5507 ¹
201 5472 312 5535 llaerns,
335 5472 415 5526 Festo
427 5477 548 5535 auctore,
563 5475 602 5523 est
617 5466 721 5540 insigne
738 5465 873 5538 corporis,
889 5471 937 5519 aut
989 5479 1091 5519 nereus.
1119 5464 1255 5520 ,insenius
1273 5464 1299 5519 in
1315 5464 1422 5535 epistol.
1438 5464 1530 5537 lidyl.
1547 5483 1554 5519 ε
1578 5466 1669 5521 Nauos
1683 5465 1789 5517 uestros

138 5543 245 5598 macula
260 5544 361 5597 natira.
372 5542 465 5599 Cicero
479 5540 513 5597 de
525 5542 585 5596 Nat.
602 5538 717 5595 deornm
732 5536 780 5592 lib.
799 5553 827 5591 r:
846 5536 885 5591 At
898 5539 936 5589 cst
990 5539 1016 5589 et
1028 5537 1162 5590 cicatrices
1187 5550 1318 5591 curramus.
1333 5536 1457 5591 Paulinus
1482 5535 1613 5604 Armonio,
1639 5534 1717 5606 epist.
1737 5538 1753 5589 2
1784 5554 1790 5589 :

137 5628 183 5670 aar
235 5617 365 5680 icamiam
382 5614 424 5668 illi
434 5617 523 5668 tamen
540 5611 586 5666 boo
599 5612 689 5665 lumea
704 5608 855 5663 ridebatur.
878 5608 936 5661 lile·
990 5608 1047 5663 Neu
1058 5622 1185 5677 umentem
1199 5611 1275 5662 temti
1289 5610 1382 5663 saltem
1401 5613 1448 5662 trra
1458 5609 1549 5678 praetia
1559 5622 1632 5662 armo
1642 5620 1795 5661 maeataru-

137 5692 185 5757 tap
206 5686 279 5741 orioe
293 5686 414 5741 sumitur
426 5698 476 5756 pro
493 5682 587 5754 quovis
600 5680 674 5737 nitio.
696 5678 755 5734 Dir.
773 5677 937 5733 Anrbroslus
989 5678 1047 5732 luta
1056 5679 1125 5733 mibi
1133 5684 1181 5734 est.
1195 5679 1343 5735 Cassianus
1357 5680 1446 5735 collat.
1460 5679 1573 5750 septima
1583 5695 1643 5751 cap.
1654 5683 1709 5733 ts:
1722 5678 1788 5733 Cum

139 5756 189 5813 lib.
205 5773 213 5812 ι
231 5755 312 5814 Ollio.
330 5772 389 5828 cap.
405 5756 514 5812 decimu
533 5760 743 5819 occuramus
764 5752 872 5817 erroris,
892 5748 936 5804 Si·
989 5750 1020 5803 iu
1031 5750 1087 5805 illis
1098 5766 1131 5804 ne
1138 5753 1324 5807 tenucsimum
1332 5752 1442 5823 quidem
1450 5749 1748 5807 riarumautmaoulam
1758 5748 1790 5799 m

138 5826 241 5885 donius
257 5828 378 5903 Apolliu.
395 5826 442 5883 lib.
460 5839 485 5883 ιι
506 5824 586 5897 epist.
601 5828 637 5880 5:
664 5822 781 5879 Violatoe
795 5822 936 5891 rclipiem'a
990 5821 1037 5875 t'llo
1041 5821 1146 5890 judicii
1152 5822 1196 5877 die
1205 5827 1334 5894 potiatur
1342 5824 1460 5879 inuenire
1471 5823 1565 5880 atriae
1576 5821 1724 5880 clementia.
1737 5816 1794 5871 Dc-
