3848 6158
145 235 212 290 litt
499 186 668 293 comesto
687 236 754 293 xlx.
773 264 810 279 ·-
827 236 872 293 DE
890 236 969 292 FINE
987 233 1185 293 OOENOBITAE
1204 233 1248 289 ET
1267 230 1441 289 euchitis.
1723 221 1793 279 tiss

142 358 319 429 visitationes,
339 360 562 435 diversarumque
583 362 834 421 confabulationum
856 372 938 436 atquc
952 365 981 431 Α
996 371 1053 419 stra
1063 362 1228 435 experientia
1240 366 1412 426 consecutus,
1419 355 1549 412 meritum
1563 365 1658 409 earum
1671 346 1794 405 acinam

144 456 357 529 occupationum
363 457 590 515 interminabilem
604 474 717 528 curam;
728 473 845 531 quarum
855 459 938 516 etiarn
993 456 1108 515 veridica
1119 464 1209 529 potest
1226 455 1367 514 insinuare
1379 450 1512 509 doctrina.

143 549 191 607 illo
203 558 324 624 tempore
335 567 391 624 quo
401 551 461 609 haec
472 552 598 609 ndentur
607 553 803 627 impedimenta
822 569 939 624 cessare,
1280 548 1401 605 CAPUT
1419 546 1494 601 Vlll.

139 648 238 701 tamen
255 642 380 699 auium
401 642 645 700 consuetudinariae
656 643 851 716 inquietudinis
870 645 940 701 assi·
1313 643 1468 713 Responsio.

143 734 248 793 duitate
261 752 435 809 suspensum,
446 738 611 811 exspectatio
621 738 680 811 ipsa
693 738 832 797 distendit.
848 742 940 811 Atque
1029 744 1168 797 loannes:
1182 741 1278 797 Unum
1288 735 1471 808 eumdemque
1480 730 1621 790 hominem
1633 728 1661 784 ln
1674 734 1793 798 utraque

143 829 180 887 ita
190 830 222 887 fit
232 839 263 888 ut
274 831 472 889 anachoreseos
485 832 529 889 illa
540 831 655 890 libertas
668 834 857 907 hujuscemodi
864 834 940 891 neri·
993 834 1160 907 professione
1173 830 1326 905 perfectum
1339 841 1467 887 essenon
1490 838 1571 898 posse
1588 821 1714 879 absolute
1724 833 1791 891 pro·

144 924 194 983 bus
206 926 346 998 impedita,
355 927 390 985 ad
407 928 485 984 illam
498 927 591 986 cordis
602 926 939 987 ineffabilamalacritatem
992 928 1119 985 nuntiare
1139 925 1307 999 potuissem,
1327 923 1378 979 nisi
1399 936 1444 978 me
1466 932 1618 992 paucorum
1641 912 1793 970 admodum

142 1019 293 1091 praepedito
308 1037 367 1079 non
381 1022 519 1094 perveniat
527 1037 653 1092 ascensu,
665 1037 697 1079 ac
709 1021 829 1080 fructum
840 1023 939 1079 cremi—
992 1018 1142 1077 retardaret
1154 1018 1324 1091 exemplum.
1341 1020 1471 1088 hlognum
1482 1012 1618 1085 siquidem
1627 1016 1669 1065 est
1681 1007 1711 1063 in
1723 1020 1794 1081 qua-

142 1114 206 1171 ticae
218 1114 395 1188 professionis
408 1119 534 1172 amittat:
550 1117 597 1191 qui
612 1117 636 1175 si
653 1117 722 1173 mihi
741 1117 769 1173 in
790 1131 940 1190 congrega·
994 1113 1059 1171 libet
1089 1128 1185 1171 earum
1215 1118 1439 1168 consummatum
1475 1104 1632 1179 quempiam
1661 1098 1794 1172 reperiria

142 1209 217 1266 bone
227 1226 300 1267 nunc
315 1215 396 1283 atquc
407 1211 435 1267 in
450 1210 537 1267 turbis
550 1213 602 1268 sito
614 1210 697 1268 fuerit
706 1210 855 1284 denegatus
864 1230 873 1279 3
883 1211 939 1267 sal-
992 1215 1097 1280 quanto
1107 1205 1234 1279 magisad
1249 1205 1359 1276 plenum
1368 1211 1512 1272 utramque
1524 1198 1665 1272 perficere,
1676 1192 1794 1251 arduum

142 1308 199 1359 tem
217 1301 294 1375 quies
307 1304 407 1361 animae
420 1303 563 1376 cordisque
571 1303 751 1376 tranquillitas
761 1304 797 1360 ab
811 1304 940 1361 omnibus
993 1316 1025 1358 ac
1046 1316 1125 1374 pene,
1151 1308 1184 1357 ut
1203 1300 1238 1355 ita
1263 1297 1390 1365 dixerim,
1414 1293 1520 1351 homini
1545 1289 1711 1364 impossibile
1733 1302 1794 1345 esse

142 1396 365 1469 occupationibus
385 1397 510 1454 absoluta
529 1413 587 1454 non
605 1397 691 1454 deerit
712 1416 719 1453 :
740 1412 802 1469 quae
819 1397 873 1455 nisi
886 1397 941 1457 illia
994 1399 1166 1471 perspicuum
1184 1406 1235 1454 eat.
1255 1395 1336 1466 Quod
1350 1403 1446 1451 tamen
1463 1388 1605 1465 siquando
1625 1385 1792 1461 provenerit,

141 1502 252 1560 quoque
262 1487 309 1560 qui
322 1488 352 1544 in
361 1488 507 1546 solitudine
516 1488 939 1562 commorantur,prmstofuerit,
993 1492 1157 1549 nonstatim
1171 1489 1207 1549 ad
1228 1490 1382 1563 generalem
1404 1486 1556 1544 formulam
1574 1483 1668 1541 referri
1692 1486 1792 1555 potest.

141 1580 249 1637 labores
272 1579 383 1655 quidem
409 1582 606 1639 anachoreseos
630 1582 823 1653 sustinebunt;
848 1582 940 1641 fructu
994 1587 1058 1641 Non
1074 1584 1150 1641 enim
1162 1599 1179 1640 a
1192 1588 1269 1655 parte
1284 1579 1410 1648 minima,
1424 1578 1516 1647 idest,
1531 1577 1566 1636 de
1579 1572 1795 1633 consideratione

140 1688 205 1729 vero
223 1672 308 1745 ipsius
321 1672 532 1744 fraudabuntur,
550 1676 667 1747 quinon
678 1676 729 1732 nisi
740 1676 833 1749 quieta
841 1676 941 1734 mentis
995 1695 1155 1754 paucorum,
1169 1677 1261 1735 seddc
1273 1677 1386 1749 hisquae
1396 1673 1559 1739 multorum,
1568 1670 1654 1727 immo
1666 1668 1795 1725 omniurn

140 1765 287 1824 stabilitate
310 1768 490 1839 conquiritur.
513 1771 654 1827 Postremo
676 1770 759 1827 edam
777 1770 800 1827 si
823 1771 892 1827 mihi
911 1772 939 1828 in
954 1790 979 1855 B
995 1772 1138 1846 subjacent
1149 1771 1284 1836 facultati,
1296 1768 1456 1828 universalis
1469 1774 1511 1823 est
1531 1765 1623 1839 regula
1638 1777 1796 1837 proponen-

140 1861 268 1918 eoenobio
290 1863 437 1919 consituto
461 1862 497 1919 ah
519 1862 565 1919 illa
587 1864 705 1936 puritate
727 1865 818 1923 cordis
837 1866 941 1939 aliquid
994 1868 1038 1925 da.
1059 1868 1086 1925 Si
1100 1884 1154 1941 qna
1168 1882 1233 1923 vero
1246 1865 1385 1923 rarissime
1402 1871 1483 1935 atque
1501 1877 1517 1917 a
1536 1857 1708 1934 paucissimis
1722 1855 1794 1913 obti-

141 1955 220 2012 fuerit
238 1956 440 2025 imminutum,¹
455 1972 503 2013 ero
525 1958 610 2015 aelius
633 1959 787 2031 Evangelici
812 1962 939 2033 praecepti
992 1972 1104 2031 nentur,
1123 1978 1157 2018 ac
1179 1960 1384 2034 possibilitatem
1406 1954 1561 2014 eommunis
1581 1953 1691 2009 virtutis
1717 1965 1797 2007 exce·

141 2048 363 2121 compensatione
377 2058 537 2120 contentus,
550 2049 626 2119 quod
637 2061 743 2108 certum
754 2061 796 2109 est
807 2052 940 2110 omnibus
992 2056 1072 2123 dunt,
1096 2055 1168 2111 velut
1190 2068 1272 2127 supra
1291 2050 1477 2109 conditionem
1490 2048 1621 2106 hnmanae
1639 2043 1796 2119 fragilitatis

142 2142 196 2200 illis
208 2144 294 2200 eremi
307 2142 442 2201 fructibus
455 2159 511 2200 non
531 2159 612 2216 posse
626 2146 761 2218 postpmi,
785 2155 816 2202 ut
832 2147 937 2204 scilicet
990 2159 1174 2222 naturamque
1194 2162 1341 2215 concessa,
1355 2162 1372 2202 a
1384 2143 1530 2218 praeceptis
1544 2149 1610 2199 sunt
1623 2136 1795 2213 generalibus

140 2237 174 2293 de
198 2237 316 2294 crastino
329 2237 397 2294 nihil
416 2238 551 2310 cogitem,
563 2245 591 2295 et
605 2254 691 2311 usque
704 2238 740 2296 ad
763 2239 848 2298 finem
869 2240 936 2298 cub·
991 2242 1195 2317 sequestranda,
1217 2257 1268 2299 nec
1286 2249 1344 2299 tam
1366 2255 1416 2312 pro
1435 2236 1561 2311 exemplo
1574 2250 1660 2309 quam
1679 2249 1729 2306 pro
1742 2232 1797 2289 mi·

135 2331 226 2402 Jectus
243 2330 353 2398 abbati,
367 2332 443 2389 illum
458 2331 626 2404 aliquatenus
646 2333 737 2390 videar
759 2334 881 2391 aemulari
902 2334 938 2393 de
991 2339 1084 2396 raculo
1103 2335 1274 2411 proferenda.
1297 2334 1483 2404 Quamobrem
1504 2331 1532 2388 id
1552 2328 1628 2403 quod
1641 2324 1793 2399 inquiritis,
1894 2360 1898 2365 ·

138 2438 193 2495 quo
212 2422 323 2492 dicitur,
341 2426 504 2481 Humiliauit
517 2428 687 2497 semetipsum
703 2429 795 2495 {actm
815 2428 938 2486 obediens
990 2431 1142 2490 secundum
1164 2428 1383 2487 mediocritatem
1407 2441 1505 2485 sensus
1524 2424 1579 2482 mci
1597 2422 1714 2480 breviter
1728 2420 1794 2479 inti·

137 2530 223 2586 usque
231 2518 386 2574 admortcm
397 2518 550 2589 (Philipp)
560 2536 567 2573 :
579 2519 938 2592 merearqueilliusverbum
992 2526 1083 2583 mabo.
1096 2536 1109 2561 ⁸
1118 2525 1192 2581 Finis
1205 2523 1317 2597 quidem
1330 2521 1527 2579 coenobitaeest
1537 2532 1704 2575 omncssuas
1715 2529 1792 2572 mor·

139 2608 278 2665 humiliter
300 2609 402 2679 dicere,
417 2612 488 2678 Quia
510 2627 564 2666 non
588 2614 649 2667 cmi
669 2616 759 2681 sacae
775 2615 939 2671 uoluntatem
991 2617 1095 2675 tilicare
1107 2626 1136 2674 et
1148 2616 1307 2689 crucifigere
1316 2615 1479 2683 voluntates,
1492 2628 1525 2670 ac
1539 2609 1688 2669 secundum
1703 2612 1811 2693 Evan3

136 2717 233 2771 mam,
264 2704 312 2759 sed
335 2704 580 2773 voluntatemque
612 2708 661 2775 qui
686 2708 761 2762 misit
786 2723 828 2762 me
849 2710 938 2764 Patras
991 2711 1085 2784 gelicae
1116 2708 1289 2783 perfectionis
1314 2708 1433 2765 salutare
1458 2704 1637 2771 mandatum,
1666 2703 1733 2759 nihil
1757 2702 1793 2760 dc

135 2798 293 2864 (locam).
990 2806 1109 2862 crastino
1122 2804 1242 2879 cogitare
1264 2804 1372 2873 (blattis.
1400 2804 1455 2869 vr).
1480 2802 1571 2874 Quam
1595 2798 1792 2873 perfectionem

426 2915 547 2971 cgpyyq
581 2915 642 2969 yyy,
991 2914 1103 2971 prorsus
1114 2914 1130 2955 a
1141 2898 1249 2956 nemine
1267 2897 1318 2954 nisi
1330 2912 1346 2952 u
1359 2896 1497 2953 coenobita
1511 2893 1617 2967 impleri
1636 2908 1715 2964 posse
1729 2908 1792 2949 cer·

192 3038 367 3105 lrrtaroqatio
379 3038 412 3093 de
425 3040 547 3107 canubii,
560 3040 602 3094 uel
611 3040 766 3095 solitudinis
779 3042 883 3108 fautu.
991 3000 1128 3142 {¹332um
1148 2992 1305 3096 enssquem
1324 3004 1413 3045 mum
1433 2987 1669 3117 1⁸³¹³⁸p2⁰plfm
1687 2985 1792 3093 ἀφ’
1865 3068 1870 3077 -

1059 3127 1069 3154 ,
1084 3094 1122 3141 tta
1139 3082 1277 3140 beatificat
1295 3090 1377 3156 atquc
1391 3081 1547 3139 collaudat.
1587 3083 1617 3139 Si
1629 3085 1760 3136 aeratas
1773 3096 1792 3134 a

173 3171 329 3229 Germanus
344 3191 351 3228 z
373 3170 442 3243 Quia
462 3180 490 3230 te
511 3171 652 3245 utriusque
671 3170 863 3246 professionis,
878 3190 935 3231 non
950 3178 973 3242 c
987 3181 1099 3236 sabbato
1114 3179 1210 3250 pedem
1222 3183 1316 3241 tuum,
1332 3180 1422 3245 sacae
1436 3179 1601 3232 uoluntatem
1615 3179 1691 3230 tuam
1704 3176 1734 3228 in
1746 3173 1793 3229 die

138 3265 373 3338 quemadmodum
387 3266 499 3336 multos,
514 3265 648 3339 principia
660 3267 852 3324 tantummodo
867 3283 933 3325 con·
989 3279 1079 3329 sancto
1091 3288 1159 3338 mco,
1173 3276 1199 3327 ct
1213 3273 1402 3341 glorificaveris
1416 3286 1485 3334 eum,
1499 3271 1564 3325 dum
1575 3285 1628 3324 non
1644 3270 1714 3337 [aas
1732 3268 1792 3322 tias

136 3359 237 3433 tigisse,
261 3359 310 3417 sed
334 3361 392 3433 ipsa
408 3357 516 3434 fastigia
540 3360 731 3418 conscendisse
757 3360 935 3420 manifestum
989 3364 1791 3434 mm,etnontnoaituiriolnntasmammaemamma-

136 3462 195 3521 est;
209 3454 335 3526 quisnam
346 3454 503 3525 coenobitae,
515 3456 577 3528 quis
588 3455 709 3513 eremitae
721 3454 840 3525 sit-finis,
854 3464 935 3529 opta-
987 3475 1058 3526 nom,
1072 3464 1134 3513 tunc
1149 3457 1404 3527 delectaberissupcr
1414 3458 1565 3517 Dominum,
1579 3459 1605 3509 ct
1615 3454 1754 3509 sustollam
1764 3457 1791 3509 te

136 3563 198 3605 mus
208 3563 363 3621 agnoscere.
387 3549 458 3606 [lulli
478 3565 596 3623 namque
609 3548 724 3606 dubium
740 3557 782 3605 est
795 3549 934 3607 neminem
988 3569 1069 3624 super
1081 3552 1254 3607 altitudinem
1268 3555 1363 3613 terra,
1376 3553 1402 3605 et
1411 3550 1504 3604 cibabo
1513 3553 1538 3603 tc
1547 3547 1702 3603 hereditate
1708 3546 1788 3603 Jacob

135 3641 169 3697 de
181 3641 224 3698 his
239 3642 279 3699 rel
294 3642 400 3699 fidelius
414 3658 494 3715 posse
506 3644 548 3701 vel
562 3643 668 3717 plenius
682 3642 832 3716 disputare,
849 3659 934 3718 quam
987 3649 1074 3718 paliis
1088 3648 1130 3701 tui
1142 3646 1203 3717 (isa.
1224 3650 1322 3711 svart).
1337 3645 1377 3700 Os
1390 3643 1461 3700 enim
1471 3642 1581 3699 Domini
1596 3642 1720 3699 locutum
1734 3648 1788 3697 cst.

135 3735 210 3792 illum
225 3737 272 3809 qui
283 3744 426 3811 utramque
439 3737 633 3810 perfectionem
646 3738 728 3811 longo
742 3754 792 3795 usu
804 3749 834 3796 et
845 3740 934 3813 magi-
987 3740 1141 3798 erramina
1154 3755 1222 3797 vero
1234 3737 1363 3813 perfectio
1377 3744 1418 3794 est
1429 3744 1541 3793 exutam
1559 3744 1680 3793 mentem
1692 3750 1787 3791 acun-

676 3855 807 3911 hinnul
825 3857 942 3912 utzAEt
962 3856 1240 3915 COhLllENTthUS.

171 3962 234 4014 ⁸1).
247 3959 432 4031 Hieronymus
445 3958 777 4031 dccoenobitisAEgyptiis
790 3969 818 4016 et
835 3977 933 4019 eorum
987 3969 1100 4020 simum.
1129 3968 1254 4021 Fericium
1271 3966 1362 4017 aulem
1386 3962 1546 4016 coactitiae
1565 3962 1628 4016 cita
1649 3962 1786 4032 duplicem

138 4029 320 4085 imitatoribus
332 4030 371 4086 ita
384 4037 499 4085 testatur
514 4029 614 4100 (Epist.
627 4035 672 4097 tl)
684 4049 692 4085 ·.
702 4032 798 4085 Prima
807 4033 883 4101 apud
892 4049 934 4089 eos
988 4038 1075 4103 tangit
1087 4055 1095 4089 :
1108 4051 1192 4089 unum
1205 4036 1236 4088 in
1244 4035 1384 4103 praescisti,
1394 4035 1443 4101 qui
1454 4038 1492 4087 est
1503 4032 1641 4087 delectatio
1654 4035 1683 4087 in
1693 4048 1787 4089 mirso·

137 4100 375 4168 corrfoederuticest
385 4101 492 4155 obedire
504 4100 660 4170 ruminabam,
669 4104 934 4182 ciquoecumquey'us-
988 4106 1133 4159 lotionibus
1150 4105 1259 4163 diuims,
1273 4118 1331 4157 cum
1342 4104 1383 4155 cit
1398 4120 1406 4155 s
1423 4105 1495 4155 Tunc
1508 4102 1678 4157 delectaberis
1692 4106 1722 4157 in
1734 4107 1785 4161 lto·

138 4174 225 4226 serint
237 4174 337 4240 fucere.
358 4172 501 4227 Cassianus
522 4171 590 4227 libro
603 4186 635 4227 ιν
648 4173 768 4227 Institut.
783 4188 813 4227 ca
836 4216 841 4227 .
858 4182 885 4238 8,
899 4175 934 4230 de
986 4178 1072 4242 mino;
1082 4176 1167 4229 ulium
1174 4176 1204 4227 in
1210 4176 1267 4227 uita
1272 4175 1382 4239 factura,
1391 4174 1440 4241 qui
1449 4177 1486 4226 est
1498 4173 1641 4227 consolatio
1646 4174 1787 4239 felicitatis

138 4241 267 4314 praefccto
281 4242 448 4298 novitiorum
462 4257 546 4313 agens
562 4262 568 4297 :
586 4243 665 4313 Ejus,
687 4243 791 4313 inquit,
854 4248 930 4301 cecil
987 4251 1105 4313 aluric,
1118 4261 1176 4299 cum
1191 4246 1300 4313 inquit:
1316 4243 1461 4299 Srutollum
1475 4246 1592 4312 insuper
1609 4242 1784 4301 altitudinem

137 4314 289 4369 sollicitudo
301 4323 326 4367 ct
338 4314 627 4384 eruditieprincipalis,
633 4330 684 4385 per
696 4331 778 4384 quam
783 4314 878 4384 jannica·
888 4319 934 4371 in·
987 4322 1077 4380 terra,
1092 4321 1118 4372 et
1128 4316 1220 4371 cibabo
1234 4320 1260 4370 tc
1273 4315 1429 4369 laureditnte
1437 4314 1516 4370 Jacob
1525 4316 1614 4384 putris
1626 4317 1676 4369 tui.

138 4385 276 4440 traductus
285 4384 934 4457 ascenderemiuequcnteretiamcrdminuperse·
1021 4392 1088 4443 clta
1110 4387 1197 4460 plane,
1216 4394 1243 4441 et
1263 4385 1359 4442 iisdem
1372 4383 1429 4440 fere
1444 4383 1532 4441 verbis
1546 4388 1582 4439 D.
1596 4386 1784 4458 Hieronymus
1861 4449 1866 4457 .

139 4458 233 4510 ctiorris
240 4456 651 4526 summoperecaleutmtdoeect
663 4460 857 4527 cumprimitus
868 4474 933 4514 suus
947 4496 971 4557 D
985 4456 1020 4514 ad
1036 4457 1102 4515 illud
1121 4457 1264 4514 Hieremia
1277 4477 1283 4511 :
1298 4458 1401 4512 Boreum
1423 4461 1462 4511 est
1475 4458 1549 4519 uiro,
1559 4472 1619 4511 cum
1632 4461 1785 4527 pmtitoerit

137 4529 242 4581 obiicere
253 4528 420 4593 arefacientem
432 4543 510 4596 quem
523 4528 640 4582 studiose
653 4530 683 4582 in
696 4529 739 4583 his
750 4545 781 4583 ac
792 4529 934 4597 diligenter
981 4530 1082 4600 juniam
1100 4531 1134 4585 ab
1148 4530 1325 4585 adolescentia
1335 4544 1386 4584 suu
1399 4528 1506 4597 (Theca.
1524 4530 1582 4597 ιιι).
1592 4530 1725 4592 Militum,
1739 4528 1782 4584 ln·

134 4612 268 4663 esercens,
274 4598 329 4651 hac
336 4599 379 4651 illi
388 4613 490 4666 semper
496 4600 631 4667 imperare
642 4599 675 4653 de
685 4600 821 4655 industria
827 4602 934 4656 curabit
986 4604 1061 4672 quit,
1081 4603 1185 4658 Christi
1196 4602 1325 4671 perfectio
1339 4604 1378 4654 cst
1393 4604 1504 4653 scutram
1523 4604 1637 4653 merrtem
1656 4600 1782 4654 lutberea

134 4670 406 4739 quiesenseritanimc
416 4668 472 4738 ejas
484 4683 538 4723 esse
546 4671 691 4723 contraria.
699 4672 792 4727 Multis
799 4672 930 4741 siquidem
985 4676 1087 4727 curtatis
1105 4674 1217 4728 terram
1226 4672 1346 4740 tapetiis,
1362 4671 1448 4739 juata
1458 4669 1527 4722 illud
1541 4668 1665 4737 Apostoli
1679 4687 1687 4722 :
1701 4672 1783 4726 Nemo

133 4742 325 4809 experimentis
338 4740 432 4802 edocti,
444 4740 559 4794 tradunt
566 4741 931 4812 monachumetmaaeimeja·
984 4742 1105 4798 mditans
1125 4748 1178 4799 fleo
1198 4744 1321 4811 implicat
1344 4756 1372 4794 se
1390 4742 1504 4807 negotiis
1525 4738 1709 4807 emullaribus,
1726 4747 1779 4795 etc.

133 4813 235 4876 eiures,
247 4826 281 4864 ne
293 4812 456 4879 uoluptatem
468 4811 577 4880 quidem
589 4814 806 4881 concupiscentia
819 4829 874 4867 sia
886 4830 930 4869 re·
986 4809 1780 4883 (1Ttmyyyeamque,quantumbumcrtaimhccillitassinit,

134 4881 243 4946 frenare
256 4896 345 4948 posse,
358 4883 412 4935 erist¹
420 4884 500 4951 prius
514 4884 676 4950 mortificare
686 4898 736 4952 par
754 4884 929 4939 obedientiam
983 4886 1064 4937 urtire
1076 4898 1136 4937 cum
1155 4884 1268 4939 Christo.
1285 4882 1372 4947 Quam
1391 4881 1498 4949 quidem
1514 4882 1627 4950 speciem
1639 4896 1781 4937 coniteren-

133 4965 196 5003 suas
210 4949 335 5004 didicerit
346 4952 495 5005 noluntates
511 4953 592 5023 (Vide
602 4954 660 5007 coll.
678 4958 734 5008 bct
748 4954 786 5025 l).
984 4957 1066 5008 lionis
1081 4954 1142 5008 boni
1155 4954 1271 5007 creniitoe
1294 4955 1320 5005 et
1340 4952 1471 5014 marathi,
1486 4954 1536 5023 qui
1547 4957 1607 5007 acto
1626 4955 1781 5007 monasticae

168 5014 182 5051 ¹³
195 5023 421 5076 Turrecrematus
433 5021 503 5077 hanc
520 5024 681 5077 sententiam
699 5026 787 5080 citans
800 5044 807 5079 :
824 5026 855 5080 fn
868 5025 927 5093 bac,
982 5024 1134 5094 disciplina
1143 5024 1260 5094 obltqau·
1269 5027 1343 5084 sunt,
1354 5024 1459 5077 imitari
1470 5024 1702 5090 coritaidunt3sed
1713 5040 1781 5077 rara-n

132 5090 206 5163 inqui
210 5101 229 5158 t,
242 5094 403 5146 citctoritnte
411 5094 541 5147 Domitius
547 5110 596 5163 per
606 5096 764 5164 pucphetum
770 5096 894 5151 describit
899 5102 929 5165 ll-
982 5101 1022 5150 est
1034 5101 1059 5151 ct
1070 5097 1242 5166 pnrrcmiuiis
1256 5094 1325 5149 dotto
1336 5096 1385 5150 nai
1407 5093 1462 5148 hac
1473 5097 1602 5163 perderetis
1613 5108 1741 5148 concessa.
1753 5097 1781 5150 fs

130 5179 190 5217 nem
200 5164 449 5233 sicepmfectionem
457 5167 608 5219 monuerim
617 5168 672 5220 sice
683 5167 841 5220 custoditius
849 5168 930 5221 disci·
983 5169 1053 5221 cutim
1061 5183 1120 5221 uere
1129 5171 1154 5221 ei
1163 5182 1217 5221 non
1228 5169 1348 5235 cepartc
1354 5167 1490 5233 perfectus
1502 5168 1540 5220 est
1553 5165 1601 5233 qui
1612 5168 1638 5217 et
1650 5166 1679 5217 in
1692 5180 1779 5221 erema

130 5236 222 5303 plicae,
241 5242 265 5289 ct
280 5236 400 5301 [mictum
421 5236 476 5289 sliu
485 5237 629 5303 preamium
643 5236 709 5305 ejus.
723 5239 799 5293 lirrr's
811 5240 929 5294 emisistit
981 5236 1780 5308 squaloremsclitudinisctincarrcbrbinprmitatesfratrum

131 5306 160 5357 in
174 5307 259 5360 tribus
275 5308 412 5375 :puniam
424 5308 453 5359 in
462 5305 637 5362 declinatione
650 5324 668 5362 a
680 5311 795 5378 peccastis
803 5324 855 5379 per
867 5324 928 5377 qua
981 5310 1110 5379 aequabili
1119 5308 1344 5379 magnanimitate
1356 5310 1495 5360 sustentat.
1504 5309 1540 5362 Et
1552 5305 1610 5360 idco
1623 5307 1652 5359 in
1665 5310 1781 5377 tnruquc

130 5375 248 5429 cudatur·
268 5392 358 5444 quies,
369 5392 419 5447 per
436 5377 631 5432 observantiam
650 5380 759 5434 sabbati
772 5381 925 5448 designata.
978 5383 1144 5450 malesanae
1154 5396 1203 5451 per
1212 5380 1302 5433 omnia
1311 5382 1522 5431 consummatum
1537 5378 1655 5431 irioenire
1667 5378 1779 5447 difficile

134 5446 207 5501 {iride
219 5447 260 5499 ait
275 5464 283 5498 ε
299 5448 329 5502 Si
340 5452 469 5504 averteris
481 5466 499 5503 a
512 5448 623 5503 sabbato
633 5450 729 5520 pedem
742 5456 829 5516 tuum,
839 5450 926 5513 idest,
981 5455 1030 5511 esi,
1047 5454 1113 5520 quia
1125 5468 1172 5505 nec
1186 5450 1347 5505 anachoreta
1359 5452 1536 5516 contemptam
1548 5462 1583 5501 ac
1595 5450 1778 5517 privationem

129 5520 154 5571 si
167 5534 219 5572 rnre
236 5516 499 5587 uiolaueriaqaietem
513 5522 615 5583 arianis
630 5536 688 5590 quae
700 5520 741 5592 (ut
749 5521 817 5575 dicit
830 5520 926 5593 plasea)
982 5523 1163 5576 rnateriulium
1174 5536 1277 5583 remam,
1293 5534 1340 5573 nec
1357 5518 1485 5573 coermbita
1497 5520 1641 5573 theoricam
1660 5520 1698 5575 ad
1709 5523 1778 5575 inte·

129 5591 203 5643 omiti
218 5596 335 5657 tempore
345 5588 501 5646 celebranda
514 5596 562 5647 est.
578 5592 697 5649 &mindo
711 5594 740 5645 in
752 5592 929 5659 abnegatione
982 5608 1063 5661 qaum
1100 5595 1165 5647 otest
1179 5592 1286 5673 assequi
1296 5591 1457 5661 puritatem.
1472 5593 1511 5645 lta
1526 5592 1560 5645 ll.
1581 5591 1777 5661 Hieronymus,

125 5662 246 5729 propria
262 5659 491 5723 autumationum
510 5665 551 5717 ait
565 5682 573 5718 :
588 5666 646 5721 Non
659 5664 753 5730 seceris
764 5663 927 5719 infuscatam
981 5678 1044 5718 cum
1063 5608 1188 5719 dgctrina
1206 5662 1287 5733 huyus
1304 5660 1411 5717 abbatis
1426 5659 1496 5717 belle
1513 5677 1675 5718 consonans.
1690 5662 1776 5717 Porro

129 5736 215 5785 tuam.
234 5732 319 5785 Tertio
333 5732 364 5785 in
376 5732 555 5797 ecfrenutabne
571 5735 681 5804 linqua,
696 5735 735 5788 ibi
750 5753 758 5788 :
775 5736 809 5789 Ut
822 5750 873 5788 tion
885 5734 926 5789 lo·
981 5733 1035 5790 huc
1053 5734 1137 5789 etiam
1159 5740 1283 5805 spectant
1300 5732 1380 5788 verba
1398 5732 1442 5788 illa
1463 5732 1584 5805 Dionysii
1603 5731 1776 5803 Areopagitae

128 5804 222 5871 quade
232 5802 858 5875 sermonem,sediectmalum,contrafleumccl
866 5820 928 5879 pro
979 5807 1087 5873 (Eccles
1104 5807 1180 5865 Hier.
1197 5822 1220 5861 c.
1235 5804 1485 5878 blsuperiuscitata
1495 5805 1600 5877 (Callai.
1616 5808 1649 5859 lt
1662 5816 1721 5873 cap.
1733 5804 1774 5875 b),
