3848 6158
119 308 186 363 act
338 305 383 360 bt:
401 304 643 363 OOENOBlORUbl
662 306 789 362 INSTl'l.
808 306 874 362 titt
888 307 943 364 tv.
962 327 1000 350 ··-
1016 309 1062 364 1]ss
1082 308 1278 366 tltsTtTtllls
1297 312 1598 373 RENUNTIANTIUM.
1743 328 1795 383 itta

125 429 269 488 -dient'nm
293 445 359 487 suas
383 429 527 487 didicerint
548 431 716 488 roluntatcs.
735 432 856 505 ldeoquc
879 439 976 506 proA
995 435 1155 491 cumvenirs
1166 435 1294 508 iuvenem
1308 438 1422 497 callidus
1434 441 1654 503 inimicus'velut
1667 449 1793 524 inerper-

135 523 267 581 nuntiant
281 522 440 580 nullatenus
458 524 616 596 prevalere,
635 525 677 582 rel
700 525 782 591 iram,
797 525 841 582 rel
855 526 940 584 tristi·
993 533 1057 581 tunt¹
1066 526 1246 600 ignarumque
1257 531 1411 600 prandeat,
1423 548 1474 590 noc
1486 534 1647 595 ullalraude
1658 541 1793 616 decipere,
1848 544 1852 549 ’

133 615 268 680 tiam,rel
280 615 410 688 spiritum
420 614 611 673 fornicationis
625 617 812 691 exstinguere,
825 618 875 675 sed
889 633 940 676 nec
994 634 1076 691 quem
1098 619 1233 692 praevidet
1254 635 1311 677 non
1334 616 1394 691 erla,
1418 625 1468 683 sed
1489 628 1605 686 senioris
1628 631 1793 696 discretione

133 708 319 767 bumilitatem
333 709 425 766 cordis
438 723 540 778 reram,
553 724 604 766 nec
619 725 683 766 cnm
697 708 829 768 iratribus
847 712 939 768 nnita·
994 711 1104 781 muniri,
1129 721 1159 768 et
1181 714 1370 785 suggestiones
1384 731 1456 774 suas
1483 719 1559 776 velut
1581 722 1665 794 ignita
1689 726 1792 799 jacula,

133 811 193 859 tem
214 811 386 875 perpetuam,
409 817 460 859 nec
481 803 592 860 tirmam
614 803 829 878 diuturnamque
860 820 941 878 porse
992 817 1174 879 quacumque
1193 806 1221 861 in
1235 808 1547 881 corejusinjecerit,ut
1561 816 1698 876 seniorem
1712 822 1791 891 celet,

132 897 256 954 munero
270 895 460 965 concordiem,
489 896 543 953 sed.
560 912 611 953 nec
632 896 659 952 in
680 899 812 955 coenobio·
827 898 939 971 quidem
993 910 1048 954 non
1071 912 1150 971 posse
1169 898 1288 955 suaderi.
1312 901 1397 958 liber
1409 904 1509 976 quippe
1526 907 1722 970 subtilissimus
1740 914 1798 974 dir·

132 989 414 1062 dlutiuspcrmanera,
427 1005 492 1046 eum
503 990 549 1062 qui
561 991 636 1062 prins
648 991 799 1048 voluntates
812 1007 939 1049 suasnon
993 991 1074 1048 bolus
1093 990 1207 1048 alludere
1232 994 1279 1049 vel·
1302 993 1417 1068 dejicere
1435 997 1582 1068 juniorem·
1598 1016 1655 1059 non
1682 1005 1794 1078 poterit,

119 1083 414 1156 ajffloefiruupmrc.
656 1138 659 1143 ,
806 1110 810 1117 =
843 1116 845 1120 ι
988 1084 1124 1142 uisicum
1144 1100 1282 1154 eum,seu
1299 1095 1348 1159 per
1367 1091 1562 1162 arrogantiam,
1579 1095 1635 1153 sire
1648 1113 1699 1170 per
1719 1117 1796 1160 verr-

440 1193 564 1250 cppUT
583 1195 635 1249 px,
891 1202 894 1207 ·
993 1179 1131 1249 cundiam,
1146 1179 1181 1237 ad
1192 1181 1387 1254 cogitationum
1398 1198 1512 1241 suarum
1529 1187 1651 1246 velamen
1667 1192 1794 1254 illexerit.

137 1297 229 1364 Quare
242 1295 398 1366 junioribus
418 1300 566 1367 imperetur
584 1303 616 1354 ur
637 1302 737 1354 senemr
757 1314 804 1355 δυο
817 1302 887 1356 ,qq
905 1302 939 1357 de
991 1274 1125 1331 Generals
1140 1282 1259 1347 namque
1277 1283 1305 1332 et
1319 1276 1428 1333 evidens
1442 1276 1572 1335 indicium
1587 1280 1729 1343 diabolica
1744 1290 1794 1345 co-

307 1371 514 1436 ceqitationibus
527 1371 583 1424 suis
597 1371 782 1437 moerebant,
991 1367 1128 1440 giutimls
1146 1374 1205 1425 esse
1220 1369 1398 1440 pronuntiant
1417 1370 1438 1427 si
1464 1385 1525 1428 eam
1547 1375 1649 1432 seniori
1676 1381 1793 1438 conlun-

173 1478 223 1535 His
243 1465 324 1553 igitur
338 1478 484 1544 institutis,
503 1468 634 1554 eosquos
655 1480 774 1552 initiant,
792 1483 866 1540 reiut
882 1484 937 1541 ele·
992 1460 1091 1518 damur
1103 1461 1221 1570 aperire.
1339 1474 1342 1483 ’

136 1571 238 1628 mentis
256 1572 421 1644 quibusdam
435 1588 467 1628 ac
484 1573 593 1645 syllabis
610 1573 732 1630 imbuero
745 1576 781 1631 ed
793 1575 939 1648 perlectio-
1079 1591 1080 1595 ¹
1300 1575 1424 1633 CAPUT
1442 1578 1480 1633 x,

134 1680 199 1722 nem
210 1673 293 1738 atque
305 1665 455 1723 inlormare
469 1665 607 1734 lesbnant,
623 1683 672 1740 per
681 1668 742 1725 haec
761 1685 793 1725 ac
807 1669 938 1743 liquidum
994 1677 1101 1744 Quanta
1108 1675 1249 1747 juniomm
1262 1658 1422 1739 obedientia,
1433 1682 1514 1734 enirm
1524 1683 1552 1734 in
1561 1683 1668 1753 lu'squo
1676 1663 1798 1745 natarali
1904 1658 1907 1669 ἱ

136 1757 332 1827 discernentes,
345 1764 440 1814 utrum
456 1758 518 1815 licta
530 1769 557 1816 et
571 1761 739 1834 imaginaria,
754 1777 789 1818 an
809 1778 871 1819 vera
885 1760 941 1819 sint
1208 1751 1361 1803 ”ellill'lstll'
1374 1750 1494 1819 millitia
1508 1759 1580 1807 siml·
1657 1756 1658 1760 ’

137 1850 293 1909 humilitate
301 1852 419 1909 fundati.
441 1852 484 1910 td
498 1852 570 1925 qnod
583 1864 612 1911 ut
627 1854 705 1913 focile
725 1857 830 1913 valeant
850 1872 941 1929 perae
1028 1857 1095 1912 Post
1115 1839 1207 1913 nael
1226 1865 1301 1913 tanta
1321 1857 1493 1916 observantia
1517 1858 1681 1923 obedientia
1701 1869 1794 1942 regula

134 1946 205 2015 nire,
225 1956 422 2018 consequenter
439 1949 619 2006 instituuntur
635 1948 723 2007 nullas
738 1952 849 2024 penitus
868 1952 940 2026 cogi·
994 1949 1157 2018 custoditur,
1169 1959 1200 2007 ut
1217 1951 1340 2022 Juniores
1359 1952 1462 2024 absque
1476 1955 1614 2026 praepositi
1627 1958 1668 2013 sui
1682 1952 1794 2018 scientia

137 2034 258 2091 tatitmes
279 2036 433 2108 prurientes
453 2037 481 2092 in
503 2038 587 2094 corde
611 2039 758 2111 perniciosa
780 2039 940 2098 confusione
995 2045 1035 2099 vel
1048 2045 1194 2116 permissu,
1207 2060 1264 2100 non
1279 2044 1368 2100 solum
1384 2060 1439 2100 non
1453 2046 1570 2103 audeant
1581 2048 1647 2106 cella
1659 2055 1794 2127 progredi,

138 2123 243 2191 celare,
267 2124 316 2181 sed
340 2125 485 2182 confestim
508 2134 539 2184 nt
563 2128 803 2197 exodaedterint,
827 2145 873 2187 eas
889 2143 940 2186 too
994 2137 1042 2193 sed
1060 2153 1095 2193 ne
1108 2138 1157 2209 ipsi
1180 2137 1291 2210 quidem
1306 2141 1447 2195 communi
1468 2154 1500 2195 ac
1514 2141 1629 2197 naturali
1643 2146 1796 2204 necessitati

139 2215 292 2288 patefacere
308 2221 322 2251 ¹
336 2219 456 2276 seniori:
471 2234 522 2276 nec
540 2235 623 2293 snper
635 2235 729 2277 earnm
742 2223 846 2294 judicio
860 2222 941 2296 qdid-
997 2223 1152 2282 satisfacere
1167 2239 1216 2281 sna
1230 2225 1389 2282 auctoritate
1403 2222 1578 2297 praesumant.
1591 2231 1603 2261 ⁰
1616 2228 1713 2302 Sicque
1733 2233 1796 2289 uni·

87 2313 100 2327 “
141 2325 224 2382 quam
245 2326 300 2368 suae
318 2312 473 2368 discretioni
485 2316 670 2384 committere,
682 2314 730 2372 sed
748 2316 814 2372 illud
830 2314 941 2373 credere
994 2318 1070 2373 ‘versa
1084 2318 1417 2391 complerequaecumque
1437 2317 1580 2377 loeriutab
1595 2336 1627 2377 eo
1650 2333 1797 2397 praecepta,

139 2403 247 2485 malnnr
267 2420 337 2473 erse,
357 2407 397 2463 vel
416 2406 530 2476 bonum,
555 2409 628 2481 qnod
650 2409 806 2466 discusserit
824 2425 856 2467 ac
876 2415 941 2483 pro·
994 2420 1135 2484 tamqnam
1149 2410 1172 2468 si
1186 2428 1201 2467 a
1215 2415 1278 2470 Deo
1297 2413 1354 2469 'sint
1367 2413 1476 2470 coelitus
1495 2412 1578 2486 edita,
1600 2415 1657 2487 elne
1671 2416 1725 2474 ulla
1738 2417 1797 2477 dis-

137 2490 304 2555 nantiiverit
324 2499 439 2557 senioris
459 2515 583 2558 examen.
604 2503 644 2558 lta
660 2502 692 2568 lit
705 2510 736 2559 ut
750 2502 777 2563 in
798 2502 940 2580 nullocir·
995 2505 1123 2563 cessione
1139 2502 1286 2573 testinan13
1301 2514 1333 2561 ut
1346 2494 1557 2579 nonnumquam
1569 2507 1654 2575 etiam
1665 2496 1679 2540 ‘¹
1692 2509 1798 2584 impos·

685 2627 816 2684 standi
834 2627 947 2683 GAZAEl
965 2624 1246 2712 COMMENTARIUS.

140 2740 209 2798 locis
221 2740 409 2809 commendat,
424 2750 452 2799 et
463 2742 581 2801 inculcat
593 2758 653 2816 cap.
666 2749 695 2809 d,
708 2750 735 2811 7,
749 2746 795 2809 tt,
813 2748 858 2799 5⁸.
874 2742 943 2801 vtae
995 2748 1079 2806 retur,
1101 2759 1206 2800 merom
1225 2746 1289 2814 pati
1307 2747 1428 2799 nunaut
1444 2747 1473 2798 in
1493 2747 1634 2813 secundm
1655 2748 1798 2819 dequibus

140 2813 177 2868 Ι).
189 2812 362 2871 bernardum
375 2829 458 2870 serm.
473 2813 535 2870 tide
546 2813 943 2881 Ressurrect.,ulrimnlta.ad·
995 2818 1125 2871 Dominus
1145 2816 1212 2870 dicit
1231 2833 1240 2868 :
1256 2815 1395 2871 obauditu
1412 2818 1487 2870 amis
1499 2817 1617 2872 obeduu't
1628 2821 1695 2873 miti
1709 2822 1796 2890 (Paul.

140 2898 236 2940 remur
253 2884 391 2954 propriam
414 2885 581 2943 voluntatem
608 2885 717 2943 disserit
740 2888 791 2954 (ll.
809 2887 896 2943 sarit.
912 2889 943 2942 in
995 2900 1076 2942 xvrrr
1089 2891 1108 2951 l.
1126 2886 1248 2954 Denique
1259 2888 1294 2941 1).
1309 2887 1463 2942 bernardus
1477 2887 1504 2941 in
1519 2887 1589 2943 libro
1604 2887 1637 2943 de
1656 2891 1797 2963 Praecepto

140 2956 456 3027 assumpseramus
472 2959 615 3022 roetso.)
658 2984 668 2993 v·
822 2981 824 2985 ⁷
995 2956 1149 3028 etDispen.
1174 2956 1244 3022 (dol.
1261 2961 1313 3020 iti:
1334 2956 1490 3020 sier-neus,
1507 2960 1563 3012 siae
1583 2960 1659 3014 mmo
1677 2964 1799 3019 vicarius

167 3030 188 3067 2³
208 3028 253 3083 De
272 3026 323 3082 hac
343 3027 537 3109 cogitationum
563 3027 700 3083 malarum
721 3026 940 3085 manifestatione
995 3030 1052 3090 liei,
1067 3027 1587 3097 mundatumquodeumquetradrderit,
1601 3034 1667 3100 peri
1677 3046 1729 3101 pro
1744 3039 1799 3089 ecre

140 3098 313 3164 seniori,aut
329 3098 459 3170 spirituali
473 3099 558 3167 Patri,
572 3097 705 3167 iacienda,
718 3098 939 3155 ridenotataad
994 3099 1191 3169 obsequendum
1210 3104 1248 3153 est
1266 3115 1341 3160 eura,
1356 3101 1422 3169 para·
1439 3102 1586 3154 reuerentia
1608 3101 1685 3168 defer
1737 3098 1798 3171 'alm

139 3168 234 3227 collat
251 3173 344 3240 περ.
362 3175 415 3225 tt),
776 3214 777 3218 ,
961 3171 1050 3238 cubi
1062 3175 1152 3225 tamen
1163 3172 1216 3224 Deo
1230 3172 1431 3224 mnirarianon
1442 3173 1569 3240 precipit
1586 3172 1672 3232 bomo:
1692 3176 1799 3230 littur-

178 3233 247 3299 blta
257 3242 294 3295 D.
303 3239 489 3313 Hieronymus
500 3241 534 3298 de
543 3239 690 3297 coenobitis
701 3240 831 3313 AEgyptiis
840 3254 941 3312 agens:
999 3255 1060 3295 snm
1075 3259 1082 3295 r
1095 3242 1251 3311 insperserit·
1260 3241 1347 3295 cordis
1361 3245 1386 3295 et
1398 3244 1512 3309 intimae
1526 3256 1637 3311 proruas
1651 3246 1799 3313 voluntatis

143 3313 250 3373 Prima,
262 3312 358 3381 inquit,
373 3313 449 3383 apud
462 3327 505 3369 eos
518 3312 709 3380 consoderott’o
718 3316 757 3366 est
766 3312 873 3367 obedire
884 3328 944 3367 ma·
996 3312 1183 3378 treduinum,
1189 3315 1295 3365 statuta
1302 3314 1435 3365 rotimum
1443 3313 1735 3379 studiosiusdiseutere,
1745 3317 1799 3371 bee-

138 3382 259 3452 jorius,
272 3387 298 3439 ol
308 3384 444 3465 quidquid
453 3382 682 3452 iussenmreeere
693 3385 797 3453 (epist.
807 3387 870 3449 22)ss
883 3382 946 3439 Sul·
997 3384 1083 3436 citare
1093 3382 1131 3436 od
1139 3383 1313 3451 suequtaqua
1324 3382 1517 3450 irrumpentem
1530 3386 1638 3452 eripere
1648 3386 1799 3455 dequibus·

143 3452 225 3524 pitius
247 3455 275 3509 in
296 3453 405 3537 dialogo
418 3456 507 3525 primo
528 3455 571 3510 de,
586 3453 731 3511 virtutibus
751 3454 779 3509 S.
798 3453 914 3510 Martini
935 3471 942 3508 ε
998 3469 1108 3522 cumque
1121 3455 1262 3515 rationem,
1275 3453 1380 3507 mmote
1391 3456 1526 3522 suspicari
1533 3454 1647 3509 deornm
1656 3461 1797 3528 praeopto,

142 3527 294 3595 Prompaea,
304 3520 402 3596 inq‘mt,
414 3526 454 3580 e'bi
463 3528 594 3588 cirtamet
604 3527 706 3595 primo,
717 3530 756 3580 ast
769 3525 920 3581 obedientia
933 3545 941 3580 r
997 3524 1074 3594 nujus
1083 3539 1166 3579 causa
1179 3525 1304 3588 tatuerin
1316 3539 1499 3593 necunquam
1511 3525 1736 3596 libenteruudire,
1746 3531 1801 3584 atsi

141 3598 315 3667 nequeotiter
322 3597 511 3657 adueniensod
520 3597 821 3655 monasteriumabbotas
831 3599 945 3667 sasetpt'·
997 3612 1056 3650 nrm
1069 3596 1165 3650 martire
1179 3596 1660 3664 matiqeritquodsortett'bueritraut
1669 3599 1801 3667 quodnon

143 3671 290 3737 tamquam
298 3668 944 3739 quiteatatrspriusmmt,etpretems,autmm
997 3669 1079 3722 aliter
1093 3668 1178 3728 licere,
1197 3681 1243 3721 seu
1257 3667 1393 3736 capedine,
1411 3667 1634 3724 demonstraverit
1646 3671 1688 3724 uel
1703 3675 1800 3741 aperta

146 3754 278 3822 nmquam
287 3740 625 3823 recusetumas‚quomlt'bet
637 3740 765 3824 arduum,
776 3756 808 3794 ac
818 3740 944 3821 difficile,
998 3740 1082 3820 ratio,
1097 3739 1144 3819 ¹aret
1162 3738 1319 3792 indubitato
1332 3740 1493 3819 auotoritas...
1503 3739 1570 3794 liaec
1585 3742 1617 3822 S.
1635 3740 1799 3796 Bernartius.

142 3809 946 3963 ttttttttltttttttt‘ttttttmittit:
1000 3809 1801 3962 latinitati..littltlttttattttttttt

143 3965 237 4007 serem
250 3971 256 4005 ε
269 3954 372 4008 ilicem
385 3951 623 4022 (mauretaniarum
632 3950 753 4017 Patres),
763 3951 860 4021 inquit,
871 3952 948 4006 nodia
1001 3950 1196 4015 obedientiam,
1208 3966 1262 4021 qua
1273 3965 1334 4020 ans
1346 3965 1404 4005 stne
1422 3965 1523 4021 praevio
1536 3958 1661 4021 praecepti
1676 3949 1802 4006 examine

142 4023 420 4102 superbioeonsulunt
432 4025 467 4079 s'e's
476 4039 542 4093 ques
549 4024 732 4104 filiosoocoul.
746 4036 846 4089 mopere
859 4036 909 4076 sua
918 4024 948 4077 in
1001 4021 1160 4146 simpliciter
1175 4021 1355 4091 obtemperat,
1376 4035 1426 4074 nee
1443 4021 1513 4075 scire
1530 4022 1605 4091 cupit
1622 4036 1671 4076 cur
1685 4020 1748 4086 hoc,
1760 4020 1800 4075 rel

140 4094 261 4161 jubendo
276 4096 447 4162 auctoritate,
459 4110 563 4164 mopnu
576 4094 685 4148 allorum
700 4106 730 4144 an
743 4092 948 4160 obtemperando
1001 4093 1048 4146 tllu

145 4165 292 4220 voluntate.
576 4190 580 4199 .
1002 4161 1074 4230 qnod
1088 4162 1239 4231 imperatur
1245 4160 1364 4229 (Similia
1378 4159 1458 4214 babet
1473 4160 1680 4223 cussanus-tt,
1692 4161 1797 4228 iufra).

499 4253 521 4362 lp
560 4306 586 4361 h·
644 4204 770 4360 pgrdlss.
788 4205 946 4314 parmate·
1000 4232 1064 4286 Sem
1133 4239 1224 4354 turfrtep
1250 4228 1407 4353 ειὲἰρίῗρεο
1426 4238 1599 4356 ιρεεεεερῐῑὲιεε
1625 4230 1800 4313 lrttjusutodi,

145 4311 946 4449 tilitattttlttt,ttulittttttttdtttt
999 4313 1547 4496 ttmtltttt⁸t3uttjtit0tttt
1560 4316 1801 4431 latitanti

182 4236 318 4293 tSimiles
341 4236 480 4292 sententlae
522 4234 603 4291 assim
627 4249 641 4288 a

146 4449 193 4504 tiae
210 4447 338 4519 perlecta
356 4448 633 4506 commendationem.
654 4450 689 4503 l).
706 4447 821 4501 Basilius
837 4447 945 4501 incon·
999 4445 1241 4513 msemaqisquam
1270 4441 1404 4496 ominibus
1417 4445 1491 4510 (Act.
1506 4445 1585 4512 v).·
1619 4448 1622 4452 '
1695 4463 1705 4470 „

146 4519 234 4575 stitut.
252 4528 369 4576 monast.
385 4536 447 4591 cap.
465 4524 501 4575 23
513 4520 552 4575 sic
570 4518 608 4574 alt
620 4538 627 4573 :
641 4517 869 4586 Quemadmodum
877 4532 945 4587 pes-
964 4552 990 4613 D
1030 4503 1386 4598 'd-lmpossibitiauintcllige
1407 4529 1463 4569 non
1482 4514 1575 4597 solum
1593 4530 1655 4586 quac
1673 4515 1801 4597 videntur

147 4592 343 4646 torieuooocs
360 4592 681 4660 obtemperandum
699 4589 949 4659 quamcumqueitle
1002 4585 1081 4642 elicui
1103 4584 1289 4657 impossibilia,
1330 4599 1373 4641 ura
1390 4585 1469 4641 valde
1488 4600 1579 4656 grana
1603 4596 1631 4641 et
1653 4585 1799 4643 diflicilia:

147 4662 207 4717 tult
226 4663 418 4731 inprediuutur
441 4681 450 4716 ε
470 4663 510 4717 sic
529 4664 579 4732 qui
593 4677 627 4716 ea
645 4665 698 4716 ileo
710 4662 822 4730 pietatis
835 4661 948 4714 cultores
1002 4672 1056 4728 quo
1077 4656 1160 4712 modo
1173 4658 1213 4737 ,ΒΞ
1233 4599 1397 4712 Benet‘fictus
1418 4657 1538 4726 accipere
1557 4657 1673 4721 videtur,
1687 4673 1747 4736 cap.
1763 4661 1801 4712 aa

147 4736 222 4795 sunt,
234 4733 447 4790 moderatoribus
456 4734 626 4802 suisobsequi
638 4732 748 4796 debente
763 4731 834 4785 uitii
842 4732 948 4784 manino
1003 4728 1127 4799 Regttlae,
1137 4743 1179 4783 cur
1193 4726 1288 4782 titulus
1301 4746 1307 4782 :
1324 4729 1355 4784 si
1366 4730 1453 4795 fratri
1465 4728 1643 4796 impossibilia
1656 4730 1803 4795 inpunqan·

148 4803 259 4858 illorum
267 4805 346 4874 jassa
361 4807 492 4861 crrriosius
508 4806 720 4875 prescrutantes,
738 4802 848 4871 quando
862 4801 947 4856 libem
1003 4798 1124 4864 turrsed
1137 4812 1200 4869 quae
1211 4811 1303 4853 revera
1319 4798 1382 4853 talia
1397 4806 1470 4862 aunt,
1485 4807 1517 4850 ut
1528 4797 1663 4850 humanas
1675 4797 1798 4852 viressu-

147 4879 212 4930 suut
223 4891 243 4929 a
287 4879 417 4933 cantab.
433 4877 616 4947 Hieronymus
628 4873 655 4928 in
664 4873 743 4943 epist·
757 4871 948 4927 aditusticum
1003 4877 1107 4940 pereat,
1121 4871 1233 4939 velquae
1245 4869 1394 4924 secundum
1408 4882 1436 4922 se
1449 4874 1512 4920 sunt
1522 4866 1623 4931 illicita,
1637 4880 1700 4935 qum
1718 4866 1800 4922 edam

149 4891 315 5003 monessgm
325 4969 331 5002 z
343 4949 529 5018 Propositum,
542 4944 640 5017 inquit,
651 4946 746 4998 timeas
758 4948 790 4998 ut
800 4943 946 5010 deminum,
1003 4939 1143 4995 moraliter
1156 4937 1286 4993 dicuntur
1296 4937 1473 5008 impossibilia
1486 4936 1614 4999 (Vides.
1628 4937 1719 4991 raam.
1732 4943 1759 5003 t,
1772 4954 1801 5009 q.

149 5015 446 5089 dilipasutpurentemr
456 5014 820 5084 credassatutarequr'dqur‘d
829 5015 949 5084 talepre-
1005 5016 1056 5076 ta,
1065 5014 1120 5064 art.
1133 5015 1161 5073 5,
1173 5009 1219 5063 ad.
1234 5014 1275 5077 t),
1288 5008 1377 5078 qualia
1389 5016 1453 5062 sunt
1463 5006 1564 5062 intrare
1578 5006 1690 5063 furnum
1701 5009 1802 5065 arden-

148 5080 763 5159 emeit;ae'cdemcjammseateuneiudiees,
779 5084 950 5154 ntjusosfieii
1003 5089 1071 5145 tem,
1093 5079 1235 5136 advolvere
1260 5094 1358 5134 saxum
1381 5077 1564 5150 importabile,
1589 5079 1701 5150 irrigare
1724 5079 1803 5137 bacu-

149 5163 188 5212 est
203 5158 319 5229 obedire,
329 5166 356 5216 et
367 5161 549 5231 implereque
558 5159 717 5228 jussasunt.
732 5157 883 5222 Greaorius
895 5169 948 5210 ma·
994 5153 1061 5207 lum
1076 5151 1184 5208 aridum
1208 5149 1295 5207 donec
1317 5149 1451 5213 lrondcat,
1478 5149 1609 5220 projicere
1632 5166 1749 5275 puerum
1774 5152 1802 5208 in
1847 5150 1852 5157 ’

149 5243 220 5300 gnus
232 5230 279 5286 lib.
295 5246 331 5296 tr,
345 5246 405 5298 erp.
420 5237 438 5285 4
452 5229 480 5284 in
494 5232 545 5286 lit
597 5245 645 5284 nr:
664 5227 892 5284 Veraobedimtt'a
903 5241 949 5282 nec
1004 5223 1120 5293 llumen,
1138 5236 1248 5278 currere
1267 5236 1349 5291 super
1364 5236 1458 5293 aquas,
1472 5221 1587 5276 lemnam
1603 5221 1627 5276 al
1639 5230 1741 5292 spatam
1756 5223 1805 5280 ad-

60 5306 64 5319 ·
102 5359 112 5372 ⁸
147 5302 537 5370 propositonamriatentionem
574 5302 675 5361 occulit,
691 5303 882 5368 neeprteaepta
896 5297 951 5352 dis-
1004 5294 1115 5362 ducere,
1135 5302 1163 5350 et
1180 5294 1233 5348 alla
1254 5292 1422 5364 hujusmodi,
1437 5306 1498 5363 quae
1511 5293 1611 5348 abillis
1625 5295 1724 5349 sanctis
1742 5309 1803 5351 mo-

150 5373 243 5442 mair,
256 5376 324 5445 quio
336 5375 387 5444 qui
399 5388 476 5428 outae
486 5374 550 5427 edre
561 5386 617 5428 sum
626 5371 762 5440 iradicium
775 5368 875 5438 majori
887 5367 950 5423 sub·
1004 5366 1099 5423 naabis
1113 5374 1141 5421 et
1155 5363 1276 5421 eremitis
1289 5363 1348 5420 zelo
1367 5363 1529 5420 obedientiae
1543 5372 1648 5434 patrate
1662 5366 1801 5436 leguntur.

150 5443 231 5505 didit,
252 5449 284 5500 iu
304 5445 352 5500 boa
373 5443 427 5500 solo
446 5443 556 5514 qaudet,
574 5441 689 5512 siquod
711 5442 765 5496 sibi
779 5441 949 5511 precipitur,
1004 5438 1074 5506 Quae
1089 5435 1335 5506 quidemenempla
1349 5450 1381 5490 ex
1395 5434 1541 5490 liecenseri
1562 5434 1664 5490 debent
1678 5436 1802 5506 quaead-

150 5522 286 5585 operatu.
300 5514 607 5584 tl'eseitenr'mjadioere,
620 5514 742 5583 quisquis
754 5512 872 5582 perlecta
882 5509 951 5565 dtdi-
1006 5507 1129 5564 miranda
1146 5514 1221 5572 sunt,
1234 5506 1283 5562 sed
1295 5521 1350 5561 non
1368 5505 1460 5561 statim
1472 5505 1611 5561 imitanda.
1631 5506 1804 5564 Credendum

151 5591 213 5643 emit
224 5588 343 5643 obedire.
362 5589 391 5644 S.
405 5587 568 5643 Benedictus
580 5587 609 5640 in
623 5584 726 5665 Regula
743 5598 791 5639 sua
811 5583 891 5653 (Gap.
905 5581 949 5646 ⁵),
1004 5579 1078 5634 enim
1089 5594 1121 5634 cr
1132 5577 1259 5649 peculiari
1273 5577 1323 5633 Dei
1333 5577 1464 5659 instinctu
1481 5574 1552 5658 lecta
1569 5576 1660 5644 luisse,
1670 5592 1733 5648 quae
1746 5587 1803 5635 mm

153 5672 233 5728 quam
254 5659 331 5716 idom
347 5661 381 5714 D.
401 5657 554 5728 Gregorius
574 5655 737 5713 discretione
761 5668 793 5709 ac
816 5653 949 5725 sapientia
1003 5650 1148 5719 stupendis
1174 5656 1201 5705 et
1225 5648 1396 5705 evidentibus
1418 5648 1556 5704 miraculis
1587 5647 1714 5703 divinitus
1740 5656 1804 5704 sant

151 5728 265 5799 plenam·
281 5745 342 5787 esus
355 5737 484 5795 metatur,
502 5727 613 5810 quinam
635 5725 690 5781 veri
713 5725 870 5781 obedientes
892 5737 955 5779 oen·
1007 5719 1325 5792 approbata.‘Contingit
1338 5730 1431 5775 tamen
1456 5718 1604 5785 interdurn,
1625 5727 1658 5774 ut
1675 5721 1805 5790 praetatus

150 5803 228 5861 tandi
251 5801 318 5869 sint,
340 5800 470 5858 describit
495 5800 537 5855 lits
558 5797 682 5855 verbis:
708 5799 783 5858 des,
803 5793 901 5865 inquit,
924 5798 956 5849 ut
1007 5791 1297 5865 religiosusqnardem
1320 5790 1448 5856 difficilia,
1464 5790 1503 5845 rel
1518 5789 1601 5844 etiam
1618 5788 1804 5859 impossibilia,

151 5875 317 5945 imperatum
334 5888 352 5929 a
371 5872 479 5928 meliore
501 5871 648 5938 ruerit-ae
670 5869 695 5923 ri
719 5867 851 5922 dioirrittu
872 5867 956 5936 impe-
1009 5863 1089 5920 alicui
1104 5861 1240 5919 monacho
1260 5861 1490 5935 praecipianquae
1514 5866 1608 5914 tamen
1623 5873 1683 5912 non
1700 5856 1813 5913 rutum

1079 4091 1131 4146 sibi
1143 4105 1158 4145 ε
1171 4091 1310 4161 superiore
1324 4090 1483 4158 imperetur,
1498 4089 1550 4142 boc
1567 4091 1626 4144 solo
1645 4097 1800 4158 contentus,
1899 4126 1903 4133 -
