3848 6158
171 279 221 334 tel
840 277 980 337 tonNle
997 279 1149 337 cnssmtlt
1770 274 1822 328 {88

165 402 280 475 iecerat,
288 402 419 462 facultate
431 412 512 477 atque
524 402 669 462 allectione
681 404 791 473 carnali,
805 402 900 460 saltem
916 405 966 461 sibi
983 405 1090 471 Adeas
1113 402 1230 461 coenobii
1258 401 1359 467 senior,
1393 399 1427 456 ad
1455 397 1690 470 comprobandam
1716 397 1823 470 penitus

168 491 256 551 dlium
270 511 429 568 superesse:
452 506 480 554 et
493 494 726 570 quemadmodum
741 512 771 552 se
784 497 843 569 jam
856 496 967 554 divitem
1021 498 1105 555 animi
1121 498 1179 569 ejus
1190 495 1457 563 consentiamcum
1473 493 1579 566 plorare
1594 491 1712 566 quadam
1727 490 1772 547 die
1785 491 1825 545 vi·

167 603 296 646 nonesse
316 591 429 657 sciebat,
443 591 479 647 ita
491 592 573 648 etiam
595 598 699 663 patrem
719 605 748 646 se
768 606 826 647 csse
842 592 966 649 nesciret.
1021 590 1257 654 dissetinlantem,
1278 591 1409 647 simulans
1421 604 1451 645 se
1470 587 1598 645 adversus
1620 602 1684 643 eum
1698 601 1823 642 commo·

168 681 250 751 Quod
269 690 300 738 ut
322 683 426 754 plenius
448 684 618 755 probaretur,
642 689 735 738 ubam
760 681 884 739 videlicet
907 684 968 755 plus
1021 693 1092 751 tum,
1105 689 1118 717 ⁸
1133 683 1353 758 praecepitpatri,
1366 691 1398 739 ut
1411 681 1510 739 tollens
1523 695 1587 738 eum
1601 681 1712 752 jactaret
1733 680 1762 735 in
1777 678 1825 736 ilu-

169 775 272 833 iaceret
291 775 435 833 aiiecboue
455 776 611 848 sanguinis,
634 791 667 832 ac
689 792 802 833 suorum
834 777 968 834 viscerum
1021 797 1095 839 men.
1110 782 1244 838 Tuncilie
1260 782 1334 837 velut
1346 795 1362 836 a
1375 779 1496 837 Domino
1518 778 1569 834 sibi
1592 777 1644 835 hoc
1657 785 1823 848 praeceptum

169 869 318 937 charitate,
344 886 378 926 aa
401 868 552 927 obedientia
574 877 601 927 et
618 871 828 928 mortificatione
849 871 968 940 Christi,
1022 884 1103 942 esset,
1129 874 1273 931 confestim
1292 873 1371 931 celeri
1393 888 1476 929 cursu
1493 872 1599 944 rapiens
1630 870 1732 938 filium,
1754 870 1825 928 uluis

170 979 252 1036 quam
264 965 420 1020 renuntians
434 964 549 1035 quisquc
560 980 610 1037 pro
629 964 689 1037 clus
702 963 783 1021 debet
794 980 888 1022 amore
898 979 969 1037 prte-
1023 969 1139 1041 propriis
1159 984 1244 1041 usque
1266 967 1300 1024 ad
1314 982 1391 1023 oram
1403 965 1525 1022 lluminis
1537 964 1643 1021 advexit
1660 965 1823 1037 jactaturus.

167 1055 254 1122 ferre,
282 1053 317 1111 de
342 1054 473 1112 industria
498 1055 684 1128 negligebatur
704 1055 849 1127 parvulus,
873 1056 970 1127 pannis
1022 1060 1104 1131 Quod
1113 1058 1234 1133 proiecta
1256 1058 1362 1116 iervore
1377 1057 1439 1115 adei
1458 1067 1485 1114 ct
1505 1057 1665 1115 obedentiae
1690 1056 1826 1129 eJusluis·

169 1147 259 1218 i⁰tl¹¹⁸
284 1163 367 1220 quam
387 1148 556 1205 Ὺθθῖῑῐῦθῦῑῑῦ
570 1148 697 1217 indutus»
716 1148 844 1206 millibus
862 1164 970 1222 (1¹¹⁰<ll10
1021 1163 1064 1212 set
1076 1170 1157 1227 opere
1179 1160 1402 1210 consummatum
1414 1172 1422 1219 ς
1435 1151 1486 1208 nisi
1506 1151 1642 1223 procurati
1659 1149 1774 1207 inissent
1793 1150 1826 1208 de

168 1241 206 1297 ita
232 1242 336 1299 obsitus
359 1257 392 1298 ae
417 1240 601 1312 loedatus,ut
620 1241 758 1300 ofieadcre
774 1241 864 1315 potius
886 1256 970 1316 quam
1023 1249 1154 1307 industria
1176 1247 1286 1320 iratres,
1298 1248 1344 1320 qui
1362 1247 1476 1305 sollicite
1501 1245 1590 1318 ripam
1614 1245 1826 1311 lluminisobsi-

169 1334 303 1392 delectare
315 1343 443 1407 paternos
456 1336 550 1394 oculos
571 1346 679 1408 posset,
690 1337 795 1410 quoties
812 1336 847 1392 ab
861 1351 894 1393 co
908 1335 972 1394 luis·
1024 1342 1136 1412 derent,
1148 1341 1354 1414 projectumque
1369 1340 1429 1412 jam
1445 1348 1474 1396 et
1493 1337 1698 1410 quodammodo
1717 1338 1751 1394 de
1771 1337 1825 1394 ilu-

120 1508 126 1513 ·
169 1437 351 1501 sctaspectas
366 1449 372 1485 :
385 1427 433 1487 scd
453 1430 535 1487 etiam
550 1430 671 1504 colaphis
689 1441 771 1505 atque
786 1430 872 1504 alapis
887 1446 970 1503 expo·
1023 1435 1105 1492 minis
1119 1434 1196 1490 alveo
1215 1433 1359 1506 parvulum
1372 1433 1542 1504 rapuissent3
1560 1437 1588 1486 et
1609 1431 1825 1487 consummatio·

169 1523 239 1579 situs
262 1522 450 1594 diversorum,
474 1540 541 1599 quas
570 1526 732 1598 plerumque
757 1525 808 1581 sub
832 1523 972 1582 obtutibus
1024 1543 1088 1584 nem
1110 1527 1256 1600 praecepti,
1277 1526 1408 1598 obsequio
1431 1526 1515 1598 patris
1533 1540 1566 1580 ac
1585 1524 1728 1581 devotione
1748 1539 1825 1580 com-

170 1616 226 1673 suis
240 1616 376 1674 innocenti
391 1618 502 1691 parvulo
518 1619 600 1676 etiam
624 1619 705 1692 gratis
718 1619 846 1676 cernebat
860 1618 943 1689 indigi
961 1636 968 1674 ι
1024 1621 1126 1694 pletam
1142 1620 1177 1677 ab
1194 1618 1294 1676 ellectu
1316 1619 1406 1691 operis
1416 1661 1424 1688 ,
1435 1626 1518 1690 atque
1537 1617 1572 1673 ab
1597 1617 1657 1689 ipso
1672 1615 1727 1673 iine
1748 1631 1824 1674 reru

170 1710 209 1767 ita
221 1719 251 1767 ut
273 1727 422 1784 numquam
444 1714 616 1786 generales,
632 1714 681 1769 nisi
704 1715 888 1787 lacrymarum
908 1729 970 1772 sor·
1023 1721 1142 1770 cessent.

172 1804 300 1861 denb'bus
323 1807 439 1880 sesdgba
463 1806 566 1863 videret
590 1806 714 1863 iniectas.
736 1809 860 1880 Cumque
881 1802 1008 1865 taliterB
1292 1830 1413 1889 CAPUT
1427 1831 1562 1887 χχηῃῐο

167 1896 259 1954 inians
285 1898 337 1956 sub
355 1900 440 1956 oculis
457 1900 517 1972 ejus
542 1916 590 1973 per
610 1901 668 1958 dies
690 1900 812 1974 singulos
833 1909 970 1974 ageretur,
1122 1949 1228 2004 dmi
1303 1949 1364 2002 ,M
1441 1950 1458 2001 ,t
1490 1945 1609 2001 Md
1673 1949 1714 2001 m
1727 1947 1813 2002 Mucio

166 2007 216 2064 pro
230 2007 323 2049 amore
341 1993 517 2050 nihilomiuus
527 1993 627 2050 Christi
640 2002 668 2050 et
680 1993 841 2051 obedieutiae
857 1994 968 2062 virtute,
1025 1950 1125 2090 01¹5}th
1143 1964 1458 2086 Μαῖὸῑῗέωᾝςζῖ,
1471 1964 1497 2073 2,
1507 1964 1580 2088 ,1253
1593 1961 1727 2084 pegma,
1740 2016 1826 2071 erdem

165 2086 252 2158 rigida
280 2102 388 2160 semper
411 2095 494 2160 atque
513 2087 662 2144 immobilia
686 2086 769 2159 patris
791 2084 889 2143 viscera
909 2103 970 2159 per·
1059 2092 1232 2146 rihbctir'dem
1238 2097 1320 2161 pater
1331 2093 1434 2147 Munus
1447 2091 1643 2145 inmonustera'i
1650 2089 1826 2143 administra·

167 2189 337 2238 manserunt.
352 2183 415 2238 Non
434 2182 508 2237 euim
527 2182 586 2253 jam
604 2181 755 2253 reputabat
772 2196 853 2238 suum
869 2181 968 2251 fliium,
1060 2165 1158 2218 tillim
1178 2165 1342 2218 sicmilit-

167 2289 249 2345 quem
267 2290 361 2331 secum
372 2275 471 2348 pariter
489 2273 625 2331 obtulerat
638 2275 746 2334 Christo
763 2294 769 2332 :
785 2291 837 2331 nec
857 2276 970 2333 curabat
1058 2278 1143 2350 Cujus
1156 2278 1223 2336 tides
1241 2287 1322 2351 atque
1333 2277 1439 2335 devotio
1453 2278 1480 2333 iu
1494 2283 1603 2334 tantum
1612 2279 1672 2333 Dec
1684 2276 1737 2334 fuit
1747 2291 1824 2333 acce·

166 2367 201 2425 dc
216 2368 396 2440 praesentibus
409 2368 466 2441 ejus
480 2366 606 2441 injuriis,
622 2368 670 2426 sed
692 2369 783 2441 potius
796 2367 969 2440 exsultabat,
1024 2382 1083 2448 pta,
1102 2382 1134 2431 ut
1146 2373 1236 2431 divino
1248 2375 1342 2431 statim
1354 2373 1512 2431 testimonio
1523 2373 1701 2445 comprobata
1712 2374 1756 2429 sit
1771 2375 1827 2429 lle·

167 2462 242 2535 quod
255 2476 300 2520 eas
316 2478 491 2536 nequaquam
503 2462 670 2519 infructuose
688 2463 817 2519 cernebat
835 2463 967 2520 tolerari:
1023 2464 1142 2521 velatum
1156 2479 1274 2535 namque
1291 2472 1333 2520 est
1349 2464 1479 2519 condano
1489 2462 1598 2529 seniori,
1610 2462 1661 2518 bac
1673 2476 1737 2518 eum
1756 2461 1826 2518 obc-

168 2570 266 2628 param
286 2556 410 2628 cogitans
428 2554 463 2612 de
486 2555 611 2628 lacrymis
632 2555 710 2626 ejus,
734 2555 782 2612 sed
805 2554 839 2612 de
862 2556 971 2628 propria
1023 2553 1277 2615 aiennalAbrabae
1290 2556 1452 2629 patriarchae
1465 2570 1534 2628 opus
1547 2554 1685 2627 implesse.
1697 2557 1827 2628 Cumque

80 2713 83 2719 .
172 2648 370 2707 bumilitateac
383 2648 547 2722 perfectione
560 2647 700 2705 sollicitus.
717 2649 807 2719 Quam
821 2647 970 2706 districtio·
1024 2649 1098 2707 brevi
1110 2659 1234 2723 tempore
1243 2658 1380 2706 transacto
1393 2648 1466 2705 idem
1477 2646 1561 2704 abbas
1570 2647 1687 2704 coeuobii
1698 2647 1732 2703 de
1742 2662 1828 2703 mun·

165 2758 230 2800 nem
249 2743 350 2801 mentis
368 2743 440 2800 iilius
457 2750 540 2815 atque
554 2741 725 2799 immobilem
747 2741 868 2815 rigorem
884 2743 970 2815 perri·
1024 2742 1052 2799 di
1061 2743 1144 2817 hujus
1156 2744 1372 2800 commoratione
1384 2742 1514 2817 migraret
1526 2741 1562 2798 ad
1576 2741 1738 2807 Dominum,
1750 2739 1825 2797 hunc

717 2884 846 2941 atnam
863 2884 976 2942 GAZAEI
995 2883 1275 2943 COMMENTARIUS.

203 3013 217 3042 ⁸
236 3008 339 3064 Mirum
359 3022 424 3064 sane
437 3006 613 3080 exemplum,
630 3015 658 3062 et
678 3007 835 3063 mirandum
858 3006 965 3079 potius,
1020 3008 1513 3134 intraneounmilliueqqoscssicnem
1525 3006 1821 3077 ubimuqisteruccepa’t,

168 3096 252 3152 quam
265 3079 439 3149 imitandum.
454 3081 611 3135 Sedutrum
626 3079 715 3146 magis
731 3078 853 3145 mireris,
869 3078 967 3149 praeci·
1020 3095 1073 3135 noe
1100 3084 1242 3134 cunctatur
1264 3095 1316 3149 pro
1353 3095 1382 3133 re
1400 3080 1579 3148 profitentem.
1603 3079 1674 3134 (lusu
1700 3078 1823 3133 elibanau

171 3152 301 3222 picatam,
312 3165 347 3204 an
365 3148 559 3205 obedientem?
571 3147 706 3203 abbatem
720 3149 773 3203 tale
791 3149 856 3220 quid
869 3149 967 3221 praeci-
1018 3155 1131 3221 propter
1143 3153 1151 3218 [
1162 3150 1180 3204 i.
1194 3166 1218 3206 e.
1227 3166 1310 3220 propa
1323 3149 1466 3217 ]ardebct,
1478 3151 1527 3217 qai
1538 3149 1623 3202 mrtlto
1640 3151 1704 3217 ipae
1715 3164 1826 3203 saccen-

167 3237 231 3292 pere
246 3219 377 3292 potuisse,
394 3227 424 3273 ut
445 3227 519 3291 pater
535 3218 620 3274 blium
641 3234 722 3281 suum
736 3219 856 3291 iactaret
878 3221 905 3275 in
921 3220 969 3276 llu-
1021 3221 1509 3291 suscoqueodispunibuspnrnbatur.
1520 3220 1688 3275 Ecundnbct
1700 3221 1825 3289 abruptis

168 3307 244 3354 men,
258 3289 332 3362 quod
349 3297 445 3344 natura
458 3298 485 3346 et
504 3289 573 3346 ratio
589 3288 770 3361 perhorrescit
787 3311 793 3347 :
812 3300 838 3347 et
858 3300 966 3363 patrem
1020 3295 1131 3363 Marma
1145 3293 1311 3360 tomandus,
1323 3294 1428 3346 etintra
1438 3292 1541 3344 ceruini
1552 3291 1624 3344 illias
1639 3293 1825 3345 conieceratotis

167 3361 230 3419 huic
243 3368 376 3433 praeccpto
395 3360 509 3417 voluisse
521 3362 728 3433 obtemperare,
743 3369 770 3417 et
781 3362 815 3418 de
828 3362 881 3418 boc
894 3371 965 3417 tam·
1020 3364 1269 3433 huberrisreqnnbct
1278 3361 1825 3437 iaceredhrm.iincipiturcdocnqmillum

167 3449 250 3505 quam
264 3432 359 3504 insigni
377 3431 538 3488 obedientiae
556 3433 679 3506 exemplo
692 3433 889 3490 commendari.
912 3433 966 3491 Sed
980 3415 1004 3479 C
1015 3436 1096 3505 jubet
1108 3437 1238 3504 magister
1257 3436 1377 3495 intrare,
1391 3449 1439 3487 nee
1449 3433 1558 3487 distulit
1569 3447 1666 3502 parare
1673 3436 1823 3502 praccepta,-

168 3518 233 3587 cnm
247 3507 321 3586 Deus¹
340 3504 396 3575 ipse
410 3519 460 3586 suo
473 3505 629 3588 testimonio
647 3503 677 3560 id
690 3506 866 3589 approbarit,
882 3512 965 3577 atque
1019 3506 1121 3561 medice
1131 3505 1332 3588 (lammasrrihil
1345 3503 1659 3584 mactatus-inpaeditun
1675 3517 1738 3573 quc
1759 3518 1825 3586 mon

168 3572 965 3718 tillblnllitll‚liittitllttllltlltnlll
1016 3575 1371 3718 attrahetis
1384 3574 1684 3715 titillabit
1698 3575 1824 3713 sitiit

168 3716 347 3772 similitudine
362 3716 481 3788 quadam
492 3725 520 3774 et
532 3717 685 3772 imitatione
696 3717 826 3789 singulari
842 3734 849 3769 :
863 3716 964 3772 nemini
1020 3717 1153 3779 cendium,
1168 3721 1193 3771 et
1206 3719 1254 3786 qui
1261 3716 1414 3786 putabatur
1425 3728 1554 3777 orsurus,
1565 3715 1638 3769 uelut
1648 3715 1753 3785 frigido
1765 3732 1826 3771 rore

168 3786 283 3844 dubium
302 3802 360 3843 esse
371 3796 476 3859 potest,
503 3789 567 3860 quin
584 3788 669 3845 abbas
689 3789 780 3845 divino
796 3787 923 3843 instinctu
938 3787 967 3843 id
1017 3790 1148 3859 periurare
1158 3791 1242 3857 seipsa
1253 3789 1368 3841 miratus
1380 3790 1428 3840 est.
1441 3787 1493 3841 Sed
1502 3785 1569 3855 qaid
1579 3789 1691 3852 mirum,
1701 3789 1727 3840 si
1736 3790 1822 3850 tuam,

168 3857 967 4002 palmative
1017 3857 1825 4001 ,renen

167 4001 210 4056 nis
229 3969 410 4056 constantiam
419 3970 435 4067 ,⁵
447 4000 639 4068 devotionern,
662 3969 845 4059 obedieutiaim
869 4001 965 4072 proba·
1020 4003 1209 4071 erepentium
1224 3970 1369 4071 quieodie’,
1381 4014 1434 4069 qao
1444 3999 1589 4053 aduenerat
1600 3999 1665 4052 dum
1676 4003 1826 4054 tentaretur

166 4080 220 4140 ret,
234 4080 261 4127 et
288 4072 347 4127 aliis
370 4080 534 4143 proponeret
549 4072 577 4127 iu
598 4075 771 4145 exemplum,
786 4081 816 4128 et
839 4072 968 4128 meritum
1021 4074 1157 4143 infirmas,
1168 4075 1304 4142 perfectus
1318 4073 1442 4125 incertus
1457 4075 1507 4136 est;
1520 4072 1615 4124 morto
1626 4071 1707 4138 felia,
1727 4074 1823 4126 mento

166 4143 328 4200 obedientiae
337 4143 408 4215 apud
422 4147 509 4200 Deum
520 4143 648 4199 omuibus
660 4143 750 4216 palam
762 4143 863 4200 iaceret
877 4161 885 4198 :
902 4143 969 4197 alter
1022 4144 1297 4214 qloriosus,probntus
1306 4142 1677 4210 obedientiaqinrifiratasest
1685 4143 1823 4210 pessime.

167 4230 233 4269 vero
252 4216 350 4271 eodem
372 4215 623 4298 spirituimpnisus
647 4223 788 4287 tamquam
806 4215 856 4271 sibi
875 4213 970 4270 divini·
1023 4216 1091 4271 Haec
1105 4216 1242 4286 eleganter
1255 4213 1385 4283 sulpitius
1396 4214 1444 4283 (ln
1455 4215 1542 4282 primo
1555 4211 1665 4265 decide
1677 4213 1824 4267 aestatibus

167 4293 213 4339 tus
223 4285 388 4356 imperatum
399 4286 505 4350 inisset,
519 4303 578 4343 stne
592 4302 669 4343 mora
690 4296 718 4343 et
736 4286 904 4344 haesitatione
920 4301 968 4340 vo·
1022 4287 1212 4340 monachorum
1224 4286 1327 4340 Orient.
1338 4299 1397 4352 cap.
1412 4286 1468 4349 la).
1485 4283 1564 4338 Plura
1577 4280 1825 4338 admirandarobc-

169 4355 248 4410 luerit
261 4357 466 4427 obtemperare,
480 4360 520 4414 vei
532 4359 595 4430 quia
616 4359 789 4414 existimabat
798 4358 824 4413 id
837 4357 963 4429 praecipi,
1018 4357 1128 4412 dientiaa
1141 4354 1262 4425 exempla
1275 4353 1365 4408 videre
1377 4361 1420 4408 est
1437 4353 1507 4480 aqud
1520 4355 1656 4409 loannem
1669 4352 1824 4410 Climacum

168 4440 224 4479 ηοη
236 4425 403 4495 simpliciter,
418 4436 446 4481 et
458 4428 583 4483 absolute
603 4435 634 4484 ut
647 4429 760 4494 iaceret,
775 4428 823 4484 sed
847 4430 882 4483 ad
904 4443 967 4499 pro·
1020 4426 1107 4499 gradu
1119 4433 1225 4495 quarto,
1237 4424 1282 4495 qui
1293 4432 1334 4478 est
1348 4422 1384 4478 de
1398 4423 1451 4478 obe
1471 4424 1562 4480 ientia.

168 4495 308 4551 bationem
322 4502 350 4549 et
374 4499 590 4567 experimentum
611 4497 786 4560 obedientiae,
808 4498 967 4552 utdictum
1056 4491 1143 4551 ¹'Hoc
1166 4504 1217 4561 est,
1232 4494 1352 4550 Abrahae
1371 4494 1578 4563 obedientiam,
1601 4494 1684 4552 iidem
1700 4503 1825 4552 constan·

168 4575 211 4620 est
225 4586 230 4621 :
248 4566 287 4619 rei
301 4566 374 4635 quia,
389 4575 420 4621 ut
432 4565 520 4622 verbis
542 4567 661 4623 Cassiani
677 4568 754 4637 (Gap.
766 4570 819 4631 tlt)
833 4575 903 4631 utar,
917 4582 968 4636 pro
1020 4567 1141 4638 tiamque
1153 4566 1233 4621 simili
1246 4565 1318 4621 iacto
1329 4565 1493 4637 expressisse
1507 4576 1588 4636 atque
1601 4566 1738 4622 imitatum
1752 4581 1823 4623 esse.

169 4639 321 4691 reverentia
347 4639 468 4700 senibus,
490 4643 516 4691 et
535 4638 657 4709 obsequii
673 4640 844 4708 sinplicitatc
866 4640 969 4691 sr'nrerc
1023 4641 1129 4708 Deque
1144 4637 1292 4708 Apostolus
1309 4637 1393 4692 Hebr.
1412 4653 1444 4692 xr
1462 4639 1547 4693 :Fide
1572 4639 1714 4695 Abrchum
1727 4638 1825 4694 obtadit

169 4707 293 4762 credebat
308 4711 365 4760 tota
383 4708 436 4776 tide
455 4709 534 4762 ilium
553 4709 622 4762 nibil
641 4722 719 4779 posse
729 4711 864 4763 incussum
876 4713 901 4762 et
913 4709 970 4762 sine
1023 4712 1111 4777 icccc,
1123 4713 1388 4774 aamtmtureturret
1399 4712 1566 4777 unigenitum
1576 4710 1720 4777 asserebat,
1730 4712 1760 4762 in
1770 4726 1839 4779 qao,

168 4781 274 4833 reticita
283 4781 437 4849 proeupere.
454 4784 545 4850 Atque
559 4779 595 4833 ita
610 4779 644 4835 de
656 4779 714 4834 aliis
731 4778 864 4834 similibus
884 4794 970 4834 erana·
982 4777 1009 4843 1)
1022 4784 1176 4850 susceperat
1183 4783 1420 4850 repromissionem.
1429 4780 1515 4834 Simili
1524 4780 1651 4851 exemplo
1662 4780 1759 4835 eadem
1767 4797 1826 4836 sen-

169 4851 221 4922 plis
235 4849 428 4918 sentiendum,
448 4849 589 4922 inquibus
607 4850 780 4922 omnipotens
806 4853 880 4906 Deus
901 4849 968 4905 sim·
1023 4852 1106 4908 tenua
1132 4851 1268 4906 declarata
1281 4859 1323 4906 est
1346 4849 1372 4905 in
1391 4851 1459 4906 Vitis
1477 4853 1599 4918 Parrum,
1620 4851 1679 4906 loco
1694 4850 1825 4921 superius

169 4922 268 4992 plicem
291 4929 320 4978 et
342 4930 497 4995 promptam
512 4920 691 4978 obedientiam
710 4920 882 4993 superiorum
894 4920 969 5047 qussa
1021 4928 1133 4978 acuto:
1149 4924 1197 4977 Vir
1204 4922 1513 4991 quedammorrcsteriam
1522 4925 1655 4991 inpressas
1664 4924 1769 4990 strant,
1779 4926 1826 4976 tri-

169 5007 226 5048 ηοη
245 4993 446 5050 examinantem
466 4992 607 5066 stupendis
620 4993 759 5050 miraculis
778 5008 894 5064 compro
914 4992 971 5048 avit
1023 4993 1071 5047 bats
1084 4993 1149 5062 liliis
1162 4996 1192 5047 in
1204 4993 1299 5048 soecttlu
1312 4994 1421 5048 relictis.
1434 4996 1497 5047 Post
1509 4998 1562 5048 tres
1575 5007 1659 5047 annos
1673 5008 1733 5046 curn
1748 4994 1826 5048 liceri·

169 5072 198 5120 ct
213 5062 392 5120 conlirmavit.
409 5068 506 5123 Unum
524 5065 679 5135 exemplum
695 5065 781 5135 magis
795 5063 969 5130 admirabile,
1022 5067 1064 5119 tiu
1073 5065 1178 5119 abbatis
1188 5065 1257 5118 abiit
1268 5066 1297 5117 in
1311 5066 1457 5126 cititntem,
1468 5068 1499 5117 ut
1513 5079 1554 5118 ens
1566 5064 1712 5118 adduceret
1725 5065 1764 5118 ad
1772 5081 1825 5119 mo

169 5133 596 5275 iltltihb‘litillil
611 5135 969 5263 latitabatis
1021 5137 1190 5261 truita
1203 5135 1824 5274 tilttblltilittltitthltttt‘

170 5245 294 5344 quatiam,
308 5274 403 5345 iuquit,
419 5277 511 5331 soecrdr'
518 5278 623 5331 uctibtu
636 5224 768 5332 chdicc'irs
778 5279 970 5332 monasterium
1023 5278 1142 5332 adducit
1149 5277 1255 5331 eumad
1266 5277 1400 5344 abbatem,
1411 5279 1461 5346 qui
1473 5251 1827 5347 mocernttnptstnnoao

169 5361 279 5415 mupnoe
290 5345 645 5422 dispositionisc'npressurus
650 5349 969 5417 coepusctropare,ubbcs
1024 5349 1070 5403 bes
1082 5349 1215 5416 intentam
1225 5349 1377 5418 complearis
1390 5349 1463 5402 debit
1470 5350 1546 5418 putri
1556 5349 1613 5418 ajin
1625 5367 1633 5402 :
1647 5350 1733 5404 Amas
1743 5355 1826 5404 man?

170 5419 197 5470 ci
209 5419 288 5486 cupit
295 5417 382 5471 multo
390 5432 537 5488 proponere
548 5436 556 5471 :
567 5433 661 5486 prestes
670 5433 725 5472 ense
733 5418 970 5488 s'stias‘dritciplinoe
1022 5421 1059 5476 Et
1071 5421 1117 5473 ille
1129 5420 1203 5479 dicit
1214 5420 1332 5475 :Etiam
1345 5421 1463 5475 Rursum
1474 5419 1548 5472 dicit
1559 5422 1584 5473 ei
1593 5438 1601 5473 ε
1611 5420 1724 5475 Omnirw
1731 5420 1826 5489 diligis

171 5488 284 5549 labores,
296 5503 415 5543 suavem
425 5489 626 5558 duruimperrn
640 5489 800 5558 quianullus
813 5489 971 5557 tucricunle
1023 5494 1102 5546 eum?
1115 5489 1296 5561 Etrespoadit
1311 5509 1319 5544 ε
1333 5492 1434 5545 Etiam
1451 5493 1512 5544 Huc
1529 5491 1643 5544 audiens
1655 5491 1738 5545 abbas
1751 5490 1827 5546 diar't

171 5559 433 5628 retimpicre301iud
440 5562 738 5630 petitamoncstera'um,
746 5561 970 5628 carantanam
1023 5564 1070 5616 ci:
1087 5563 1157 5617 Tolle
1170 5577 1243 5631 erpo,
1257 5565 1283 5616 ei
1296 5576 1372 5616 amas
1383 5566 1500 5623 eum,et
1515 5563 1632 5615 milleio
1644 5562 1760 5628 furnum
1774 5566 1824 5632 qui
1870 5593 1890 5623 0

171 5629 273 5698 lepidae
286 5631 396 5710 uiueret,
407 5635 558 5702 eapetcretr
568 5647 621 5685 ηοη
636 5635 751 5686 tartarei
763 5631 886 5701 aggredi,
900 5632 971 5702 quod
1023 5633 1102 5687 modo
1113 5633 1200 5688 ardel.
1213 5636 1343 5689 Eltenens
1352 5637 1432 5703 pater
1442 5633 1528 5702 filium
1537 5648 1625 5694 suunt,
1634 5631 1752 5701 jactavit
1764 5648 1825 5687 eum

169 5700 282 5769 implere
291 5716 347 5774 ‚non
356 5707 455 5772 posset.
472 5701 521 5757 iile
532 5716 593 5756 uero
604 5703 674 5756 niihil
688 5703 730 5756 tis
750 5703 894 5757 terroribus
905 5718 969 5773 per·
1023 5705 1053 5757 in
1066 5705 1182 5771 samum
1196 5704 1341 5759 ardenter.
1355 5706 1456 5760 Statim
1467 5708 1558 5758 aalma
1571 5705 1661 5771 suche
1673 5706 1825 5772 crinisatas

168 5771 345 5839 murermscd
353 5773 790 5842 mcpisitaomnemohedientium
798 5773 972 5843 pellicatui
1023 5774 1460 5846 valettos.anuareccquisicit
1473 5775 1823 5857 qlomrmintemporcillo,

170 5844 197 5903 e·
208 5857 268 5917 curn
282 5842 367 5909 abdas
379 5845 409 5899 in
421 5846 513 5926 iqncm
532 5845 574 5900 ire
585 5846 757 5917 preciperet,
770 5859 824 5901 aon
838 5849 971 5912 remcaret
1022 5845 1248 5939 quemadmodum
1261 5847 1403 5926 fibram
1413 5845 1586 5947 pnhmrcba.
1599 5844 1644 5901 Sic
1652 5845 1701 5912 ibr,
