3848 6158
69 194 191 260 ιιι

373 194 547 253 COLLthO
567 195 612 251 IV.
632 225 668 236 -
687 196 730 250 DE
749 193 1038 285 concupiscsNTIa
1058 192 1181 250 CARNIS
1200 195 1243 249 ET
1262 195 1430 251 seruistis.

1678 199 1730 253 606

71 329 128 400 qui,
144 327 180 384 de
198 326 297 401 fagido
319 324 355 381 ad
377 321 503 396 tepidum
517 320 666 387 transiens,
691 318 876 376 detestabilior
891 318 1027 383 Ademur
1042 326 1053 353 ι
1067 317 1219 374 secundum
1245 317 1409 374 exteriorem
1436 317 1578 374 hominem
1599 318 1661 373 huie
1688 333 1730 373 re·

71 424 186 481 Domini
201 439 266 480 uoce
284 422 419 494 signatur.

353 513 475 570 CAPUT
492 512 596 567 XVIII.

70 613 251 680 interrogatio
261 609 330 681 qaid
337 609 444 663 intersit
456 609 527 661 inter
536 605 673 678 canalem
685 609 711 659 et
718 605 874 660 animalem.

107 705 263 762 Germanus
280 722 287 758 ε
308 705 350 758 De
369 701 488 758 utilitate
505 698 703 757 colluctationis
727 713 789 770 quae
807 699 877 755 inter

69 813 183 854 carnem
195 806 221 854 et
232 797 359 870 spiritum
374 795 530 865 ιιιιιιιιιιιι,
547 803 682 867 quantum
695 792 803 849 videtur
823 809 874 849 no·

65 890 115 948 bis
128 891 267 947 evidenter
280 904 440 963 expressum
461 895 513 957 est,
536 887 575 944 ita
600 894 631 944 ut
643 903 706 944 eam
732 886 798 959 ipsis
812 901 876 960 quo

69 982 225 1041 dammodo
243 983 372 1040 manibus
392 981 494 1038 nostris
516 979 679 1054 palpabilem
695 979 794 1036 factam
816 994 875 1036 esse

65 1075 229 1132 credamus.
244 1079 279 1133 Iit
292 1075 395 1132 idcirco
409 1074 483 1130 hanc
505 1087 613 1146 quoque
634 1073 771 1129 rationem
794 1072 875 1129 nobis

62 1167 197 1226 similiter
209 1170 335 1243 cupimus
353 1167 461 1240 aperiri,
482 1166 550 1241 quid
562 1166 670 1223 intersit
690 1167 762 1223 inter
776 1182 875 1224 caroa-

68 1263 128 1320 lem
141 1272 170 1319 et
182 1264 327 1321 animalem
340 1264 441 1332 virum,
457 1261 497 1317 vel
516 1261 750 1333 quemadmodum
766 1262 876 1319 anima-

62 1355 105 1413 lis
117 1357 222 1414 carnali
234 1357 322 1429 possit
335 1371 395 1412 esse
403 1355 537 1431 deterior.

369 1448 490 1505 CAPUT
508 1448 589 1503 XIX.

264 1544 305 1596 lle
316 1541 422 1610 triplici
432 1542 588 1594 aniciorum
603 1545 687 1596 stata.

932 412 1071 467 nuntiasse
1079 410 1194 480 mundo,
1210 410 1250 466 ιιι
1265 411 1413 468 carnalium
1428 410 1642 468 fornicationum
1654 411 1730 467 dese·

931 507 1018 562 ruisse
1031 507 1167 579 contagia,
1190 514 1331 579 tamquam
1345 507 1391 579 qui
1404 522 1541 564 summam
1556 504 1730 579 perfectionis

931 615 978 672 per
993 599 1045 656 hoc
1056 599 1330 672 apprehenderimus,
1342 600 1514 657 remissiores
1528 599 1655 670 deinceps
1666 613 1728 671 erga

930 694 1154 751 emundationem
1175 705 1335 752 cateramm
1363 696 1521 768 passionum
1545 694 1730 763 lentioresque

929 788 1078 846 reddamur
1092 798 1120 845 et
1136 789 1206 846 inter
1221 798 1336 861 utraque
1348 788 1451 846 detenti
1465 789 1581 862 gradum
1602 784 1729 860 spiritalis

930 882 1068 955 profectus
1088 883 1194 955 assequi
1211 899 1397 956 nequeamus,
1411 883 1598 940 existImantes
1612 879 1647 936 ad
1665 893 1729 952 per-

928 977 1076 1036 fectionem
1100 978 1181 1035 nobis
1208 979 1315 1035 abunde
1344 977 1471 1035 sufficere
1494 976 1568 1050 quod
1593 974 1729 1032 exteriore

928 1073 1040 1129 homine
1054 1073 1197 1129 videamur
1211 1073 1245 1129 de
1257 1074 1461 1128 conservatione
1481 1070 1576 1128 mundi
1598 1069 1680 1142 hujus
1697 1083 1730 1124 ac

928 1166 1111 1238 uoluptatibus
1129 1165 1274 1239 segregari,
1298 1166 1339 1221 vel
1361 1165 1434 1236 quod
1454 1167 1592 1221 immunes
1606 1164 1728 1218 simusa

928 1259 1082 1333 corruptela
1098 1267 1126 1315 et
1139 1258 1338 1316 commixtione
1352 1258 1465 1326 carnali,
1486 1266 1513 1313 et
1527 1258 1563 1312 ita
1584 1256 1684 1312 Inventi
1701 1256 1728 1310 in

902 1419 908 1426 ,
929 1354 975 1412 illo
989 1353 1080 1426 tepido
1093 1362 1181 1422 statu,
1192 1353 1238 1426 qui
1253 1353 1418 1409 deterrimus
1434 1351 1581 1425 judicatur,
1601 1363 1729 1405 evomen-

928 1448 1042 1506 dosnos
1061 1463 1093 1503 ex
1117 1463 1165 1503 ore
1179 1447 1291 1503 Domini
1313 1445 1464 1503 meandum
1485 1445 1543 1516 ejus
1566 1441 1728 1499 sententiam

928 1541 1099 1606 noverimus,
1114 1541 1151 1597 ita
1173 1541 1289 1598 dicentis
1312 1558 1319 1595 ι
1343 1543 1452 1597 Utinam
1470 1538 1574 1594 calidus
1594 1552 1662 1592 esses
1679 1539 1729 1590 auf

108 1633 204 1690 Daniel
224 1650 232 1688 r
248 1632 405 1689 Secundum
424 1631 612 1705 definitionem
633 1634 782 1706 ScrIpturae
793 1644 806 1669 ¹
820 1642 877 1691 tres
929 1634 1067 1703 sapidum
1078 1648 1149 1688 uuae
1162 1639 1252 1688 autem
1265 1633 1370 1704 tepidus
1383 1648 1419 1695 es,
1433 1632 1563 1701 incipiam
1575 1633 1601 1684 te
1611 1642 1728 1683 mamere

63 1734 138 1783 sunt
150 1726 305 1782 animarum
327 1733 426 1782 status.
453 1725 561 1782 Primus
582 1726 717 1794 carnalis,
737 1726 874 1783 secundus
889 1738 913 1801 Β
927 1745 960 1786 ea
970 1743 1016 1783 ore
1031 1722 1089 1783 med
1104 1727 1207 1798 (Apoo.
1222 1727 1290 1798 ιιι).
1308 1730 1365 1783 Nec
1376 1726 1516 1781 Immerito
1531 1739 1578 1781 eos
1594 1722 1729 1779 Dominus

71 1820 209 1886 animalis,
232 1821 329 1877 tertius
353 1819 486 1893 spiritalis
508 1821 588 1892 (Velie
614 1823 802 1892 augustinum
824 1822 872 1877 lib.
927 1837 997 1895 quos
1014 1823 1074 1894 jam
1096 1821 1124 1876 ιιι
1148 1819 1297 1877 visceribus
1317 1826 1458 1892 receperat
1479 1817 1627 1883 alacritatis,
1646 1815 1729 1872 noxie

69 1927 208 1981 ιιιιιιιιιι,
223 1916 513 1985 quassconicum
527 1913 875 1986 inhpostoloitalegimus
928 1913 1093 1988 tepefactos,
1118 1930 1182 1970 cum
1201 1913 1318 1986 quadam
1349 1913 1527 1970 convulsione
1547 1909 1664 1983 pectoris
1687 1908 1728 1964 sui

70 2003 221 2078 designari.
236 2009 308 2062 Nam
326 2005 361 2064 dc
374 2006 474 2063 carnali
487 2005 589 2065 dicitur
602 2012 674 2065 :Iao
689 2009 762 2064 υιιιι
778 2014 875 2080 potum
928 2009 1160 2067 eromendosesse
1173 2009 1346 2081 pronuntiem
1358 2009 1404 2080 qui
1419 2024 1482 2064 cum
1496 2006 1642 2063 salutarem
1656 2020 1727 2078 quo-

65 2100 432 2163 vdedimusescam,aecdum
441 2103 777 2172 enimpoteratis;sedaec
787 2104 874 2160 adbuc
927 2102 1078 2159 dammodo
1091 2103 1115 2158 ιι
1132 2103 1288 2175 potuissent
1299 2103 1420 2174 praebere
1433 2099 1627 2166 substantiam,
1650 2097 1727 2154 avelli

66 2193 185 2263 quidem
194 2191 315 2263 potestis}
326 2194 413 2249 adbuc
420 2195 489 2250 enim
500 2197 564 2250 estis
575 2197 697 2253 carnales
707 2199 729 2263 (I
744 2196 803 2253 Gor.
818 2203 874 2263 ιιι).
927 2197 962 2254 ab
970 2197 1029 2269 ejus
1043 2195 1190 2252 uisceribus
1202 2195 1369 2261 maluerunt,
1382 2202 1460 2249 tanto
1472 2193 1621 2248 deteriores
1632 2189 1725 2246 effecti

74 2288 111 2340 Et
123 2285 222 2340 iterum
237 2304 243 2340 :
261 2286 312 2343 IIIi
328 2289 399 2342 enim
410 2290 528 2344 estiafer
544 2304 589 2344 uos
600 2290 673 2345 zelus
689 2293 714 2344 ef
732 2293 873 2354 contentio,
926 2290 978 2346 iilis
997 2289 1043 2362 qui
1070 2304 1221 2360 numquam
1247 2287 1287 2345 ori
1309 2286 1457 2343 Dominioo
1479 2285 1544 2340 illati
1559 2279 1624 2341 sunt
1648 2283 1727 2351 cibis,

71 2393 162 2433 nonae
172 2380 293 2434 maiales
304 2372 652 2458 estisllbid.)llleanimali
665 2397 775 2454 quoque
785 2384 874 2439 taliter
927 2390 1028 2455 quanto
1048 2382 1075 2439 id
1090 2382 1165 2455 quod
1177 2397 1278 2438 nausea
1292 2380 1473 2452 compellente
1487 2379 1655 2452 projicimus,
1666 2376 1726 2433 odi·

63 2481 306 2528 commemoratur
323 2466 499 2530 :blateratis
509 2480 598 2531 autem
610 2476 686 2531 homo
697 2492 750 2531 riou
759 2479 874 2547 percipit
927 2476 1188 2534 biliusdctestamur.
1197 2474 1415 2547 Quidquidenim
1432 2474 1564 2546 frigidum
1578 2480 1630 2540 est,
1644 2471 1727 2529 etiam

70 2583 104 2622 ea
113 2582 174 2637 qua
184 2572 246 2622 sunt
259 2571 374 2639 spirltm
384 2573 436 2626 Dei
444 2572 581 2626 ειιιιιιιιια
594 2572 764 2627 mimastilli
776 2573 799 2638 (I
810 2573 870 2628 Cor.
927 2589 975 2631 ore
992 2583 1087 2631 nostro
1097 2581 1255 2645 susceptum
1270 2571 1383 2627 vertitur
1397 2572 1426 2626 ln
1438 2571 1570 2636 calorem,
1585 2577 1612 2624 et
1629 2568 1728 2624 saluti-

69 2658 873 2735 11).Despiritalirero28piifolisautemeaaminatomuia;'
925 2664 983 2722 fera
998 2666 1132 2722 suauitate
1152 2665 1316 2736 percipitur;
1340 2663 1414 2735 quod
1432 2670 1526 2717 autem
1553 2660 1638 2716 semel
1662 2659 1727 2715 vitio

67 2757 129 2827 lpse
152 2762 241 2812 autem
255 2774 273 2813 a
287 2761 392 2814 nemine
404 2758 547 2829 judicatur
567 2761 670 2832 (loidi
693 2763 728 2815 Et
745 2761 844 2815 iterum
863 2778 869 2815 :

74 2851 183 2919 Vosqui
188 2852 403 2920 militatarum,
414 2852 544 2910 instruite
552 2869 594 2911 eos
604 2857 655 2924 qui
659 2854 793 2925 ejusmodi
797 2858 870 2918 suat,

67 2946 102 2998 ia
114 2947 216 3015 spiritu
236 2947 354 3002 lenitatis
369 2949 473 3014 (Galat.
488 2948 543 3019 ιι).
565 2952 659 3022 ltaque
683 2948 871 3006 festinandum

63 3043 114 3091 est
128 3035 217 3105 nobis,
234 3043 264 3092 ut
277 3053 340 3093 cum
356 3040 544 3097 renuntiantes
560 3039 720 3097 desierimus
736 3056 795 3098 esse
808 3057 870 3097 eer-

926 2759 1071 2832 perniciosi
1095 2757 1197 2830 teporis
1220 2757 1358 2829 abjectum
1375 2763 1428 2823 est,
1454 2770 1510 2809 non
1535 2753 1625 2809 dIcam
1648 2751 1728 2806 labiis

925 2852 1089 2924 admovere„
1112 2851 1160 2909 sed
1181 2851 1265 2907 etiam
1281 2852 1389 2907 eminus
1416 2848 1514 2904 intueri
1538 2847 1596 2903 sine
1621 2845 1725 2916 Ingenti

925 2945 1040 3003 horrore.
1054 2962 1109 3002 non
1123 2961 1280 3018 possumus.
1300 2943 1465 3001 Rectissime
1480 2957 1546 3014 ergo
1563 2939 1727 3012 pronuntia-

925 3050 1037 3098 turesse
1051 3039 1183 3111 deterior,
1198 3041 1261 3113 quia
1276 3038 1380 3096 facilius
1395 3037 1430 3094 ad
1444 3037 1594 3093 salutarem
1610 3049 1725 3090 eonver-

67 3129 154 3196 nales,
168 3129 197 3186 id
207 3138 258 3199 est,
272 3132 467 3190 asaecularium
480 3135 644 3206 ereperimus
663 3135 868 3191 conversatione
883 3142 908 3205 (ζ
924 3135 1057 3192 sationem
1078 3153 1109 3192 ac
1122 3134 1294 3208 perfectionis
1312 3134 1449 3206 fastigium
1473 3131 1589 3188 carnalis
1606 3131 1677 3202 quis,
1699 3129 1725 3185 id

66 3222 185 3293 sejungi,
200 3231 228 3278 et
247 3224 282 3279 ab
303 3224 349 3281 illa
372 3225 516 3282 manifesta
538 3227 628 3282 carnis
642 3225 791 3299 pollutione
811 3243 870 3283 ces·
923 3237 975 3296 est,
986 3229 1126 3286 saecularis
1140 3230 1183 3286 ιιΙ
1198 3228 1317 3300 gentilis,
1333 3226 1446 3291 accedit,
1462 3239 1544 3296 quam
1563 3223 1644 3294 isqui
1661 3238 1724 3294 pro·

60 3330 140 3383 sare,
155 3317 304 3388 spiritalem
319 3326 423 3375 statum
443 3320 569 3392 protinus
588 3320 794 3393 apprehendere
812 3327 869 3376 tota
924 3319 1012 3378 fessus
1023 3322 1201 3385 monachum,
1216 3338 1267 3378 nec
1278 3330 1370 3377 tamen
1384 3321 1456 3376 uiam
1477 3317 1650 3390 perfectionis
1662 3316 1725 3372 urri-

64 3407 171 3465 sirtutc
183 3410 317 3480 nitamur,
330 3426 365 3468 ne
380 3410 451 3470 forte
469 3411 639 3470 blandientes
650 3414 730 3470 nobis
743 3412 817 3485 quod
830 3396 869 3468 ιι·
923 3413 999 3486 piens
1022 3414 1173 3471 secundum
1187 3415 1309 3488 regulam
1330 3413 1500 3483 disciplina,
1516 3411 1550 3466 ab
1570 3410 1616 3465 illo
1640 3409 1723 3464 semel

619 3526 748 3582 ALARDI
766 3526 878 3582 GAZAEI
898 3525 1177 3583 COMMENTARIUS.

82 3695 89 3708 ·
108 3627 178 3681 Tres
192 3628 290 3711 ssimae
303 3636 391 3684 status
408 3628 562 3704 distinguit,
573 3647 639 3687 cum
662 3639 755 3688 mmen
771 3647 868 3688 carna·
922 3633 1059 3690 canonica
1075 3631 1155 3689 Judae
1172 3651 1179 3688 :
1195 3634 1232 3689 Hi
1250 3636 1313 3687 sarit
1331 3634 1379 3703 qui
1400 3636 1543 3701 segregant
1556 3631 1721 3700 semetipsos,

67 3696 106 3752 hs
117 3705 145 3751 et
159 3700 280 3755 animalis
294 3700 444 3757 secundum
459 3717 519 3758 rem
538 3710 567 3759 et
579 3718 757 3760 communem
772 3702 868 3759 intelli·
921 3706 1061 3768 animales,
1072 3706 1197 3776 spirltum
1212 3721 1264 3759 aare
1279 3705 1413 3759 babentes.
1430 3701 1554 3759 Secundo
1567 3711 1658 3757 autem
1676 3701 1720 3757 vi·

67 3768 188 3839 gentiam
203 3786 298 3852 parum
312 3780 360 3826 aut
372 3771 440 3828 nihil
455 3773 526 3830 inter
536 3789 565 3830 se
577 3773 717 3830 differant.
733 3778 792 3856 lpse
803 3789 866 3830 vero
921 3777 1042 3831 dandum
1059 3786 1102 3832 est
1115 3791 1200 3847 quare
1224 3776 1293 3831 tales
1311 3791 1367 3830 non
1395 3783 1510 3844 possunt
1533 3773 1669 3842 percipere
1690 3787 1721 3827 ea
1748 3764 1755 3777 '

66 3839 203 3921 carnalem
216 3856 312 3897 ammae
324 3850 427 3898 statum
445 3844 580 3915 praecipue
597 3844 727 3899 incarnis
743 3860 867 3900 immun·
922 3861 983 3918 quae
996 3855 1060 3902 sunt
1076 3846 1185 3918 spiritus
1196 3846 1258 3911 Dei,
1274 3845 1346 3916 quod
1362 3846 1471 3916 quidem
1479 3841 1656 3898 manifestum
1670 3850 1721 3902 est,

67 3909 136 3990 drtra
151 3919 178 3966 et
200 3912 366 3982 pollutione,
385 3915 468 3968 etiam
481 3914 683 3981 involuntaria,
701 3915 869 3969 constituere
921 3920 950 3971 et
962 3927 1097 3988 quantum
1115 3915 1151 3973 ad
1172 3918 1322 3972 animalem
1339 3932 1465 3977 sensum,
1488 3922 1516 3969 ιι
1530 3921 1662 3984 quantum
1687 3911 1722 3966 ad

63 3980 184 4045 videtur,
197 3991 228 4037 ut
240 3982 457 4055 exsequentibus
471 3983 567 4052 liquet.
922 3986 1067 4043 animalem
1096 3988 1190 4045 vitam.
1215 3991 1254 4043 Ea
1278 3987 1352 4042 enim
1378 3985 1526 4058 dequibus
1551 3983 1667 4052 Spiritus
1692 3982 1720 4037 S.

104 4052 188 4107 hVari
212 4053 269 4109 baec
295 4053 329 4106 ab
350 4051 442 4131 aalma
463 4050 589 4111 ducitur.
612 4065 668 4105 non
686 4049 721 4105 ab
746 4049 892 4107 animali·
922 4054 1038 4111 illustrat
1064 4066 1184 4112 mentem
1210 4065 1274 4112 sunt
1303 4071 1383 4127 supra
1405 4071 1517 4112 sensum
1538 4062 1565 4108 ιι
1586 4053 1721 4108 rationem

59 4120 162 4178 Graece
190 4125 264 4178 enim
291 4122 395 4192 ψυχικὸς
421 4119 513 4187 ιιιιιι,
529 4119 670 4183 animalis,
687 4120 866 4191 ψυχήιιιιιιιι.
923 4125 1086 4191 humanam,
1100 4126 1249 4182 secundum
1260 4126 1326 4181 illud
1337 4127 1437 4180 Eccles.
1456 4140 1492 4179 ιιι
1509 4144 1515 4179 :
1531 4126 1654 4179 Plu-rima
1673 4138 1721 4177 su-

65 4261 144 4319 ‘unio
157 4262 430 4333 inscripsitadversus
443 4261 602 4336 Psychicos,
614 4261 639 4318 id
653 4272 705 4330 est,
720 4263 867 4329 animales,
923 4267 981 4337 capi
998 4283 1054 4322 non
1070 4275 1184 4338 possunt
1197 4268 1242 4339 qui
1255 4266 1305 4320 soli
1320 4266 1468 4337 cogniti0ni
1480 4265 1614 4320 sensitiva
1637 4264 1722 4319 inniti·

72 4350 120 4388 roc
141 4333 253 4386 nomine
266 4333 415 4388 catholicos
430 4334 596 4389 calumniose
609 4335 768 4408 suggillans,
795 4336 867 4406 quod
922 4346 977 4393 tur.
995 4339 1110 4410 Spiritus
1120 4346 1201 4393 etiam
1215 4346 1325 4394 sanctus
1344 4338 1465 4394 accendit
1478 4336 1607 4392 aliturum
1631 4336 1664 4391 ad
1677 4335 1720 4391 di-

59 4411 122 4460 tres
138 4403 597 4475 QuadragesimasMontanistarum
610 4421 689 4462 more
707 4422 761 4462 non
774 4405 906 4480 obser-1)
923 4406 1066 4480 ligandum
1076 4408 1226 4481 spiritualia
1250 4408 1332 4471 bona,
1357 4409 1529 4464 sensibilibus
1552 4408 1633 4463 bouis
1652 4423 1720 4463 con-

61 4483 172 4530 rarent.
199 4478 283 4530 Porro
298 4474 425 4530 animalis
438 4476 522 4533 homo
536 4477 599 4549 quis
621 4477 669 4545 sit,
693 4478 725 4534 D.
744 4478 866 4535 Thomas
923 4481 1050 4552 temptis;
1063 4491 1091 4536 et
1104 4480 1164 4536 ideo
1178 4481 1221 4536 ille
1235 4479 1281 4552 qui
1295 4488 1336 4536 est
1350 4481 1473 4536 animaIIs
1486 4481 1546 4536 ritae
1561 4495 1615 4535 non
1632 4487 1720 4550 potest

58 4543 93 4600 -in
108 4546 313 4601 Commentario
316 4546 481 4671 Julanisime
493 4547 604 4673 exponit
616 4547 659 4604 his
674 4549 760 4605 uerbis
772 4567 779 4604 r
793 4550 866 4605 Coa·
921 4567 1018 4623 capere
1032 4547 1190 4634 hujusmodi
1205 4552 1366 4624 sptritualia,
1377 4553 1439 4624 qnia
1463 4551 1641 4622 Philosophus
1656 4551 1720 4606 dicit

60 4615 244 4670 siderandum
260 4632 313 4687 quo
354 4617 445 4672 anima
468 4625 510 4673 est
535 4634 613 4674 orma
634 4620 766 4689 corporis.
785 4621 868 4677 Unde
922 4623 949 4678 in
965 4637 997 4679 ιι
1012 4623 1181 4689 Ειιιιιοιιιιιι,
1197 4622 1271 4700 quod
1287 4625 1374 4695 qualis
1389 4623 1574 4694 unusquisque
1592 4631 1643 4684 est,
1658 4622 1719 4676 talis

63 4685 183 4756 propriae
206 4686 306 4769 anima
336 4687 524 4760 intelliguntur
549 4689 603 4745 ittae
630 4689 702 4745 vires
722 4705 783 4761 qum
803 4701 868 4748 sunt
922 4694 985 4749 finis
999 4695 1149 4750 videturei.
1166 4697 1295 4750 Proverlr.
1308 4710 1389 4751 xvrrr
1412 4714 1420 4748 ε
1441 4694 1602 4759 Nourea'pit
1619 4691 1719 4744 stultus

62 4765 144 4838 actus
159 4760 342 4827 corporalium
358 4774 539 4884 organorum,
561 4758 666 4815 scilicet
686 4760 757 4816 vires
778 4763 867 4817 sensi·
917 4766 997 4821 uerbo
1004 4767 1169 4835 prradeatia,
1180 4768 1235 4819 nisi
1240 4768 1266 4819 ei
1276 4766 1379 4819 diceas
1387 4780 1447 4832 qaia
1454 4767 1596 4815 cassatur
1605 4762 1634 4810 ia
1641 4759 1720 4811 corde

63 4835 136 4908 tiva,
154 4828 284 4885 Dicuntur
306 4844 371 4900 ergo
412 4829 519 4885 omines
532 4830 662 4886 animales
673 4831 717 4901 qui
728 4831 869 4901 hujusmo-
917 4838 985 4906 eius.
1002 4837 1230 4891 discalceata
1247 4854 1253 4887 ε
1274 4837 1339 4891 Cum
1353 4835 1498 4886 dormiente
1518 4830 1648 4898 loquitur,
1671 4830 1720 4896 qui

63 4897 93 4953 di
110 4914 180 4952 ures
194 4909 355 4969 sequuntur,
378 4900 452 4957 inter
464 4916 532 4972 quas
550 4909 593 4956 est
611 4901 650 4956 ιιι
671 4904 866 4973 apprehensiva
917 4911 1028 4963 enomat
1040 4904 1300 4975 sapientiamstulto.
1312 4905 1452 4956 Hactenus
1464 4900 1496 4953 I).
1508 4903 1522 4952 'l
1532 4899 1626 4953 homas
1640 4913 1718 4954 more

63 4977 94 5023 et
113 4970 278 5041 appetitiva,
295 4978 323 5026 et
349 4971 409 5026 ideo
430 4980 519 5043 potest
538 4971 591 5027 dial
616 4971 700 5027 homo
723 4972 866 5042 dupliciter
916 4993 978 5042 suo,
993 4992 1049 5030 non
1071 4977 1097 5029 in
1121 4974 1288 5028 sublimitate
1308 4971 1460 5038 sermonis,
1484 4970 1531 5026 sed
1553 4971 1578 5025 in
1593 4970 1717 5026 doctrina

60 5040 199 5106 animalis,
211 5057 267 5096 uno
277 5040 362 5097 modo
376 5051 510 5123 quantum
523 5042 557 5099 ad
566 5042 620 5098 vim
633 5043 864 5115 apprehensivam,
916 5046 1028 5119 spiritus
1053 5044 1242 5116 spiritualibus
1262 5042 1413 5116 spiritualia
1435 5058 1598 5114 comparans
1620 5043 1639 5112 (I
1655 5043 1714 5098 Gor.

60 5118 93 5165 et
108 5110 151 5167 hic
170 5112 273 5168 dicitur
287 5112 411 5168 animalis
424 5127 522 5180 sensu,
543 5113 589 5185 qui
605 5114 692 5186 (sIcut
715 5114 817 5171 dIcitur
837 5116 865 5172 in
916 5120 993 5186 ιιιι).

63 5181 165 5305 glossa)
179 5183 213 5238 de
229 5186 289 5238 Deo
301 5184 377 5256 juxta
389 5198 538 5255 corpomm
552 5183 733 5311 phantasiam,
746 5186 787 5241 vel
800 5186 865 5259 legis
952 5198 963 5224 ⁶
977 5187 1145 5260 Augustinus
1160 5185 1205 5241 lib.
1222 5201 1273 5242 xm
1283 5185 1317 5241 de
1330 5184 1411 5241 Civit.
1425 5201 1484 5257 cap.
1496 5191 1529 5239 ιι
1542 5202 1549 5238 :
1561 5185 1713 5254 Scriptura,

76 5259 197 5319 itteram,
213 5254 265 5335 vel·
277 5256 417 5337 rationem·
430 5253 555 5338 philosop
564 5256 644 5312 nicam
667 5256 780 5329 judicat,
804 5273 865 5328 quae
916 5259 1012 5332 inquit,
1028 5261 1201 5322 divionense
1216 5259 1268 5314 duo
1284 5260 1337 5313 isia
1354 5258 1468 5328 (corpus
1482 5265 1509 5311 et
1530 5254 1637 5326 anima)
1652 5272 1715 5311 ooa-

62 5324 214 5406 seeundum
240 5341 311 5381 erres
325 5334 466 5384 sensuras
490 5326 667 5399 accipiuntur.
691 5329 752 5385 alio
779 5329 864 5386 modo
911 5332 1008 5402 J'urrota
1021 5334 1076 5385 siat
1088 5332 1225 5400 exquibus
1235 5333 1302 5385 uiuit
1315 5330 1401 5395 bomo,
1415 5334 1502 5385 tamea
1512 5331 1594 5382 etiam
1608 5329 1715 5397 singula

12 5435 19 5445 .
59 5391 165 5476 dicitur
185 5395 245 5466 quis
263 5396 387 5452 animalis
400 5406 533 5469 quantum
546 5398 581 5456 ad
603 5400 657 5455 vim
677 5400 863 5472 appetitivam,
915 5405 1028 5458 bominis
1042 5403 1308 5472 uocabuloappellat,
1324 5403 1437 5454 animan
1451 5401 1550 5454 saraa
1561 5401 1715 5454 interiorem

63 5479 112 5530 qur
126 5466 231 5546 scilicet
240 5465 358 5523 afficitur
369 5469 461 5524 solum
475 5469 551 5526 adea
562 5485 624 5541 quae
636 5473 863 5553 suritseoundunJ
915 5474 1058 5536 bominem,
1083 5474 1177 5544 c'orpus
1191 5489 1251 5527 uero
1272 5473 1431 5527 celeriorem
1452 5473 1584 5525 bominem
1604 5485 1713 5530 uocum,

62 5543 215 5616 appetitum
232 5539 408 5621 senatuum,
422 5547 450 5596 et
469 5540 531 5597 talis
543 5540 643 5598 dicitur
655 5543 781 5599 animalis
799 5544 862 5610 uita,
916 5549 1053 5614 tamquam
1069 5544 1122 5600 duo
1138 5545 1406 5609 ariminensom
1425 5543 1664 5607 simulacrumque
1679 5541 1716 5594 sit

61 5620 109 5686 qm
123 5611 203 5687 isrcut
216 5608 317 5691 dicitur
329 5625 356 5664 m
369 5609 468 5683 glossa)
491 5612 614 5685 sequitur
631 5613 792 5670 dissolutam
819 5615 861 5669 la·
915 5631 985 5670 rinus
998 5617 1083 5670 homo.
1108 5613 1174 5671 Vide
1190 5614 1275 5685 :etiam
1291 5613 1421 5669 eamdam
1444 5613 1490 5667 lib.
1513 5626 1552 5667 xa
1567 5610 1600 5664 dc
1615 5610 1712 5666 Τιιιιιι.

56 5691 175 5733 scrvram
189 5694 291 5761 ammae
308 5695 382 5749 suar,
407 5697 491 5754 quam
516 5683 587 5740 intra
605 5685 736 5741 naturalis
756 5685 861 5740 ordinis
914 5701 974 5759 cap.
992 5691 1017 5745 ι.
1310 5702 1312 5706 ’

58 5757 149 5805 metas
174 5760 289 5822 spurtus
303 5759 394 5809 rector
403 5768 462 5810 non
478 5754 607 5812 continet.
621 5756 703 5812 Unde
716 5757 817 5814 dicitur
830 5756 859 5812 iu
1075 5760 1080 5768 ‘
1099 5755 1106 5759 ”

64 4191 139 4248 Hinc
153 4193 340 4249 Tertullianus
354 4191 518 4247 blontanista
531 4189 645 4247 effectus
659 4192 761 4247 librum
776 4193 809 4246 dc
824 4195 870 4247 Ie-
919 4212 1092 4267 praseasum
1106 4197 1494 4262 leominisosteasasuuttibi3
1522 4202 1549 4248 et
1570 4194 1721 4249 ideoabeo
1828 4248 1833 4255 ,
