3848 6158
138 263 191 318 769
691 255 859 314 cutberto
878 256 922 312 tlt.
941 285 978 297 -
996 256 1040 311 DE
1059 255 1247 313 unstrode.
1744 271 1796 324 πο

138 385 315 443 mendacium
353 382 505 457 proterens,
528 399 585 439 non
614 383 706 440 solum
734 383 861 451 merdae,
892 381 939 438 sed
953 385 980 449 Α
994 381 1090 438 obrem
1106 381 1258 437 Dominum
1271 380 1458 455 deprecemur,
1473 384 1644 456 utinnobis,
1658 387 1698 444 vel
1713 388 1796 446 timor

138 480 220 537 etiam
229 481 406 550 pnteripsius
420 477 557 534 mendacii
582 476 670 535 lactus
683 485 725 534 est
748 477 834 550 (loon
856 477 938 548 stri),
995 473 1065 546 ejus,
1092 474 1132 529 vel
1154 472 1286 544 charitas,
1311 490 1373 548 quae
1397 475 1495 535 cadere
1518 479 1616 550 nescit,
1643 480 1795 539 immobilis

140 588 194 644 quo
208 572 337 629 deitatem
351 571 457 628 bomini
472 570 665 645 repromittens
685 586 717 628 ac
736 569 841 638 dicens,
855 572 940 629 Eritis
994 575 1245 640 perseveretque
1269 583 1321 625 nos
1345 576 1373 625 et
1406 569 1540 642 sapientes
1569 573 1598 629 in
1637 572 1795 631 bominibus

139 666 368 738 sieutdiilcenes.
383 650 941 736 nr),intreritetenonstetit,sedebirritio
993 659 1084 739 iaciat,
1109 669 1137 718 et
1151 677 1167 718 a
1182 661 1293 751 ldiaboli
1320 663 1381 721 telis
1406 672 1532 738 protegat
1556 681 1662 740 semper
1681 668 1791 726 illaesos.

137 759 227 818 factus
244 767 286 816 est
304 759 448 823 homicida,
462 759 502 815 rel
516 757 604 816 Adam
622 758 653 815 in
666 756 849 814 conditionem
862 772 938 815 mor·
993 754 1043 811 His
1066 754 1167 812 etenim
1194 755 1355 814 custodibus
1382 757 1547 830 impossibile
1569 767 1610 816 est
1636 762 1792 834 quempiam

138 853 252 910 talitatis
264 852 413 922 inducens,
426 852 467 909 rel
482 852 550 910 Abel
565 851 738 926 instigatione
748 867 796 909 sua
812 867 861 924 per
876 866 938 908 ma-
992 848 1104 921 laqueos
1115 849 1211 907 mortis
1223 849 1361 907 incurrere
1373 869 1381 918 ς
1395 849 1469 908 inter
1490 851 1626 925 perlectos
1649 861 1740 910 autem
1767 862 1794 911 et

138 963 206 1004 uum
235 946 326 1003 tratris
351 947 521 1004 interimens.
555 945 610 1004 Sed
634 945 694 1020 jam
725 944 937 1018 disputationem
992 943 1167 1017 imperfectos
1182 945 1234 1002 ista
1252 943 1378 1002 distantia
1401 953 1453 1014 est,
1477 946 1551 1018 quod
1570 947 1597 1003 in
1617 947 1669 1004 illis
1682 948 1792 1020 quidem

137 1047 261 1095 nostram
283 1036 402 1096 duarum
416 1037 503 1095 ferme
518 1038 641 1096 noctium
661 1037 849 1095 lucubratione
869 1052 938 1094 con·
991 1037 1044 1094 lira
1066 1048 1093 1095 et
1112 1039 1154 1110 (ut
1168 1039 1204 1095 ita
1224 1038 1352 1106 dixerim)
1375 1039 1508 1096 maturior
1528 1040 1648 1099 ebaritas
1672 1044 1792 1100 tenacius

138 1131 238 1190 lectam
252 1133 421 1206 subsequens
434 1149 532 1190 aurora
554 1132 702 1200 concludit,
718 1145 752 1188 ac
772 1131 807 1188 de
821 1129 939 1205 prolun-
991 1148 1166 1205 perseverans
1181 1132 1288 1189 firmius
1304 1135 1388 1203 [lips.
1408 1136 1438 1188 in
1459 1150 1551 1204 merq.
1580 1135 1719 1206 stabilius]
1745 1152 1793 1195 eos

137 1226 547 1300 dissimoquaestionum‘pelago
556 1226 683 1299 cymbam
691 1224 844 1283 collationis
857 1223 939 1297 liujus
991 1225 1120 1295 custodit,
1144 1241 1177 1282 ac
1197 1224 1304 1283 facilius
1318 1224 1383 1282 iacit
1399 1225 1428 1282 in
1453 1226 1596 1283 sanctitate
1617 1227 1734 1294 durare3
1763 1231 1791 1285 in

137 1319 173 1378 ad
187 1321 355 1378 tutissimum
370 1322 468 1377 silentii
483 1328 593 1394 portum
616 1318 813 1392 compendium
832 1324 936 1375 nostras
991 1317 1032 1375 his
1044 1333 1109 1375 raro
1124 1319 1198 1376 velut
1213 1319 1349 1377 iullrmius
1366 1320 1484 1389 collata,
1504 1336 1535 1376 ac
1550 1318 1657 1378 facilius
1676 1321 1791 1395 refrige-

136 1416 294 1472 rusticitatis
306 1416 427 1472 attraxit.
441 1417 473 1471 ln
488 1430 543 1487 quo
557 1413 667 1488 quidem
688 1411 823 1484 protunda
832 1419 936 1484 quanto
990 1426 1084 1480 scens,
1107 1412 1189 1469 citius
1210 1413 1351 1486 compellit
1365 1427 1413 1470 eos
1435 1421 1612 1486 peccatorum
1633 1414 1736 1487 laqueis
1758 1431 1792 1472 ac

136 1522 189 1564 nos
203 1507 314 1564 interius
335 1508 416 1565 llatus
433 1506 516 1563 divini
533 1506 648 1579 Spiritus
670 1502 833 1574 introduxit,
859 1503 936 1563 tanto
990 1506 1090 1578 saepius
1112 1505 1254 1578 implicari.
1270 1506 1378 1580 Quibus
1391 1507 1500 1573 auditis,
1515 1508 1552 1564 ita
1575 1523 1627 1565 nos
1641 1508 1793 1567 collationis

135 1599 264 1659 diffusior
277 1600 432 1673 praecedens
450 1599 596 1657 oculorum
610 1597 696 1655 aciem
707 1611 817 1670 semper
828 1596 937 1670 aperie·
989 1598 1071 1672 liuius
1086 1614 1179 1657 sermo
1204 1598 1400 1671 inflammavit,
1417 1610 1450 1658 ut
1477 1618 1539 1659 cum
1562 1602 1665 1674 majore
1689 1605 1792 1661 mantis

138 1704 181 1753 tur
199 1695 379 1762 immensitas,
394 1710 438 1763 ac,
453 1692 606 1752 secundum
627 1690 793 1749 sententiam
807 1690 938 1747 Salomo—
991 1691 1099 1756 ardore,
1114 1691 1245 1750 abeuntes
1263 1694 1358 1750 acella
1372 1694 1444 1750 senis
1462 1709 1544 1766 quam
1557 1702 1620 1751 ante
1635 1695 1790 1763 venientes,

138 1789 199 1858 nis,
211 1790 316 1859 lonqius
339 1787 386 1845 liet
402 1804 418 1844 a
443 1787 523 1843 nobis
536 1788 621 1856 erupis
644 1800 726 1857 quam
740 1788 818 1850 erat3
833 1787 859 1839 et
879 1785 937 1839 olto
951 1809 976 1872 B
992 1784 1127 1842 doctrinae
1141 1786 1201 1858 ejus
1222 1786 1414 1858 plenitudinem
1427 1787 1576 1845 sitiremus.

136 1883 325 1953 proseinditur,
352 1884 413 1952 quis
426 1883 545 1936 incartet
558 1895 617 1935 eam
630 1880 740 1947 (Eccles.
750 1878 817 1945 ruJ?
832 1876 936 1947 Quam·

628 2111 1016 2214 COLLATIO
1053 2112 1275 2218 NONA
1285 2196 1305 2232 ,,

688 2291 767 2364 Quae
786 2290 836 2355 est
851 2289 964 2378 prima
984 2287 1117 2355 abbatis
1137 2293 1237 2356 lsaac.

848 2429 888 2482 ltu
907 2430 1079 2514 ORA'llONE.

790 2558 1139 2573 m

385 2674 508 2731 chUT
522 2673 682 2730 PRIMUM.
991 2669 1166 2743 proterimus,
1194 2671 1219 2727 id
1243 2679 1294 2740 est,
1318 2665 1332 2704 l
1354 2670 1460 2728 abbatis
1481 2673 1574 2741 isaac,
1603 2675 1724 2730 Domino
1749 2676 1789 2732 la-

174 2767 215 2821 De
235 2772 363 2837 perpetue
387 2765 517 2821 orationis
531 2774 613 2838 atque
636 2761 788 2821 incessabili
802 2762 934 2837 iugitate,
991 2771 1081 2832 rente,
1102 2762 1287 2834 complebunt.
1304 2763 1412 2843 Quibus
1426 2765 1575 2837 explicatis,
1596 2775 1624 2823 et
1647 2770 1790 2840 praecptis

136 2859 235 2932 quod·
259 2858 423 2915 insecundo
444 2859 654 2915 Institutionum
679 2857 750 2914 libro
768 2857 935 2930 promissum
991 2854 1156 2912 beatissimae
1185 2855 1326 2913 memoriae
1349 2871 1427 2929 papae
1449 2856 1578 2926 Castoris,
1603 2866 1630 2915 et
1650 2857 1786 2916 desiderio

139 2960 196 3020 est,
211 2951 367 3009 collationes
382 2951 454 3008 senis
475 2951 556 3024 hujus
578 2965 662 3024 quem
676 2949 793 3008 nuncin
813 2951 935 3008 medium
990 2959 1093 3020 restro,
1108 2959 1149 3006 οο
1176 2949 1332 3007 beatissime
1345 2965 1414 3023 papa
1427 2952 1536 3022 Leonti,
1553 2962 1582 3010 et
1601 2963 1693 3010 sancte
1706 2952 1789 3011 trater

681 3077 809 3132 nunaut
828 3077 940 3132 GAZAEl
960 3075 1239 3134 connumeratus

171 3188 183 3218 ¹
197 3183 240 3242 Sic
254 3182 327 3241 euim
342 3183 401 3256 ejus
412 3182 475 3239 libri
497 3198 558 3255 cap.
573 3185 613 3237 a:
636 3183 705 3251 Quia
719 3197 766 3238 nos
780 3183 816 3236 od
833 3184 933 3238 oratio·
951 3186 974 3250 c
990 3184 1164 3255 reperiuntur
1188 3183 1311 3265 ejusdem
1339 3184 1460 3241 nominis
1491 3184 1620 3267 episcopi,
1645 3185 1716 3258 iique
1739 3186 1786 3244 viri

135 3272 200 3311 rtnm
216 3257 405 3311 canonicorum
418 3255 527 3310 modum
546 3258 733 3323 consequenter
746 3254 936 3308 institutorum
989 3255 1124 3378 praeclari,
1148 3262 1176 3309 et
1201 3253 1250 3327 ipsi
1271 3256 1381 3311 iuterse
1400 3263 1427 3310 et
1440 3265 1535 3312 nostro
1556 3264 1637 3311 ettam
1658 3257 1787 3316 cassiano

134 3327 199 3383 ordo
210 3329 346 3398 prouenit,
363 3343 481 3396 quomam
497 3327 647 3397 pluriorem
665 3328 813 3379 tractatum
828 3324 887 3378 licet
905 3326 935 3378 tn
1000 3339 1045 3379 ere
1067 3323 1210 3390 coaetanei,
1236 3332 1283 3379 aut
1296 3331 1377 3380 astate
1401 3334 1473 3380 certa
1487 3325 1567 3380 vicini
1580 3367 1588 3391 ,
1602 3335 1631 3382 et
1656 3328 1789 3385 Gallicani

133 3399 287 3454 collationes
299 3400 433 3453 serstorum
443 3396 725 3460 reseruemusibidem
736 3395 845 3465 plenius
858 3394 934 3464 dipe-
989 3408 1096 3459 omnes,
1111 3394 1286 3460 Arelatensis,
1311 3394 1549 3465 Forojuliaoensis,
1571 3396 1786 3468 burdegalensis.

135 3471 218 3536 sturi,
231 3485 290 3524 eum
309 3470 342 3524 de
360 3484 451 3523 eurum
465 3469 594 3537 qualitate
606 3482 653 3522 seu
660 3467 780 3537 juqltute
793 3465 880 3520 uerbis
892 3481 937 3521 eo-
989 3465 1105 3521 leontio
1136 3463 1289 3521 Arelatensi
1312 3465 1441 3537 scriptam
1464 3480 1479 3521 a
1499 3464 1610 3522 Sidonio
1639 3468 1787 3539 Apollinari

134 3555 199 3594 rarrn
220 3540 348 3596 disserere
361 3541 526 3664 ueKeimus
544 3546 596 3593 ete.
610 3539 697 3594 Porro
708 3536 751 3593 bic
764 3536 887 3593 advertat
900 3535 937 3593 le·
990 3535 1135 3608 epistolam
1150 3535 1259 3592 tertiam
1282 3535 1344 3592 libri
1358 3536 1427 3593 sexti
1440 3538 1537 3594 asserit
1547 3540 1604 3594 lac.
1625 3538 1788 3598 sirmondus

138 3609 295 3692 ctor,quod
310 3611 387 3666 initio
416 3609 477 3681 ujus
492 3608 582 3681 operis
593 3608 763 3676 monuimus,
790 3607 937 3664 lnstitutio-
990 3607 1160 3664 eSoeietate
1185 3609 1250 3662 lesu
1265 3606 1409 3681 theologus
1430 3608 1457 3665 in
1480 3611 1552 3665 notis
1570 3609 1606 3666 ad
1631 3610 1787 3682 Sidonium,

135 3696 204 3737 num
221 3681 303 3737 libros
323 3681 463 3737 communi
483 3680 617 3737 vocabulo
635 3679 764 3753 appellari
789 3678 933 3736 duodecim
989 3686 1084 3734 contra
1099 3677 1193 3736 Sarari
1204 3678 1370 3750 opinionem.
1383 3679 1477 3745 llulta,
1494 3680 1583 3753 inquit
1594 3723 1602 3750 ,
1614 3691 1676 3739 sunt
1689 3684 1716 3739 in
1731 3701 1788 3741 rer·

135 3751 220 3808 libros
238 3753 367 3817 Cassiani,
393 3752 438 3823 qui
454 3752 618 3809 collationes
643 3750 819 3819 antecedunt,
847 3765 934 3823 eoque
986 3747 1028 3805 bis
1047 3749 1158 3817 Sidonii,
1175 3764 1236 3821 quae
1258 3751 1411 3807 Arelatens.
1435 3751 1586 3823 designent,
1609 3762 1639 3809 ut
1656 3755 1729 3825 quod
1751 3757 1787 3811 ait

135 3822 431 3880 titulolnstitutionum
449 3822 839 3879 librosalibrisCollationum
854 3837 933 3877 com-
986 3819 1021 3874 de
1061 3820 1182 3893 ririlegio
1202 3821 1265 3885 loci,
1282 3828 1310 3877 et
1332 3821 1367 3878 de
1393 3821 1493 3893 togatis
1512 3821 1787 3891 illicperorantibus;

134 3894 254 3951 munitet
272 3893 414 3966 distingui.
429 3892 528 3960 Quoad
547 3907 607 3946 rem
621 3906 685 3948 vero
708 3899 737 3946 et
751 3899 933 3971 utrorumque
987 3837 1189 3961 Arelatensium
1200 3891 1460 3963 autemepiscopum
1471 3891 1512 3947 bis
1523 3892 1691 3962 temporibus
1706 3893 1788 3950 luisse

136 3964 293 4022 sub'ectum
311 3980 343 4018 ac
365 3964 458 4024 tinem,
470 3961 540 4014 lianc
550 3960 695 4015 cassianus
710 3974 742 4015 eo
756 3960 810 4015 locr
830 3960 934 4016 rndrcat
988 3963 1146 4029 Leontium,
1162 3961 1237 4036 uullq
1251 3969 1293 4018 est
1304 3961 1450 4018 dubitatio.
1464 3964 1525 4018 Hoc
1552 3963 1624 4019 enim
1638 3962 1787 4020 ostendunt

135 4033 162 4092 di
187 4036 319 4092 erentiam
333 4055 338 4088 z
352 4031 500 4101 siqnidem,
517 4027 934 4099 inquit,bilibellitscilicetln-
989 4031 1077 4087 Hilari
1104 4048 1180 4104 papm
1203 4031 1336 4103 epistolae,
1358 4047 1390 4088 ex
1420 4031 1519 4102 quibus
1549 4035 1631 4089 etiam
1657 4033 1788 4091 docemur

134 4105 322 4168 stitutionum)
330 4103 367 4155 od
377 4101 516 4155 anterioris
526 4099 640 4154 beminis
650 4100 847 4155 obsera-entium
857 4105 882 4155 et
892 4103 934 4156 irr-
989 4101 1130 4157 Leontium
1143 4101 1236 4157 sedem
1252 4101 1345 4156 iniisse
1363 4116 1435 4157 anno
1460 4108 1523 4166 itta,
1553 4103 1606 4159 boc
1626 4111 1678 4170 est,
1693 4104 1786 4161 decem

134 4180 303 4233 stitutionem
318 4170 864 4241 cenobiorumcornpetentiusoptubnntur
874 4190 882 4237 3
893 4172 938 4226 illi
990 4171 1053 4243 plus
1071 4172 1161 4227 minus
1174 4171 1255 4227 annis
1268 4179 1331 4226 aute
1346 4169 1486 4228 Sidonium
1499 4191 1507 4241 3
1521 4172 1643 4246 synodus
1676 4185 1787 4233 raeterea

131 4262 195 4302 uero
204 4243 421 4313 addisciplinem
435 4243 581 4306 interioris,
592 4258 623 4297 oc
634 4243 828 4314 perfectionem
838 4243 934 4306 cordes,
989 4241 1164 4308 Arelatensis,
1178 4241 1256 4312 cujus
1268 4240 1392 4296 meminit
1401 4240 1528 4312 Faustus,
1540 4244 1585 4316 qui
1595 4191 1703 4317 praessit
1716 4247 1787 4305 idem

129 4316 387 4373 etanncbereturnm
400 4314 483 4367 eitam
496 4316 576 4382 atquc
593 4313 745 4369 doctrinam
764 4315 856 4384 potius
869 4329 936 4385 per-
987 4312 1130 4379 Ieontius,
1149 4321 1178 4369 et
1191 4311 1297 4367 Ruricii
1320 4311 1430 4384 epistola
1448 4319 1481 4371 15
1498 4316 1533 4373 ad
1548 4317 1675 4373 AEonium
1690 4319 1783 4392 inqua

135 4387 271 4441 tenebunt.
290 4386 357 4440 llaec
378 4383 423 4440 ibi.
988 4382 1105 4440 Leontio
1117 4399 1189 4439 nunc
1210 4382 1264 4439 rita
1277 4381 1371 4441 iuncto
1385 4385 1514 4443 AEonium
1533 4388 1697 4446 successisse
1710 4391 1789 4464 signi·

172 4458 185 4491 ¹¹
206 4459 268 4513 Duo
282 4455 409 4528 praecipui
420 4454 546 4527 leguntur
558 4454 640 4538 hujus
664 4455 785 4514 nominis
809 4454 932 4513 anacbu-
988 4453 1061 4512 ticet.
1088 4457 1130 4511 ita
1150 4453 1324 4520 Sirmondus,
1338 4471 1416 4513 suam
1439 4460 1604 4516 sententiam
1624 4459 1658 4517 de
1674 4463 1787 4520 montio

134 4535 226 4585 retae:
255 4527 323 4584 alter
350 4526 495 4593 Thebaeus,
515 4525 570 4583 sire
595 4541 623 4581 rn
635 4525 792 4607 ,thebaidis
821 4528 934 4601 regione
949 4562 975 4626 D
990 4526 1141 4608 Arelatensi
1161 4526 1233 4583 baud
1246 4526 1463 4599 improbabiliter
1475 4531 1661 4589 confirmans.
1685 4537 1788 4592 Verum

134 4606 268 4665 versatus,
287 4598 321 4655 de
344 4613 399 4670 quo
413 4596 542 4668 frequens
557 4603 660 4651 menno
675 4596 704 4652 in
718 4597 789 4653 Vitis
810 4600 934 4665 Petrum,
990 4612 1014 4654 er
1034 4598 1192 4656 adversatur
1212 4599 1360 4657 Annalium
1376 4603 1493 4673 scriptor
1506 4603 1724 4660 accuratissimus
1736 4609 1788 4660 Ba·

134 4677 162 4727 et
173 4670 246 4742 apud
264 4668 452 4741 sophronium
469 4666 499 4720 in
520 4667 603 4721 Patro
621 4664 761 4737 Spirituali
777 4681 836 4740 cap.
861 4672 934 4723 tut:
988 4669 1093 4739 ronius,
1121 4670 1229 4728 duobus
1255 4670 1282 4725 in
1301 4671 1379 4740 loeis,
1399 4672 1446 4728 ubi
1470 4672 1543 4728 hunc
1568 4671 1725 4738 Leontium,
1752 4672 1788 4728 ad

132 4741 202 4797 alter
218 4740 246 4797 in
260 4742 294 4797 Se
312 4739 386 4796 tbica
400 4736 511 4820 regione
524 4735 694 4816 demoratus,
705 4734 741 4792 de
753 4751 808 4809 quo
823 4736 936 4819 bicagi-
989 4754 1071 4812 quem
1087 4741 1217 4800 Sidonius
1238 4741 1342 4809 scribit,
1357 4756 1413 4796 non
1425 4742 1623 4805 Arelatensem,
1638 4740 1685 4795 sed
1700 4741 1788 4797 Foro-

131 4819 190 4868 tur.
205 4813 275 4866 Nam
289 4758 383 4866 decem
414 4822 492 4865 rrmae
507 4804 675 4890 collationes
690 4803 861 4887 insoytbica
879 4823 936 4865 stre
984 4810 1132 4881 juliensem
1162 4811 1320 4893 episcopum
1354 4809 1473 4889 astruit..
1491 4807 1617 4862 Primum
1644 4809 1717 4865 enim
1736 4810 1788 4866 sub

133 4878 240 4941 seetica
254 4895 345 4936 eremo
358 4827 457 4936 hasspae
476 4885 556 4946 sunt,
571 4885 601 4933 ut
619 4876 685 4932 alias
707 4875 811 4933 dictum
834 4884 887 4945 est,
907 4887 936 4936 et
989 4894 1062 4936 anno
1083 4879 1183 4936 Christi
1197 4883 1251 4934 tte
1263 4883 1490 4934 commemoratus
1510 4883 1538 4931 et
1548 4891 1593 4932 ma
1662 4894 1693 4936 ex
1710 4890 1786 4953 parte

132 4948 254 5011 Leontio
266 4966 298 5008 ac
317 4949 438 5007 Helladio
453 4949 588 5022 episcopis
607 4946 652 5011 bic
671 4947 821 5005 nominatis
834 4948 937 5021 pariter
989 4949 1108 5007 recitatis
1117 4948 1216 5004 litteris
1226 4947 1327 5004 Leonis
1341 4962 1418 5020 papae
1432 4946 1561 5005 adversus
1608 4949 1716 5009 ilarium
1735 4953 1787 5009 da-

94 5037 99 5046 ·
134 5027 244 5086 dicatae.
730 5079 735 5091 ,
988 5020 1022 5077 tis
1050 5017 1084 5075 ad
1109 5017 1250 5089 episcopos
1269 5017 1364 5076 Galliae
1396 5017 1558 5077 Viennensis
1573 5024 1646 5091 (Leo,
1666 5039 1709 5095 ep.
1731 5028 1788 5094 90)-

164 5097 230 5151 ⁶De
244 5093 448 5151 nomenclatura
464 5107 540 5219 papae
554 5099 581 5148 et
597 5089 746 5149 beatissimi
765 5088 826 5173 ride
853 5098 934 5149 nota-
988 5089 1100 5162 subjicit
1107 5086 1168 5145 baec
1175 5088 1310 5172 Batonius
1323 5108 1329 5146 :
1342 5089 1478 5148 Additltr's
1487 5094 1615 5163 porrtisec
1623 5093 1787 5150 admoneto

133 5162 242 5222 tionem
256 5164 290 5221 ad
302 5165 416 5238 primam
432 5163 622 5237 precationem
634 5161 761 5219 Auctoris
775 5162 853 5218 rmtio
867 5177 935 5235 ope-
987 5176 1048 5217 nen
1061 5160 1100 5217 ud
1111 5157 1214 5216 eosdem
1228 5175 1371 5233 episcopos,
1394 5177 1427 5218 ne
1445 5179 1497 5234 pro
1514 5165 1567 5219 leui
1581 5178 1663 5220 cansa
1677 5170 1786 5220 senten·

132 5235 183 5293 ris.
196 5237 239 5293 De
250 5237 365 5293 Leontio
379 5235 510 5293 nonnulla
524 5232 733 5290 subnotavimus
756 5232 792 5290 ad
810 5233 933 5317 primam
988 5233 1055 5288 tiam
1070 5233 1194 5299 inserant
1203 5235 1499 5304 encommunicatiorris3
1511 5235 1689 5306 mutentque
1701 5238 1788 5293 leon·

132 5303 321 5380 praelationem
335 5307 529 5373 collationum,
555 5304 612 5371 ubi,
626 5303 725 5363 eodem
737 5302 832 5363 buorrs
855 5305 935 5362 titulo
988 5306 1058 5360 tium
1069 5305 1230 5376 maenum,
1240 5303 1336 5376 utejm
1349 5319 1478 5362 enecuere
1490 5309 1594 5375 sumre
1603 5307 1700 5377 spnedi
1713 5309 1742 5364 tn
1757 5324 1789 5365 ea

133 5390 197 5435 eum
212 5386 328 5434 exornat
340 5379 493 5447 camianm,
506 5375 742 5451 quemadmodum
761 5385 789 5433 et
818 5376 935 5440 Faustus
984 5378 1124 5448 pentem
1132 5376 1306 5432 celebrentur.
1318 5378 1388 5434 urat
1395 5379 1519 5434 Lemaire
1530 5378 1576 5434 ille
1588 5380 1726 5449 episcopos
1737 5381 1788 5436 Fo-

134 5447 284 5507 Rbeiensis
305 5450 449 5532 episeopus
468 5450 496 5505 in
521 5446 680 5523 praelatione
701 5447 766 5517 libri
786 5446 935 5506 delibero
988 5447 1083 5519 emelii
1098 5448 1128 5503 in
1148 5448 1238 5506 callio
1251 5447 1427 5517 Nnrbortensr',
1450 5449 1557 5505 celebris
1575 5450 1655 5517 tomo
1673 5451 1726 5513 uir,
1751 5450 1790 5507 ud

132 5517 268 5588 Arbitrio,
285 5519 332 5577 ubr
353 5519 413 5578 baec
426 5520 564 5594 inscriptio
577 5539 585 5590 ;
606 5521 719 5578 nemrim
741 5519 893 5601 beatissimo
904 5535 936 5576 uc
989 5523 1173 5645 inemecstat
1183 5519 1291 5578 Sidonii
1310 5519 1479 5590 Apollinares
1492 5520 1613 5599 epistola,
1628 5535 1684 5590 qno
1700 5522 1789 5592 r'prsum

131 5594 353 5649 reverendissimo
370 5594 479 5650 Leontio
489 5608 580 5663 pepe,
596 5594 725 5658 ramam
750 5596 778 5646 et
789 5589 868 5647 mitio
880 5589 936 5662 epi·
977 5655 979 5659 ἲ
1007 5592 1031 5646 is
1047 5589 1176 5646 lendibus
1188 5593 1268 5646 anot
1284 5609 1290 5644 ι
1316 5593 1416 5649 Nostra
1435 5590 1607 5648 mediocritas
1621 5595 1701 5647 etate
1712 5595 1787 5658 uite,

131 5662 232 5722 stolae:
254 5665 331 5733 Quod
351 5679 401 5734 pro
419 5663 598 5719 sollieitudine
664 5663 756 5731 torali,
775 5661 850 5717 beate
864 5677 900 5732 po
990 5664 1106 5733 ternpore
1122 5660 1275 5732 dian'tatis,
1295 5661 1441 5733 priuileqio
1466 5661 1526 5731 loci,
1557 5662 1637 5721 leude
1658 5664 1855 5768 serent&

132 5736 240 5800 Leonti,
256 5743 307 5791 etc.
324 5737 426 5792 Verum
442 5748 538 5816 magna
560 5678 725 5804 amffiritas
742 5739 795 5802 est,
810 5740 839 5789 et
852 5748 904 5805 exp
916 5732 938 5788 i·
989 5733 1058 5789 dono
1079 5735 1245 5790 conscientie
1263 5737 1359 5790 cestre
1369 5732 1452 5816 {anie
1462 5735 1595 5804 nentur,
1611 5740 1660 5792 etc.
1676 5737 1738 5790 lice

131 5814 197 5864 catu
209 5805 341 5872 diflicilia,
357 5806 391 5864 de
405 5819 460 5878 quo
471 5803 517 5860 brc
528 5811 625 5877 agatur
641 5803 767 5862 Leontio.
779 5805 848 5862 Tres
863 5803 938 5861 enim
990 5805 1128 5862 Leonem
1141 5805 1281 5877 Sidonius,
1296 5821 1421 5878 eampum
1433 5809 1500 5863 esset
1508 5808 1644 5878 episcopus
1654 5805 1743 5860 Aoern
