3848 6158
158 277 207 333 391
828 262 969 320 sonabis
987 263 1164 321 cassiam*
1762 269 1817 325 392

157 404 256 458 altario
267 396 508 471 participantiltu
516 397 642 453 Dominus
650 391 787 448 ordinauit
798 391 879 456 (ibid.
890 391 960 447 Vide
974 393 1001 457 A
1014 390 1118 446 tionem
1130 389 1221 463 operis
1238 390 1373 447 manualis
1388 406 1446 447 esse
1456 390 1630 459 exstinctam,
1649 391 1700 447 nisi
1716 402 1813 465 quate·

157 476 186 531 S.
204 475 294 528 Ttom.
310 475 371 535 2-2,
384 487 412 540 q.
435 473 497 535 187,
516 485 542 522 a.
566 472 592 534 a,
608 464 645 518 od
667 466 704 526 ³).
723 461 848 517 Tertium
868 462 958 517 locum
1014 477 1067 516 nus
1080 460 1120 516 rel
1132 460 1201 532 iuris
1215 469 1254 518 est
1268 462 1410 526 naturalis,
1428 461 1462 518 de
1476 478 1531 533 quo
1551 478 1644 534 supra,
1659 466 1699 518 vel
1712 478 1727 518 a
1740 478 1814 545 prae·

157 544 278 626 assignat
307 557 331 597 ae
350 541 389 595 ris
418 537 579 601 monacbis,
602 532 721 614 assidua·
740 541 789 589 aut
823 532 961 604 frequenti
1014 530 1074 588 latis
1093 532 1167 614 juste
1192 541 1219 589 et
1242 532 1571 614 salubriteruimponitur.
1594 534 1679 605 Cujus
1701 534 1815 605 quidem

157 613 317 687 aegritudine
333 558 539 670 iaborantibus,
554 605 588 661 de
602 604 701 676 quibus
713 619 741 658 m
769 609 801 659 16
823 620 883 675 cap.
903 605 961 676 ejus
1014 610 1155 659 sententiae
1168 618 1275 676 nequis
1295 619 1340 660 me
1364 611 1633 676 permamanetorem
1655 612 1682 660 et
1695 612 1817 664 asserto·

156 686 217 742 libri
232 706 238 740 ι
252 685 364 752 Propter
378 680 562 749 infimitates,
578 675 631 742 ait,
647 675 813 745 corporales,
826 691 885 745 que
903 691 959 730 om·
1013 688 1073 730 rem
1088 681 1178 745 putet,
1195 682 1348 747 opportune
1368 690 1396 731 sc
1411 673 1509 731 obtulit
1529 677 1627 731 Petrus
1643 673 1688 731 ille
1702 674 1816 736 Clunia·

156 760 221 811 nino
235 756 321 808 deesse
334 768 386 805 aori
394 753 517 820 possunt,
533 762 586 802 non
599 744 684 801 solum
695 748 833 829 permittit
846 747 961 816 Aposto-
1013 745 1103 827 censis
1117 744 1210 814 abbas,
1230 744 1369 871 ιθΙίῗοιιίε
1381 753 1408 801 et
1425 745 1556 802 doebinee
1578 744 1678 828 merita
1693 748 1816 806 Venera-

157 828 199 879 lus
218 828 373 877 sanctourm
394 820 559 888 iudipentius
578 817 700 888 supplere
720 834 737 872 a
755 817 894 887 fidelibus,
913 819 961 874 sed
1014 815 1076 872 briis
1095 815 1198 883 dietus,
1218 817 1264 888 qui
1307 832 1339 872 oc
1351 826 1545 888 argumentum
1562 832 1576 871 e
1597 832 1669 890 regie
1683 825 1710 873 et
1728 818 1817 878 solide

155 898 238 950 etiam
250 893 427 946 saluberrime
441 891 575 944 bortatur.
591 891 695 962 Quarto
710 886 823 943 demum
836 888 896 945 loco
912 903 960 947 eos
1012 887 1146 943 tractarit.
1158 890 1229 944 Nam
1242 887 1270 943 in
1280 887 1399 969 quadam
1410 887 1524 960 epistola
1537 832 1607 950 (tii.
1619 903 1657 944 ιιι
1670 890 1749 960 epist.
1761 890 1813 962 28)

155 971 290 1029 recenset,
306 962 352 1034 qui
367 961 397 1016 in
408 960 509 1017 saeculo
522 959 623 1017 divites
641 957 768 1028 fuerunt,
782 967 809 1015 et
823 959 895 1015 bona
909 975 959 1017 sua
1013 958 1182 1029 respondens
1202 957 1236 1014 ad
1249 957 1415 1030 objectiones
1436 958 1659 1015 cisterciensium
1684 959 1817 1021 adversus

153 1032 319 1108 pauperibus
341 1041 503 1115 erogarunt,
520 1030 561 1087 rel
584 1031 750 1087 monasterio
771 1030 960 1087 contulerunt.
1013 1029 1214 1096 Cluniacenses,
1229 1028 1424 1085 bancnumero
1435 1038 1557 1085 octavam
1570 1031 1657 1100 ponit,
1669 1038 1697 1086 et
1710 1030 1814 1090 diluit:

157 1105 202 1162 Sic
216 1105 289 1161 enim
313 1103 347 1161 de
362 1104 421 1158 istis
433 1111 525 1159 censet
539 1122 545 1158 :
561 1102 592 1158 Si
604 1107 629 1157 et
643 1104 698 1171 ipsi
709 1102 819 1172 aliquid
833 1103 959 1160 manibus
1013 1101 1085 1171 Opus
1099 1116 1238 1165 manuum,
1256 1117 1308 1171 quo
1321 1103 1409 1157 sancti
1420 1105 1512 1172 patres
1530 1103 1646 1156 eremite
1665 1106 1691 1157 et
1704 1105 1815 1174 aretiam

155 1180 312 1248 operantur,
327 1180 357 1230 ut
370 1177 457 1245 pipris
467 1191 501 1230 er
510 1175 569 1228 nita
582 1174 731 1236 humiliore,
743 1178 769 1228 et
777 1173 811 1227 ab
821 1174 870 1228 buc
880 1189 958 1231 eaor·
1012 1174 1136 1227 nwnacbi
1147 1175 1301 1242 semperusi
1313 1176 1385 1235 sunt,
1398 1188 1450 1242 quo
1459 1174 1516 1242 ipsi
1525 1172 1642 1242 apostoli
1650 1175 1751 1228 uictum
1761 1176 1817 1231 sibi

156 1251 283 1303 citatione
303 1247 468 1302 emientibus
491 1247 622 1314 animant
640 1245 849 1311 mercationem
873 1246 958 1302 multo
1013 1247 1039 1298 et
1052 1244 1117 1298 aliis
1124 1244 1435 1313 ministrabautrdequo
1445 1247 1514 1300 Deus
1522 1247 1628 1298 reatum
1634 1245 1723 1313 primi
1728 1246 1818 1302 bomi-

154 1319 351 1373 misericordius
371 1321 467 1386 upunt,
502 1332 567 1371 uum
580 1331 640 1370 cum
654 1317 743 1369 omitia
765 1330 815 1369 sua
834 1315 958 1384 indipen-
1012 1315 1118 1370 nisbae
1136 1330 1328 1386 prmpucpoena
1342 1315 1459 1386 plectens
1476 1317 1517 1369 ait
1535 1332 1541 1368 :
1560 1317 1591 1370 ln
1607 1315 1705 1370 sudore
1721 1318 1816 1374 uultus

156 1391 226 1444 tibus
236 1391 415 1445 dimiserunt:
429 1334 501 1458 erog
512 1386 620 1458 quidem
634 1388 659 1440 si
669 1386 772 1449 nolunt,
783 1387 844 1455 quis
856 1387 959 1444 audeat
1013 1387 1056 1439 tui
1068 1388 1177 1441 eeseeu’s
1196 1401 1267 1456 pane
1281 1390 1327 1441 tuo
1340 1386 1441 1456 (Getes.
1456 1384 1515 1455 ιιι).
1540 1388 1575 1441 bo
1588 1402 1639 1455 quo
1653 1390 1679 1441 et
1699 1388 1790 1443 David
1803 1407 1813 1444 ι

156 1464 267 1531 copore?
279 1468 331 1516 etc.
356 1462 495 1516 Hactenus
515 1461 551 1515 D.
572 1457 745 1529 Augustinus
766 1455 800 1512 de
815 1457 959 1514 monacbis
1011 1456 1127 1512 Labores
1140 1473 1267 1512 manuum
1279 1461 1387 1511 tuarum
1398 1456 1658 1527 quaemandueabis,
1672 1457 1813 1523 boniacus,

155 1533 198 1588 sui
213 1532 357 1603 temporis.
1012 1530 1039 1582 et
1053 1527 1115 1584 bene
1136 1528 1186 1583 tibi
1203 1530 1254 1583 erit
1275 1529 1390 1592 (Psalm.
1411 1530 1597 1592 assentire
1616 1527 1765 1597 objecistis,
1783 1536 1816 1586 ut

191 1607 230 1658 nt
273 1602 319 1658 uid
332 1616 405 1657 nnnc
427 1598 461 1657 de
475 1598 660 1657 benedictinis
682 1597 872 1656 sentiendum?
891 1614 958 1656 num
1011 1613 1060 1657 uec
1071 1614 1158 1655 omnes
1170 1601 1230 1654 iste
1243 1600 1418 1654 auctoritates
1433 1598 1471 1652 ud
1484 1599 1650 1668 operandum
1664 1614 1815 1671 reserpere

156 1680 185 1728 ct
194 1620 275 1728 iliad
285 1687 495 1744 opusmanuum
505 1686 537 1726 ex
548 1670 652 1742 Regula
662 1684 711 1725 sua
722 1669 855 1738 obligati?
869 1668 957 1728 Credo
1008 1671 1124 1739 possint,
1138 1686 1184 1724 nec
1197 1669 1348 1725 obedientia
1362 1686 1444 1739 peram
1451 1669 1537 1738 jeraia
1547 1671 1680 1739 Reperiam
1698 1673 1753 1726 Deo
1768 1686 1815 1729 ros

156 1742 283 1814 equidem
295 1741 502 1798 sanctissimum
511 1744 621 1797 Patrem
636 1748 762 1797 nostrum
777 1740 956 1798 benedictum
972 1775 997 1838 B
1012 1740 1138 1797 celtibera
1148 1742 1318 1812 promisistis,
1334 1740 1462 1795 delicatos
1475 1742 1529 1795 otio
1542 1756 1639 1796 mauras
1655 1743 1688 1796 de
1698 1744 1762 1797 sinu
1775 1743 1814 1798 ad

154 1822 279 1869 veterum
301 1810 499 1868 monachorum
514 1810 703 1868 aemulatorem
724 1811 959 1869 accuratissimum
1012 1827 1080 1880 epus
1093 1814 1235 1868 retrabere
1259 1812 1359 1866 ualeat.
1380 1811 1453 1867 Huic
1467 1811 1614 1882 objectioni
1635 1811 1685 1868 etsi
1705 1812 1814 1883 prolise

155 1891 182 1940 et
192 1883 428 1942 studiosissimum
436 1897 485 1938 eos
492 1882 576 1938 etiam
584 1881 636 1938 hae
645 1882 709 1937 inre
717 1881 819 1938 imitari
831 1883 957 1953 soluisse,
1012 1882 1080 1938 satis
1097 1881 1252 1955 respondet,
1267 1890 1358 1937 tamen
1374 1881 1579 1953 responsionem
1595 1882 1652 1954 ejus
1674 1883 1814 1954 integram

154 1971 187 2011 ac
216 1955 332 2026 proinde
358 1953 415 2009 suis
440 1951 586 2010 coenobitis
611 1951 738 2008 eamdem
764 1953 906 2010 laborandi
931 1965 959 2012 et
1011 1951 1075 2009 buic
1099 1952 1159 2009 loco
1183 1951 1343 2009 elucidando
1364 1953 1478 2009 omnino
1503 1953 1682 2009 necessariam
1712 1954 1814 2010 existi-

155 2025 285 2097 operandi
307 2025 394 2098 legem
418 2024 596 2095 imposuisse;
619 2030 792 2078 nontamen
814 2024 957 2096 absolute,
1012 2023 1096 2079 mavi.
1116 2029 1154 2081 De
1171 2040 1249 2095 oprere
1262 2039 1407 2087 manuum,
1423 2023 1519 2095 inquit,
1542 2024 1614 2095 quod
1629 2025 1813 2094 superioribus

154 2097 203 2153 sed
214 2095 305 2178 quoad
319 2095 468 2152 necessitas
487 2102 645 2222 englosceret
657 2102 717 2150 tum
738 2094 826 2151 victus
846 2111 957 2168 campa·
1012 2095 1137 2165 capitulis
1147 2095 1325 2165 adjuraeistis,
1337 2096 1715 2164 sufficientissimaslrabemus
1729 2099 1812 2152 raab·

153 2166 251 2235 randi,
271 2176 330 2223 tum
349 2167 398 2223 otii
420 2164 514 2239 iugien
536 2166 542 2176 “
565 2184 572 2219 :
593 2164 668 2238 quod
682 2174 711 2221 et
732 2167 957 2224 Turrecrcmatus
1011 2181 1068 2229 nes,
1084 2182 1144 2236 que
1165 2171 1190 2222 et
1206 2171 1297 2221 cestra
1311 2166 1412 2236 objecta
1428 2181 1541 2237 prorsus
1558 2167 1683 2221 inualida
1703 2166 1812 2223 deuou-

154 2239 309 2304 confirmat,
323 2247 351 2293 et
363 2237 457 2294 multis
474 2237 641 2309 argumentis
652 2236 757 2293 ostendi
769 2245 858 2308 potest
869 2239 882 2308 (
889 2239 955 2321 Cap.
1011 2240 1138 2302 strantes,
1152 2253 1184 2292 eu
1196 2238 1272 2308 loupe
1281 2238 1449 2308 pmpeliant3
1463 2241 1489 2291 et
1501 2254 1561 2308 pue
1574 2238 1650 2306 apud
1661 2253 1710 2292 nos
1719 2253 1813 2307 aaran·

153 2315 188 2364 48
200 2309 334 2379 Repulor).
357 2309 481 2364 Primum
501 2307 574 2363 enim
587 2306 669 2362 boras
690 2306 801 2363 diurnas
817 2308 851 2364 ab
865 2308 956 2365 ollicm
1012 2310 1068 2371 tur,
1084 2309 1232 2380 approbent
1249 2313 1275 2363 et
1282 2312 1482 2363 manuteneant.
1495 2311 1530 2365 Et
1544 2313 1574 2362 ut
1584 2309 1631 2363 troc
1644 2311 1812 2379 aperissem

152 2379 246 2438 divino
269 2379 392 2436 residuas
409 2379 487 2452 jubet
506 2378 543 2434 ita
563 2376 705 2444 distribui,
720 2385 751 2434 ut
773 2378 833 2434 alicu
849 2377 956 2436 lectioni
1008 2383 1111 2448 pateat,
1126 2380 1265 2434 uideamus
1276 2395 1330 2434 nore
1344 2384 1449 2434 tantum
1462 2380 1529 2449 quid
1541 2380 1573 2434 de
1585 2395 1661 2449 opere
1681 2395 1811 2436 munuum

46 2460 49 2465 ⁴
153 2459 181 2508 et
201 2450 392 2519 meditationi,
419 2449 481 2506 aliae
495 2448 570 2517 operi
597 2452 730 2505 manuum
749 2448 953 2520 impendantur.
1009 2449 1112 2518 Repula
1130 2452 1289 2521 praecipium
1302 2450 1349 2506 sed
1366 2452 1447 2505 etiam
1466 2466 1550 2520 quare
1564 2451 1634 2505 iliud
1651 2453 1810 2522 precipiet.

153 2523 248 2590 certis,
272 2521 375 2593 inquit,
400 2521 562 2592 temporibus
587 2522 714 2590 occupari
736 2520 831 2574 debent
854 2522 956 2589 iratres
1010 2520 1148 2584 otiositas,
1164 2520 1211 2589 ait,
1228 2523 1339 2576 inimr'ca
1356 2526 1395 2576 est
1406 2523 1514 2576 anime.
1530 2525 1566 2577 Et
1577 2523 1636 2576 ideo
1648 2524 1728 2577 ceras
1742 2526 1811 2579 tem-

153 2596 183 2649 in
190 2594 516 2659 laboremanuum;certis
526 2592 607 2645 etiam
617 2591 690 2645 boris
698 2593 727 2644 in
734 2591 954 2649 lectionediuina.
1005 2591 1119 2661 poribus
1141 2593 1266 2662 occupari
1280 2592 1376 2647 debent
1389 2593 1492 2659 tratres
1510 2594 1539 2647 in
1559 2593 1648 2647 laboro
1664 2608 1811 2663 munuum,-

151 2667 193 2721 Ac
217 2663 315 2721 deinde
338 2679 387 2734 pro
406 2662 562 2718 diuersitate
583 2670 740 2733 temporum
766 2661 888 2728 aestatis,
913 2663 954 2720 rel
1009 2664 1088 2717 eutis
1104 2664 1168 2717 item
1183 2663 1265 2726 buis,
1288 2665 1316 2718 in
1331 2662 1439 2718 lectione
1462 2664 1566 2718 diuina.
1588 2665 1653 2718 Ecce
1675 2664 1810 2735 amatu,

150 2733 263 2802 hiemis,
274 2734 487 2792 diversasboras
499 2733 598 2805 quibus
616 2732 691 2804 operi
709 2747 843 2788 manuum
858 2749 955 2792 vacare
1009 2735 1075 2814 puio
1083 2736 1191 2804 operm
1195 2734 1512 2804 jubetranimadaertite,
1520 2739 1551 2790 ut
1558 2734 1687 2797 dicimus,
1699 2735 1733 2790 ob
1743 2736 1811 2806 quid

152 2804 252 2862 fratres
270 2805 401 2874 debeant,
418 2805 455 2861 ita
474 2811 599 2860 accurate
617 2803 784 2874 praescribit,
801 2811 832 2859 ut
848 2803 954 2862 nullam
1003 2805 1108 2873 puteat.
1125 2806 1291 2862 Otiositotem
1304 2820 1358 2861 esse
1371 2806 1508 2860 inimicam
1522 2808 1620 2860 anime
1628 2806 1774 2876 predicat,
1784 2811 1810 2863 et

151 2876 187 2933 de
199 2893 246 2931 sua
261 2877 412 2932 intentione
426 2884 453 2931 et
462 2875 514 2931 hac
532 2875 589 2945 lege
606 2873 737 2945 operandi
753 2873 954 2932 dubitationem
1007 2876 1067 2930 ideo
1077 2891 1110 2930 ne
1119 2878 1228 2940 anime,
1241 2878 1284 2930 cui
1293 2877 1404 2931 inimica
1416 2878 1592 2945 copnoscitur,
1601 2892 1693 2932 norme
1704 2878 1808 2947 caleat3

151 2945 407 3017 relinquat.Subdit
416 2944 669 3002 deinde:Siuutem
681 2947 823 3001 necessitas
831 2947 890 3013 ioci,
903 2951 953 3004 uut
1008 2950 1065 3001 tum
1079 2947 1197 3011 lectione,
1212 2963 1294 3017 quam
1305 2948 1737 3004 munuumluboreeaoiuderesut
1780 2950 1807 3005 '.

148 3022 298 3087 paupertas
319 3019 444 3085 caeperit,
466 3022 497 3071 ut
520 3016 558 3070 ad
574 3018 669 3084 {rupes
687 3017 846 3086 nullipendas
857 3032 908 3088 per
925 3034 953 3074 se
1005 3018 1091 3072 Dicite
1103 3032 1166 3086 erpo
1186 3020 1233 3073 :si
1245 3019 1308 3073 aliis
1323 3019 1449 3073 bonorum
1460 3033 1569 3088 merum
1585 3021 1720 3074 exercitiis
1745 3021 1751 3032 '

151 3093 321 3158 occupentur,
334 3103 387 3142 nori
395 3089 585 3142 contristentur
595 3105 603 3141 :
612 3088 678 3156 quia
691 3092 754 3142 turre
761 3103 821 3143 uere
831 3090 954 3145 mouaobi
1003 3091 1090 3158 potest
1100 3090 1169 3157 fieri,
1180 3104 1233 3144 uon
1242 3088 1351 3143 videtur
1360 3090 1433 3144 cobis
1445 3090 1506 3144 berte
1514 3091 1618 3158 Reputo
1629 3091 1754 3144 seruari?
1765 3092 1808 3155 Si,

151 3163 223 3220 stlat,
238 3161 264 3212 si
274 3159 503 3213 laboremanuum
512 3172 624 3212 suarum
633 3160 737 3222 cicant,
747 3161 818 3214 sicut
827 3162 852 3214 et
859 3164 952 3229 putres
968 3144 991 3208 C
1005 3161 1136 3229 inquam,
1158 3160 1220 3214 aliis
1242 3160 1315 3215 bonis
1329 3160 1454 3230 operibus
1466 3161 1539 3230 (nom
1553 3162 1640 3215 multo
1660 3162 1715 3215 aliu
1737 3161 1808 3217 bonu

119 3273 124 3289 .
149 3231 237 3283 nostri
247 3230 402 3300 etapostoii.
416 3229 470 3285 Ubi
485 3231 711 3285 Turreerematus
726 3251 732 3284 :
750 3232 844 3285 Patres
854 3233 949 3295 nostri,
1005 3245 1086 3300 opera
1093 3234 1193 3300 preter
1202 3246 1268 3302 opus
1278 3245 1408 3286 manuum
1415 3234 1529 3302 possunt
1542 3233 1667 3301 inueniri)
1680 3247 1809 3303 occupare

150 3299 201 3368 ait,
215 3300 257 3355 bic
271 3301 449 3356 dicunturuel
458 3301 623 3371 patriarcba
642 3305 668 3356 ot
678 3301 828 3371 propbeta,
847 3302 889 3356 uel
902 3303 952 3372 qui
1006 3305 1208 3370 sempertotum
1221 3302 1277 3357 diei
1287 3304 1407 3372 spatirun
1426 3303 1552 3357 monacbi
1558 3308 1683 3372 possunt,
1695 3319 1756 3358 cum
1769 3304 1809 3359 od

151 3373 180 3426 iu
195 3374 340 3427 monastico
356 3371 450 3427 ordine
461 3372 648 3443 probatissimi
663 3372 786 3439 sumunt,
797 3374 865 3427 simet
877 3374 951 3428 Pau·
1005 3371 1053 3426 boc
1063 3376 1169 3440 tanturn
1179 3388 1213 3427 ne
1224 3375 1303 3428 otiosi
1313 3375 1367 3428 sint
1380 3375 1488 3444 operari
1493 3375 1707 3443 praecipiuntur:
1723 3389 1809 3431 uenae

151 3442 192 3497 lus
211 3446 318 3512 primns
332 3445 451 3507 eremita,
469 3444 620 3506 Antonius,
642 3443 783 3505 Hilarius,
800 3443 949 3512 sylvanus,
1005 3442 1055 3496 ilio
1070 3448 1179 3511 aperies
1200 3460 1218 3497 a
1229 3445 1453 3514 prevaricatione
1475 3445 1585 3513 Repuloe
1595 3447 1703 3500 omnino
1724 3446 1810 3509 albai

150 3520 216 3579 etc„
230 3517 278 3582 qui
294 3529 383 3568 omnes
393 3517 493 3569 vntum
502 3514 557 3568 sibi
564 3514 652 3568 labore
663 3528 792 3567 marinum
809 3515 949 3582 conquire·
1002 3518 1163 3583 permaneret
1172 3517 1186 3569 i
1195 3516 1239 3569 lto
1250 3516 1348 3585 plane:
1360 3516 1456 3578 uelint,
1467 3517 1554 3569 reoliut
1565 3515 1729 3571 aduersarii.
1739 3518 1809 3585 Quo·

87 3584 100 3600 ““
150 3583 222 3638 bunt
236 3586 304 3640 Haec
314 3584 368 3639 ille.
382 3586 489 3640 Rursus
498 3600 556 3655 cap.
570 3590 603 3640 57
616 3585 657 3638 Re
677 3583 728 3639 ulae
736 3582 813 3651 iubet
825 3586 948 3654 artifices,
1005 3599 1116 3652 cumque
1130 3586 1196 3640 bono
1212 3587 1348 3649 oenotria,
1366 3588 1502 3641 otiositate
1519 3587 1629 3655 supnto,
1645 3588 1750 3656 Reputo
1761 3603 1808 3642 cu·

149 3656 175 3710 si
192 3657 249 3710 sint
267 3659 296 3711 iu
308 3659 479 3720 monasterio,
496 3657 643 3711 cumomni
658 3599 808 3709 inurinare
825 3669 950 3712 eaercere
1004 3655 1132 3720 studitur,
1139 3671 1214 3711 nerem
1220 3657 1275 3711 lroeo
1282 3659 1418 3726 apartium
1423 3657 1684 3727 justctranspressor
1693 3659 1808 3724 dicitur,

148 3742 212 3783 suas
224 3731 305 3790 ortes,
319 3728 344 3782 si
353 3728 465 3798 jusserit
480 3728 585 3783 abbas:
606 3741 637 3782 ac
658 3725 757 3781 deinde
771 3733 949 3797 monetque·
1004 3726 1141 3781 calumnia
1164 3727 1244 3782 illata
1268 3728 1343 3796 lonae
1363 3728 1496 3797 rejicitur.
1520 3730 1582 3785 Nisi
1607 3731 1696 3783 autem
1718 3734 1810 3786 esseut

149 3798 275 3855 modoet
292 3814 340 3870 per
360 3814 429 3881 quos
443 3814 525 3871 opera
543 3797 549 3852 i
570 3813 598 3852 sa
613 3810 661 3853 seu
675 3794 782 3867 opilicia
802 3797 950 3854 monacho-
1004 3812 1095 3867 opero,
1106 3803 1206 3869 prata
1214 3800 1424 3866 rusticationem,
1436 3803 1489 3856 Deo
1501 3799 1685 3870 acceptabilia,
1701 3815 1810 3870 neque

148 3885 212 3925 rum
229 3869 377 3925 venundari
390 3870 514 3927 debeant.
539 3814 645 3937 (faiam
663 3865 781 3935 accedit,
796 3867 870 3937 quod
886 3883 947 3941 cap.
1004 3884 1087 3938 quam
1099 3870 1200 3925 iudeis
1215 3870 1313 3925 diceret
1327 3873 1456 3927 Dominus
1470 3889 1478 3925 ε
1492 3871 1706 3941 Operamininon
1716 3871 1809 3928 cibum

148 3945 184 3996 46
199 3940 325 4006 babetur,
341 3942 372 3998 Si
382 3943 442 4010 puis
452 3940 516 3994 dum
525 3941 556 3994 in
573 3938 661 3992 labore
670 3939 771 4008 aliquo,
785 3940 815 3993 in
826 3941 947 4009 coquina,
1004 3942 1054 4009 qui
1062 3942 1151 4010 perit,
1162 3941 1209 3996 sed
1222 3943 1272 4011 qui
1284 3945 1427 4012 permanet
1441 3942 1471 3995 in
1482 3944 1566 3997 uitam
1581 3944 1806 4007 atorramilonu.

148 4013 177 4064 in
187 4012 305 4074 cellario,
314 4013 344 4065 in
359 4013 518 4073 ministerio,
533 4011 737 4081 inpistriao,in
751 4011 950 4073 hortamurte
1006 4011 1058 4080 ιι).
1074 4012 1106 4068 Si
1118 4027 1183 4067 sane
1201 4014 1351 4082 corrroralia
1372 4027 1451 4082 opera
1470 4013 1659 4083 spiritualibus
1669 4015 1807 4069 armcitiis

145 4084 243 4151 aliqua
258 4084 323 4137 dum
341 4083 462 4146 laborat,
481 4083 522 4138 rel
537 4083 566 4136 in
585 4096 748 4151 quonamque
768 4083 821 4137 looo
840 4083 880 4137 ali
900 4082 949 4138 uid
1000 4084 1209 4153 preferrentnr,
1224 4099 1397 4154 nequaqnam
1409 4085 1500 4138 Murio
1510 4084 1548 4138 ad
1560 4084 1641 4155 pedes
1650 4086 1808 4141 dominise-

147 4153 304 4222 deliquerit,
315 4158 363 4207 out
374 4155 560 4224 superiacta.
572 4154 707 4210 Caeterum
718 4152 791 4226 quod
801 4167 857 4208 non
868 4099 949 4210 ιῗιεο·
1004 4152 1077 4220 dere,
1090 4158 1115 4208 et
1124 4155 1204 4208 uerba
1218 4153 1275 4222 ejus
1290 4155 1471 4210 indesinenter
1479 4154 1587 4218 audire,
1601 4156 1731 4209 oceteris
1794 4185 1806 4197 -

148 4221 205 4277 inte
217 4238 284 4293 opus
298 4239 431 4279 manuum
446 4225 603 4298 injunxerit,
623 4224 707 4281 etiam
729 4222 870 4280 manifeste
886 4238 948 4294 pro·
1003 4224 1079 4278 ribus
1086 4227 1181 4284 otioso.
1189 4225 1323 4293 elepisset3
1333 4241 1506 4296 nequaquam
1514 4241 1628 4281 sororem
1636 4242 1713 4281 mmm
1720 4241 1749 4281 so
1761 4242 1806 4282 um

149 4289 239 4357 batur,
264 4293 484 4417 quandognidcm
499 4310 555 4350 non
576 4295 643 4350 alias
668 4294 749 4364 hujus
770 4294 950 4351 institutionis
1002 4295 1729 4366 mirristrarepermisisset3irequapuamllominusonm
1737 4300 1807 4367 opti·

148 4376 244 4417 causas
264 4368 367 4431 praeten
388 4371 430 4429 at,
458 4379 540 4435 quam
571 4364 641 4419 duas
674 4363 735 4420 illas
765 4365 946 4437 supradictas,
1001 4366 1803 4438 mompartemelepissediaisset.Erposiorundodependo,

147 4445 246 4502 nempe
264 4432 456 4510 necessitatem
475 4441 502 4487 et
521 4433 568 4488 otii
585 4431 690 4504 sugam.
706 4433 829 4489 Priorem
845 4434 948 4491 indicat
1021 4435 1146 4497 sallendo,
1157 4436 1280 4505 iniuncta
1295 4439 1417 4508 relipiose
1429 4439 1574 4509 implendo,
1585 4440 1627 4495 rel
1638 4441 1696 4494 aliu
1706 4439 1804 4510 quaii-

148 4499 203 4557 illis
223 4499 311 4556 verbis
327 4502 378 4559 :Si
393 4505 533 4559 necessitas
551 4504 602 4557 loci
610 4545 618 4566 ,
630 4509 679 4558 aut
687 4509 836 4574 paupertas
851 4521 946 4577 eaepe·
961 4450 1802 4602 Dgethujusmodibormopemtoanimrrsoecupatur,1lepula,

148 4575 196 4637 rit,
209 4580 260 4628 etc.
278 4572 461 4629 Posteriorem
481 4573 559 4629 initio
570 4572 678 4644 capitis,
690 4574 737 4629 ubi
754 4574 805 4629 bac
819 4576 948 4647 proposi·
1001 4581 1033 4631 ut
1042 4577 1172 4642 dicimus,
1184 4580 1302 4650 perfecte
1311 4585 1435 4636 seruatur
1447 4599 1455 4636 :
1466 4584 1591 4652 quoniam
1603 4583 1658 4636 bac
1669 4582 1805 4653 operam

147 4645 221 4701 tione
253 4642 393 4700 raemissa:
407 4647 534 4703 Otiositas
549 4646 659 4699 inimico
668 4650 707 4701 est
716 4647 824 4701 onimae.
841 4646 943 4705 lnlert:
1000 4651 1144 4704 menuctus
1157 4667 1211 4706 non
1224 4653 1334 4715 otiosus,
1346 4652 1392 4707 sed
1407 4653 1469 4707 bene
1482 4655 1634 4723 nepotiosus
1643 4653 1804 4724 comprobo-

147 4719 183 4774 Εἰ
209 4661 267 4772 iesso
283 4718 363 4772 certis
391 4717 551 4790 torporibus
577 4719 702 4787 occupari
726 4717 820 4772 debent
843 4719 945 4785 tratres
1000 4723 1053 4774 tur.
1066 4723 1101 4776 Et
1110 4725 1141 4775 ut
1152 4723 1265 4792 aliquod
1276 4738 1455 4794 supponamus
1463 4725 1623 4795 exemplum,
1637 4724 1803 4795 dumpubrm

146 4791 176 4844 in
196 4790 286 4845 labore
303 4805 442 4846 marusim.
459 4787 543 4862 Atqui
556 4786 686 4858 sublatis,
712 4796 760 4845 aut
777 4789 948 4851 cessantibus
1001 4787 1299 4861 epsittsB.BeuedictiS.
1309 4796 1479 4850 llanrumad
1488 4797 1537 4851 bas
1547 4795 1703 4854 Galliarum
1708 4800 1802 4866 partes

146 4861 236 4917 causis
259 4876 364 4917 cessare
393 4861 486 4919 debuit
507 4857 631 4918 effeetus.
660 4859 769 4916 Sublata
796 4859 872 4917 enim
907 4869 948 4919 est
997 4879 1051 4933 pro
1063 4864 1249 4918 construendis
1259 4865 1401 4920 secundum
1415 4868 1500 4937 ipsius
1517 4866 1667 4922 doctrinam
1679 4867 1803 4922 cenobiis

146 4931 296 4986 necessitas
309 4938 337 4986 et
345 4934 456 5001 penuria
465 4949 513 5003 per
522 4930 705 4989 sufficientem
717 4932 947 4990 monasteriorum
1001 4934 1036 4988 ab
1049 4937 1105 5005 ipso
1115 4935 1254 4999 directum,
1266 4936 1377 5005 lepimus
1393 4938 1463 4992 leuno
1476 4953 1575 4993 morem
1585 4939 1615 4992 in
1627 4939 1801 5002 monasterio,

146 4999 331 5070 provisionem
351 5010 379 5056 et
394 5003 632 5074 locupletationem
651 5023 658 5058 :
680 5004 730 5059 otii
743 5019 807 5060 vero
828 5012 856 5060 ct
868 5003 946 5062 desi·
1001 5007 1376 5078 quodineindepouensicpisc
1411 5011 1801 5077 utuconstruaerat‚tennisse;

147 5070 207 5152 diae·
223 5070 345 5136 occasio,
360 5087 419 5154 'per
448 5073 648 5130 monachorum
673 5075 878 5156 promotionem
911 5075 946 5134 ad
1000 5079 1342 5202 utspuiaeissinepreprio
1357 5079 1384 5133 lo
1418 5094 1446 5135 re
1460 5083 1718 5136 cunctaneeessuriu
1734 5094 1802 5151 sup-

148 5141 258 5196 ordmes
271 5140 480 5211 ecclesiasticos,
493 5142 617 5200 cilicium
626 5143 865 5218 drinnmpublice
878 5146 946 5203 cele·
997 5162 1033 5217 pe
1055 5149 1178 5216 itabant,·
1192 5151 1289 5204 omisso
1306 5165 1436 5205 montrum
1456 5167 1534 5222 opere
1551 5152 1752 5223 spiritualibus,
1771 5154 1803 5206 ut

146 5209 300 5293 brandum,
314 5211 459 5285 theologiae
477 5212 599 5271 studium
627 5214 747 5287 aliasque
767 5216 904 5288 graviores
918 5224 946 5273 et
999 5217 1131 5282 dicimus,
1140 5221 1274 5275 eaereitiis
1284 5223 1432 5289 exercitati,
1440 5225 1520 5278 otiosi
1529 5238 1581 5278 nou
1592 5228 1695 5290 osseam
1712 5225 1803 5293 sirpe

145 5289 296 5338 sanctiores
314 5284 515 5354 occupationes.
529 5285 611 5342 Unde
620 5301 672 5342 nec
689 5287 717 5341 in
734 5286 855 5341 Decretis
870 5288 945 5343 Pon·
998 5290 1054 5344 sibi
1065 5307 1152 5361 nuper
1164 5307 1182 5345 a
1195 5292 1291 5348 Sancto
1310 5293 1443 5347 traditam
1456 5296 1585 5364 Repetam
1600 5295 1681 5360 (bona
1698 5308 1803 5365 semper

144 5351 268 5419 titieum,
288 5354 440 5424 praesertim
464 5356 619 5413 lnnocentii
642 5358 683 5411 111
699 5364 727 5412 et
745 5355 894 5413 Clementis
908 5360 943 5429 V,
998 5362 1148 5430 operando)
1168 5365 1266 5433 optime
1288 5369 1483 5420 conservarent.
1507 5366 1583 5433 Quod
1608 5368 1633 5420 si
1655 5380 1684 5421 se
1708 5365 1802 5420 beoms

144 5438 207 5495 quae
220 5422 410 5482 demunaebis
427 5425 520 5499 nigris,
540 5425 593 5484 bac
611 5435 661 5494 est,
677 5426 861 5484 benedictinis
874 5444 944 5501 prae·
997 5433 1110 5487 Maurus
1132 5439 1225 5489 eontra
1241 5437 1419 5504 professionis
1433 5451 1489 5490 sua
1512 5443 1603 5491 uotum
1625 5451 1705 5506 apere
1722 5435 1803 5490 intel·

145 5494 245 5570 cipue,
265 5510 415 5565 eorumque
435 5497 634 5555 reformatione
653 5497 814 5569 disponunt,
841 5514 892 5555 neo
915 5501 943 5557 in
998 5502 1117 5566 babeat,
1142 5520 1201 5559 cum
1230 5507 1259 5560 in
1290 5507 1426 5562 intellectu
1439 5506 1549 5577 hujusce
1571 5508 1613 5563 rei
1626 5506 1702 5562 nulio
1721 5505 1802 5565 mode

143 5565 340 5623 constitutione
350 5567 486 5625 Benedicti
497 5570 562 5638 xil,
573 5584 635 5642 quae
652 5568 743 5624 omnia
753 5567 809 5625 tere
818 5568 853 5627 ad
870 5570 943 5629 hunc
997 5572 1063 5641 salii
1080 5577 1227 5645 potuisset,
1251 5592 1422 5648 nequaquam
1446 5580 1484 5633 sie
1506 5592 1566 5633 suos
1586 5580 1675 5634 niuem
1695 5579 1800 5650 permi-

143 5636 269 5694 ordinem
279 5638 428 5709 spectantia
437 5639 544 5696 decreta
558 5641 666 5712 collegit
677 5655 710 5696 ac
724 5642 874 5709 renovarit,
887 5643 942 5700 ulla
995 5645 1091 5713 sisset;
1106 5647 1155 5716 qni
1173 5650 1282 5703 etiamsi
1294 5651 1351 5703 voti
1367 5651 1562 5720 prevaricator
1579 5664 1634 5705 csse
1653 5665 1709 5705 nou
1721 5648 1801 5706 ride-

139 5705 177 5762 de
198 5723 283 5790 opere
302 5725 439 5766 manuum
463 5726 479 5766 a
501 5710 646 5767 monacbis
659 5712 810 5769 exercendo
827 5712 942 5771 babetur
996 5720 1082 5780 retur,
1099 5720 1125 5772 et
1138 5721 1247 5789 operari
1262 5720 1388 5776 monibus
1402 5721 1444 5775 vel
1464 5721 1625 5776 resolutione
1644 5722 1744 5785 nollet,
1759 5718 1801 5776 rel

121 5786 244 5835 monuo.
262 5780 349 5853 Quod
359 5781 474 5856 spaerae
489 5781 730 5857 estmanilestum,
745 5781 816 5842 banc
835 5784 939 5858 obliga·
995 5787 1074 5853 tastu
1083 5787 1289 5861 dedipnuretur3
1300 5793 1609 5865 uecDeusproipsotum
1618 5790 1800 5850 miraetmul·
