3848 6158
640 267 807 326 COLLATlO
828 271 859 325 ll.
879 298 915 313 ·-
932 270 977 326 DE
996 270 1231 329 bisuntiion'it.
1707 287 1760 344 5³0

426 394 545 452 CAPUT
554 397 587 450 V.
917 400 945 465 Α
958 398 1049 470 ιοιιιίι
1063 399 1216 473 aggregari,
1229 414 1264 458 nc
1276 402 1560 476 quantulumcumque
1586 409 1759 482 perceptione

319 493 358 545 De
373 493 457 544 morte
470 491 581 545 licente
590 491 670 544 senis.
958 493 1103 567 leguminis
1116 495 1200 567 parvi,
1213 511 1229 552 a
1243 511 1293 553 suc
1306 496 1443 556 rideretur
1458 500 1599 573 proposito
1610 502 1757 563 relaxasse.

139 590 175 644 Ει
188 592 219 642 ιιι
232 583 304 641 lianc
319 583 446 640 eamdem
465 582 653 640 definitionem
666 583 818 657 antiquitus
833 600 849 641 a
871 586 902 642 S.
959 587 1020 659 Qua
1035 589 1245 662 presumptione
1262 587 1403 663 deceptus,
1422 591 1550 665 angelum
1566 595 1674 653 satanae
1686 596 1760 654 uelut

104 684 229 743 Antonio
250 689 279 740 st
297 683 407 739 eaeteris
425 680 549 737 Patribus
567 681 781 755 promulgatam,
809 697 905 740 emens
958 681 1086 755 angelum
1108 682 1175 741 lucis
1192 699 1257 741 cuni
1282 699 1391 742 summa
1409 686 1581 744 veneratione
1597 688 1757 762 suscipiens,

99 793 223 852 quoque,
235 778 307 834 sicut
321 775 508 848 promisimus,
525 775 671 833 confirmet
684 775 849 849 exemplum,
860 792 904 834 re·
958 779 1071 853 ejusque
1084 782 1227 855 praeceptis
1245 797 1332 855 prono
1344 781 1474 841 obediens
1493 782 1639 854 famulatu,
1653 797 1759 846 semet-

101 873 186 931 colite
202 871 229 928 id
242 869 317 944 quod
330 885 418 942 nuper
431 877 539 944 gestum
551 871 694 928 oculorum
703 878 857 929 vestrorum
866 871 904 929 ri·
959 874 1050 947 ipsum
1059 876 1086 932 in
1099 884 1225 949 puteum,
1237 876 1538 950 cujusprofunditatem
1548 880 1690 939 oculorum
1699 898 1757 941 non

101 964 343 1034 distisobtctibus,
355 967 368 996 ¹
380 979 476 1021 senem
486 964 610 1022 uidelicet
619 965 759 1022 Heronem
770 973 835 1022 ante
842 981 904 1039 pau·
957 970 1067 1044 attingit
1080 971 1203 1039 intuitus,
1216 972 1381 1045 praecipitem
1403 972 1488 1041 dedit,
1507 973 1542 1032 de
1552 976 1642 1050 angeli
1663 976 1760 1036 rideli-

100 1076 151 1120 ccs
171 1059 322 1119 admodum
335 1058 393 1117 dies
406 1057 530 1126 illusione
550 1056 684 1116 diabolice
699 1073 715 1115 ⁸
728 1058 843 1115 tummis
867 1056 905 1115 ad
956 1073 999 1122 cct
1010 1065 1052 1122 sui
1066 1066 1212 1138 sponsione
1224 1081 1283 1122 non
1294 1065 1432 1135 dubitans,
1449 1068 1575 1142 quicum
1593 1086 1643 1143 pru
1658 1073 1758 1132 meritc

99 1158 158 1217 ima
179 1155 328 1229 deiectum,
340 1169 424 1228 quein
433 1151 633 1227 quinquaginta
645 1150 723 1209 annis
737 1152 766 1209 iii
782 1151 833 1208 bac
846 1167 905 1209 ere·
957 1158 1088 1214 iirtutum
1102 1173 1135 1216 ac
1149 1158 1275 1215 laborum
1291 1174 1407 1216 suorum
1426 1175 1600 1235 nequaquam
1620 1180 1700 1236 posse
1712 1167 1760 1224 tir-

99 1256 374 1318 mocommoratum,
383 1248 514 1321 singulari
528 1247 697 1305 districtione
711 1247 829 1321 rigorem
843 1264 905 1305 con
957 1260 1081 1309 manerat
1109 1252 1156 1309 ulli
1176 1253 1234 1325 jam
1256 1252 1407 1310 discrimini
1428 1253 1578 1327 subjacere.
1607 1258 1693 1330 cujus
1718 1261 1758 1318 rei

101 1345 231 1404 tinentiis
242 1342 363 1401 mouisse
377 1341 564 1412 meminimus,
584 1351 613 1399 et
629 1341 788 1400 solitudinis
801 1352 904 1401 secreta
959 1344 1100 1415 iidem,ut
1120 1346 1382 1420 experimentorum
1404 1346 1541 1420 sospitatis
1556 1347 1759 1409 evidentissime

102 1440 175 1500 ultra
187 1437 337 1496 omnesbic
346 1445 551 1495 commorantes
562 1437 633 1494 miro
644 1435 749 1495 feriore
757 1447 901 1498 sectatum.
957 1441 1162 1513 comprobaret,
1174 1438 1331 1513 supradicte
1354 1454 1385 1497 sc
1403 1447 1486 1513 puteo
1499 1448 1581 1498 nocte
1596 1440 1759 1517 intempesta

100 1535 157 1592 Hic
170 1534 261 1608 igitur,
276 1548 332 1608 quc
355 1540 446 1606 pacto,
461 1547 547 1604 queve
560 1531 666 1589 ratione
682 1540 747 1606 post
760 1541 853 1592 tantos
865 1535 903 1591 la-
956 1531 1052 1590 illusus
1062 1533 1165 1607 injecit,
1178 1548 1310 1606 magnum
1324 1533 1428 1591 scilicet
1442 1533 1549 1592 virtutis
1559 1549 1616 1593 suae
1628 1535 1758 1595 meritum

100 1626 182 1685 bures
202 1626 237 1683 ab
261 1625 418 1685 insidiatore
440 1624 562 1696 delusus,
592 1626 750 1700 munninio
770 1643 902 1686 corruens
955 1627 1129 1701 probaturus,
1140 1644 1206 1686 cum
1214 1627 1277 1686 inde
1291 1628 1391 1686 exisset
1400 1628 1510 1689 illaesus.
1525 1633 1639 1705 Deque,
1652 1631 1758 1706 ingenti

100 1723 190 1797 lapsu,
213 1722 368 1780 cunctosin
392 1720 445 1779 liae
468 1736 560 1779 eremo
583 1723 760 1791 constitutos,
774 1722 900 1781 luctuoso
954 1721 1073 1782 fratrum
1085 1723 1179 1782 labore
1192 1740 1256 1782 cum
1266 1741 1335 1798 pene
1343 1723 1402 1798 jani
1413 1725 1557 1800 exsanguis
1568 1725 1757 1785 luisseteiitra·

99 1818 196 1879 dolore
207 1817 339 1891 perculit?
355 1819 451 1874 Nonne
467 1816 532 1890 quia
551 1817 644 1874 minus
656 1817 828 1875 discretionis
840 1819 896 1876 sir·
913 1814 938 1878 tt
952 1828 1022 1887 ctus,
1039 1820 1123 1877 vitam
1132 1819 1176 1877 die
1188 1820 1266 1877 tertia
1279 1820 1417 1888 finiturus,
1430 1821 1505 1894 quud
1521 1819 1563 1878 bis
1577 1821 1696 1880 deterius
1705 1832 1757 1892 est,

99 1920 160 1970 tute
175 1926 310 1986 possessa,
326 1912 384 1969 suis
404 1910 611 1970 definitionibus
623 1912 690 1986 regi,
705 1928 790 1987 quam
809 1914 900 1972 consi·
956 1915 994 1972 ita
1007 1914 1037 1971 in
1049 1913 1217 1987 deceptionis
1238 1929 1296 1972 suae
1313 1913 1498 1973 obstinatione
1511 1917 1670 1989 permansit,
1688 1924 1719 1974 ιιι
1733 1917 1757 1975 ei

100 2008 144 2066 liis
156 2008 198 2065 vel
218 2007 409 2065 collationibus
427 2005 559 2076 fratrum,
570 2015 652 2081 atque
664 2007 795 2069 institutis
809 2009 900 2083 majo·
953 2024 989 2065 ne
1002 2008 1189 2081 experimento
1207 2008 1320 2081 quidem
1332 2009 1429 2066 mortis
1442 2025 1501 2067 suet
1513 2011 1629 2082 potuerit
1643 2026 1755 2084 persua·

101 2112 180 2166 rum,
192 2096 289 2154 maluit
300 2095 430 2155 obedire?
443 2096 584 2170 Siquidem
597 2104 675 2154 tanto
686 2097 777 2171 rigore
798 2099 901 2157 immu-
953 2102 1022 2171 deri,
1046 2101 1121 2175 quod
1141 2099 1237 2159 fuissm
1261 2101 1423 2160 daemonum
1455 2102 1603 2160 calliditate
1632 2104 1756 2163 delusus.

102 2190 218 2248 rabilem
226 2190 322 2264 jejunii
332 2190 525 2249 occinentium
539 2206 649 2266 semper
666 2193 796 2263 exercuit,
811 2202 839 2250 et
856 2209 901 2252 so-
955 2196 1143 2270 Quamobrem
1178 2210 1228 2269 pro
1253 2194 1358 2252 meritis
1393 2195 1520 2253 laborum
1554 2203 1697 2254 tantorum
1729 2204 1757 2255 et

105 2284 229 2343 titudinis
241 2284 369 2359 cellaque
383 2284 420 2343 ita
431 2286 534 2360 Jug'tcr
547 2296 651 2345 secreta
670 2295 790 2345 sectatus
803 2296 855 2356 est,
868 2297 900 2347 ut
952 2305 1090 2349 annorum
1110 2289 1316 2359 numerositate,
1343 2304 1397 2363 qua
1422 2288 1451 2345 in
1464 2303 1559 2346 eremo
1582 2288 1752 2363 perdurarit,

104 2378 140 2436 ab
152 2393 188 2438 eu
198 2379 429 2453 participationem
445 2381 556 2438 ineundi
574 2397 638 2441 cum
652 2380 821 2440 fraternitate
834 2399 899 2440 con·
953 2384 1006 2442 liac
1027 2384 1206 2442 miseratione
1245 2392 1273 2440 et
1308 2382 1461 2441 bumilitate
1488 2398 1612 2455 summa,
1646 2384 1682 2441 ab
1713 2383 1756 2442 his

102 2470 175 2537 viiii,
194 2487 245 2530 nec
264 2474 402 2531 veneratio
422 2474 531 2547 quidem
544 2474 598 2533 diei
612 2475 726 2549 pascalis
751 2476 898 2551 aliquando
952 2478 998 2552 qui
1032 2478 1091 2554 eJns
1120 2478 1359 2553 compatiebantur
1385 2477 1478 2547 exitio,
1516 2478 1561 2535 viii
1590 2494 1606 2536 a
1639 2477 1753 2551 presby-

101 2567 221 2639 potuerit
234 2567 367 2626 obtinere.
383 2571 416 2625 ln
430 2585 483 2643 qua
499 2568 745 2629 fracibuscunctis
761 2573 899 2645 proanni-
953 2582 1014 2632 tero
1039 2574 1139 2632 abbate
1160 2567 1174 2607 l
1195 2572 1351 2646 Paphnutic
1374 2571 1464 2645 potuit
1487 2570 1616 2640 obtineri,
1642 2580 1674 2628 ut
1698 2586 1754 2628 non

102 2660 572 2722 versariasolemnitatcianclesia
592 2667 745 2736 retentatis,
758 2666 900 2724 solusnon
952 2669 1026 2725 inter
1048 2677 1060 2705 ⁰
1084 2667 1261 2725 biothanatos
1289 2674 1443 2739 reputatus,
1464 2667 1548 2724 etiam
1575 2667 1589 2703 ι
1619 2665 1754 2723 memoria

648 2821 776 2877 stiunt
795 2822 907 2878 GAZAEl
926 2821 1205 2879 conuenientes.

134 2946 298 3003 *diemorat
310 2945 446 3003 Palladius
464 2947 585 3019 (lousm
599 2947 642 3020 tt)
659 2950 798 3005 Heronem
813 2963 909 3020 quem·
961 2948 1051 3006 indea
1065 2948 1159 3021 primis
1173 2946 1481 3021 Ecclesioetsrnpcribus
1497 2961 1548 3020 pru
1561 2944 1695 3003 defunctis
1708 2961 1757 3004 eii-
1869 2988 1880 3007 .

100 3017 167 3075 dam
183 3016 350 3074 mcnecbum
365 3017 416 3074 sibi
431 3026 537 3083 notum,
552 3019 598 3102 qui
616 3028 679 3092 post
694 3035 809 3093 magnos
827 3019 908 3077 labo-
960 3019 1046 3077 biberi
1055 3020 1147 3090 solita,
1158 3034 1257 3094 nempe
1267 3019 1381 3088 oblatio,
1400 3019 1459 3075 sire
1473 3017 1638 3075 sacrificium
1656 3033 1705 3090 pro
1717 3019 1756 3079 eis

99 3103 146 3163 res
158 3096 187 3171 et
204 3087 350 3161 praeclaros
366 3088 491 3173 sudores,
515 3098 546 3147 ut
559 3105 620 3173 ipse.
636 3089 757 3173 loquitur
772 3088 807 3146 ab
825 3106 907 3149 arro·
960 3092 1095 3175 oblatum,
1107 3099 1136 3148 ct
1146 3092 1289 3157 memoria,
1304 3090 1360 3148 sire
1373 3088 1708 3171 commemoratioeorum
1726 3091 1755 3149 in

100 3160 906 3315 restituitur.‘institissetiliter?
956 3158 1755 3306 itlltiiltlitlttillttt'Desideria

101 3317 159 3359 uon
169 3311 234 3358 satis
247 3300 371 3373 expedio.
389 3304 462 3359 Nam
486 3302 532 3359 ille
553 3302 665 3375 qudem
683 3316 791 3374 ingenio
803 3310 830 3358 et
840 3318 903 3361 mo-
956 3321 996 3361 re.
1017 3310 1060 3362 Ac
1073 3304 1108 3362 de
1121 3305 1254 3361 sacrificio
1266 3304 1378 3377 quidem
1399 3303 1535 3375 inprimis
1548 3302 1753 3362 observandum

100 3374 191 3441 ribus,
211 3380 239 3455 et
258 3374 322 3430 iitae
336 3374 419 3430 etiam
440 3373 598 3431 aristeiitate
617 3373 683 3431 huic
693 3387 751 3429 non
762 3372 902 3433 dissimilis
917 3352 1031 3445 Cillud,
1048 3375 1130 3432 certis
1149 3375 1272 3433 aestatis
1289 3374 1386 3432 diebus
1404 3374 1579 3448 potissimum
1592 3371 1687 3429 oiierri
1701 3390 1751 3432 so-

102 3444 188 3502 luisse
205 3443 332 3529 udetur3
349 3454 378 3503 at
395 3445 450 3502 line
464 3460 520 3503 non
541 3445 616 3503 item.
638 3449 701 3503 lton
717 3445 791 3527 enim
811 3444 838 3501 iii
853 3461 903 3519 pu-
952 3446 1018 3504 lere.
1032 3448 1158 3506 Primum
1173 3448 1203 3503 in
1219 3446 1265 3505 die
1277 3446 1380 3515 obitus,
1393 3454 1441 3503 aiit
1460 3444 1617 3518 sepultura,
1635 3443 1672 3501 de
1693 3459 1750 3517 quc

101 3524 181 3573 tcum
197 3530 227 3572 se
244 3515 386 3589 deiecisse,
398 3517 447 3575 sed
471 3517 600 3591 engrati
622 3517 780 3574 infirmitate
802 3532 903 3575 conva-
952 3519 1035 3576 etiam
1055 3518 1190 3592 praecipue
1213 3517 1258 3575 bic
1271 3518 1375 3591 agitur;
1389 3516 1465 3590 quod
1486 3515 1749 3588 exapestclicatra·

101 3586 197 3655 luisse,
211 3602 243 3670 ac
254 3589 433 3672 postmodum
445 3596 508 3662 post
516 3598 691 3663 peecatorum
698 3588 900 3647 confessionem
950 3590 1052 3648 ditione
1076 3590 1207 3647 manarit.
1225 3591 1296 3646 itam
1311 3591 1346 3645 D.
1367 3589 1492 3646 Clemens
1503 3587 1581 3715 epist.
1598 3593 1610 3643 t
1634 3594 1752 3647 testatur

103 3656 286 3717 obdormiisse
295 3659 459 3734 perhibetur.
950 3663 1107 3736 apostolum
1129 3664 1240 3719 Petrum
1266 3660 1425 3734 precepisse
1444 3666 1476 3716 ιιι
1489 3659 1750 3717 cecbrentureiise·

140 3731 153 3766 ¹²
178 3732 219 3787 De
242 3732 340 3790 eodem
359 3733 505 3791 Cassianus
525 3733 571 3791 lib.
594 3749 614 3790 r
628 3736 698 3792 lust.
717 3750 776 3808 cap.
801 3740 848 3796 40.
872 3742 903 3792 et
949 3735 1021 3806 urum
1040 3742 1216 3791 mortuorum
1234 3731 1356 3805 hymnis,
1375 3731 1498 3804 precibus
1515 3739 1544 3786 et
1574 3731 1751 3788 lectionibus.

102 3816 198 3858 rursus
220 3804 311 3861 collat.
327 3809 354 3874 ι,
367 3821 428 3878 quae
451 3813 479 3862 et
492 3806 543 3878 ipsi
553 3804 734 3873 adscribitur,
757 3815 786 3865 et
805 3804 902 3865 collat.
950 3805 1081 3879 ldemqus
1095 3805 1243 3861 continuat
1257 3806 1290 3859 B.
1306 3802 1378 3866 Dion
1397 3803 1454 3858 sius
1468 3802 1633 3882 areopagita
1647 3801 1750 3856 Eccles.

105 3878 139 3929 18
153 3888 183 3930 ca
206 3914 213 3928 .
235 3880 278 3944 15,
300 3876 347 3933 iibi
370 3876 429 3959 ejus
447 3876 608 3947 patientiam
627 3875 785 3933 mirabilem
804 3874 897 3933 retent.
949 3875 1095 3935 Hieiarcb.
1113 3892 1174 3947 cap.
1189 3884 1217 3931 7.
1234 3875 1307 3930 Hinc
1320 3877 1357 3929 D.
1371 3819 1522 3945 gyprianus
1534 3876 1655 3942 epistile
1669 3869 1752 3926 reiert

103 3889 239 4001 Pallaiius
261 3949 289 4003 in
305 3947 441 4004 musteus
468 3948 524 4002 Sec.
545 3951 593 4011 ιι,
618 3951 663 4010 ιιι,
687 3951 745 4011 ιιι),
766 3945 901 4068 lticessbo·
951 3946 979 4002 in
996 3947 1111 4004 concilio
1123 3944 1330 4018 carthaginensi
1341 3952 1474 4000 statutum
1491 3940 1588 4006 icisse,
1612 3941 1752 4010 utsipnis

103 4016 208 4073 metiti.
227 4034 330 4091 iiicap.
346 4023 390 4083 1⁴,
404 4025 433 4072 et
444 4031 460 4069 a
471 4015 500 4070 ii.
517 4012 659 4085 Presbyter
673 4020 766 4070 autem
778 4023 832 4070 eta

102 4088 206 4156 passim
219 4091 388 4153 nominatur,
403 4100 437 4141 nc
465 4084 507 4141 uis
520 4090 598 4167 putet
610 4082 684 4139 liiinc
697 4098 757 4141 esse
769 4083 901 4155 Paphnu-
926 4108 938 4129 :-
951 4091 1052 4149 nosset
1063 4102 1111 4142 nec
1124 4090 1274 4155 offerretis·
1282 4101 1333 4156 pro
1346 4101 1385 4148 ec,
1399 4101 1446 4140 nec
1455 4085 1618 4152 comittem
1633 4098 1684 4153 pro
1696 4083 1754 4152 ejus

102 4158 174 4215 tium
185 4159 264 4219 illurn
274 4156 421 4239 superioris
432 4100 575 4212 sinebatis
593 4155 751 4227 episcopum
765 4157 794 4212 iii
807 4155 901 4212 Histo-
951 4158 1113 4212 donatione
1133 4158 1319 4211 celebraretur.
1335 4157 1369 4210 D.
1387 4153 1559 4226 Augustinus
1572 4152 1621 4208 lib.
1636 4168 1669 4209 ix
1682 4154 1755 4210 Con·

101 4229 145 4287 ria
159 4230 347 4288 Ecclesiastica
361 4226 579 4294 celeberrimum,
594 4226 640 4299 qui
655 4227 776 4285 Cassiani
790 4234 901 4299 tempo-
958 4227 1021 4284 less.
1034 4242 1095 4299 cap.
1110 4232 1140 4283 ri
1154 4226 1189 4283 de
1213 4224 1416 4282 funerematris
1427 4239 1485 4280 suae
1498 4225 1526 4281 S.
1540 4224 1659 4281 Monicae
1671 4239 1754 4297 agens

101 4314 133 4357 ra
148 4301 195 4356 diu
210 4299 361 4365 antecessit,
378 4307 409 4355 ut
419 4298 483 4356 alias
497 4298 660 4355 nocuimus.
957 4299 1014 4355 ait:
1028 4298 1243 4369 lnei'epreci'bus,
1256 4298 1386 4368 mortitii
1393 4297 1755 4365 sndimnscumcsserretiir

143 4380 154 4404 ⁰
169 4369 333 4438 Biothanati,
346 4378 377 4427 ut
388 4370 454 4427 alias
461 4370 622 4427 monuimus
632 4370 745 4444 (Libris
758 4374 825 4428 inst.
836 4386 897 4442 cop.
953 4387 1006 4442 pro
1017 4387 1048 4426 cu
1060 4371 1222 4440 mmipcinm
1232 4371 1318 4441 pretii
1326 4371 1423 4436 emetri,
1430 4368 1491 4439 jem
1511 4368 1595 4423 ‘ueto'
1603 4370 1754 4439 sepulcrum

103 4447 182 4508 xiv),
206 4444 272 4501 clini
288 4441 460 4525 agentilibus
480 4457 528 4515 per
543 4443 737 4499 coutumeliam
755 4441 821 4499 dicti
835 4448 901 4499 sunt
949 4445 1040 4513 posite
1060 4443 1199 4510 codouere,
1223 4449 1277 4497 etc.
1303 4439 1429 4498 Secundo
1459 4455 1476 4495 c
1500 4440 1555 4496 erri
1567 4439 1638 4497 solet
1652 4439 1755 4496 sacriti-

105 4521 252 4587 martyres‚
277 4529 339 4585 quia
357 4513 475 4572 violenta
491 4520 580 4570 morte
594 4514 692 4581 necati,
707 4514 749 4571 vel
771 4513 896 4572 necandi.
953 4514 1035 4584 cium,
1056 4521 1085 4571 et
1102 4528 1195 4586 preces
1216 4529 1267 4597 pro
1279 4510 1413 4570 destructis
1431 4510 1509 4568 tundi
1525 4512 1554 4566 in
1566 4510 1610 4568 die
1629 4512 1756 4568 anniver-

105 4585 228 4666 Atuinter
236 4585 406 4644 Christianos
416 4584 564 4642 biothanati
578 4584 685 4666 proprie
695 4585 813 4657 reputati
822 4594 897 4651 sunt,
951 4586 1048 4655 saria;
1069 4585 1142 4643 unde
1166 4584 1412 4642 anniversariorum
1432 4599 1497 4640 usus
1517 4583 1546 4638 iii
1564 4583 1685 4639 Ecclesia
1709 4597 1755 4638 re-

106 4672 153 4729 qui
171 4658 223 4715 sibi
237 4667 357 4715 mortem
380 4657 452 4713 ultro
465 4655 670 4719 conscivissent,
688 4663 736 4711 aut
764 4656 898 4713 violentas
952 4666 1058 4726 ceptus,
1076 4657 1263 4714 Tertullianus
1276 4655 1324 4711 lib.
1339 4655 1374 4711 de
1388 4658 1495 4711 Corona
1509 4652 1602 4710 Militis
1617 4656 1694 4721 (Cup.
1706 4658 1753 4714 el:

106 4742 206 4786 manus
220 4730 384 4795 intulissent,
397 4741 517 4799 quorum
530 4725 694 4782 memoriam
707 4725 735 4782 in
744 4727 829 4784 sacris
843 4727 898 4799 agi,
915 4741 942 4804 ιι
958 4730 1116 4793 Oblationes,
1129 4729 1228 4799 inquit,
1237 4743 1288 4799 pro
1303 4728 1440 4792 defunctis
1451 4738 1545 4802 annuo
1560 4723 1606 4774 die
1625 4724 1754 4788 sommus.

107 4807 156 4855 aut
168 4800 318 4857 oblationes
331 4816 379 4871 pro
397 4800 436 4855 cis
452 4798 521 4864 lieri,
537 4805 659 4854 veterum
669 4799 782 4854 Petrum
793 4798 902 4855 institu-
957 4802 992 4856 Et
1005 4801 1052 4856 lib.
1065 4800 1099 4857 do
1108 4798 1288 4870 monogamia
1300 4817 1307 4852 ι
1321 4800 1372 4852 Pro
1385 4797 1479 4848 animo
1496 4804 1554 4859 erus
1568 4795 1636 4872 oret,
1653 4791 1757 4870 offeret

106 4877 150 4936 tu,
167 4878 195 4926 et
210 4872 389 4930 ecclesiastica
406 4869 557 4941 disciplina,
577 4868 693 4926 vetitum
704 4867 800 4936 fuisse,
811 4868 852 4925 iel
871 4884 905 4925 eii
958 4873 1057 4926 annuis
1071 4870 1165 4924 dicim
1173 4868 1342 4923 domuitionis
1354 4864 1422 4933 ejus.
1434 4866 1468 4916 D.
1485 4860 1636 4933 Gregorius
1646 4862 1758 4942 Naziaii

108 4940 163 4997 lice
176 4941 237 5000 loco
249 4945 390 5001 discimus.
404 4945 463 5014 Qua
474 4941 508 4998 de
518 4956 547 4997 re
561 4940 645 4996 etiam
661 4947 769 4997 exstant
783 4954 906 4997 canones
958 4954 1042 4996 zenus
1056 4939 1188 4995 Oratione
1202 4938 1230 4992 in
1246 4931 1536 4993 Caesanumfratrem:
1550 4932 1757 5015 Aniituersorros

108 5013 294 5085 ecclesiastici,
306 5013 404 5087 quibus
414 5013 451 5068 illi
464 5011 598 5068 memoria
611 5018 639 5066 et
650 5009 787 5067 oblatione
799 5025 850 5083 pru
859 5010 906 5067 de·
960 5013 1069 5067 teneres
1086 5012 1112 5063 et
1132 5007 1378 5063 commemoratione
1402 5005 1558 5073 offerentes.
1587 5004 1616 5060 S.
1640 5004 1758 5075 deniquo

107 5082 210 5143 iunctis
224 5088 284 5143 lieri
305 5087 383 5145 solita
400 5083 557 5155 judicantur
576 5081 691 5152 indigni.
716 5081 763 5139 Sic
780 5081 854 5138 euim
877 5080 907 5138 iii
959 5079 1081 5138 lsidorus
1097 5077 1268 5150 Hispalensis
1285 5084 1349 5132 ante
1360 5091 1447 5132 annos
1465 5083 1618 5146 nongentos
1631 5073 1706 5131 bunc
1723 5073 1759 5128 ri-

109 5157 225 5214 concilio
238 5155 416 5215 Bracbarensi
429 5170 440 5212 ι
454 5170 514 5226 cap.
527 5159 563 5210 it
579 5154 671 5224 (Apud
682 5154 808 5212 motion.
821 5158 867 5222 tt,
877 5168 906 5223 p.
960 5161 1021 5209 tuni
1040 5150 1291 5232 anniversariorum
1309 5163 1359 5233 pro
1370 5147 1504 5205 defunctis
1517 5147 1545 5230 in
1555 5145 1612 5202 suis
1619 5152 1759 5229 monaste-

108 5231 137 5296 5,
148 5244 172 5282 c.
185 5232 314 5295 Placuit).
325 5229 433 5286 Plccni't
447 5227 602 5297 utquisibi
615 5227 682 5295 ipsis
695 5227 846 5281 voluntarie
859 5228 909 5280 out
960 5224 1010 5281 riis
1030 5220 1232 5280 observandum
1255 5227 1373 5276 instituit
1394 5219 1438 5276 bis
1459 5217 1549 5275 uerbis
1563 5218 1641 5289 (cop.
1666 5217 1755 5301 ultim

107 5302 646 5372 pmfmrum,outpercenennm,ontper
654 5298 846 5367 precipitium,
859 5300 909 5351 unt
961 5295 1080 5367 Repete)
1096 5297 1169 5351 :Pro
1182 5293 1325 5365 spiritibus
1334 5292 1524 5360 demndorum
1537 5291 1624 5346 ultera
1633 5291 1678 5346 die
1698 5293 1759 5361 post

108 5375 352 5444 presumendum,
366 5370 408 5427 uei
417 5370 536 5440 quenlibet
545 5370 774 5425 modoviolentem
784 5369 910 5436 inserunt
962 5370 1129 5426 Pentecosten
1138 5363 1451 5436 socmtciumusfcrntur,
1465 5366 1496 5417 ut
1506 5364 1661 5419 bectcuitc
1670 5364 1758 5433 ports·

112 5448 231 5509 nonem,
244 5442 561 5514 nnlloprorsusprotllis
576 5443 606 5495 in
617 5441 750 5495 oblatione
760 5455 912 5495 commemo·
963 5440 1109 5511 cipessocti'
1117 5439 1322 5510 purgatiorem
1429 5449 1480 5491 ruo
1491 5437 1521 5489 in
1534 5435 1760 5490 dieresurrectie·

112 5516 343 5586 ennosigaeum
352 5514 528 5585 cumpsolmis
539 5512 753 5582 udsepnlturom
764 5527 856 5567 eorum
870 5527 912 5567 cu·
963 5514 1006 5568 nis
1030 5513 1175 5583 accipient.
1191 5507 1248 5566 Ubi
1261 5514 1347 5563 notan
1367 5522 1416 5563 um
1435 5513 1516 5563 aetate
1530 5507 1558 5561 S.
1582 5502 1694 5585 isidori,
1709 5501 1762 5557 boc

113 5580 397 5643 dcenadeoncentnr.
409 5582 749 5642 Etconciliudurelianen.
760 5598 784 5640 ii
795 5599 855 5654 cap.
865 5589 923 5640 tte
963 5591 1016 5654 est,
1036 5579 1239 5654 quadringentis
1253 5578 1362 5635 circiter
1375 5579 1454 5634 annis
1473 5583 1537 5633 ante
1553 5576 1580 5631 S.
1603 5574 1761 5639 Odilonem,

114 5651 912 5726 oblationemdefunctorumquiinuliqnccrimincsuerunt
964 5655 1011 5728 qui
1027 5653 1179 5737 generalem
1205 5650 1338 5733 omnium·
1356 5647 1475 5705 bdelium
1491 5646 1684 5704 defunctorum
1701 5659 1762 5701 me·

111 5734 277 5801 intercepti,
292 5731 377 5800 recipi
394 5730 487 5784 debere
501 5729 846 5793 musenusssitemenncn
857 5729 913 5798 ipsi
966 5740 1083 5783 moriem
1104 5725 1212 5797 primus
1236 5724 1370 5790 instituit,
1394 5736 1450 5778 non
1474 5726 1572 5791 quartu
1590 5732 1680 5774 nonas
1695 5717 1762 5797 ¹Ito-

108 5801 568 5884 sibiinortcmprolienturpmpriis
582 5799 708 5855 monibus
730 5799 864 5855 intulisse.
965 5796 1095 5862 vembris,
1114 5796 1300 5868 sedprciiima
1315 5802 1376 5866 post
1390 5796 1568 5873 Pentecosten
1582 5789 1626 5845 die
1639 5796 1761 5866 iupiter·

146 5874 161 5911 t
175 5876 238 5930 Duo
257 5878 407 5948 tanguntur
425 5869 472 5928 bic
485 5868 590 5942 ιιιιιιιιιιί
602 5870 683 5939 ritus,
703 5876 734 5927 et
750 5864 841 5926 officia
849 5868 911 5941 Jain
936 5885 939 5892 ·
965 5868 1068 5925 sariam
1080 5866 1199 5925 fratrum
1207 5865 1402 5925 detunctorum
1416 5861 1604 5919 celebritatem
1621 5857 1682 5912 tisri
1698 5863 1761 5905 coii-

851 4014 904 4073 bas
950 4019 1040 4085 trater
1050 4016 1090 4085 (id
1121 4025 1162 4074 est
1184 4015 1362 4086 Christianus)
1386 4016 1511 4071 cimicum
1536 4014 1752 4067 numcmnomi-
