3848 6158
128 242 180 299 923

593 231 763 289 coinitto
782 232 850 289 xiil.
869 260 905 273 --
925 230 968 285 tta
987 228 1229 285 equitationi:
1249 230 1316 287 DEl.

1729 234 1782 289 9211

126 364 181 423 dus
200 370 253 433 cst,
270 361 316 435 qui
329 374 380 417 nec
393 357 459 415 velit
474 371 606 430 umquam
628 371 680 413 nec
702 356 786 429 possit
813 357 928 413 honum.
944 358 971 421 Α
985 356 1164 409 testimonium
1186 355 1313 411 reddente
1328 356 1384 410 illis
1397 356 1560 409 conscientia
1575 360 1601 409 et
1625 356 1696 409 iuter
1708 370 1735 411 se
1749 358 1787 411 in-

128 456 259 530 Alioquin
276 471 327 513 noc
348 453 468 510 liberum
482 451 508 509 ei
533 449 657 523 permisit
677 450 833 519 arbitrium,
854 450 877 507 si
903 450 928 505 ei

128 549 323 609 tautummodo
337 548 443 607 malum
457 555 488 604 ut
508 546 614 603 volitet
632 546 726 618 possit,
746 547 852 604 bouum
864 562 930 603 reto

127 647 304 717 asemetipso
327 658 378 700 nec
395 641 464 699 vello
476 656 527 698 nec
545 655 623 712 posse
642 640 787 697 concessit.
802 641 838 696 Et
859 654 930 711 quo·

128 738 214 796 modo
228 738 312 795 stabit
321 738 365 793 illa
379 734 490 794 Domini
505 743 565 807 post
578 734 831 807 praevaricationem
851 735 929 806 primi

128 830 252 889 hominis
265 832 320 887 lata
331 830 464 887 sententia
481 850 488 885 ε
512 831 576 885 Ecce
589 830 681 886 Adam
701 832 793 897 {actus
810 834 848 887 est
861 832 931 885 sicut

128 943 248 983 urreisan
267 928 355 993 iiobis,
367 928 450 981 scietis
465 926 562 981 bonurn
581 930 606 979 et
620 927 720 980 molioni
739 927 842 995 (Gaias.
858 924 932 993 tit)‘?

129 1022 193 1077 Non
205 1020 279 1077 enim
293 1019 353 1075 telis
371 1027 435 1077 auto
457 1017 541 1075 fixisse
557 1018 696 1090 putandus
719 1027 771 1086 cst,
797 1019 843 1091 qui
866 1018 931 1075 boui

129 1122 200 1171 essct
216 1129 333 1185 prorsus
354 1113 480 1186 ignarum
503 1112 624 1185 alioquin
645 1111 720 1169 velut
740 1112 879 1185 quoddam
897 1111 933 1167 ir-

128 1210 291 1266 rationabile
304 1218 384 1283 atquo
399 1208 569 1265 insensatum
591 1208 690 1265 animal
710 1224 775 1265 euin
788 1207 931 1265 fatendum

129 1312 173 1360 est
198 1302 282 1361 fuisse
300 1303 460 1361 formatum.
485 1303 567 1375 Quod
592 1303 660 1359 satis
678 1301 827 1359 absurdum
849 1309 930 1373 atquc

129 1397 292 1455 acatholica
307 1398 359 1454 fide
377 1396 546 1454 omnimodis
559 1396 677 1452 alienum
692 1401 742 1451 ost.
760 1394 930 1467 Quinimmo,

129 1490 280 1547 secundum
301 1490 491 1564 sapientissimi
503 1488 660 1547 Salomonis
673 1488 850 1557 sententiam,
867 1489 932 1555 sealt

130 1588 198 1641 Deus
212 1586 344 1641 lianii'ncrn
359 1590 470 1649 iectura,
492 1583 585 1653 idest,
601 1592 631 1639 ut
652 1582 847 1640 tantummodo
869 1581 933 1637 boni

130 1678 243 1733 seientia
254 1678 357 1751 jugiter
367 1676 513 1745 frueretur,
527 1678 574 1733 sed
587 1679 640 1747 ipsi
652 1678 820 1747 qiriasiernnt
836 1678 935 1745 rapitra-

982 452 1066 505 ei'ecin
1074 450 1281 519 capitationibus
1289 450 1488 512 acemaiitibns,
1498 450 1634 505 autetiam
1642 448 1788 515 defenden-

985 544 1066 607 tibiis,
1089 545 1119 598 in
1142 543 1256 614 dicqiia
1274 544 1409 613 indicabit
1432 546 1503 599 Deus
1522 544 1623 599 nauto
1649 542 1787 599 hominum

985 638 1073 707 (honi.
1087 638 1129 707 n).
1144 638 1207 707 Quo
1220 652 1302 695 sensu
1317 636 1400 693 etiarn
1417 636 1554 693 Dominus
1564 651 1612 708 per
1624 634 1787 707 prophetam

985 734 1106 807 increpat
1119 732 1280 791 ludaeorum
1294 749 1349 789 nou
1364 733 1530 800 naturalem,
1544 732 1591 789 sed
1603 730 1787 789 voluntariam

984 828 1147 897 caecitatem,
1159 844 1242 901 quam
1258 827 1306 901 ipsi
1320 826 1371 884 sibi
1392 826 1592 885 contumaciter
1610 824 1764 883 inferebant
1778 842 1785 883 ε

985 920 1080 988 seirat,
1091 919 1186 990 iuquit,
1199 921 1304 987 «territae
1313 923 1426 989 aaran,
1433 922 1579 975 induemini
1587 920 1624 974 ail
1632 919 1786 975 itidetnlinn.

986 1014 999 1049 l
1012 1016 1078 1083 Qiiis
1086 1015 1187 1069 surdus
1198 1016 1254 1069 nisi
1265 1030 1356 1069 seritis
1368 1030 1451 1083 inari,
1465 1020 1491 1069 et
1502 1029 1585 1069 tactis
1598 1016 1654 1069 nisi
1664 1014 1702 1069 ud
1710 1027 1788 1083 quem

986 1111 1096 1164 airinti’os
1108 1124 1178 1163 ancos
1193 1111 1258 1163 iniri·
1272 1111 1362 1175 (isaia
1373 1108 1470 1179 xum?
1484 1110 1519 1163 Et
1529 1123 1564 1163 nc
1576 1106 1727 1163 lortehanc
1740 1120 1789 1165 eo-

983 1218 1047 1260 rum
1061 1202 1214 1259 caecitatem
1227 1201 1325 1273 aliquis
1337 1209 1456 1267 naturae,
1479 1216 1535 1255 non
1551 1200 1684 1256 voluntati
1704 1199 1790 1273 possit

984 1297 1131 1366 ascribere,
1150 1295 1212 1351 alibi
1228 1297 1265 1351 ait
1286 1296 1386 1351 :lidae
1406 1298 1482 1363 fariis
1504 1295 1635 1365 pqnilirm
1653 1308 1751 1349 cereum
1763 1298 1789 1349 et

986 1392 1073 1447 ociilin
1085 1390 1353 1452 lurhciiteni,surdum
1365 1394 1391 1444 et
1399 1404 1478 1444 ateius
1488 1391 1513 1443 ei
1518 1393 1581 1443 stent
1592 1388 1682 1459 (lsai'ra
1691 1383 1787 1456 sitiit).

987 1488 1022 1541 Et
1034 1486 1134 1541 iterum
1150 1502 1156 1538 ε
1174 1484 1226 1551 Oui
1236 1484 1371 1545 laedentes,
1388 1482 1486 1554 inquit,
1496 1484 1595 1545 oculos,
1609 1498 1663 1537 aion
1679 1482 1787 1544 tentetis,

987 1582 1012 1633 et
1030 1591 1121 1643 arares,
1136 1580 1162 1631 et
1173 1590 1225 1629 non
1234 1576 1338 1629 auditis
1353 1574 1457 1645 (Azali.
1470 1576 1544 1641 xix).
1559 1573 1696 1629 Dominus
1705 1573 1790 1631 etiam

989 1670 1284 1743 inEvaxigclio:1Qiiiit
1301 1669 1433 1731 ridentes,
1454 1668 1549 1740 inquit,
1573 1684 1626 1723 iton
1649 1668 1751 1731 uident,
1765 1672 1790 1723 cl

130 1773 215 1827 liorns
226 1774 325 1827 inultas
340 1772 431 1843 (Eccle.
445 1772 517 1841 vii),
533 1769 597 1827 facti
616 1769 688 1827 enim
700 1778 765 1827 sunt
776 1772 819 1839 (ut
830 1769 932 1825 dictant
951 1766 1125 1847 Baitdientes
1135 1764 1416 1834 irirnaialinnt,ireque
1425 1764 1578 1831 inlellipunt
1588 1760 1788 1833 (mitiliani).

130 1865 308 1933 conscientes
324 1865 428 1920 bonum
442 1872 470 1920 et
483 1863 600 1920 malum.
615 1864 745 1936 Concepit
759 1880 824 1937 ergo
842 1862 931 1920 Adam

130 1965 195 2028 post
208 1959 469 2029 praevaricationem,
481 1973 566 2031 mani
579 1974 635 2013 non
647 1957 781 2014 habuerat
791 1958 932 2014 scientiam

132 2051 209 2119 mali,
218 2050 284 2107 boni
295 2066 450 2123 veroquam
462 2060 603 2124 acceperet
611 2050 753 2119 scientiam
765 2066 820 2106 non
831 2051 930 2106 amisit.

132 2146 259 2216 Denique
271 2161 327 2202 non
343 2146 467 2203 amisisse
480 2144 633 2202 humanum
651 2160 736 2218 genus
755 2154 817 2218 post
830 2160 933 2216 praera-

131 2236 293 2293 rieatiouem
308 2238 449 2295 scientiam
463 2237 540 2307 boni,
556 2237 638 2295 etiam
653 2234 781 2309 Apostoli
801 2235 934 2293 sententia

131 2328 332 2386 evidentissime
359 2330 522 2399 declaratur,
544 2345 597 2401 qua
625 2329 691 2387 dicit
720 2348 727 2384 :
750 2330 839 2386 a(lirin
861 2333 932 2385 riri'in

985 1866 1021 1919 Et
1034 1856 1199 1930 adimpletur
1212 1858 1238 1913 in
1250 1858 1291 1913 eis
1304 1856 1446 1931 prophetia
1460 1856 1549 1925 lsaiae,
1564 1857 1668 1922 dicens,
1683 1857 1791 1913 diullio

987 1954 1115 2021 audietis,
1129 1956 1154 2007 et
1164 1969 1216 2008 non
1232 1953 1398 2021 iiitelli'qetis,
1408 1956 1433 2005 et
1446 1952 1566 2005 ridentes
1578 1951 1686 2017 ridetis,
1699 1956 1724 2006 et
1736 1966 1788 2005 non

985 2050 1127 2114 uidebitis3
1144 2048 1323 2101 internecatum
1344 2050 1384 2101 ast
1405 2047 1477 2099 enim
1498 2047 1648 2116 eorpoprrli
1658 2046 1750 2116 liujus,
1764 2048 1790 2101 et

987 2145 1100 2199 iratribus
1108 2144 1228 2213 praeder
1235 2142 1392 2208 aridi'eriint,
1402 2147 1427 2197 at
1436 2145 1588 2197 oeiilossuos
1595 2143 1788 2201 carielrtscrtinl.

987 2237 1137 2309 nequando
1148 2236 1258 2291 rideant
1271 2238 1363 2299 oeulis
1372 2242 1397 2293 et
1412 2238 1524 2292 ariribus
1537 2236 1665 2303 audiant,
1677 2238 1702 2289 el
1713 2233 1790 2289 corde

989 2332 1188 2399 r'ntelliqunt,at
1201 2336 1402 2400 caneertuntnr,
1417 2336 1443 2386 et
1455 2346 1547 2386 sitirem
1563 2331 1621 2385 illos
1633 2331 1724 2399 (Istriae
1733 2330 1788 2397 vil.

134 2428 224 2494 pantes
238 2440 298 2495 quir
311 2426 390 2495 lenem
400 2441 452 2480 non
465 2426 573 2489 liabent,
588 2425 789 2480 iratiiralitcrea
799 2440 859 2494 quire
868 2425 933 2493 lepis
988 2434 998 2458 ⁰
1018 2424 1141 2495 Denique
1155 2432 1186 2480 ut
1200 2424 1407 2496 possibilitatem
1423 2424 1488 2479 honi
1509 2424 1549 2479 eis
1562 2424 1652 2480 inesse
1664 2422 1789 2495 designa-

133 2523 196 2573 snnt
209 2518 327 2585 faciunt,
338 2521 369 2573 lii
382 2520 463 2589 leqein
477 2535 528 2575 non
543 2520 665 2575 lerientes
680 2521 733 2590 ipsi
740 2520 794 2573 stit
802 2525 865 2575 sitiit
878 2521 931 2590 lea,
988 2525 1040 2582 ret,
1056 2518 1178 2591 increpat
1197 2516 1351 2575 Pharisaeos
1373 2537 1380 2571 τ
1397 2519 1468 2585 (laid
1480 2521 1579 2583 auteein,
1594 2516 1692 2588 inquit,
1707 2519 1789 2571 etiiiin

133 2614 184 2679 qui
202 2611 344 2667 ostendunt
367 2628 433 2683 opus
448 2613 515 2682 lepis
528 2614 657 2682 seriptum
681 2613 710 2666 in
725 2611 847 2667 eordilnis
859 2615 933 2669 siris:
990 2628 1023 2667 ci·
1035 2614 1106 2667 inln's
1118 2616 1183 2682 ipsis
1192 2614 1463 2683 ttattjtttft'titit'sqttotl
1473 2613 1569 2667 barriunt
1580 2618 1617 2665 est
1627 2614 1653 2667 fl
1660 2628 1714 2665 nea
1722 2612 1790 2677 xiij?

678 2754 806 2809 attauh}
825 2755 937 2809 (hilii-:l
958 2754 1239 2810 CfllliiEN'l'AlllUS.

135 2903 189 2943 non
202 2890 289 2954 feeerit
301 2890 389 2955 saetas
399 2890 489 2957 qualis
500 2904 554 2945 csse
564 2889 659 2951 eolnit,
671 2888 719 2943 sed
729 2888 854 2943 neri'llud
865 2888 937 2957 quaed
991 2887 1258 2943 nontamcnexelusa
1268 2887 1366 2959 gratia.
1375 2891 1437 2943 Non
1447 2886 1606 2953 secundam,
1616 2886 1680 2958 quia
1689 2901 1791 2958 quam-

136 2960 228 3025 taetris
238 2959 330 3023 firmat
340 2962 513 3013 conseruauit.
526 2962 566 3013 lta
576 2963 612 3014 D.
623 2964 792 3031 Augustinus
802 2958 937 3014 lib.xide
991 2960 1030 3013 ris
1041 2959 1149 3015 admitti
1171 2960 1257 3029 possit
1269 2959 1385 3029 gentiles
1397 2958 1456 3014 sine
1480 2957 1533 3014 fide
1555 2966 1583 3013 et
1605 2957 1691 3029 gratia
1711 2972 1792 3029 posse

138 3028 238 3083 Genesi
259 3026 294 3083 ad
314 3026 431 3083 litteram
445 3043 506 3099 cap.
529 3034 574 3083 titt.
594 3030 698 3097 Quarto
710 3029 737 3083 in
752 3030 809 3101 ipsa
828 3030 937 3086 conclu·
992 3030 1101 3101 aliquod
1116 3030 1219 3086 honuni
1233 3030 1336 3086 morale
1350 3030 1488 3100 perlicere,
1503 3036 1531 3083 et
1543 3028 1634 3111 aliqua
1644 3028 1713 3101 legis
1722 3043 1790 3099 prae·

138 3098 218 3153 sione
229 3098 349 3170 peccarit
366 3100 481 3165 Auctor,
495 3100 556 3169 quia
572 3098 666 3155 falsam
681 3101 886 3156 conclusionem
904 3116 936 3155 ex
952 3104 974 3167 C
991 3109 1068 3171 cepta
1083 3116 1206 3168 serrare,
1223 3116 1279 3157 non
1299 3109 1392 3156 tamen
1412 3101 1516 3167 omnia,
1536 3109 1620 3155 ctiam
1637 3098 1789 3155 secundum

137 3167 207 3224 falso
236 3168 374 3225 intellectu
398 3168 547 3241 Scripturas
568 3170 658 3225 intulit
671 3169 762 3225 dimne
785 3190 792 3225 ι
816 3174 939 3240 fiiiieepit
991 3172 1171 3228 substantiam
1200 3172 1300 3244 operis,
1320 3188 1384 3229 cum
1408 3172 1548 3243 Scriptura
1568 3170 1668 3242 passim
1694 3169 1791 3227 doceat

139 3256 204 3307 erqo
212 3240 303 3295 Adam
309 3246 370 3310 post
377 3243 640 3311 prun-ornationem,
648 3257 729 3312 quarn
740 3256 792 3295 ritui
797 3241 937 3303 imbuerat,

136 3313 279 3366 tth’ttft'ttm
298 3313 383 3381 iniili,·
398 3312 462 3367 laonii
476 3328 536 3367 reia
550 3329 629 3382 quani
644 3318 782 3382 irecepieral
799 3314 939 3367 seienhuta

137 3398 190 3437 tion
210 3385 313 3437 amisit.
330 3386 448 3452 iliimnim
461 3388 603 3454 utrumqne
615 3385 718 3451 falsum
731 3390 779 3448 ast,
805 3386 870 3454 quia
883 3389 909 3439 el
923 3400 940 3437 a

138 3458 241 3524 quanto
254 3454 327 3509 niirlo
341 3456 536 3511 dilaniantem
555 3455 670 3518 elieherct,
684 3460 736 3511 Deo
748 3459 938 3525 pranioiicnte,

136 3525 286 3591 didicerat,
309 3529 335 3579 et
357 3528 386 3579 in
407 3530 509 3596 quanto
523 3528 589 3581 borio
603 3532 668 3583 esset
688 3530 858 3593 constitutus,
873 3528 939 3580 diirn

136 3596 242 3651 diabolo
256 3596 381 3657 credidit,
392 3598 491 3652 oblitus
503 3602 550 3653 est.
565 3601 604 3653 lta
613 3601 741 3669 Prosper.
756 3601 868 3655 Poterat
878 3598 939 3669 qui·

136 3666 200 3723 dem
222 3666 265 3723 illa
291 3668 430 3725 conclusio
464 3684 557 3725 rerum
586 3668 684 3724 habere
709 3684 832 3734 sensum,
858 3668 938 3723 side

137 3738 247 3794 scientia
265 3737 480 3810 experimentali,
502 3754 585 3811 quarn
605 3749 711 3807 rorant,
730 3741 935 3823 intelligeretur,

155 3825 188 3865 ua
199 3816 262 3880 post
275 3811 523 3879 praevaricationem
534 3812 698 3882 experiendo
709 3821 837 3881 cognorit
850 3812 936 3867 Adam

136 3824 280 3937 alsetinmn
294 3881 365 3936 inter
379 3880 495 3946 beurim,
515 3896 570 3951 quo
583 3889 646 3935 ante
659 3881 764 3951 lapsum
784 3882 934 3945 fruebatur,

137 3959 165 4008 ct
179 3951 293 4017 malum,
305 3949 380 4022 quod
394 3948 533 4020 peccando
543 3950 671 4013 incurrit;
684 3960 765 4019 etque
778 3950 842 4004 iride
855 3952 937 4018 capii

141 4020 242 4078 habere
261 4022 403 4077 scientiam
417 4019 483 4074 leoni
496 4027 523 4073 et
536 4020 603 4074 mali
624 4036 630 4073 :
646 4033 699 4088 qua
718 4019 825 4073 ratione
839 4020 938 4074 docent

133 4093 257 4165 plerique
272 4092 374 4147 dictam
396 4104 455 4144 isse
468 4089 595 4144 arborem
610 4089 729 4145 scientim
742 4088 806 4144 boni
821 4097 845 4144 et
859 4090 936 4157 niali,

135 4164 170 4219 ab
183 4171 282 4219 excutu
294 4160 439 4227 nimirum,
452 4167 479 4215 ct
499 4175 530 4215 ex
544 4175 576 4215 co
590 4158 663 4230 quod
677 4174 754 4215 ceum
767 4160 825 4231 ejus
838 4176 937 4216 eonsc-

134 4243 230 4291 cutum
245 4238 295 4285 est.
321 4236 359 4286 At
372 4229 445 4286 huuc
463 4246 574 4287 sensum
595 4246 650 4287 uon
674 4231 806 4303 spectarit
821 4236 935 4298 Auctor,

134 4318 226 4375 neque
240 4305 274 4356 D.
288 4304 416 4374 Prosper,
431 4300 504 4374 quod
515 4302 550 4359 ad
568 4304 737 4375 propositum
754 4319 812 4358 iion
825 4303 934 4359 laceret.

172 4385 185 4409 ³
201 4373 306 4444 Duplex
323 4382 363 4429 cst
378 4373 510 4445 expositio
530 4373 610 4447 hujus
623 4376 766 4432 sententiae
784 4376 936 4431 aPatribus

993 3242 1058 3311 legis
1083 3242 1299 3299 obseruationem
1326 3243 1498 3299 tribuendam
1524 3258 1583 3298 esso
1608 3240 1703 3312 gratiae
1726 3242 1789 3297 Dci.

992 3313 1092 3368 lizath.
1102 3329 1201 3370 xxxvi
1213 3315 1361 3383 :Spiritum
1367 3329 1557 3383 maiinrponain
1566 3313 1687 3366 innuilio
1695 3316 1789 3375 nestri,

993 3390 1018 3439 et
1027 3387 1128 3451 seiciunt
1141 3390 1174 3439 ut
1185 3388 1213 3439 in
1219 3386 1361 3453 praeceptis
1372 3387 1437 3439 riii’is
1447 3384 1600 3439 ombiilctis.
1615 3385 1711 3453 licque
1718 3383 1791 3439 aliud

992 3454 1148 3527 sigriihrarc
1163 3456 1249 3511 voluit
1261 3455 1420 3526 Apostolus,
1434 3470 1518 3527 quam
1529 3452 1652 3527 gentiles,
1667 3454 1792 3524 quamvis

994 3527 1053 3582 sinc
1072 3528 1130 3599 lege
1150 3534 1251 3588 esseut,
1267 3526 1367 3597 scripta
1396 3526 1519 3582 uidelicet
1546 3526 1574 3581 in
1595 3525 1707 3595 tabulis,
1734 3540 1791 3581 tion

992 3606 1083 3653 tanien
1098 3598 1213 3653 omnino
1227 3598 1286 3653 sine
1301 3598 1361 3670 lege
1379 3612 1439 3653 esse
1455 3595 1695 3668 :quandoquidem
1712 3612 1744 3653 cx
1757 3612 1790 3653 eo

990 3668 1065 3796 guod
1076 3668 1216 3726 interdum
1229 3667 1330 3724 faciunt
1349 3683 1381 3723 cx
1396 3669 1545 3725 dictamine
1556 3669 1678 3737 rationis,
1694 3676 1791 3725 osten-

1010 3749 1062 3796 uut
1074 3757 1104 3797 se
1119 3741 1219 3797 hahere
1234 3739 1319 3813 legem
1341 3748 1445 3797 naturae
1465 3741 1593 3810 scriptam
1613 3740 1641 3793 in
1662 3739 1791 3796 cordibus

989 3812 1058 3879 sirie,
1069 3829 1132 3885 quae
1144 3822 1238 3869 tamen
1254 3826 1340 3882 perse
1353 3826 1408 3865 non
1425 3810 1525 3866 sulhcit
1538 3819 1570 3865 ut
1579 3810 1606 3863 id
1620 3824 1704 3864 omne
1716 3810 1790 3877 quod

990 3881 1145 3941 faciendum
1159 3882 1330 3945 noverimus,
1345 3882 1426 3937 etiam
1444 3881 1533 3937 facere
1546 3880 1702 3951 diligamus.
1721 3880 1790 3935 Nam

991 3960 1020 4007 iit
1035 3954 1172 4025 eleganter
1182 3955 1222 4009 ait
1233 3956 1269 4009 D.
1287 3954 1441 4009 bernardus
1456 3954 1524 4023 (ltili.
1540 3953 1681 4009 deliratio
1693 3952 1789 4007 etlih.

990 4024 1105 4091 Arinen,
1122 4040 1172 4078 non
1186 4028 1226 4078 est
1238 4025 1358 4091 ejtisdein
1370 4026 1512 4090 fricnltati's
1525 4026 1594 4077 seire
1607 4024 1674 4091 qiiid
1687 4024 1790 4089 facien·

991 4093 1057 4146 ilutn
1068 4096 1116 4160 sit,
1129 4100 1154 4147 al
1170 4097 1259 4160 fircera
1266 4113 1277 4159 ;
1292 4096 1420 4161 ‹prroniarn
1429 4100 1453 4147 al
1464 4096 1573 4148 ‹tri-erni
1582 4098 1646 4147 seint
1659 4108 1724 4147 itero
1736 4093 1791 4146 ‹iit-

978 4167 1091 4231 -eatum,
1106 4180 1137 4219 ac
1150 4166 1221 4229 sesso
1230 4164 1514 4233 paraberceeliicnlutn.
1538 4167 1571 4219 Et
1578 4168 1658 4235 poeta
1674 4182 1682 4219 r
1697 4164 1789 4231 l'ideo,

992 4236 1091 4303 inqitit,
1107 4236 1228 4296 meliora,
1252 4234 1389 4307 proboque
1403 4250 1413 4287 .·
1434 4235 1569 4290 deteriora
1591 4250 1695 4304 seqnor.
1722 4238 1791 4291 ilinc

989 4320 1080 4360 seratis
1092 4309 1176 4361 sei'eiis
1191 4307 1355 4361 uoluntatem
1368 4306 1474 4361 damini
1485 4309 1538 4369 sui,
1560 4310 1586 4362 et
1607 4323 1660 4361 nini
1675 4308 1788 4375 firmata,

989 4378 1132 4445 uiipulaln't
1144 4379 1235 4448 plaqii
1243 4379 1347 4445 nexillis,
1363 4378 1431 4433 Luc.
1442 4392 1498 4434 xit.
1513 4383 1551 4433 Et
1563 4382 1697 4449 siipiicntes
1710 4378 1790 4449 hujus

135 4445 245 4501 tradita.
268 4444 383 4515 Quidam
408 4445 480 4500 euim
507 4454 646 4517 exponunt
671 4446 704 4502 dc
732 4447 877 4519 gentilibus
899 4444 936 4503 ad
993 4451 1085 4503 saniili
1096 4452 1192 4503 intrito
1205 4450 1340 4512 (latitanti,
1352 4452 1418 4519 qnia
1428 4466 1486 4503 crin
1501 4452 1683 4520 copriaiti'sscnt
1694 4454 1788 4517 lleiinr,

134 4516 220 4573 lidetu
243 4516 341 4572 Christi
359 4516 416 4588 jam
441 4517 586 4573 conversis.
611 4518 651 4572 lta
666 4520 700 4573 D.
722 4519 887 4575 Ambrosius
912 4518 938 4573 in
953 4494 979 4557 D
994 4536 1045 4573 iiiin
1059 4523 1128 4575 siant
1142 4526 1226 4578 Dainn
1237 4522 1462 4589 ploritieaaeiiint,
1473 4524 1523 4577 sert
1532 4527 1699 4577 eairiiiteianil
1709 4524 1738 4577 in
1749 4537 1790 4575 aa

136 4588 356 4669 Commentariis.
381 4588 442 4668 Alii·
457 4588 491 4643 de
505 4586 650 4657 gentilibus
664 4596 691 4643 et
714 4587 868 4645 infidelibus
888 4590 933 4669 qui

137 4657 275 4715 Christum
302 4674 413 4730 prorsus
436 4666 591 4729 ignorantes
615 4658 675 4713 solo
693 4659 807 4714 naturali
835 4662 936 4716 lumine

136 4729 315 4785 ducebantur.
343 4734 382 4785 lta
395 4730 610 4800 chrysostomus
624 4738 650 4785 et
674 4728 719 4784 alii
730 4734 824 4785 Patres
837 4731 934 4795 Graes,

990 4593 1170 4657 irritationibus
1180 4596 1246 4660 uria,
1259 4600 1311 4647 ete.
1327 4595 1410 4648 lloin.
1427 4606 1447 4647 t.

1026 4655 1088 4743 ”At
1109 4680 1166 4719 non
1188 4664 1226 4720 sic
1249 4673 1401 4733 arguuntur
1419 4671 1448 4719 ct
1468 4663 1641 4743 increpantur
1662 4659 1737 4715 surdi
1763 4670 1790 4715 et

989 4747 1064 4798 enei,
1078 4735 1153 4805 quasi
1167 4750 1199 4789 ex
1216 4734 1345 4789 facultate
1358 4741 1463 4789 naturae
1480 4740 1586 4802 possuit
1600 4729 1640 4785 rel
1655 4744 1735 4785 aures
1755 4730 1789 4785 ad

135 4808 163 4857 ct
175 4816 209 4857 ex
223 4801 329 4855 Latinis
353 4802 542 4873 llieronymus
555 4800 590 4856 ad
614 4802 753 4873 Algasiani
770 4804 869 4871 (Epist.
887 4808 931 4856 tat
989 4803 1156 4859 audiendum
1179 4804 1292 4875 aperire,
1318 4804 1359 4859 rel
1383 4803 1478 4857 oculos
1500 4799 1534 4855 ad
1553 4800 1709 4867 ridendum,
1725 4816 1788 4857 cuni

159 4914 167 4927 .
196 4872 236 4939 8).
264 4872 415 4941 Utramque
442 4873 641 4943 expositionem
666 4872 749 4928 refert
768 4870 937 4941 Augustinus
989 4874 1122 4944 seriptum
1135 4875 1172 4929 sit
1187 4892 1193 4927 ε
1206 4876 1334 4929 Dointiim
1348 4875 1485 4927 illuminat
1499 4887 1576 4927 eureos
1595 4873 1677 4933 (Paul.
1690 4872 1786 4943 axau).

135 4888 185 4998 fib.
197 4942 231 4996 de
246 4942 348 5012 Spiritu
361 4951 389 4997 ct
400 4942 503 4998 Littera
517 4960 577 5015 eap.
595 4949 640 5009 28,
656 4944 703 4999 sed
717 4943 835 5015 priorem
850 4944 938 5015 niagis
991 4946 1035 5007 Et,
1052 4947 1132 4999 hlaine
1143 4947 1223 5013 eriqit
1237 4944 1307 4999 inliti
1316 4959 1409 4998 irritam
1427 4944 1513 5013 (istria
1527 4948 1570 5011 x);
1585 4943 1632 4999 sed
1645 4944 1710 5016 quia
1723 4944 1790 5001 dliii-

135 5012 493 5084 probat.Utramqueetiam
504 5014 762 5070 admittereridetur
775 5017 809 5069 l).
822 5018 938 5086 Prosper
988 5030 1054 5069 nam
1068 5015 1276 5070 illustrationem
1299 5023 1325 5069 et
1339 5014 1508 5086 apertionem
1526 5016 1624 5071 nolunt
1644 5016 1790 5072 admittere

136 5086 164 5139 in
181 5082 254 5141 hunc
270 5086 379 5150 loeum;
399 5082 447 5140 sed
466 5094 590 5141 neutram
610 5084 728 5141 ostendit
741 5084 832 5141 thuere
845 5086 936 5141 Colla·
991 5086 1069 5156 eique
1088 5086 1241 5156 cooperari,
1268 5084 1315 5142 sed
1339 5086 1366 5141 in
1387 5102 1436 5143 sua
1463 5088 1584 5143 eaecitatc
1605 5095 1632 5142 et
1657 5086 1789 5142 surditate

135 5154 199 5223 tori,
213 5157 258 5226 qui
281 5156 344 5211 hinc
364 5154 510 5228 colligebat
523 5156 662 5212 scientiam
683 5157 756 5222 boni,
776 5172 826 5211 scu
842 5156 936 5212 liinien
990 5156 1152 5229 perdurare.
1166 5158 1248 5213 llndc
1265 5158 1392 5213 excaeati
1407 5166 1436 5214 et
1453 5158 1580 5213 obdurati
1596 5156 1734 5212 dicuntur.

133 5226 270 5295 naturale,
291 5244 340 5298 per
363 5243 393 5283 sc
413 5225 540 5284 sufficere
561 5228 594 5285 ad
615 5228 685 5285 bene
709 5229 887 5301 operandum,
910 5239 938 5284 et
1026 5228 1125 5285 elluic
1146 5228 1287 5285 assertioni
1298 5230 1357 5300 jam
1376 5228 1456 5301 paulo
1475 5238 1537 5286 ante
1553 5242 1716 5309 responsum
1736 5234 1787 5291 est,

134 5296 249 5368 proinde
261 5313 340 5369 posse
357 5313 416 5355 esse
434 5314 467 5355 ex
490 5298 570 5356 nobis
587 5300 662 5356 initia
686 5300 819 5356 virtutum
841 5308 869 5355 et
883 5300 936 5355 ho·
990 5315 1044 5371 qua
1055 5316 1111 5355 non
1125 5301 1215 5357 solum
1228 5300 1397 5356 voluntatem
1412 5300 1488 5365 boni,
1506 5301 1554 5357 sed
1570 5308 1653 5356 ctiam
1669 5298 1790 5370 possibi-

134 5382 236 5425 norum
249 5384 374 5441 operum,
388 5370 421 5427 ab
456 5386 489 5427 uc
501 5372 721 5446 auxiliogratiae.
733 5376 793 5429 hon
805 5373 934 5443 mimam,
989 5370 1105 5437 litatem,
1128 5372 1155 5429 id
1178 5381 1229 5439 est,
1249 5371 1416 5435 facultatem,
1440 5372 1524 5428 lihero
1543 5369 1640 5427 tribuit
1658 5370 1786 5435 arbitrio;

133 5440 269 5511 quianon
293 5440 421 5497 dicuntur
451 5442 537 5500 ideles
559 5458 590 5500 ea
605 5460 666 5516 quae
681 5444 745 5518 legis
756 5453 819 5501 siun
834 5443 933 5510 facere,
989 5443 1145 5513 quasivero
1166 5444 1241 5499 idem
1263 5444 1307 5508 sit,
1331 5442 1449 5499 riaturali
1468 5442 1573 5513 judicio
1588 5441 1662 5513 quod
1682 5442 1788 5515 justum

133 5510 159 5567 id
182 5519 236 5578 est,
261 5512 329 5584 legis
345 5522 481 5586 precepta
504 5530 624 5587 serrare,
646 5516 815 5582 naturaliter,
831 5514 858 5571 id
881 5524 932 5581 est,
989 5522 1032 5569 est
1045 5528 1126 5584 posse
1139 5515 1302 5579 discernere,
1314 5522 1341 5569 et
1356 5513 1422 5569 illud
1437 5528 1519 5584 opere
1533 5522 1661 5585 praestare
1674 5523 1788 5570 etexse·

133 5596 167 5637 eti
186 5582 290 5639 ritibus
304 5593 420 5654 naturae,
437 5584 496 5650 sed,
514 5594 546 5642 ut
559 5588 670 5658 exponit
689 5586 867 5661 Augustinus,
886 5600 934 5641 na·
989 5585 1050 5655 qui;
1065 5584 1134 5640 seire
1144 5584 1209 5656 quid
1223 5584 1378 5641 faciendum
1390 5584 1436 5651 sit,
1448 5594 1475 5639 et
1488 5584 1589 5641 facere:
1606 5593 1633 5640 et
1646 5594 1788 5658 tamquam

132 5654 267 5721 turalitcr,
291 5655 318 5711 id
337 5663 388 5721 est,
411 5664 508 5713 natura
527 5660 706 5729 pergratiam
729 5657 876 5714 reformata
902 5664 930 5712 ct
985 5656 1045 5713 haec
1057 5655 1092 5711 alt
1106 5656 1144 5711 eis
1168 5657 1343 5729 intelligentia
1357 5656 1487 5713 naturalis
1505 5657 1641 5729 exigatur,
1657 5666 1686 5714 ut
1705 5672 1737 5713 cx
1757 5670 1788 5711 ea

132 5734 283 5781 restaurata
308 5728 433 5795 (August.
449 5732 543 5785 contra
560 5726 663 5785 Julian.
684 5731 732 5787 lili.
753 5746 783 5786 xv
805 5746 865 5800 cap.
890 5730 928 5799 3),
985 5728 1142 5801 cognitione
1154 5730 1226 5800 quod
1238 5728 1343 5802 justum
1357 5736 1399 5785 est
1408 5738 1606 5801 exsequantur.

130 5794 185 5865 rel,
202 5805 234 5853 ut
254 5798 283 5853 s.
305 5798 435 5870 Thomas,
457 5800 577 5859 naturali
590 5800 659 5875 lege,
677 5809 705 5858 et
724 5802 928 5871 dmiratione,
