3848 6158
171 260 225 315 iit
317 270 320 283 ³
512 260 519 271 ’
713 253 855 312 JOANNIS
873 252 1025 310 cissihiii
1043 248 1290 308 cotiarioiiiis.
1777 251 1836 307 480

171 382 417 451 anachoretarum,
431 379 477 452 qui
492 379 521 436 in
542 396 636 439 eremo
656 379 782 453 Scythica
799 379 978 436 morabantur
989 379 1016 443 Α
1029 374 1113 449 igitur
1127 383 1170 433 est
1183 384 1297 433 conatus
1311 382 1424 431 nostros
1443 372 1495 446 piis
1507 371 1675 429 orationibus
1689 370 1835 445 adjurare,

171 480 248 549 (quas
259 475 322 545 ilie,
338 473 541 547 incomparabili
563 475 682 547 flagrans
696 473 788 529 stadio
803 471 973 539 sanctitatis,
1027 484 1063 525 ne
1083 478 1131 525 aut
1151 477 1209 526 tam
1224 476 1318 526 sancta
1343 466 1459 524 materia
1479 466 1606 537 imperito
1628 463 1759 537 quidem,
1784 466 1837 526 seni

172 569 256 626 simili
271 568 322 626 sibi
340 573 459 641 jusserat
474 583 602 625 sennone
619 566 766 636 conscribi,
787 583 843 624 non
858 581 975 639 perpen-
1028 561 1100 617 lideii
1114 576 1241 618 sermone
1254 558 1422 634 promenda,
1445 558 1614 632 periclitetur
1632 556 1660 612 in
1676 557 1774 626 nobis,
1785 568 1838 616 aut

137 677 140 680 ·
173 661 241 720 dens
271 676 327 734 prae
351 660 529 717 multitudine
552 659 691 716 charitatis
718 667 820 731 quanto
851 659 975 715 iniirmas
1028 669 1124 711 rursus
1148 653 1271 726 ejusdem
1297 652 1420 711 materiai
1443 652 1549 725 abyssis
1576 651 1710 707 obruatur
1737 661 1837 712 nostra

173 756 293 813 cervices
306 754 427 826 pondere
450 757 660 827 praegravaret),
685 753 763 810 robis
784 753 975 826 potissimum,
1029 748 1179 806 rusticitas.
1194 748 1313 805 Proinde
1327 747 1362 804 ab
1378 747 1508 803 exteriori
1527 761 1560 802 ac
1572 743 1670 802 risibili
1684 744 1838 804 monacho

173 864 189 904 o
204 853 216 881 ⁸
231 848 389 905 beatissime
403 862 471 920 papa
485 848 581 905 Leomi
599 857 626 904 et
646 855 738 904 sancte
752 847 838 904 irater
852 847 975 914 Helladi,
1029 859 1094 900 rum
1109 842 1201 912 cuitu,
1218 858 1300 914 quem
1319 841 1457 912 prioribus
1470 838 1634 912 digessimus
1647 837 1735 907 libris,
1747 838 1784 896 ad
1793 839 1840 896 in-

172 939 274 998 credidi
293 940 503 998 consecrandas.
525 942 603 999 Alter
623 940 758 1014 siquidem
777 948 897 998 restrum
917 956 976 997 me·
1029 937 1168 994 risibilem
1184 935 1319 993 interioris
1333 931 1588 990 bominisbabitum
1603 939 1792 1001 transeamus,
1809 940 1840 989 et

171 1044 279 1092 morato
299 1037 375 1105 viro,
400 1046 427 1094 et
446 1037 633 1109 germanitatis
649 1034 768 1105 aiieetu,
790 1044 817 1092 et
831 1034 977 1092 sacerdotii
1029 1027 1064 1087 de
1085 1031 1280 1086 canonicarum
1303 1028 1462 1085 orationum
1488 1024 1629 1083 modoad
1655 1024 1726 1082 iilius
1748 1041 1838 1100 quam

172 1129 311 1203 dignitate,
335 1140 371 1199 et,
391 1130 464 1203 qnod
488 1130 531 1187 his
555 1131 654 1201 majus,
675 1131 759 1186 sancti
773 1128 856 1186 studii
869 1128 976 1186 fervore
1029 1123 1178 1196 Apostolus
1201 1121 1323 1194 praecipit
1343 1126 1373 1188 (i
1385 1123 1473 1178 Thess.
1493 1120 1527 1193 v)
1542 1118 1675 1176 orationis
1695 1126 1839 1192 perpetuae

172 1225 350 1296 conjunctus,
377 1223 551 1281 haereditario
586 1222 738 1280 fraternum
767 1221 889 1278 debitum
913 1221 976 1293 jure
1026 1215 1169 1288 jugitatem
1180 1214 1309 1273 ascendat
1326 1215 1527 1287 eloquium3ut
1541 1213 1666 1286 quisquis
1676 1213 1733 1284 jam
1747 1229 1834 1292 supe·

171 1316 310 1388 deposcit;
334 1317 403 1373 aiter
427 1316 657 1373 anachoretarum
681 1314 808 1372 instituta
832 1313 974 1381 sublimia,
1029 1309 1108 1367 rionis
1122 1311 1212 1382 operis
1229 1302 1372 1366 iectionel
1396 1307 1481 1365 Jacob
1493 1308 1566 1364 iliius
1589 1305 1765 1380 intelligibilis
1780 1322 1835 1364 no·

172 1425 238 1476 non,
255 1417 285 1465 ut
299 1408 419 1479 quidam,
434 1408 542 1480 propria
557 1415 753 1481 aggressusest
767 1405 977 1479 praesumptione
1029 1420 1093 1461 men
1111 1404 1261 1460 carnalium
1283 1403 1410 1459 vitiorum
1430 1399 1647 1474 supplantatione
1666 1401 1834 1471 promeruit,

171 1502 287 1570 sectari,
304 1501 352 1558 sed
376 1502 531 1573 legitimum
556 1501 688 1558 doctrinae
717 1501 857 1557 tramitem
881 1507 976 1555 saneto
1028 1498 1208 1554 nuncetiam
1234 1504 1371 1553 nontam
1396 1510 1459 1551 mea
1474 1509 1557 1567 quam
1571 1495 1687 1550 Petrum
1708 1493 1834 1550 instituta

172 1594 272 1665 Spiritu
293 1602 462 1665 suggerente,
479 1608 548 1665 pene
570 1601 719 1665 antequam
736 1593 862 1658 disceret,
877 1605 976 1663 appre-
1028 1589 1189 1661 suscipiens,
1205 1588 1304 1646 divinar
1317 1587 1376 1660 jain
1389 1586 1514 1660 puritatis
1528 1586 1628 1643 intuitu
1649 1584 1683 1643 ad
1701 1587 1834 1643 meritum

173 1686 310 1754 bendens,
325 1702 380 1742 non
400 1695 457 1742 tam
478 1688 535 1743 suis
553 1685 788 1743 adinventionibus
808 1699 890 1756 quam
914 1683 976 1739 iiio·
1029 1691 1057 1739 et
1070 1682 1110 1754 (ut
1124 1682 1297 1750 itariixerim)
1305 1681 1469 1755 dignitatem
1486 1681 1623 1737 transieris
1635 1680 1754 1750 israelis,
1767 1680 1835 1754 quid

171 1796 234 1838 rum
258 1779 452 1837 traditionibus
475 1780 572 1836 maluit
597 1778 708 1836 erudiri.
735 1782 769 1835 iri
789 1778 889 1853 quibus
909 1777 977 1834 mihi
994 1775 1060 1845 Bin
1075 1775 1128 1833 hoc
1153 1791 1262 1848 quoque
1287 1774 1462 1847 perfectionis
1485 1774 1606 1831 culmine
1623 1773 1721 1832 debeat
1735 1773 1836 1832 obscr-

70 1871 74 1880 ’
171 1889 244 1931 nuria
259 1874 287 1930 in
302 1883 383 1947 portu
399 1874 497 1931 silentii
512 1873 664 1931 constituto
682 1872 849 1928 immensum
864 1871 976 1944 pelagus
1031 1884 1105 1940 vare,
1129 1869 1253 1925 similiter
1271 1869 1432 1925 instmatur.
1452 1859 1603 1924 Obtin'eant
1617 1867 1707 1940 itaque
1727 1866 1832 1925 oratio·

172 1967 302 2039 aperitur,
326 1974 357 2024 ut
373 1966 478 2022 scilicet
490 1966 524 2023 de
542 1967 667 2022 instituto
682 1963 898 2037 atquedoctrina
913 1971 977 2020 tan·
1030 1978 1078 2020 nes
1098 1972 1196 2020 vestrae
1215 1962 1249 2019 ab
1269 1977 1301 2019 eo
1314 1963 1360 2036 qui
1373 1961 1471 2036 dignos
1490 1977 1559 2031 nos,
1586 1960 1628 2020 vei
1648 1961 1704 2018 iisu
1717 1976 1833 2032 eorum,

172 2070 265 2118 torum
284 2062 406 2117 virorum
419 2058 551 2132 'quandam
570 2057 677 2113 tradere
696 2056 812 2113 audeam
834 2058 978 2135 memoria}
1031 2056 1074 2112 vei
1088 2054 1263 2128 discipulatu,
1279 2055 1320 2111 rei
1336 2056 1474 2113 consortio
1485 2054 1626 2128 judicavit,
1649 2064 1679 2111 ut
1691 2053 1774 2111 uobis
1785 2070 1835 2112 ea-

172 2154 334 2212 littcrarum.
363 2157 452 2208 Tanto
478 2154 554 2208 enim
583 2149 769 2224 profundioris
798 2151 999 2224 navigationis,
1031 2147 1160 2206 rumdam
1178 2147 1357 2205 traditionum
1380 2149 1544 2205 memoriam
1567 2148 1676 2221 plenam
1689 2155 1717 2204 et
1728 2162 1837 2204 sermo·

173 2247 298 2318 periculis
320 2245 423 2318 fragilis
450 2246 547 2318 ingenii
564 2245 661 2319 cymba
679 2245 805 2317 jactanda
820 2253 872 2315 est,
893 2261 979 2318 quen·
1032 2258 1096 2299 nem
1116 2241 1151 2299 ad
1174 2241 1319 2300 dicendum
1334 2241 1440 2300 iaciiem
1464 2241 1592 2299 conferre
1612 2242 1749 2316 dignetur,
1776 2257 1834 2315 quo

114 2412 119 2417 1
172 2347 233 2395 tuni
256 2338 332 2412 [Lep.
361 2338 475 2411 quanto]
500 2354 516 2394 a
540 2338 675 2396 coenobiis
696 2338 883 2408 anachoresis,
898 2347 927 2395 et
944 2339 978 2396 ab
1032 2345 1090 2392 tam
1102 2345 1196 2393 sancte
1209 2352 1265 2404 eas,
1277 2345 1390 2409 tamque
1401 2337 1516 2410 integre,
1530 2351 1614 2410 quam
1627 2337 1661 2392 ab
1672 2335 1736 2408 ipsis
1753 2350 1837 2392 acce-

172 2431 271 2487 actuaii
297 2432 365 2498 vita,
393 2447 455 2504 quae
480 2431 507 2487 in
538 2431 794 2504 congregationibus
824 2439 975 2499 exercetur,
1031 2431 1138 2503 pimus,
1159 2430 1337 2502 explicantes,
1352 2428 1648 2503 ipsosquodammodo
1669 2428 1723 2485 suis
1747 2430 1836 2485 insti·

92 2518 101 2525 “
171 2524 370 2596 contemplatio
388 2526 451 2593 Dei,
467 2524 510 2580 cui
525 2524 563 2581 iili
578 2524 783 2583 inaestimabiles
800 2526 850 2581 viri
870 2540 978 2596 semper
1031 2523 1099 2580 tutis
1111 2524 1310 2596 incorporatos,
1327 2531 1364 2592 ot,
1380 2522 1456 2595 quod
1474 2530 1516 2579 est
1529 2518 1629 2596 majus,
1641 2525 1653 2556 ⁶
1663 2520 1755 2579 iatiim
1770 2512 1841 2579 dis-'

172 2617 269 2674 intenti
291 2626 368 2689 sunt,
393 2618 483 2690 major
505 2624 587 2689 atque
607 2617 751 2674 sublimior
772 2626 823 2674 est.
848 2621 977 2692 Vestrum
1032 2626 1161 2690 putantes
1186 2617 1309 2689 eloquio,
1336 2617 1415 2674 iobis
1445 2617 1572 2674 exhibere
1598 2616 1744 2689 possimus.
1774 2617 1838 2672 Hoc

725 2726 853 2783 ainhui
872 2727 985 2782 dazisi
1004 2725 1285 2783 COMMENTARIUS.

172 2824 229 2879 Nec
269 2822 490 2896 rutereundum,
505 2823 579 2896 quod
593 2823 628 2881 de
647 2824 693 2880 iiio
711 2825 807 2880 scribit
824 2824 941 2880 Basilius
953 2825 981 2879 in
1034 2825 1132 2892 iacob,
1148 2825 1194 2896 qui
1213 2825 1407 2895 interpretatur
1417 2823 1624 2896 supplantatam
1637 2837 1693 2895 quo
1711 2820 1836 2879 alludens

171 2838 285 2966 Reguiis
306 2895 448 2952 Fusiorib.
464 2911 523 2966 cap.
550 2901 583 2951 5⁴
600 2915 608 2950 ε
625 2898 717 2967 Opere
738 2899 858 2965 pretium
876 2900 924 2957 est,
938 2895 981 2950 in·
1034 2898 1106 2951 Esau
1131 2906 1242 2966 paterna
1263 2894 1450 2951 benedictione
1479 2894 1626 2950 frustratus
1646 2894 1716 2950 dixit
1739 2913 1746 2949 :
1771 2896 1838 2950 Jure

125 3001 134 3009 -
172 2965 242 3036 quit,
256 2968 282 3020 si
291 2969 369 3023 stetis
381 2967 518 3021 interdum
535 2967 697 3037 quibusdum
709 2968 872 3036 temporibus
884 2968 977 3020 cartu·
1033 2971 1207 3021 cocotumest
1220 2983 1314 3021 laomen
1329 2967 1386 3036 ejus
1400 2967 1493 3033 Jocob;
1508 2966 1696 3036 supplantavit
1710 2966 1836 3020 enimme

173 3052 224 3105 qtae
240 3038 303 3092 loeis
317 3052 451 3094 concessus
461 3038 606 3092 celeth-etur·
617 3053 708 3091 eorum
723 3039 772 3106 qui
782 3038 902 3102 fretheni
913 3052 977 3091 con-
1031 3039 1060 3091 in
1071 3039 1232 3093 alterutrae.
1247 3041 1395 3108 Postquam
1409 3053 1473 3093 vero
1489 3052 1553 3092 cum
1562 3036 1658 3107 angelo
1670 3035 1835 3092 colluctatus

172 3109 295 3162 arentibus
303 3114 436 3178 presunt,
452 3110 481 3161 in
494 3109 591 3177 quibus
604 3108 725 3162 videlicet
735 3123 795 3161 crim
808 3108 840 3162 de
851 3109 928 3162 rebus
941 3110 977 3163 iis
1031 3107 1251 3165 benedictionem
1265 3107 1300 3164 ab
1319 3123 1352 3163 eo
1370 3108 1485 3180 accepit,
1501 3123 1533 3162 ex
1548 3107 1633 3162 Jacob
1646 3107 1727 3162 israel
1742 3107 1836 3177 appel·

173 3193 234 3246 quea
243 3180 296 3233 sibi
299 3183 399 3249 parietes
407 3181 538 3232 rationem
546 3178 701 3241 ceciderint,
712 3179 976 3248 trrmdedisfiet'libus
1030 3177 1101 3235 latus
1115 3189 1166 3247 est,
1189 3178 1216 3235 id
1236 3188 1287 3247 est,
1304 3178 1344 3234 vir
1357 3179 1451 3235 ridens
1470 3182 1576 3245 Deum,
1592 3178 1633 3234 vel
1646 3193 1723 3234 meus
1736 3177 1835 3234 ridens

174 3249 211 3302 ud
226 3250 400 3304 traiciendum
409 3251 554 3304 naturisne
563 3251 691 3313 moribus,
705 3255 729 3304 cl
740 3250 869 3319 qrtomodo
881 3253 910 3304 iri
919 3252 975 3304 siri·
990 3235 1013 3298 C
1031 3252 1132 3316 Deum,
1147 3249 1298 3307 secundum
1313 3257 1436 3307 velerum
1449 3249 1665 3322 expositionem,
1680 3248 1715 3305 de
1727 3263 1782 3320 qua
1792 3248 1835 3305 vi-

174 3319 246 3386 pulis
256 3321 427 3375 moderandis
435 3335 462 3375 se
474 3323 614 3390 gesserint,
623 3323 739 3376 vicissim
749 3324 817 3376 inter
827 3336 854 3376 se
864 3338 978 3376 commea
1031 3319 1137 3377 dendus
1156 3326 1191 3377 D.
1207 3321 1393 3393 Hieronymus
1413 3321 1440 3376 in
1456 3324 1560 3394 Quaest.
1582 3319 1667 3377 Hebr.
1692 3320 1733 3375 hd
1759 3321 1836 3376 hunc

173 3391 262 3443 reiectat
277 3396 302 3444 et
315 3393 470 3459 consererem
482 3392 663 3461 quorridelieet
677 3395 702 3446 sa?
710 3394 818 3463 aliquid
827 3394 978 3462 aliquunde
1033 3392 1117 3462 igitur
1138 3393 1253 3449 modum
1276 3392 1427 3449 monachus
1447 3407 1509 3448 rere
1518 3392 1595 3474 pius,
1619 3393 1712 3464 quiex
1726 3405 1836 3462 praece·

174 3460 265 3512 mitius
277 3467 344 3515 recte
357 3464 391 3515 ob
403 3463 496 3531 uli'qrio
507 3465 612 3529 sucirim
624 3466 721 3530 literni,
736 3465 766 3517 id
778 3465 902 3518 adhibita
913 3465 979 3518 locu
1033 3462 1157 3520 dentium
1178 3465 1310 3521 librorum
1334 3465 1448 3520 lectione
1467 3460 1596 3519 didicerit
1621 3461 1736 3518 carnalia
1765 3461 1835 3518 vitia

171 3529 243 3597 piete
256 3532 724 3600 maritorumsententm,majoreeum
736 3537 897 3588 erectoritnte
908 3535 980 3603 quod
1033 3534 1207 3607 supplantare
1220 3550 1252 3591 ac
1264 3550 1405 3605 superare,
1423 3543 1451 3591 et
1467 3549 1515 3606 per
1533 3532 1586 3589 hoc
1602 3531 1787 3614 intelligibilis,
1804 3532 1835 3590 id

174 3600 204 3651 in
218 3599 491 3656 mediumndduetum
504 3609 542 3656 est
552 3604 706 3671 judicetur-3
717 3606 895 3673 contropuesi
907 3605 979 3673 quod
1034 3613 1085 3670 est,
1108 3605 1253 3678 spiritualis
1267 3608 1363 3675 iacob,
1382 3605 1410 3663 id
1427 3614 1478 3674 est,
1500 3604 1714 3678 supplantatoris
1726 3618 1835 3661 nomen

174 3673 244 3723 reete
257 3676 370 3737 gestum,
381 3674 526 3726 multorum
537 3674 660 3728 similiter
670 3677 820 3729 testimonio
830 3676 981 3744 comprobe-
1033 3676 1233 3747 promeruerit;
1247 3675 1374 3749 deinceps
1388 3693 1422 3733 ex
1436 3676 1551 3732 lectione
1562 3675 1734 3749 sequentium
1744 3675 1834 3732 coila·

174 3743 230 3794 tur.
245 3741 312 3796 llaec
323 3741 450 3798 Basilius.
467 3742 534 3799 Vide
548 3743 687 3816 Regulam
701 3746 730 3800 S.
746 3745 882 3800 Pachumii
897 3752 978 3800 arti
1033 3748 1140 3803 tionum
1155 3747 1348 3819 spiritualium,
1362 3746 1398 3803 ad
1409 3746 1598 3805 sublimiorem
1608 3745 1754 3817 quamdam
1767 3760 1838 3802 con·

175 3817 203 3865 et
211 3811 323 3866 scholiis
333 3811 436 3869 ibidem
446 3816 527 3880 (Vide
537 3817 654 3870 Laurea.
670 3819 772 3871 laistim
784 3817 817 3871 de
828 3818 979 3887 Disciplina
1032 3814 1238 3890 tenipiationem
1251 3834 1284 3875 ac
1297 3818 1431 3874 theoriam
1441 3818 1611 3889 provehetur,
1622 3823 1651 3872 ut
1666 3824 1692 3871 et
1705 3816 1834 3888 israelis,

175 3885 201 3936 ct
214 3884 379 3948 Persectione
392 3891 505 3941 moreest
521 3901 545 3941 o.
569 3886 623 3956 15).
1034 3888 1122 3954 idest,
1137 3890 1254 3946 videntis
1268 3893 1369 3959 Deum,
1382 3890 1560 3962 appellatione
1572 3888 1667 3962 diguus
1680 3882 1833 3944 ciliciatur.

210 3962 224 3989 ⁸
240 3956 294 4035 De·
303 3953 355 4010 bac
369 3971 445 4027 papae
458 3956 664 4013 nomenclatura
684 3955 803 4014 diximus
820 3959 848 4014 in
863 3958 978 4032 prologo
1069 3961 1154 4017 eiloc
1168 3961 1254 4032 ipsius
1267 3961 1397 4017 Auctoris
1411 3960 1572 4017 testimonio
1596 3957 1735 4032 perspicue
1749 3958 1837 4014 intei-

174 4024 459 4108 institutionum,·pro
474 4043 527 4099 qua
543 4027 687 4100 Dionysius
699 4049 704 4083 :
716 4030 894 4085 libentissime
905 4047 978 4112 pree·
1032 4030 1133 4103 iigitur,
1148 4032 1238 4104 ipsum
1254 4032 1351 4089 Latino
1368 4031 1511 4101 idiomate,
1526 4047 1582 4087 non
1597 4032 1710 4097 Graeco,
1726 4037 1757 4084 ut
1772 4029 1835 4100 qui·

174 4096 218 4150 sui
235 4099 337 4152 Leonti.
355 4099 419 4155 Fuit
429 4108 520 4155 autem
535 4099 580 4155 liic
596 4099 725 4155 Leontius
737 4101 857 4156 Castoris
871 4116 978 4174 episco·
1033 4101 1097 4158 dam
1109 4103 1296 4175 opinatisunt,
1309 4104 1358 4158 lias
1368 4103 1528 4159 collationes
1538 4103 1689 4175 scripsisse,
1698 4100 1835 4173 quemad·

174 4165 979 4315 hrtllilttithtll'h'litlitbilitlttttlte
1033 4170 1835 4327 lilith.it-llltltlhttthhtihtltt

462 4282 468 4307 ,
1514 4287 1521 4300 .

176 4307 297 4362 collatu
319 4325 341 4362 e.
366 4311 406 4378 i);
428 4311 515 4367 immo
542 4313 627 4368 etiam
651 4314 806 4437 episcopus,
822 4322 852 4369 ut
873 4315 977 4386 opinari
1033 4314 1107 4370 uude
1120 4315 1254 4386 acceperit
1278 4318 1414 4372 Joannem
1433 4319 1595 4373 &seranum
1624 4315 1833 4371 institutionum

176 4374 286 4456 iicetex
301 4378 609 4459 'ipsanomenclaturm
632 4390 659 4436 et
692 4384 819 4439 onorario
838 4385 885 4440 iilo
899 4385 978 4442 titulo
1032 4384 1118 4441 libros
1130 4393 1157 4441 et
1180 4386 1340 4443 collationes
1354 4389 1466 4444 Patrum
1479 4388 1575 4444 Graeca
1595 4386 1686 4458 lingua
1699 4384 1832 4451 edidisse,

177 4445 243 4526 oiim
265 4463 416 4528 episcopis,
438 4465 496 4531 non
516 4449 692 4507 inferioribus
714 4453 820 4508 clericis
835 4455 918 4511 tribui
934 4470 980 4511 so·
1034 4471 1102 4527 quos
1116 4456 1265 4529 Dionysius
1278 4458 1471 4515 carthusianus
1480 4459 1508 4513 in
1524 4459 1653 4514 munem
1663 4454 1838 4512 transtulerit

178 4514 237 4584 lito,
255 4525 281 4571 et
291 4516 421 4597 'fortassis
434 4518 558 4600 ejusdem
572 4521 703 4601 Castoris,
716 4523 757 4578 sui
769 4525 900 4594 germani,
916 4541 978 4581 suo·
1035 4525 1131 4583 eadem
1146 4527 1245 4600 eloquii
1253 4537 1404 4598 venustate,
1416 4537 1445 4585 ut
1459 4529 1518 4602 eJ'us
1532 4527 1614 4584 verba
1627 4544 1684 4600 prae
1692 4543 1721 4584 se
1732 4526 1834 4583 ierunt.

90 4660 93 4665 ι
176 4601 269 4669 cessar
288 4603 317 4671 in
339 4589 602 4674 Ecclesra'hptensi;
620 4593 747 4674 quamvis
763 4593 877 4650 Photius
892 4598 981 4661 (Vide
997 4632 1022 4695 D
1037 4601 1105 4655 Nam
1122 4599 1268 4670 Dionysius
1284 4609 1357 4657 certe
1374 4616 1430 4656 nou
1444 4616 1477 4657 ex
1491 4600 1606 4666 Graeco,
1619 4600 1667 4656 sed
1683 4615 1717 4655 ex
1736 4598 1838 4655 obscu-

177 4673 208 4711 ιη
227 4657 313 4739 elogio
336 4661 445 4744 Photis,
457 4668 535 4744 caretro
548 4668 651 4744 operas)
666 4662 794 4745 abbatem
815 4678 879 4720 eum
897 4664 980 4723 inisse
1035 4670 1105 4726 riore
1124 4671 1195 4742 stylo
1209 4672 1325 4738 (Latino
1349 4677 1457 4738 tamen)
1471 4673 1506 4729 ad
1521 4672 1666 4728 clariorem
1681 4678 1709 4725 et
1727 4668 1837 4727 facilio-

177 4727 310 4813 desiguet,
324 4729 390 4787 dum
408 4732 481 4814 iilius
501 4749 633 4789 nimirum
648 4735 764 4791 coenobri
779 4736 979 4794 moderatorem
1033 4755 1093 4796 rem
1107 4742 1278 4798 transtulisse
1290 4758 1319 4799 se
1334 4751 1392 4799 tam
1407 4743 1597 4800 institutiones
1610 4757 1694 4814 quam
1707 4740 1838 4797 collatio·

176 4798 251 4869 dicii,
267 4818 344 4874 cuyus
356 4813 443 4875 gratia
460 4806 566 4875 priores
579 4805 787 4862 institutionum
802 4807 863 4863 libri
875 4806 980 4865 fuerint
1033 4827 1085 4867 nes
1104 4813 1214 4869 disertis
1236 4813 1326 4870 verbis
1344 4814 1489 4884 proiitetur
1501 4817 1551 4882 (ia
1561 4819 1677 4884 utroque
1688 4811 1836 4883 putatet),

176 4871 212 4927 ab
227 4876 529 4954 Auctoreconscripti.
545 4876 720 4934 vernmbaec
735 4876 978 4937 iaciieconcilian-
1033 4890 1133 4939 utnon
1153 4893 1209 4940 tarn
1229 4884 1363 4956 interpres
1387 4900 1470 4957 quam
1495 4885 1684 4956 paraphrastes
1709 4881 1834 4940 Cassiani

176 4948 238 5009 tur,
252 4958 307 5024 non
320 4959 395 5000 emm
409 4948 685 5030 repugnat‘eumdem
709 4949 868 5077 episcopum
887 4961 915 5008 et
927 4952 978 5009 ab·
1031 4953 1163 5011 dicendus
1182 4955 1228 5011 sit.
1249 4959 1299 5011 Est
1311 4956 1383 5011 enim
1408 4956 1579 5028 paraphrasis
1597 4954 1767 5026 Quintiliano
1780 4970 1835 5010 au·

175 5009 283 5092 batem,
300 5010 327 5068 id
350 5024 409 5096 est,
428 5019 548 5098 coenobri
570 5020 772 5076 moderatorem
808 5023 893 5091 uisse,
914 5040 977 5080 cum
1031 5032 1107 5080 ctore
1122 5026 1255 5096 (libio.
1271 5026 1450 5098 5),ejusdem
1463 5026 1606 5084 sententiae
1621 5025 1763 5098 peraiium
1777 5039 1839 5081 ser·

176 5082 256 5139 muiu
269 5092 486 5165 sanctiuepiseopr
497 5096 580 5143 etiam
596 5089 857 5149 monachorum'aut
868 5096 978 5151 clerico·
1032 5111 1154 5165 monem,
1168 5097 1295 5169 ejusdem
1305 5097 1365 5153 licet
1375 5098 1525 5168 idiomatis,
1537 5099 1638 5154 clarior
1647 5095 1795 5168 explicatio
1807 5105 1837 5152 et

177 5167 241 5209 rum
253 5155 421 5238 regularium
437 5159 533 5213 Patres
550 5166 579 5212 et
596 5162 977 5241 omnobiarciiaeexstiterint,
1033 5166 1144 5223 liberior
1164 5169 1372 5250 interpretatio,
1398 5185 1462 5226 cum
1481 5168 1608 5242 quaedam
1631 5168 1764 5225 addentes
1787 5176 1838 5224 aut

177 5230 208 5277 ut
219 5224 252 5279 de
262 5227 289 5279 S.
306 5228 348 5281 hu
369 5236 459 5282 ustrno
468 5236 497 5283 et
507 5231 536 5284 S.
550 5231 832 5313 liartinoTuronensi
848 5237 977 5307 episcopo
1031 5246 1169 5295 mutantes
1184 5240 1323 5311 copiosius
1334 5255 1366 5294 ac
1378 5238 1527 5298 dilucidius
1537 5241 1704 5314 explicamus
1713 5237 1790 5312 quod
1800 5238 1839 5295 ab

176 5300 341 5376 nummosi.
383 5313 446 5380 orro
462 5297 495 5354 de
507 5297 560 5354 boe
582 5301 679 5357 eodem
692 5305 820 5366 leontio,
837 5307 939 5376 pariter
951 5314 979 5361 et
1031 5308 1091 5365 aliis
1103 5308 1209 5366 dietum
1221 5319 1262 5366 est
1278 5329 1284 5365 :
1300 5311 1453 5383 cujusmodi
1467 5320 1510 5369 est
1525 5311 1666 5368 Themistii
1682 5311 1709 5366 in
1724 5308 1839 5365 Aristo·

177 5363 302 5444 Heliadro
314 5365 358 5420 hic
371 5377 523 5437 nominato,
536 5369 613 5442 plura
630 5373 717 5429 serius
728 5372 917 5431 animadversa
928 5391 978 5432 no·
1031 5379 1111 5435 telem
1124 5397 1187 5452 para
1207 5381 1323 5438 hrastica
1333 5382 1468 5454 expositio
1481 5385 1565 5448 (Vide
1577 5386 1685 5441 Statum
1692 5382 1839 5437 &amem

176 5431 297 5492 tabrmus
315 5434 350 5518 ad
365 5439 456 5520 collat.
475 5455 556 5522 nouae
570 5455 632 5523 cap.
647 5449 672 5510 i,
688 5444 734 5500 ubi
748 5445 833 5526 lector
845 5447 976 5528 requirat.
1032 5450 1080 5505 iio.
1097 5465 1135 5506 iii
1151 5398 1277 5509 Biiiioth.
1294 5468 1354 5524 cop.
1369 5455 1403 5509 de
1414 5456 1606 5526 Puruphrose').
1620 5455 1708 5525 Qriam
1720 5449 1756 5506 ob
1769 5465 1840 5508 oau-

177 5509 221 5585 hn
236 5520 300 5562 vero
316 5508 360 5564 hro
382 5509 455 5566 idem
478 5514 666 5594 srtuLeontrns
686 5530 750 5570 cum
771 5515 818 5571 ilio
841 5531 885 5572 cur
908 5519 978 5574 inter
1030 5535 1091 5577 sain
1104 5519 1237 5580 hactenus
1250 5524 1302 5580 illis
1316 5526 1430 5594 voculis,
1446 5528 1597 5590 transtulit,
1611 5526 1702 5592 cerht,
1720 5537 1788 5578 mim
1802 5522 1839 5581 de

177 5575 246 5631 aiios
268 5581 597 5663 postremae-collationes
611 5584 723 5654 dicatae,
739 5584 827 5641 fateor
846 5602 890 5643 me
903 5587 976 5645 baud
1031 5591 1167 5665 Dionysio
1187 5604 1321 5668 ageretur,
1339 5595 1489 5654 studiosius
1510 5613 1593 5669 quam
1614 5596 1747 5653 hacteuus
1759 5601 1791 5650 et
1803 5609 1839 5650 ex

177 5647 298 5749 mgnum
318 5649 499 5734 5¹¹⁸i⁰¹⁵¹¹S⁵02
562 5725 568 5736 ,
795 5726 802 5738 ‚
1031 5662 1168 5721 industria
1180 5666 1312 5737 aiistinui,
1325 5683 1361 5723 ne
1372 5667 1525 5725 'trithemio
1533 5667 1708 5725 subscribere
1717 5665 1841 5723 viderer.

238 5719 344 5803 Aliusio
358 5730 398 5777 est
420 5723 455 5806 ad
472 5723 615 5781 historiam
629 5724 714 5782 Jacob
733 5729 911 5797 patriarchae,
930 5731 977 5802 qui
1031 5734 1168 5792 Caeterum
1191 5746 1300 5794 constat
1319 5737 1505 5796 nibilominus
1518 5739 1641 5796 Cassiani
1667 5737 1772 5804 libros,
1784 5735 1839 5794 etsi

176 5787 356 5848 duonomma
370 5792 604 5868 babuisseiegitnr
619 5815 626 5851 ι
639 5797 798 5869 priuseuim
811 5810 977 5860 vocatusest
1030 5806 1126 5864 latim
1149 5808 1268 5881 primum
1289 5808 1325 5866 ab
1341 5809 1401 5884 ipso
1422 5811 1528 5881 editos,
1552 5811 1588 5868 ab
1603 5809 1665 5867 iliis
1686 5815 1786 5882 postca
1806 5805 1839 5863 in
