3824 6164
120 266 185 321 tttt
661 253 804 311 ioannis
821 251 976 310 cassiam
994 250 1240 311 contusiones.
1715 258 1783 315 ¹252

121 389 166 445 uis
187 400 281 459 opere,
296 382 396 440 divina
416 380 566 453 majestatis
583 379 699 453 gloriam
714 378 808 453 quieta
829 387 922 436 mente
935 382 963 447 Α
977 380 1266 451 qaaniumadcaqua
1278 380 1348 434 miti
1360 393 1425 450 opas
1440 378 1609 433 craatctbis
1621 380 1672 449 qai
1683 396 1783 439 mecam

122 481 253 554 suspiciat
265 482 350 549 [tipo.
366 480 395 531 ia
408 492 497 546 mara.
513 475 671 549 suscipienti?
686 474 753 545 Quis
759 473 922 531 alimoniam
976 479 1049 537 sant,
1059 477 1381 530 minntraaaantmamas
1389 473 1564 539 tetrameter.
1576 477 1645 539 xx).
1658 474 1711 529 Vel
1722 491 1783 535 am

121 574 285 651 pauperibus
304 571 510 637 administrans,
531 578 579 627 aut
603 570 808 626 advenientium
829 567 923 625 turbas
976 566 1268 624 Thessalonicensibus
1281 565 1413 633 scribens,
1426 564 1560 621 latebam
1575 568 1604 620 et
1619 567 1783 637 fatigatione

121 668 252 727 benevola
265 666 433 723 humanitate
447 664 605 738 suscipiens,
620 664 647 719 in
660 678 694 721 co
707 664 840 736 temporis
854 678 923 736 pau·
977 668 1051 719 noete
1062 666 1088 718 ct
1100 663 1143 719 da
1154 668 1295 733 operatam
1306 676 1336 717 se
1347 659 1431 716 fuisse
1442 666 1565 715 testatur
1576 662 1615 727 (il
1625 662 1716 717 Thess.
1728 664 1783 735 rar).

123 773 170 822 cto
189 778 244 835 que
259 776 309 833 pro
321 760 528 818 necessitatibus
553 758 671 815 fratrum
692 758 808 815 sollicita
830 766 924 814 maure
978 755 1085 825 Quibus
1098 754 1272 830 lieetmagua
1291 754 1380 811 cidem
1402 753 1569 810 meritorum
1582 754 1723 827 stipendia
1736 774 1783 831 pa-

123 856 299 927 distenditur,
311 856 524 913 immensitatem
537 869 667 927 supernae
679 852 855 910 beatitudinis
864 868 925 925 spe-
978 858 1114 919 rarcutur,
1136 854 1228 907 tamen
1251 864 1329 907 mens
1351 848 1411 921 ejus
1430 848 1560 920 quamvis
1583 858 1681 907 sancta
1707 860 1783 925 atquc

125 953 243 1023 eulctur;
261 960 289 1007 ct
307 966 371 1007 carm
388 950 532 1022 prasentia
546 950 610 1006 ritae
631 946 781 1021 angoribus
800 946 924 1017 curisque
978 943 1115 1014 sublimis,
1137 960 1194 1000 nou
1212 951 1319 1016 poterat
1334 958 1390 998 nou
1414 941 1449 996 ab
1476 941 1522 997 illa
1546 943 1655 999 eoelesti
1680 944 1783 1005 theoria

124 1048 287 1113 concutitur,
304 1045 390 1103 turturi
409 1044 500 1102 saculi
522 1051 627 1100 statum
650 1044 755 1099 elevato
776 1058 791 1097 a
810 1040 925 1097 terrenis
978 1038 1129 1095 intentione
1142 1037 1244 1094 terreni
1266 1036 1355 1109 operis
1370 1034 1518 1107 aliquando
1539 1034 1640 1093 divelli.
1656 1040 1783 1113 Deuiqm

124 1140 259 1214 contagiis
277 1140 358 1197 eorde
381 1138 547 1210 prospiciat?
563 1135 644 1195 Unde
660 1136 755 1192 beatas
771 1132 858 1191 David
878 1149 925 1190 so·
978 1146 1042 1188 eum
1061 1146 1091 1188 se
1105 1132 1187 1188 tantis
1198 1147 1231 1188 ae
1249 1130 1347 1187 talibus
1364 1128 1442 1185 ditari
1455 1128 1594 1186 fructibus
1604 1143 1747 1199 cerneret,
1759 1143 1784 1193 et

123 1235 182 1290 lum
196 1233 248 1288 hoc
263 1233 366 1287 bouum
385 1230 489 1285 homini
510 1244 569 1285 csse
588 1228 730 1297 deliniens,
749 1232 810 1285 Deo
822 1228 926 1301 jugiter
979 1225 1136 1280 econtrario
1157 1222 1269 1280 theoria
1288 1222 1392 1279 bonum
1407 1221 1492 1278 eorde
1505 1232 1644 1294 pausarat,
1661 1240 1696 1283 ac
1714 1226 1782 1285 relat

124 1325 257 1381 iuhaererc
275 1322 421 1390 desiderat,
442 1322 535 1378 dicens
552 1342 558 1376 :
586 1326 656 1377 bitti
677 1328 770 1377 aratam
788 1324 926 1379 adterere
979 1319 1007 1374 iu
1020 1334 1073 1374 uua
1087 1319 1164 1375 lance
1178 1324 1317 1374 mutorum
1331 1316 1458 1373 laborum
1473 1316 1644 1390 profectum,
1660 1321 1689 1377 iu
1702 1322 1780 1381 altera

125 1425 178 1477 ilco
192 1420 288 1473 tortam
303 1420 351 1485 cst,
372 1432 472 1487 ponere
492 1418 521 1471 ia
545 1419 657 1472 maino
677 1420 728 1472 beo
749 1432 821 1487 speia
840 1432 926 1472 meam
979 1411 1189 1471 delectationem
1214 1411 1313 1469 divinae
1334 1410 1571 1483 centemplatiouis
1601 1414 1779 1487 appenderet,

126 1514 208 1585 (Psal.
225 1510 331 1581 uxxrr).
350 1510 430 1579 Quod
444 1511 524 1565 etiam
535 1510 713 1568 Ecclesiastes
727 1524 741 1564 a
757 1510 866 1565 neruiue
878 1509 926 1581 ju·
980 1505 1027 1563 diu
1052 1507 1174 1563 examine
1197 1506 1314 1580 pectoris
1344 1505 1385 1561 sui
1410 1504 1618 1576 quodammode
1640 1512 1780 1584 castigato,

124 1614 231 1663 storum
243 1590 300 1660 siu'a
314 1603 423 1676 quercla
438 1603 531 1675 perllci
542 1618 622 1675 posse
642 1602 840 1675 pronuntians:
855 1604 925 1669 Qatia
980 1613 993 1639 ⁸
1007 1601 1074 1659 dum
1092 1602 1169 1658 illurn
1188 1601 1251 1658 hine
1269 1601 1396 1658 laborum
1410 1600 1542 1673 stipendia
1556 1604 1693 1661 immensa
1709 1606 1782 1663 delc-

125 1715 178 1755 aaa
195 1702 235 1754 est
248 1699 322 1753 bomo
339 1698 441 1767 justa,
456 1698 506 1765 ait,
524 1701 553 1752 in
569 1702 641 1753 terra
654 1699 703 1766 qrai
713 1699 801 1765 (amat
816 1697 925 1766 beatam,
980 1695 1143 1763 etantdline
1154 1694 1319 1752 desiderium
1327 1694 1442 1751 unitatis
1452 1702 1478 1751 et
1485 1695 1782 1768 inseparabilisChristi

127 1796 215 1847 ctam
225 1795 314 1861 pectet
325 1792 432 1859 (Euclea.
448 1790 591 1861 rnl.Quis
601 1789 675 1846 enim
686 1804 818 1862 umquam
829 1804 927 1861 quam·
943 1795 966 1857 Β
982 1788 1097 1846 societas
1108 1789 1191 1845 ctiam
1204 1787 1239 1847 ad
1255 1788 1450 1845 resolutionem
1463 1789 1555 1845 caruis
1567 1789 1675 1859 inritat,
1691 1793 1784 1851 ausim

126 1886 167 1943 ris
180 1884 332 1957 praempuus
354 1885 477 1940 omnium
497 1883 636 1955 justorum
656 1891 737 1955 atque
756 1891 924 1953 sauctorum,
980 1879 1093 1937 undem
1109 1881 1258 1952 pmelamat
1279 1887 1309 1936 et
1328 1880 1394 1936 dicit
1415 1875 1540 1949 :bonta
1559 1882 1659 1953 aliqum
1682 1888 1780 1955 qaam,

127 1978 209 2050 hujus
222 1979 346 2051 eorporis
358 1978 471 2035 vinculis
480 1978 632 2051 colligatus,
647 1994 788 2035 summum
807 1978 860 2034 hoo
874 1977 927 2034 bo-
979 1980 1099 2033 eoaretor
1118 1979 1209 2031 uatem
1224 1976 1361 2039 edaobas,
1378 1976 1548 2032 desideriam
1563 1978 1663 2033 babens
1676 1981 1784 2037 dissolui

125 2089 193 2129 num
207 2074 243 2129 ita
267 2072 406 2146 possidere
421 2072 539 2145 potuisse
562 2070 714 2128 credendus
730 2078 781 2139 est,
800 2081 830 2126 ut
844 2087 927 2127 num·
981 2075 1006 2127 et
1018 2086 1076 2125 eam
1096 2071 1200 2127 Christo
1220 2086 1284 2135 csse,
1304 2072 1388 2125 nauita
1402 2073 1472 2125 enim
1491 2072 1609 2141 inclms3
1629 2090 1781 2145 pennoaere

125 2182 210 2239 quam
228 2182 245 2223 a
265 2166 356 2223 diviua
376 2166 607 2238 contemplatione
622 2163 776 2234 discedens,
790 2180 826 2220 uc
844 2180 926 2235 parra
981 2168 1071 2220 uatem
1085 2166 1115 2219 in
1132 2180 1210 2220 camec
1225 2167 1401 2221 mecastoriam
1415 2166 1505 2236 magis
1516 2172 1631 2239 propter
1649 2185 1693 2225 aas
1712 2170 1779 2243 (Pli-

127 2258 238 2331 quidem
246 2267 369 2331 tempore
383 2258 418 2313 ab
432 2273 466 2314 eo
482 2258 527 2329 qui
543 2259 618 2315 solus
636 2257 796 2328 bonusest,
813 2259 927 2315 terrenis
980 2260 1029 2329 tip.
1044 2263 1073 2326 ι).

126 2351 338 2423 cogitationibus
350 2358 459 2422 putetur
470 2348 600 2417 affeetus3
611 2350 658 2421 qui
676 2365 829 2423 numquam
843 2352 926 2407 ullam
1289 2338 1408 2395 CAPUT
1420 2341 1471 2396 Vl·

126 2445 191 2511 eibi,
206 2445 289 2500 ullam
308 2444 477 2511 indumenti,
494 2444 645 2500 aliarumve
664 2446 814 2502 carnalium
833 2461 926 2504 rerunt
1016 2436 1183 2507 Qatantcpera
1194 2437 1338 2507 ⁴4P⁰⁵2⁰²²i⁸
1349 2439 1472 2505 sidilum
1494 2440 1612 2496 salutm
1622 2442 1745 2497 alitem·

124 2538 241 2612 gesserit
251 2552 366 2594 curam:
386 2552 536 2610 numquam
551 2536 585 2593 de
603 2535 721 2593 fratrum
742 2538 924 2610 susceptione,
1016 2537 1086 2593 Cum
1099 2535 1181 2608 igitur
1195 2538 1288 2595 multis
1301 2538 1465 2597 mediabuui
1487 2541 1572 2615 hujus
1584 2542 1778 2611 excellentiam,

125 2632 159 2689 de
178 2632 231 2689 loci
245 2631 473 2699 commutatione,
487 2629 524 2687 de
544 2630 647 2687 cellula
661 2630 813 2688 structione
825 2630 926 2687 solliei-
980 2630 1087 2687 cunctis
1101 2629 1184 2687 etiam
1206 2632 1407 2704 predicationis
1420 2648 1478 2692 suae
1497 2634 1637 2692 fructibus
1655 2636 1781 2708 praetulis-

124 2731 322 2797 tus,autopem
334 2725 451 2798 aliquam
460 2724 573 2781 humaui
586 2723 924 2799 concupieritadjumeuti,
980 2732 1031 2792 set,
1047 2732 1141 2781 tamen
1156 2725 1303 2795 eharitatis,
1318 2726 1377 2783 sine
1390 2742 1442 2799 qua
1455 2742 1539 2785 uerno
1553 2730 1706 2785 Dominum
1723 2746 1781 2802 pro-

121 2819 283 2891 auttnopia
301 2820 444 2876 sterilitate
459 2828 573 2876 aeratus
589 2818 662 2874 illam
682 2821 845 2876 senteutiam
867 2823 927 2876 Do·
980 2826 1113 2887 meretur,
1140 2820 1370 2891 contemplatione
1395 2820 1562 2877 submittitur
1584 2836 1592 2873 :
1615 2836 1647 2877 ar
1670 2830 1781 2895 propter

123 2914 232 2971 minium
246 2913 438 2985 increpationis
450 2912 594 2969 incurrerit
609 2916 666 2969 :Nc
677 2913 857 2968 sollicitisitis
866 2915 928 2967 ani·
980 2911 1042 2968 illos
1070 2911 1169 2984 quibus
1192 2911 1280 2969 adhue
1301 2914 1355 2981 lae,
1382 2915 1455 2970 reiut
1476 2913 1629 2981 nutricula,
1655 2914 1780 2971 uberibus

124 3021 175 3061 ma
185 3012 283 3063 eastra
296 3008 363 3075 quid
374 3008 549 3071 mandastis,
557 3022 641 3074 ncqac
650 3008 755 3074 corpori
761 3010 847 3061 aestro
859 3006 928 3076 aaa
981 3005 1142 3079 evangelicis
1156 3006 1345 3081 immulgebat,
1360 3006 1567 3066 ‘divulsionem
1581 3022 1598 3063 a
1612 2998 1779 3067 ¹Christasrbi

129 3099 285 3153 indicemini
299 3098 405 3168 (blattis.
415 3097 474 3167 sal?
485 3097 611 3168 Denique
625 3097 716 3170 ipsum
728 3097 806 3154 illum
821 3108 928 3169 aposto
981 3099 1092 3171 quidem
1110 3099 1233 3165 noriam,
1254 3100 1303 3157 sed
1325 3100 1431 3159 autema
1447 3100 1631 3157 necessariam
1642 3118 1699 3159 uou
1713 3118 1779 3159 reare

127 3187 184 3245 ium
206 3191 318 3246 Paulum
330 3233 338 3259 ,
352 3191 398 3262 qui
413 3191 539 3246 omnium
558 3200 717 3247 sanctorum
731 3190 854 3247 laborem
868 3207 927 3264 pas·
944 3190 967 3255 C
982 3201 1033 3249 sat.
1047 3193 1158 3250 Etenim
1172 3192 1206 3250 ad
1219 3193 1381 3251 electionem
1393 3195 1477 3268 hujus
1491 3196 1664 3268 potissimum
1683 3196 1722 3252 rei
1735 3196 1778 3252 illa

125 3281 235 3340 sianum
246 3283 445 3340 numerositate
460 3283 674 3351 transcenderat,
688 3299 860 3358 nequaquam
873 3284 926 3343 hoc
979 3288 1063 3345 nimia
1083 3288 1189 3361 pictatis
1205 3289 1304 3345 virtute
1323 3289 1506 3361 compellitur,
1526 3305 1581 3363 qua
1595 3278 1674 3362 pro‘¹
1695 3288 1778 3345 salute

126 3375 238 3449 implere
250 3376 372 3450 potuisse
382 3376 551 3434 confidenter
561 3377 722 3443 astruimus,
733 3377 792 3450 ipso
804 3379 832 3435 in
846 3379 925 3435 Acti·
978 3380 1097 3438 fratrum
1114 3397 1240 3452 suorum,
1254 3382 1276 3439 si
1289 3391 1362 3439 esset
1383 3383 1528 3455 possibile,
1549 3384 1634 3440 etiam
1657 3384 1778 3441 ultimum

128 3468 180 3529 bus
196 3472 393 3543 Apostolorum
416 3470 554 3542 discipulis
573 3479 719 3527 attestante
743 3490 750 3525 ε
770 3475 829 3543 ipsi
848 3476 924 3529 scitis
979 3472 1162 3529 anathematis
1191 3474 1297 3531 malum
1327 3481 1449 3547 optasset
1476 3476 1632 3533 incurrere.
1660 3477 1779 3547 Optaraa

671 3625 800 3682 Aliana!
819 3626 931 3682 GAZAEI
950 3625 1231 3685 COMMENTARIUS.

161 3762 310 3821 ⁸Pulchre
335 3763 400 3821 huie
422 3764 483 3821 loco
503 3763 619 3836 quadrat
638 3764 698 3823 haec
721 3770 757 3822 D.
779 3768 924 3840 Augustini
981 3768 1367 3841 aestrumetgaadiumfldei.

124 3835 259 3893 sententia
274 3836 345 3902 (Lib.
358 3851 426 3903 xix,
436 3836 469 3891 ale
483 3838 594 3894 Civite.
610 3841 654 3904 19)
669 3855 674 3889 :
692 3840 783 3893 Otium
801 3844 925 3893 sctrictam
1015 3840 1108 3909 ‘Quia
1132 3842 1216 3895 matta
1240 3842 1345 3906 melias,
1363 3841 1448 3914 iuquit
1460 3839 1499 3906 (id
1515 3847 1569 3906 est,
1588 3840 1745 3912 iucundius
1757 3850 1781 3899 et

128 3911 230 3977 quara
242 3908 362 3961 chonias
373 3910 648 3975 caritatisaapotiam
656 3908 925 3979 jaatamsaseepitac-
979 3911 1124 3982 optabilius
1141 3910 1216 3981 mihi)
1231 3912 1344 3967 dissolri
1362 3917 1388 3969 ct
1401 3928 1522 3969 esaeeam
1537 3913 1647 3969 Christe
1659 3930 1668 3979 ς
1676 3928 1779 3983 perna

71 4028 76 4036 ,
125 3981 234 4031 cessitas
243 3976 396 4031 alacritatis.
415 3978 500 4043 Οιιαιη
511 3980 648 4032 sarcinam
661 3980 686 4033 si
694 3980 784 4033 turritas
797 3982 922 4050 imponit,
979 3998 1040 4037 arere
1051 3987 1141 4038 uatem
1157 3985 1184 4036 in
1195 3999 1285 4050 eume,
1296 3988 1474 4039 successorium
1490 3988 1605 4054 propter
1613 3998 1661 4038 aas
1671 3986 1776 4055 [Philip.

119 4046 303 4117 percipiendae
317 4050 398 4116 atqae
411 4047 751 4105 intuendaeaaeaadumest
764 4054 926 4107 ueritati&
980 4054 1174 4124 illitteratam
1183 4054 1248 4123 jaare
1262 4056 1442 4110 admirandus
1453 4056 1600 4113 ancien
1654 4055 1777 4123 alar-tm

124 4120 922 4191 uatemimpartitur,suscipiendacstpromereberitatisnc·
979 4122 1182 4195 Theodoretusl
1203 4127 1275 4194 qaod
1295 4128 1379 4180 eitam
1399 4143 1459 4181 eam
1484 4128 1579 4182 maritis
1608 4126 1776 4181 charitasa

124 4190 926 4249 cessitatem-Sedaecsieomatirmaciitotisdelectatiodcsa-
976 4196 1103 4265 pamm
1124 4196 1290 4265 conjectatum
1312 4198 1451 4252 bominum
1464 4198 1564 4253 saltatis
1582 4212 1665 4253 masa
1678 4204 1776 4267 prata-

124 4263 924 4334 readaest,aesabtrahatarillasaauitas,etopprimatista
980 4268 1051 4321 terit.

124 4336 275 4389 necessitas.
288 4334 355 4388 liae
366 4332 533 4401 Augustinus
545 4334 628 4399 (Vide
641 4334 670 4389 S.
684 4335 731 4389 Th.
748 4339 808 4402 Μ,
819 4351 847 4405 q.
861 4339 921 4400 tut,
1014 4325 1028 4368 ‘¹
1043 4338 1177 4395 Praeterea
1194 4354 1255 4408 quac
1271 4338 1335 4394 alibi
1348 4338 1376 4394 iu
1393 4338 1466 4395 hauc
1479 4339 1605 4410 Apostoli
1617 4338 1774 4393 sententiam

124 4402 336 4473 mansorem
350 4409 454 4473 spectat
470 4403 584 4475 insignis
596 4412 685 4459 textus
700 4406 853 4461 innocentii
865 4413 923 4461 ter·
976 4408 1136 4478 scripsimus
1149 4410 1254 4477 (Callai.
1268 4416 1296 4480 9,
1311 4426 1369 4481 cap.
1384 4412 1437 4477 ta),
1448 4410 1604 4466 notandum
1612 4426 1646 4465 er
1660 4414 1693 4465 l).
1704 4408 1774 4465 Tho·

125 4472 154 4527 til
168 4473 195 4527 in
217 4474 284 4527 lure
295 4473 435 4529 Canonieo
446 4473 488 4528 his
509 4474 598 4529 verbis
612 4491 755 4543 expressus
775 4481 874 4543 (satra
891 4478 924 4531 dc
977 4493 1023 4533 mn
1039 4480 1143 4551 (t-t,q.
1163 4484 1222 4549 182,
1235 4488 1291 4536 art.
1306 4486 1331 4551 ²)
1345 4481 1428 4536 vitam
1439 4482 1775 4552 contemplativamsetun

124 4544 251 4615 Reqalar.
262 4559 320 4614 erip.
333 4543 414 4615 saer)
431 4544 501 4600 :illa
511 4560 614 4615 semper
624 4547 716 4614 rapula
731 4548 924 4602 inuiolabiliter
978 4547 1047 4605 dum
1061 4566 1091 4606 se
1102 4560 1130 4605 ct
1141 4552 1301 4622 simpliciter
1312 4568 1370 4608 esse
1384 4552 1496 4608 ma'oris
1510 4552 1602 4608 meriti
1623 4568 1704 4621 quam
1714 4550 1774 4605 aaa

109 4617 287 4680 adsumtae,
298 4620 329 4671 at
341 4616 538 4685 nullasubsqac
550 4617 655 4671 lieaatia
666 4619 921 4688 itomaaipmattfieh
937 4616 965 4681 Ι)
979 4636 1052 4676 vam.
1073 4621 1154 4677 Unde
1180 4623 1327 4694 Gregorius
1351 4568 1447 4679 hunrih
1465 4631 1481 4678 3
1501 4638 1584 4695 super
1605 4621 1772 4677 Ezechielem

120 4692 270 4759 praesaaaat
288 4689 420 4744 ammistae
438 4702 604 4757 quacumque
616 4688 733 4743 aiesmcrc
742 4690 923 4760 prasaiutam
978 4691 1045 4747 dicit
1058 4711 1064 4746 :
1076 4693 1288 4763 contemplativa
1307 4700 1345 4749 est
1360 4695 1449 4764 major
1460 4698 1555 4749 mcm'to
1568 4708 1648 4761 mum
1660 4694 1772 4745 aetina:

124 4759 162 4825 (id
184 4768 234 4825 est,
256 4760 470 4831 episcopatum);
485 4762 613 4829 qnoniam
628 4762 696 4814 simet
719 4760 807 4830 majas
828 4762 923 4816 beatam
977 4766 1042 4832 qaia
1057 4764 1112 4817 heae
1127 4767 1156 4819 ia
1168 4782 1219 4819 asa
1235 4768 1378 4837 praesentis
1390 4769 1480 4834 operis
1492 4766 1606 4831 laborat,
1622 4765 1715 4833 inquo
1728 4777 1774 4817 ne

123 4832 295 4885 minoritate
304 4832 482 4901 praeparatur,
490 4832 682 4886 itaeommanis
690 4833 799 4886 utilitas
812 4833 925 4902 speciali
977 4848 1045 4889 ecssc
1058 4840 1096 4890 aa
1110 4839 1244 4905 praaimis
1258 4837 1416 4901 srabemim
1432 4838 1482 4892 iila
1496 4852 1560 4892 aera
1575 4850 1670 4917 sapore
1685 4836 1775 4887 intimo

125 4903 244 4955 utilitati
253 4905 413 4970 praeterear.
428 4905 463 4959 Et
479 4905 507 4956 ia
526 4904 573 4958 hoe
587 4918 651 4957 casa
666 4907 734 4958 reete
753 4906 923 4973 preponitur
976 4911 1118 4960 actitarent
1129 4908 1190 4977 jara
1204 4910 1322 4978 requiem
1338 4909 1475 4977 deprimat,
1496 4908 1600 4963 seilicet
1613 4922 1641 4961 m
1656 4916 1774 4961 contero-

125 4972 248 5026 deetriao
260 4974 377 5036 silentiu,
396 4974 547 5028 sollicitudo
561 4975 788 5044 contemplationi,
803 4981 829 5029 et
848 4974 923 5029 labor
976 4975 1099 5057 piatione
1111 4978 1172 5033 Dei.
1192 4981 1283 5033 Potest
1295 4986 1388 5034 tamen
1400 4979 1563 5052 contingere
1585 4977 1660 5050 quod
1682 4974 1775 5046 aliquis

123 5043 219 5114 quieti.
235 5042 281 5097 Aa
295 5043 365 5111 quaed
385 5046 480 5111 ratique
494 5045 688 5111 ‹tesiqnuadam
703 5048 858 5113 alamaniam
872 5048 922 5101 ilai
976 5062 1004 5101 in
1016 5048 1143 5117 operibus
1157 5049 1218 5105 rita
1230 5050 1327 5106 activae
1341 5052 1401 5121 plus
1414 5059 1557 5105 mereatur
1573 5048 1733 5120 quantotius
1745 5046 1773 5099 in

122 5115 196 5185 filim
209 5116 283 5169 Jesas
297 5113 418 5170 Christus
429 5128 482 5166 aon
495 5115 646 5171 alcltaelule
655 5117 800 5170 scearadam
814 5132 921 5171 carram
976 5119 1509 5192 operibusritaeeoutemplatirae:putasi
1521 5116 1774 5192 propterabandau-

123 5184 361 5249 ministratae
374 5186 423 5241 Lia
436 5186 539 5251 (times.
551 5187 634 5256 uara)
644 5209 650 5251 ;
662 5189 882 5255 arecleqituream
892 5191 921 5242 ia
975 5188 1130 5245 tiamdivini
1146 5191 1492 5265 amoris,ute1'usvclautas
1501 5192 1775 5264 impleatur,propter

124 5258 232 5314 dotatum
245 5273 322 5312 satam
338 5258 427 5313 diaria
441 5259 636 5327 accipimuset
649 5259 760 5313 Martha
770 5260 877 5328 (natata.
891 5258 919 5330 1).
977 5260 1063 5331 ipsius
1077 5262 1194 5334 gloriam
1207 5262 1343 5319 interdum
1356 5262 1471 5320 sustinet
1485 5280 1503 5319 a
1520 5262 1666 5320 dulcedine
1678 5259 1775 5317 utrina

122 5332 191 5387 Haec
225 5330 336 5385 ontil'cx.
975 5340 1085 5387 contem
1108 5334 1212 5389 lationis
1234 5335 1269 5389 ed
1285 5345 1392 5408 tempus
1413 5335 1554 5405 separari;
1578 5336 1649 5389 sieut
1664 5336 1777 5403 Aposto-

158 5404 194 5457 ΙἸ
230 5409 281 5467 est,
296 5399 405 5472 ancipiti
423 5398 558 5456 desiderio
572 5400 709 5472 utrimque
731 5399 874 5473 impellor;
890 5410 917 5459 et
977 5349 1137 5459 lusdicchat
1149 5406 1181 5459 ad
1198 5408 1281 5461 llum
1296 5423 1325 5462 nt
1339 5426 1345 5461 :
1358 5405 1493 5477 Optabam
1504 5422 1553 5477 eqo
1564 5408 1624 5477 ipsc
1637 5405 1776 5460 anathem

123 5478 215 5527 utrum
228 5472 262 5527 da
276 5472 383 5529 duobus
400 5472 506 5537 malina,
527 5472 632 5544 ignoro,
655 5488 707 5528 una
722 5487 755 5528 ex
771 5481 847 5555 parte
870 5490 921 5531 eu·
976 5488 1029 5530 esse
1053 5490 1070 5527 a
1099 5475 1203 5531 (sarna
1220 5493 1272 5549 pro
1292 5479 1426 5546 fratribus
1445 5480 1520 5532 mm's.
1542 5477 1626 5546 erod
1643 5486 1778 5547 exponens

124 5540 200 5612 piens
215 5558 260 5610 per
271 5552 389 5600 mortem
400 5542 509 5599 dissolvi
522 5555 550 5598 et
563 5560 622 5600 esse
637 5560 700 5600 cum
713 5544 833 5611 Christo,
847 5545 921 5617 quod
976 5544 1189 5617 Chrysestomus
1203 5547 1329 5603 inlib.de
1340 5550 1568 5620 cumpunctione,
1577 5548 1646 5605 dicit
1657 5546 1728 5619 [bib.
1738 5553 1777 5607 tl:

122 5610 157 5676 (si
168 5624 227 5663 mea
240 5621 347 5670 tantam
369 5614 515 5671 commoda
529 5620 661 5687 spectem)
673 5616 760 5671 nrultu
782 5616 846 5671 mihi
861 5632 920 5672 me·
976 5620 1020 5673 lta
1034 5622 1116 5672 totam
1132 5624 1243 5675 meacm
1265 5619 1322 5688 qaas
1344 5621 1504 5677 demerserat
1520 5636 1602 5675 amor
1620 5620 1735 5685 Chamti,
1751 5620 1779 5671 at

123 5681 175 5739 lius
195 5688 252 5743 eutr
268 5684 320 5737 alia
342 5694 434 5740 autem
453 5703 485 5740 er
504 5694 590 5757 parte,
610 5702 769 5758 permanere
788 5688 816 5741 iu
840 5703 920 5743 carne
976 5690 1058 5743 etiam
1070 5690 1349 5760 quodcipraeoeteris
1361 5692 1779 5751 maitramabimaerotma

122 5751 305 5809 necessarium
321 5764 432 5834 propter
457 5772 517 5821 aes,
531 5757 558 5811 id
579 5767 631 5824 est,
646 5758 729 5813 vitam
749 5766 776 5813 et
798 5772 920 5829 praesen·
973 5761 1778 5834 eiamcartsroaarsastaapsam,qatotaaptmeracnrtsto,

122 5825 189 5881 dam
208 5838 298 5881 meam
316 5822 393 5881 vobis
408 5824 587 5881 necessariam
609 5836 685 5898 puto,
710 5827 744 5882 ad
767 5826 920 5898 proiectum
973 5836 1154 5888 eorrtcmacret.
