3848 6158
701 273 843 329 Juauuts
862 273 1015 329 cassium
1035 270 1282 328 causationes.
1767 279 1821 333 uta

163 282 211 334 dli

490 401 611 459 CAPUT
631 403 666 455 ll.
972 399 1084 465 ,teatio
1109 413 1172 452 eum
1200 394 1362 452 naturaliter
1388 394 1468 453 nobis
1492 395 1649 464 insederint,
1678 413 1821 457 nonnum-

160 514 289 570 Narratio
312 511 420 565 odiatis
442 507 597 577 Serapionis
622 505 655 558 de
675 509 731 559 octo
761 506 961 577 perspiritum
1018 507 1102 564 quam
1117 491 1196 546 etiam
1216 490 1274 546 sine
1297 490 1353 547 ullo
1365 489 1464 547 animae
1478 489 1663 558 ircimmcnto,
1677 492 1764 550 solius
1777 493 1818 550 in-

572 577 657 630 uitiis.

192 687 280 741 *Octo
299 687 363 737 sunt
384 676 540 748 principalia
561 674 635 742 vitia,
660 690 722 747 quaa
743 674 895 732 humanum
919 677 960 733 in·

156 779 255 834 sestam
280 787 375 843 genus,
399 768 493 836 idest,
516 768 635 841 primum
662 769 862 842 gastrimargia,
885 770 959 842 quod

155 877 235 926 sonat
260 863 362 919 ventris
383 861 529 933 ingluvies,
549 861 700 919 secundum
722 861 878 925 tornicatim
904 871 959 919 ter·

155 961 222 1018 tium
234 956 410 1033 philargyria,
425 956 453 1012 id
468 964 519 1021 est,
535 956 656 1024 avaritia,
669 957 725 1014 sive
736 956 956 1028 amorpeeuniae3

71 1039 73 1042 Α
153 1063 283 1130 quartum
306 1054 344 1109 ira
357 1071 365 1120 ;
380 1052 507 1124 quintum
528 1051 653 1120 tristitia;
667 1059 777 1108 sextum
805 1052 907 1119 acedia,
928 1052 956 1108 id

154 1159 204 1218 est,
219 1149 352 1216 anxietas,
367 1148 423 1204 sire
438 1147 550 1204 taedium
574 1146 686 1215 cordis;
701 1155 850 1218 septimum
871 1162 955 1203 ceno-

153 1244 246 1311 doxia,
270 1244 297 1300 id
322 1252 374 1312 est,
385 1242 531 1315 jactantia,
552 1257 601 1298 seu
621 1256 688 1297 vana
703 1240 803 1316 glorta,
827 1249 955 1298 octavum

1017 584 1159 656 stigatione
1182 599 1214 639 ac
1234 583 1339 655 pruritu
1357 583 1457 651 carnis,
1471 583 1610 650 oriuntur3
1632 585 1749 641 materia
1776 594 1819 643 ta-

1016 693 1078 733 men
1101 685 1362 733 utconsummentur
1372 685 1453 749 egent
1468 677 1651 744 extrinsecus,
1671 686 1700 734 et
1712 678 1750 735 ita
1765 689 1777 717 ·
1792 682 1818 738 io

1014 768 1143 825 ellectum
1157 768 1291 840 corporali
1311 769 1417 825 actione
1432 768 1602 842 perveniunt.
1626 772 1816 844 Unusquisque

1013 864 1084 917 eaim
1106 866 1227 917 tentatur
1237 879 1254 916 a
1266 864 1381 933 proptia
1396 863 1623 932 coampisceaim,
1640 863 1741 920 deinde
1754 882 1814 923 ton·

1012 957 1175 1026 mimiceatia
1193 972 1251 1010 cum
1267 957 1579 1027 memtmaocpta,parit
1590 963 1749 1027 peecatum,
1757 976 1816 1032 poe

1011 1055 1171 1106 commeare
1181 1066 1240 1104 mm
1251 1052 1336 1118 tueri
1345 1054 1568 1113 consummatum,
1582 1058 1814 1120 ameratmorterr

1010 1145 1112 1210 (Jacob.
1126 1145 1158 1215 1).
1172 1142 1323 1199 Namlnec
1345 1143 1450 1216 primus
1470 1142 1558 1200 Adam
1578 1145 1682 1216 (Graes.
1698 1152 1750 1218 ιιι)
1769 1165 1817 1222 per

1010 1236 1229 1308 gastrimargiam
1242 1234 1330 1307 decipi
1340 1235 1439 1307 potuit,
1454 1235 1505 1292 nisi
1518 1250 1589 1294 eseae
1603 1240 1749 1298 materiam
1764 1241 1814 1300 lra-

1009 1329 1076 1386 bens
1090 1329 1116 1385 in
1131 1336 1260 1403 promptu
1279 1329 1380 1385 abusus
1394 1328 1531 1385 caluisset
1547 1329 1681 1388 illicite:‘
1698 1349 1751 1391 nee
1773 1350 1812 1394 se·

1009 1423 1114 1480 candus
1128 1424 1188 1480 sine
1205 1422 1348 1496 cujusdam
1366 1423 1379 1459 ⁶
1397 1423 1522 1481 materiae
1537 1424 1712 1484 illicitatione
1726 1432 1811 1504 [lips.

176 1540 212 1593 lie
221 1537 324 1592 duobus
340 1533 661 1601 attemperatissime
676 1533 820 1602 efficientia
835 1547 924 1587 eorum
1008 1519 1038 1571 ia
1050 1533 1138 1588 marq.
1159 1517 1331 1586 illectatione]
1345 1524 1475 1584 tentatur,
1487 1533 1552 1574 cum
1564 1517 1667 1577 dieitur
1684 1522 1812 1582 eise'l‘i·

451 1604 665 1674 quadripartita.
1008 1613 1060 1669 iius
1070 1616 1121 1670 Dei
1130 1630 1167 1679 es,
1177 1615 1222 1670 dic
1235 1619 1267 1670 ut
1280 1614 1389 1684 lapides
1399 1616 1450 1670 isti
1457 1630 1541 1685 panes
1549 1617 1618 1684 daut
1628 1619 1740 1682 (llaiiit.
1754 1621 1809 1689 rr).

187 1716 200 1748 ¹³
226 1712 333 1766 Homm
359 1708 444 1781 igitur
467 1706 595 1762 vitiorum
613 1711 790 1778 generasuot
809 1703 875 1761 duo.
896 1706 952 1760 Aut
1006 1709 1160 1764 Fornicatio
1180 1723 1289 1780 quoque
1302 1706 1378 1778 quod
1394 1723 1451 1764 non
1468 1707 1520 1763 nisi
1542 1724 1704 1782 percorpus
1724 1711 1810 1782 peru-

150 1806 224 1864 euim
242 1803 373 1861 naturalia
385 1810 459 1866 sunt,
476 1810 508 1857 ut
521 1799 726 1874 gastrimargia3
750 1807 798 1855 aut
812 1805 885 1855 extra
904 1812 952 1852 na-
1005 1802 1101 1870 ciatur,
1129 1800 1258 1858 omnibus
1287 1808 1371 1872 patet,
1390 1799 1426 1855 ita
1445 1799 1480 1857 do
1509 1799 1563 1856 hoc
1580 1801 1672 1874 spiritu
1694 1803 1805 1863 dicente

149 1909 250 1966 turam,
270 1906 302 1952 ut
316 1895 488 1969 philargyria.
512 1892 688 1950 eillicientia
708 1908 773 1948 vero
788 1892 948 1964 quadripar·
1003 1898 1062 1951 Deo
1070 1894 1104 1950 ad
1123 1895 1232 1950 beatum
1247 1893 1312 1960 iob,
1326 1897 1362 1951 Ει
1375 1896 1463 1950 uirtus
1472 1894 1533 1964 ejus
1541 1897 1571 1950 iu
1580 1896 1674 1951 maia
1691 1898 1761 1968 ejus,
1777 1905 1804 1955 et

150 1994 199 2050 tita
211 2002 262 2050 est.
273 1989 405 2064 Quasdam
424 1988 499 2044 enim
512 1988 570 2043 sine
582 1987 690 2042 actions
704 1984 807 2041 carnali
820 1999 949 2040 consum·
1000 1994 1119 2061 potestas
1128 1989 1186 2058 ejus
1198 2003 1279 2058 super
1292 1988 1558 2044 umdiimumaeatris
1574 1989 1638 2060 (iob.
1651 1996 1711 2057 xc).
1724 1992 1806 2048 ldeo·

150 2087 219 2142 mari
243 2100 299 2140 non
324 2088 447 2153 possunt,
470 2088 502 2135 ut
527 2088 569 2135 est
595 2077 782 2151 gastrimargia
806 2085 834 2132 et
859 2076 949 2137 lomi·
1003 2099 1056 2154 que
1070 2083 1130 2138 lraec
1152 2080 1305 2151 specialiter
1317 2080 1384 2148 duo,
1404 2096 1465 2152 quae
1478 2082 1632 2139 ministerio
1651 2085 1742 2141 earnis
1758 2101 1805 2143 en·

152 2181 223 2236 catio
234 2198 242 2246 ς
255 2176 380 2248 quaedam
395 2189 460 2230 vero
474 2173 556 2229 etiam
571 2172 629 2229 sine
641 2171 695 2229 ulla
710 2172 833 2242 corporis
844 2171 950 2228 actione
1005 2177 1119 2248 plentur,
1136 2181 1210 2230 extra
1226 2173 1299 2230 illam
1319 2174 1469 2246 spiritalem
1490 2175 1592 2234 animes
1603 2193 1711 2249 curam,
1728 2190 1805 2253 egent

149 2270 333 2342 complentur,
348 2274 377 2322 ut
391 2276 431 2323 est
453 2266 580 2339 superbia
597 2274 626 2322 et
638 2264 804 2322 cenodoxia:
817 2266 949 2322 nonnulla
1003 2269 1167 2341 peculiarius
1179 2269 1262 2324 etiarn
1273 2268 1439 2323 continentia
1454 2270 1601 2341 corporali.
1613 2271 1760 2344 Siquidem
1770 2273 1803 2332 ad

148 2361 341 2422 commotionis
358 2375 415 2417 suae
435 2376 532 2416 causas
550 2359 717 2415 extrinsecus
743 2357 889 2430 accipiunt,
918 2366 949 2414 ut
1002 2361 1186 2417 retundendos
1203 2361 1301 2417 horum
1320 2361 1628 2421 stimulosnoosusficit
1643 2366 1702 2422 sola
1725 2381 1802 2424 men-

148 2464 189 2516 esi
210 2454 371 2531 philargyria
392 2462 419 2510 et
433 2454 490 2519 ira3
514 2452 566 2508 alia
587 2467 652 2507 vero
670 2451 806 2507 intestinis
828 2451 948 2508 motibus
1001 2455 1036 2511 tis
1061 2454 1175 2510 intentio
1190 2453 1231 2525 (ot
1256 2469 1464 2529 nonnumquam
1478 2457 1547 2513 solet
1562 2458 1695 2516 adversus
1719 2461 1800 2532 iram,

147 2553 307 2620 excitantur,
323 2559 353 2608 ut
365 2556 406 2605 est
420 2546 511 2603 acedia
526 2554 607 2616 atque
617 2545 736 2602 tristitia.
1000 2558 1052 2603 seu·
1061 2547 1213 2613 tristitiam,
1225 2556 1392 2621 caeterasque
1405 2548 1460 2605 lieri
1468 2549 1619 2621 passiones,
1636 2568 1704 2624 quas
1721 2554 1800 2610 edam

461 2650 580 2708 CAPUT
598 2651 645 2706 tv.
1000 2638 1057 2696 siae
1069 2640 1122 2696 ulla
1137 2639 1388 2697 carnisalllictione
1401 2640 1457 2697 sola
1468 2642 1547 2697 novit
1558 2659 1719 2717 expugnare
1729 2662 1801 2703 men·

145 2750 948 2828 decapitulatiodeaastrimarqiaetfamieaiioaispassioae
1001 2733 1036 2789 tis
1050 2733 1204 2804 industria),
1220 2733 1270 2790 nisi
1290 2734 1374 2791 etiam
1393 2735 1532 2808 castigatio
1544 2739 1700 2810 corporalis
1711 2754 1799 2798 omes·

430 2828 603 2879 stauratium
617 2838 718 2878 aarum.
897 2821 900 2828 '
1000 2828 1077 2893 serit,
1108 2843 1169 2898 quas
1191 2829 1313 2901 jejuniis,
1344 2830 1439 2903 vigiliis
1462 2838 1490 2886 et
1512 2831 1602 2903 operis
1635 2835 1799 2892 marritione

182 2931 216 2982 Et
226 2936 256 2981 ut
269 2927 329 2981 hacc
339 2923 434 2980 eadem
447 2938 502 2977 non
511 2922 803 2991 solumdisputatioue,
814 2928 945 2992 quantum
1000 2922 1161 2995 perlicitur„
1186 2923 1280 2995 hisque
1302 2923 1382 2980 luerit
1403 2925 1521 2982 remotio
1540 2925 1634 2983 localis
1662 2928 1799 3001 adjuncta,

94 3066 100 3077 ,
145 3032 294 3089 possumus
320 3014 407 3080 brevi,
433 3012 583 3067 sedetiam
605 3011 805 3082 Scripturarum
823 3012 945 3068 testimo·
999 3017 1060 3089 quia
1078 3017 1151 3073 sicut
1172 3019 1320 3075 amborum
1340 3020 1417 3090 vitio,
1435 3021 1462 3077 id
1481 3022 1686 3092 est,animaeer
1708 3038 1799 3096 corpo·

153 1336 291 1411 superbia.

497 1430 620 1487 CAPUT
642 1431 695 1486 ill.

143 3109 196 3164 niis
213 3106 414 3164 manisfestiora
426 3104 584 3173 reddamus,
598 3090 612 3135 ἆ
628 3104 813 3176 gastrimargia
823 3114 851 3161 et
864 3105 944 3162 lomi·
999 3109 1047 3178 ris,
1072 3121 1245 3183 generantur,
1269 3111 1306 3168 ita
1319 3113 1452 3186 superari
1471 3113 1522 3171 nisi
1549 3113 1695 3188 utriusque
1709 3115 1800 3173 laboro

692 3232 820 3287 atauus
839 3234 952 3290 GAZAEi
972 3235 1251 3297 commentaturus.

178 3352 190 3377 ⁸
214 3344 270 3412 Qua
294 3339 399 3395 ratione
423 3345 485 3395 octo
514 3337 577 3393 vitia
604 3336 760 3410 principalia
792 3349 937 3422 ponantur,
953 3344 976 3408 (1
992 3357 1054 3413 quae
1067 3346 1268 3417 gastrimargia,
1294 3346 1394 3410 idest,
1420 3348 1490 3418 gulae
1504 3350 1600 3406 vitium
1626 3350 1672 3408 liic
1688 3352 1799 3426 appelle

142 3429 204 3471 cum
219 3416 247 3468 S.
264 3411 413 3483 Gregorius
426 3419 453 3464 et
469 3409 514 3464 alii
529 3409 649 3464 nonnisi
664 3418 768 3481 septem
787 3410 849 3465 vitra
867 3427 940 3482 eapr-

142 3486 205 3539 talia
226 3490 395 3544 enumerent,
408 3483 440 3537 ad
453 3481 500 3536 lili.
516 3496 530 3530 v
554 3479 759 3535 institutionum
772 3481 936 3538 notavimus.

78 3590 81 3595 .
141 3557 210 3610 Nam
221 3563 249 3609 et
265 3554 409 3607 Cassianus
423 3558 486 3606 octo
504 3551 588 3606 libros
600 3550 634 3605 de
652 3551 730 3605 Vitiis
746 3552 938 3622 principalibus

140 3640 187 3681 seu
195 3624 354 3693 capitalibus
362 3622 507 3692 inscripsit,
524 3629 552 3675 et
564 3622 585 3675 si
626 3621 733 3675 uiarum
747 3623 938 3678 tractationem

140 3695 266 3752 distincte
279 3703 306 3749 et
326 3692 462 3765 sigillatim
478 3691 593 3762 propriis
623 3691 688 3746 ibris
702 3692 875 3762 exsequitur,
892 3694 937 3751 ubi

139 3768 222 3822 etiam
242 3768 275 3821 de
288 3764 391 3820 eisdem
416 3762 523 3820 abunde
537 3761 727 3835 egimusque
746 3763 790 3818 hic
815 3775 938 3837 repetere

140 3837 361 3894 loretotiosum.
540 3902 582 3916 ..
633 3905 639 3916 ⁸
700 3904 727 3916 ..
886 3906 892 3918 ·

172 3909 306 3977 iTriplex
336 3904 432 3962 divisio
450 3920 497 3961 scu
520 3905 659 3961 distinctio
682 3915 809 3962 vitrorum
833 3915 935 3977 capita·

138 3981 216 4037 lium.
234 3981 325 4035 Prima
347 3998 352 4032 :
373 3977 422 4032 alia
436 3987 500 4032 sum
519 3977 665 4042 naturalia,
691 3977 743 4032 alia
765 3985 841 4032 extra
860 3987 936 4034 natu·

135 4068 213 4117 ram,
224 4050 343 4107 secunda
355 4071 361 4104 :
375 4048 426 4103 alia
440 4048 568 4115 carnalia,
581 4049 629 4102 alia
648 4047 814 4119 spiritualia,
828 4049 908 4105 tertia
924 4067 932 4104 :

136 4124 263 4195 quadam
287 4123 322 4177 alr
339 4120 453 4175 iuteruis
469 4120 559 4175 causis
578 4118 740 4182 excitantur.
760 4121 886 4191 quaedam
900 4121 934 4177 ab

88 4222 92 4227 ·
136 4194 311 4250 extrinsecis.
329 4192 466 4248 Naturalia
474 4191 602 4246 dicuntur
614 4191 802 4263 gastrimargia
819 4200 847 4246 et
861 4191 935 4248 luxu·

35 4274 37 4277 “
136 4265 186 4331 ria,
207 4273 266 4318 tum
281 4263 343 4332 quia
359 4263 393 4317 ab
409 4263 467 4332 ipso
489 4270 550 4317 ortu
564 4278 597 4317 ex
612 4262 689 4330 primi
704 4263 825 4332 pareatis
839 4262 931 4317 inobe-

135 4334 384 4389 dientiacontracta
396 4340 423 4386 et
436 4334 462 4386 in
477 4342 572 4387 natura
583 4342 675 4386 nostra
691 4333 783 4400 insita,
795 4343 854 4389 tum
869 4333 931 4402 quia

134 4403 169 4459 ad
184 4405 265 4472 ipsius
289 4410 393 4455 naturae
414 4403 649 4455 conservationem
665 4403 792 4464 tendunt,
815 4403 875 4457 lieet
888 4403 931 4456 in-

135 4473 277 4535 ordinate,
299 4485 362 4524 nam
378 4471 438 4539 gula
462 4479 566 4538 spectat
581 4473 813 4527 conversationem
829 4482 935 4531 naturae

136 4546 163 4597 in
188 4540 340 4604 individuo,
361 4539 465 4594 luxuria
489 4556 552 4594 sero
576 4539 602 4593 iu
626 4540 726 4609 specie.
741 4541 841 4596 Eadem
869 4559 934 4600 vero

133 4613 249 4670 carnalia
267 4612 406 4680 dicuutur,
431 4610 493 4682 quia
506 4610 612 4665 actione
631 4618 658 4664 ct
674 4610 853 4667 delectatione
874 4630 932 4671 aar·

133 4685 188 4742 nali
201 4683 385 4754 complentur,
400 4690 430 4737 ut
455 4681 579 4753 sequenti
593 4682 679 4764 capite
699 4681 859 4739 declaratur.

167 4761 179 4790 ⁰
199 4757 254 4813 Sub
271 4756 321 4810 hac
349 4753 543 4825 quadripartita
571 4752 754 4819 distinctione,
778 4755 841 4810 duae
854 4771 933 4828 supe-

131 4828 187 4885 rius
206 4828 312 4897 positae,
331 4825 448 4883 secunda
472 4834 499 4880 et
521 4823 612 4890 tertia,
635 4826 820 4882 continentur.
846 4828 929 4885 Porro

130 4898 274 4956 efficientia
289 4899 342 4951 irae
352 4899 411 4953 loca
424 4914 479 4952 non
490 4912 538 4968 pro
553 4895 674 4952 efficacia
686 4912 734 4952 sau
745 4897 769 4952 vi
781 4895 928 4982 alliciendi,

130 4971 178 5026 sed
205 4984 254 5038 pro
273 4977 335 5021 actu
356 4983 402 5022 seu
426 4968 663 5094 consummatiobne
692 4977 739 5024 aut
759 4979 930 5029 exsecutione

130 5039 870 5182 ³⁰5¹liutitiiti'iititul...,...0....
900 5123 928 5171 a

130 5183 325 5253 proclivitatem
340 5188 444 5235 nutrirat
456 5188 592 5248 corruptae
613 5189 640 5236 et
657 5183 759 5238 uitiatas
771 5185 846 5254 (quae
862 5185 928 5240 alias

128 5253 229 5309 dicitur
244 5252 342 5314 lomes,
357 5251 494 5313 stimulus,
514 5252 625 5305 aculeus
639 5255 765 5323 peccati),
777 5256 927 5324 nonquoad

128 5325 236 5395 culpam
250 5331 277 5376 et
291 5321 440 5376 secundum
456 5337 518 5376 suas
532 5322 646 5391 species.

163 5403 174 5430 ⁶
192 5396 312 5464 ideoque
332 5393 446 5447 carnalia
458 5392 627 5462 appellantur
640 5394 721 5448 etiam
741 5410 756 5449 a
771 5396 803 5447 1).
820 5394 926 5476 Grego-

128 5467 168 5523 rio
192 5466 240 5521 lib.
254 5480 336 5520 xxxx.
357 5464 438 5518 Moru
463 5478 522 5533 cap.
539 5469 584 5529 tt,
606 5464 652 5519 ubi
673 5480 704 5519 ex
730 5473 835 5535 septum
857 5467 927 5523 vitiis

124 5537 285 5608 capitalibus
299 5537 416 5608 quinque
430 5534 497 5589 dicit
515 5551 574 5590 esse
583 5534 741 5603 spiritualia,
754 5544 782 5590 et
791 5534 845 5590 duo
864 5552 925 5593 car-

124 5610 205 5672 nalia,
217 5609 295 5663 videl.
312 5610 411 5662 rcrttris
421 5605 566 5674 ingluviem
578 5615 606 5661 ut
617 5607 761 5663 luxuriam.
778 5608 816 5673 (S.
832 5609 922 5663 Titum.

126 5686 184 5746 t-r,
196 5697 224 5750 q.
237 5684 283 5741 ti,
299 5695 325 5734 a.
337 5681 387 5732 iet
403 5694 429 5746 q.
445 5683 490 5742 ta,
506 5682 560 5731 art.
576 5677 614 5747 5.)
719 5747 724 5759 Ι
782 5749 788 5760 ·

160 5750 315 5807 ‘litteralia
335 5760 443 5820 peccata
460 5747 596 5803 adamica
614 5751 675 5803 Erae
687 5745 738 5801 furt
751 5758 835 5804 elram
851 5765 925 5820 quae-

36 5842 39 5847 ·
128 5823 360 5881 daminordiuata
386 5820 529 5892 cupiditas,
545 5829 571 5874 et
588 5818 724 5891 appetitus
738 5820 812 5892 pomi
838 5824 922 5890 vetiti,

993 3422 1047 3469 tur.
1069 3417 1147 3471 Vidit
1159 3421 1228 3472 enim
1240 3419 1337 3473 mulier
1351 3421 1423 3489 qaod
1441 3421 1537 3476 bonum
1551 3428 1619 3477 esset
1638 3425 1742 3493 liquam
1758 3427 1798 3481 od

991 3487 1157 3549 uescendum,
1174 3490 1361 3557 reputarem
1382 3492 1477 3556 oeulis,
1503 3500 1665 3564 aspccmue
1685 3497 1797 3553 aetate

993 3556 1055 3623 bile,
1075 3562 1100 3611 et
1113 3558 1175 3611 tulit
1187 3560 1220 3612 de
1231 3562 1326 3626 {matu
1341 3562 1407 3631 ejus,
1421 3568 1446 3617 et
1457 3565 1579 3628 comedit,
1597 3566 1727 3636 deditque
1740 3570 1797 3624 uiso

992 3641 1050 3690 suo,
1066 3630 1116 3696 qui
1126 3629 1248 3692 comedit,
1265 3632 1366 3688 Gener.
1388 3648 1435 3688 ιιι.
1458 3639 1577 3690 carnem
1592 3636 1691 3708 quippe
1704 3641 1796 3695 Adam

994 3697 1224 3764 pulchritudinem
1250 3701 1334 3771 pomi,
1349 3710 1376 3757 et
1398 3704 1512 3761 audiens
1530 3721 1563 3762 ex
1587 3722 1669 3763 uxore
1686 3709 1794 3765 suada·

993 3767 1055 3823 simi
1075 3784 1133 3825 esse
1145 3771 1261 3842 saporis,
1283 3788 1360 3827 esum
1383 3774 1442 3843 eius
1456 3776 1612 3833 avidissime
1625 3779 1789 3849 concupivit.
1842 3810 1848 3821 .

993 3840 1095 3895 Verum
1118 3857 1182 3896 curu
1211 3844 1358 3912 apostolus
1384 3845 1475 3902 dicat:
1498 3848 1591 3904 Adam
1615 3866 1664 3906 nou
1686 3854 1727 3905 est
1754 3865 1795 3909 ss·

992 3911 1098 3979 ducitis,
1111 3916 1167 3968 Eua
1179 3921 1269 3970 autem
1284 3915 1395 3972 seducta
1410 3923 1450 3973 est
1463 3922 1486 3984 (l
1503 3923 1572 3975 Tim.
1589 3922 1641 3987 11),
1654 3921 1794 3991 quomodo

994 3981 1037 4037 ltie
1062 3983 1231 4056 significatur
1253 3998 1299 4040 arnt
1321 3989 1482 4059 supponitur
1497 3989 1585 4046 Adam
1616 3990 1698 4048 luisse
1718 3994 1794 4050 dees·

993 4059 1074 4123 ptus?
1097 4055 1252 4126 Respondet
1271 4060 1304 4112 l).
1322 4061 1492 4126 Augrrstinus
1509 4063 1577 4117 libro
1592 4078 1649 4118 xiv
1665 4062 1700 4119 de
1713 4065 1791 4122 Cirit.

992 4124 1079 4194 eapite
1094 4127 1239 4181 undecimo
1262 4129 1352 4194 :Quia
1371 4130 1419 4184 ilio
1431 4132 1502 4201 quod
1515 4135 1541 4187 ei
1559 4149 1669 4204 serpens
1692 4135 1792 4192 locutus

991 4201 1039 4258 est,
1055 4202 1193 4265 tamquam
1201 4213 1293 4252 aarum
1301 4205 1375 4262 esset,
1387 4206 1506 4273 accepit;
1517 4204 1561 4259 ille
1572 4211 1663 4260 autem
1671 4207 1708 4261 ab
1719 4210 1793 4263 aruo

990 4267 1078 4322 uoluit
1095 4271 1224 4323 comestio
1246 4270 1351 4334 dirimi,
1364 4273 1411 4326 sed
1429 4276 1458 4327 in
1473 4279 1656 4332 communione
1675 4280 1792 4348 peccatis

990 4351 1037 4390 nec
1050 4338 1150 4393 idcirco
1159 4343 1248 4394 minus
1261 4357 1332 4403 resa,
1354 4344 1401 4397 sed
1412 4347 1494 4399 sciens
1509 4348 1684 4418 prrtdeasque
1697 4365 1787 4419 pomo·

990 4409 1037 4460 uit.
1058 4409 1133 4462 Unde
1151 4415 1177 4464 et
1196 4412 1339 4480 Apostolus
1350 4429 1402 4468 nou
1421 4418 1462 4469 ait
1476 4435 1485 4470 ε
1500 4419 1559 4474 Noa
1571 4422 1704 4488 peccauit,
1719 4420 1784 4476 sed:

989 4477 1048 4534 Noa
1057 4484 1097 4533 est
1105 4479 1237 4536 seductus.
1252 4485 1321 4540 Num
1333 4487 1425 4554 utique
1434 4489 1524 4556 ipsum
1534 4505 1657 4557 peccasse
1666 4491 1788 4554 ostendit,

988 4549 1038 4602 ubi
1050 4549 1118 4604 aicit
1133 4570 1141 4605 a
1161 4554 1211 4607 Per
1225 4570 1308 4608 aratam
1323 4555 1452 4610 homiaem
1472 4560 1588 4614 intrauit
1610 4568 1751 4630 peccatum
1763 4564 1790 4617 t's

987 4621 1126 4675 mucidum.
1143 4626 1179 4678 Et
1191 4625 1274 4693 paule
1294 4631 1355 4694 post
1376 4630 1498 4697 apertius
1514 4649 1522 4684 ε
1540 4633 1571 4686 ln
1584 4633 1792 4690 amaritudines

986 4695 1218 4758 praeuaricationis
1232 4696 1309 4751 Aac.
1326 4699 1379 4752 llos
1390 4705 1479 4754 autem
1491 4701 1611 4757 seductos
1627 4704 1749 4774 intelligi
1753 4718 1790 4760 tu

988 4762 1048 4824 latit,
1061 4767 1110 4832 qui
1122 4767 1152 4818 in
1166 4767 1237 4834 quod
1248 4768 1365 4834 faciunt,
1386 4786 1439 4824 aare
1449 4776 1550 4840 putant
1570 4789 1624 4828 esse
1633 4783 1788 4844 peccatum

985 4833 1031 4886 ilie
1045 4840 1135 4889 auiam
1146 4839 1234 4891 sciuit.
1250 4841 1286 4893 iit
1299 4839 1366 4907 quid
1377 4856 1444 4910 opus
1455 4847 1494 4897 est
1505 4844 1649 4913 pluribus?
1661 4847 1694 4900 tit
1709 4848 1736 4901 ri
1744 4860 1788 4901 oe

985 4903 1070 4959 deado
1084 4922 1136 4961 stoa
1156 4913 1219 4961 siant
1240 4909 1317 4963 ambo
1333 4911 1445 4981 decepti,
1458 4916 1590 4982 moeotida
1607 4921 1701 4972 ianua
1714 4917 1788 4973 amit

985 4978 1140 5056 captisunt,
1157 4983 1182 5032 ei
1199 4978 1302 5033 diaboli
1322 4980 1425 5051 laqueis
1443 4986 1586 5055 implicati.
1603 4990 1672 5044 liaec
1693 4992 1787 5061 sogu-

984 5053 1083 5102 Sittius.

1019 5125 1033 5160 ⁸
1047 5117 1190 5175 &enindus
1203 5135 1235 5175 ac
1249 5121 1416 5179 novissimus
1432 5124 1519 5181 Adam
1537 5126 1636 5184 dicitur
1650 5128 1785 5195 Christus,

984 5189 1123 5244 1Corintlr.
1143 5207 1157 5240 v
1175 5194 1294 5247 :Factus
1316 5199 1354 5248 esi
1367 5197 1475 5264 primus
1491 5197 1663 5271 domandum
1683 5203 1715 5256 ia
1732 5203 1787 5256 osi·

982 5275 1055 5313 mam
1070 5263 1213 5327 uirentem
1235 5266 1394 5321 excussimus
1406 5267 1497 5322 Adam
1509 5271 1538 5323 ia
1552 5273 1682 5341 spiritum
1700 5273 1786 5342 uiuid-

982 5336 1085 5384 caniem
1124 5333 1228 5387 Primus
1251 5337 1326 5390 itomo
1345 5336 1378 5391 de
1399 5342 1472 5393 terra
1495 5344 1635 5408 terrenum
1658 5343 1787 5400 medat

981 5401 1057 5455 domo
1070 5401 1104 5455 de
1119 5405 1181 5458 caclo
1194 5407 1313 5461 celestis.
1342 5416 1355 5432 “
1446 5438 1454 5452 ·

1017 5466 1030 5503 i
1052 5471 1186 5530 ttucttatio
1209 5485 1236 5530 at
1266 5477 1484 5536 illicitamemum
1503 5480 1577 5538 idem
1596 5481 1673 5554 quod
1691 5484 1787 5544 indta·

979 5549 1141 5608 mentum,a
1158 5547 1240 5601 verbo
1255 5548 1470 5634 mmmmiffl'.
1487 5553 1583 5608 eadem
1600 5570 1666 5611 roes
1687 5570 1788 5615 rursus

979 5617 1788 5760 au.l.,iul¹stat'ttlltittiuitla”tius

979 5764 1007 5810 et
1032 5761 1215 5829 surgeresliune,
1229 5761 1335 5818 dicente
1356 5763 1467 5820 diabolo
1489 5787 1495 5822 :
1521 5767 1554 5823 St'
1570 5768 1658 5827 Filius
1679 5773 1732 5829 liet
1749 5785 1790 5833 fl.

978 5827 1022 5881 dri:
1036 5833 1067 5883 ut
1087 5829 1190 5900 lapides
1206 5834 1255 5889 isti
1265 5850 1349 5906 panes
1361 5840 1431 5907 pout
1441 5839 1549 5906 (Mettis.
1566 5839 1619 5911 tv).
