3848 6158
127 258 177 310 iol
668 247 809 304 lomariis
827 245 981 302 cassidili
998 241 1243 301 cottrttlobas.
1458 239 1461 242 ’
1732 243 1784 298 tuit

126 386 202 436 erant
210 370 318 434 talionis
328 375 483 448 aequalitate
492 373 606 448 injurias
622 371 746 444 proprias
763 369 868 436 ulcisci,
884 370 931 428 sed
946 376 971 437 Α
985 371 1056 424 sicut
1075 370 1127 431 luc,
1147 365 1248 439 inquit,
1275 365 1393 421 mulsisti
1415 379 1466 432 me,
1482 368 1508 420 et
1521 366 1671 434 coaqrrlnsti
1687 380 1730 420 me
1755 373 1787 423 ut

128 471 240 528 lethales
259 470 348 527 calces
372 468 537 524 aetolorum
555 466 665 521 vulnera
680 480 729 537 pro
744 464 821 536 alapa
847 464 928 522 levis-
982 479 1096 526 caseum,
1123 462 1226 516 ossibus
1241 462 1268 515 et
1293 460 1381 514 nemis
1405 458 1543 513 inseruisti
1571 475 1614 514 me
1644 459 1714 530 (lob.
1729 463 1787 527 xli

126 566 198 622 sima
215 563 416 638 rependebant,
431 568 459 616 et
479 575 528 632 pro
548 574 602 615 uno
615 557 698 614 dente
718 559 926 629 percutientium
982 558 1016 612 Et
1028 555 1163 611 Dominus
1186 553 1378 612 adieremiam
1396 573 1403 609 z
1420 557 1582 625 Priusquam
1600 558 1624 608 te
1639 555 1788 620 renuerem

127 657 232 715 animas
244 653 416 726 expetebant.
430 651 484 707 Sed
496 665 547 707 nec
556 649 719 721 dieipoterat
731 651 801 707 illis:
815 654 928 722 biliqite
980 654 1011 706 iu
1025 655 1110 713 utero,
1125 651 1188 705 noui
1198 655 1223 705 te
1233 650 1376 722 (Jeremn).
1389 649 1563 705 Ecclesiastes
1573 662 1637 703 sero
1646 648 1788 722 utriusque

128 752 249 806 inimicos
267 752 367 803 vestros
377 747 485 813 (Metti.
498 743 569 816 v),in
584 744 686 816 quibus
698 760 812 818 mugnus
825 745 928 803 iruetus
981 742 1140 801 substantiae
1159 750 1286 800 naturam
1302 752 1384 814 atque
1409 742 1564 815 originem,
1582 740 1787 800 examinatione

127 851 155 900 et
173 842 276 898 utilitas
288 838 449 902 ducebatur,
462 846 492 894 ut
506 837 609 894 amicos
627 853 693 895 suos
708 837 861 909 diligerent,
886 838 929 895 de
982 847 1059 895 uitus
1070 845 1152 910 atque
1163 837 1248 904 initii,
1262 852 1294 893 ex
1312 852 1367 909 quo
1394 836 1518 893 videlicet
1533 851 1706 910 unaquaeque
1721 852 1786 910 pro-

127 934 261 992 clinarent
273 931 385 1001 veroab
399 930 528 1000 inimicis,
548 939 575 987 et
593 931 652 988 solo
666 930 702 987 ab
715 932 755 988 eis
775 931 840 988 odio
856 932 929 989 desi-
982 930 1073 997 cessit,
1096 937 1124 986 et
1146 929 1364 987 consideratione
1377 929 1440 985 linis
1462 928 1498 985 ad
1516 943 1597 1002 quem
1613 943 1789 1002 unaquaeque

128 1037 301 1113 nerent,.nec
310 1025 465 1101 opprimere
477 1026 537 1082 illos
549 1035 576 1082 et
591 1026 744 1083 interficere
757 1024 927 1084 festinarent.
982 1023 1133 1091 contendit,
1158 1023 1223 1080 satis
1254 1022 1393 1080 evidenter
1411 1037 1457 1109 ¹ao
1490 1022 1596 1095 proprie
1632 1022 1786 1096 colligens,

414 1131 535 1188 CAPUT
552 1131 643 1186 xxv,
983 1117 1138 1191 pariterque
1158 1115 1330 1189 decerperis
1356 1115 1437 1189 hujus
1458 1123 1540 1188 atque
1561 1115 1788 1188 animassepara·

131 1232 266 1301 musa
280 1229 534 1299 interimeremur
548 1228 930 1299 emeinnsmqnauaeur
982 1211 1057 1268 sone
1065 1211 1219 1284 assumus,
1230 1211 1268 1267 m
1278 1211 1403 1293 disserit:
1428 1213 1590 1281 namnum
1613 1218 1789 1268 essemus

182 1303 216 1359 de
229 1303 345 1365 durboio,
361 1302 428 1372 queis
455 1299 575 1355 meumes
592 1306 643 1368 est,
668 1305 693 1356 el
710 1306 790 1372 peter
806 1299 873 1371 ejus.
980 1308 1072 1378 puluis
1085 1309 1228 1362 interram
1243 1308 1312 1362 sieut
1325 1306 1396 1374 sud,
1412 1307 1567 1375 etspiritus
1584 1308 1790 1364 reuertaturud

165 1403 235 1460 illud
254 1418 318 1460 vero
339 1400 412 1475 quod
439 1416 486 1458 vos
501 1399 535 1458 de
551 1399 660 1458 diabolo
679 1404 840 1470 moverat·
863 1407 930 1475 quio
983 1405 1067 1458 bmm
1079 1399 1281 1471 quidediteum
1297 1396 1552 1470 (Eccles.xrrl.Quid
1563 1399 1688 1470 apertius
1700 1399 1791 1472 potuit

128 1499 247 1555 meudun
262 1501 311 1566 est,
331 1501 357 1552 et
367 1501 448 1568 puter
468 1495 537 1566 rjais,
556 1494 631 1567 quod
652 1493 777 1553 videlicet
792 1504 851 1552 tam
873 1497 930 1570 ipse
982 1493 1082 1562 disere,
1105 1508 1190 1565 quam
1213 1501 1244 1551 ut
1264 1493 1409 1550 materiam
1431 1492 1532 1560 sarab,
1549 1507 1632 1565 quam
1647 1492 1790 1566 pulverem

128 1607 211 1663 quam
238 1599 316 1662 pater
344 1605 411 1646 suus
437 1588 553 1645 mendax
575 1588 745 1662 pronuntiari
769 1589 930 1649 rideatura
983 1588 1145 1657 nominavit,
1170 1586 1234 1659 quia
1259 1585 1294 1644 de
1318 1585 1435 1643 bominis
1464 1586 1567 1643 semine
1584 1587 1674 1643 sumit
1706 1602 1792 1645 exor-

130 1682 251 1738 Domino
263 1682 435 1753 (incessit),
450 1680 517 1738 satis
530 1681 682 1738 absurdum
702 1689 744 1738 est
765 1682 817 1739 boc
833 1683 873 1740 vel
891 1683 929 1739 le·
983 1683 1072 1752 dium,
1092 1682 1205 1755 ejusque
1222 1680 1328 1739 ridetur
1343 1681 1496 1738 ministerio
1509 1682 1657 1751 seminari,
1679 1681 1756 1739 velut
1775 1696 1795 1740 e

131 1775 198 1831 viter
218 1775 332 1847 opinari.
348 1777 389 1833 Ut
415 1774 489 1830 euim
510 1773 591 1847 paulo
605 1783 671 1831 ante
697 1775 833 1845 diximus,
855 1775 932 1850 spiri·
946 1773 970 1835 B
986 1784 1057 1834 terra
1079 1783 1229 1847 sumptam,
1244 1775 1346 1831 ilerum
1360 1775 1461 1832 reverti
1472 1775 1657 1846 pronuntiaret
1669 1773 1707 1831 ad
1726 1783 1790 1832 ter·

128 1879 174 1927 tus
197 1869 320 1941 spiritum
338 1885 394 1925 non
409 1875 538 1941 generat,
560 1867 632 1925 sicut
654 1884 705 1925 nec
721 1870 845 1926 animam
868 1859 950 1943 qui?
985 1885 1062 1937 ram;
1081 1867 1209 1942 spirltum
1232 1883 1312 1937 sero,
1338 1867 1385 1941 qui
1408 1884 1464 1924 non
1486 1882 1533 1940 per
1551 1866 1790 1924 commixtionem

127 1965 189 2022 dem
204 1972 295 2035 potest
307 1964 398 2020 aiiima
412 1979 569 2036 procreare,
582 1963 645 2021 licet
658 1963 862 2020 concretionem
878 1979 933 2021 ear-
985 1978 1067 2020 sexus
1090 1961 1228 2034 utriusque
1251 1970 1423 2035 procreatur,
1446 1959 1495 2018 sed
1516 1961 1667 2034 specialiter
1692 1976 1711 2018 a
1726 1962 1793 2017 Deo

128 2058 171 2114 nis
183 2057 406 2114 nondubitemus
420 2056 543 2113 humano
555 2057 661 2114 semine
675 2056 835 2127 coalescere
850 2057 887 2114 ita
897 2056 932 2114 de
986 2054 1045 2112 solo
1068 2053 1210 2120 tribuitur,
1238 2052 1273 2110 ai
1287 2062 1429 2111 auctorem
1453 2068 1536 2110 suum
1554 2051 1643 2110 redire
1670 2052 1766 2125 signat
1781 2055 1794 2108 i

131 2161 248 2223 utraque
275 2149 437 2219 substantia,
458 2149 486 2206 id
510 2157 561 2217 est,
588 2151 677 2207 carnis
693 2159 722 2209 et
738 2151 850 2221 anima,
868 2167 930 2225 quae
985 2148 1066 2219 Quod
1093 2136 1202 2205 etiamd
1235 2162 1285 2220 per
1307 2146 1381 2203 illam
1415 2147 1467 2203 Dei
1486 2145 1713 2214 insufflationem,
1739 2162 1794 2219 qua

130 2243 175 2298 cui
200 2242 352 2299 ascribatur
375 2242 491 2312 auctori,
502 2243 646 2314 {apostolo
656 2241 826 2302 manifestius
839 2244 931 2303 disun-
984 2242 1075 2299 Adam
1103 2241 1230 2313 primitus
1252 2241 1465 2308 aniniaiitfflm.
1482 2240 1669 2313 abscidentes
1698 2240 1795 2312 expri-

132 2342 242 2407 gueute.
267 2334 365 2390 Deinde
375 2339 479 2405 patres,
493 2334 590 2407 inquit,
611 2337 700 2392 curuis
713 2342 812 2393 nostrie
830 2339 931 2394 imbui·
985 2336 1079 2391 mitur.
1100 2337 1196 2407 itaque
1216 2332 1259 2391 his
1273 2333 1437 2391 testimoniis
1453 2333 1597 2390 manileste
1614 2333 1791 2405 colligimus,

131 2444 190 2484 mus
213 2428 380 2494 eruditores,
405 2431 431 2483 et
450 2430 644 2495 reverebamur,
658 2446 712 2486 eon
737 2433 822 2487 multo
842 2435 930 2504 meqis
980 2407 1090 2502 patrem
1110 2427 1254 2498 spirituum
1275 2427 1414 2483 neminem
1436 2426 1489 2485 dici
1514 2442 1595 2499 posse
1617 2427 1672 2485 nisi
1696 2429 1793 2485 Deum

132 2522 719 2592 subjiciemurpnlrispirituumelvivemus
741 2522 832 2595 (debr.
849 2524 930 2596 xiil?
983 2522 1085 2589 solum,
1110 2519 1157 2592 qui
1182 2534 1230 2577 eos
1257 2535 1291 2575 ex
1316 2519 1416 2587 nihilo,
1442 2535 1506 2576 cum
1537 2521 1676 2590 voluerit,
1703 2517 1793 2590 iacit3

130 2613 202 2683 Quid
222 2613 273 2669 bac
286 2612 418 2670 divisione
432 2613 532 2672 elarius
547 2614 633 2687 potuit
647 2614 770 2685 definire,
793 2627 825 2674 ut
842 2617 932 2676 earnis
985 2610 1114 2668 homines
1134 2626 1198 2667 vero
1224 2608 1325 2668 earnis·
1338 2620 1440 2668 nostra
1469 2618 1560 2683 patres
1592 2611 1793 2670 tantummodo

132 2707 243 2779 quidem
258 2716 360 2764 nostra
378 2716 468 2780 patres
491 2707 615 2766 homines
629 2711 830 2783 pronuntiaret,
843 2713 857 2748 l
870 2712 932 2769 ani-
984 2705 1131 2764 uominari.
1157 2706 1252 2777 ltaque
1270 2713 1297 2762 et
1319 2703 1442 2762 diabolus
1460 2704 1614 2763 seeundum
1640 2705 1697 2763 boc
1717 2705 1794 2780 quod

133 2818 241 2858 marum
261 2818 326 2859 vero
346 2803 536 2860 beumsoium
553 2818 612 2860 esse
634 2814 742 2877 patrem
769 2813 931 2865 constanter
985 2800 1027 2857 sel
1051 2800 1164 2873 spirtius
1178 2801 1219 2856 vel
1243 2799 1356 2873 angelus
1377 2799 1464 2857 bonus
1483 2808 1593 2857 creatus
1608 2809 1662 2869 ssi,
1685 2810 1794 2874 patrem

130 2898 317 2970 exprimeret?
345 2898 518 2969 Quamquam
535 2906 562 2954 et
585 2897 684 2971 inipso
706 2901 830 2972 eorporis
849 2898 931 2971 hujus
983 2893 1123 2950 neminem
1141 2891 1239 2949 babuit
1260 2891 1312 2948 nisi
1327 2895 1418 2948 Deum
1431 2891 1607 2950 conditorem
1626 2908 1719 2950 suum.
1735 2894 1793 2966 Qui

131 2991 304 3078 concretione
319 2999 330 3027 ⁰
343 2990 524 3047 ministerium
543 2991 738 3047 tantummodo
764 2990 871 3049 homini
895 2992 931 3049 sit
984 2983 1399 3058 cumsuperbiaiuissetelatus,
1418 2994 1445 3042 et
1460 2985 1574 3043 dixisset
1585 2986 1712 3045 incorde
1728 3002 1793 3060 suo,

129 3083 334 3153 ascribendum,
358 3098 467 3139 summa
495 3097 557 3137 vero
589 3082 753 3140 conditionis
776 3084 834 3141 Deo
866 3101 930 3142 om-
985 3081 1137 3140 dscendnm
1161 3095 1243 3151 super
1269 3079 1443 3136 altitudinem
1466 3082 1591 3147 arabium,
1620 3099 1668 3138 ero
1693 3083 1793 3139 similis

130 3178 208 3235 nium
220 3177 345 3245 creatori,
355 3176 461 3234 dicente
467 3174 551 3231 David
564 3195 571 3231 :
584 3178 682 3234 Munus
689 3168 743 3233 lure
753 3179 873 3247 lecerunt
890 3198 931 3238 me
946 3156 969 3220 C
984 3178 1125 3234 ditissimo
1139 3176 1231 3243 (isaie
1241 3178 1318 3242 xiv),
1333 3173 1421 3231 iaetus
1439 3184 1480 3232 est
1492 3175 1621 3245 mendax,
1638 3181 1665 3232 et
1674 3179 1703 3232 iu
1716 3178 1792 3233 ceri·

132 3275 157 3325 el
165 3272 486 3342 plasmauerunlmelPs.
495 3273 602 3339 cxviii).
613 3270 648 3326 Et
661 3270 824 3337 beatusJob,
839 3276 933 3331 Nonne
986 3277 1041 3329 tote
1061 3287 1114 3327 aon
1135 3272 1220 3333 stetit,
1244 3267 1292 3326 sed
1313 3269 1347 3326 de
1369 3271 1481 3342 proprio
1504 3271 1635 3344 nequitiae
1658 3271 1793 3330 thesauro

684 3373 811 3429 attam
831 3375 943 3447 GAZAEI
963 3369 1244 3431 COMMENTARlUS.

130 3468 162 3522 id
175 3467 367 3540 quodsopitum
378 3473 437 3524 erut
446 3471 506 3524 ltine
512 3471 707 3540 comederetur,
717 3472 763 3528 sed
773 3489 805 3527 rie
821 3472 851 3526 id
862 3473 933 3554 qiud
985 3472 1005 3533 ἶ
1021 3472 1034 3506 ¹²
1057 3468 1169 3524 Animas
1178 3468 1325 3524 rationales
1339 3483 1354 3522 a
1367 3469 1425 3524 solo
1443 3471 1500 3524 [leo
1512 3470 1611 3535 creari,
1622 3478 1649 3525 et
1661 3470 1793 3527 humanis

132 3538 247 3590 ardebat
267 3540 556 3605 ultrueeterideretur3
568 3544 694 3610 impositu
719 3548 758 3597 est
777 3546 846 3597 enim
855 3548 934 3612 juste
987 3538 1148 3613 corporibus
1167 3539 1196 3593 in
1222 3538 1280 3608 ipso
1305 3541 1489 3603 generationis
1509 3550 1653 3597 momento
1670 3540 1792 3608 inlundi,

130 3605 259 3665 uiridicto,
275 3624 335 3673 qma
350 3609 426 3675 juste
437 3610 548 3664 debetur
557 3613 847 3679 sugqutpussussmrir
859 3615 931 3682 iuju-
988 3624 1075 3680 enque
1100 3609 1204 3665 ratione
1227 3612 1314 3664 lleum
1341 3610 1394 3665 diei
1423 3619 1528 3682 patrem
1552 3611 1712 3681 spirituum,
1743 3628 1793 3669 sen

135 3677 219 3729 rium.
237 3676 312 3741 erod
327 3682 417 3731 aulem
432 3677 552 3744 debetur,
573 3682 625 3734 etsi
645 3681 755 3749 benique
767 3684 928 3746 remittitur,
983 3683 1151 3745 animarum,
1178 3678 1298 3744 doceat,
1314 3689 1413 3750 praeter
1438 3681 1512 3737 bunc
1535 3682 1675 3748 Serenum,
1701 3684 1792 3740 etiam

132 3749 281 3801 rroutnmen
292 3749 383 3816 inique
393 3750 534 3818 repetitur.
547 3750 929 3823 ltabugustinns.Qnaeratio
983 3753 1027 3809 alii
1044 3755 1135 3805 Patres
1146 3750 1223 3805 illum
1236 3749 1328 3804 locum
1343 3753 1468 3820 Apostoli
1484 3752 1699 3825 interpretantes.
1715 3753 1792 3810 Vide

132 3817 213 3873 docet
225 3820 240 3873 J
244 3817 347 3884 oderes,
359 3817 467 3875 talionis
480 3820 633 3900 aequalitate
645 3821 757 3877 minime
774 3831 928 3892 contentos
982 3825 1012 3881 S.
1035 3821 1172 3878 Tbomam
1184 3821 1213 3875 in
1226 3823 1436 3878 eontinentario.

136 3896 167 3944 ut
181 3887 224 3945 hie
246 3887 359 3960 dicitur,
376 3900 499 3962 acceptas
516 3892 629 3964 injmias
653 3893 823 3963 gravioribus
848 3895 937 3964 poetiis
1024 3897 1037 3926 ⁰
1054 3896 1116 3950 Non
1129 3898 1223 3948 tamen
1240 3899 1272 3946 ut
1283 3891 1400 3965 simplici
1416 3895 1609 3960 instrumento,
1620 3892 1669 3950 sed
1683 3901 1793 3952 utente

133 3974 206 4030 saepe
222 3960 380 4029 vindicasse,
396 3971 423 4018 et
438 3978 487 4034 pro
500 3961 576 4035 alapa
592 3962 728 4019 levissima
750 3963 861 4020 lethales
881 3965 936 4021 cal·
988 3981 1026 4023 sae
1040 3961 1213 4036 particulari,
1232 3960 1317 4018 homo
1345 3966 1419 4020 enim
1440 3965 1581 4022 bominem
1609 3973 1732 4037 generat,
1765 3975 1793 4022 et

134 4047 190 4099 ces,
219 4030 312 4100 idest,
334 4033 434 4105 pedum
449 4034 519 4103 ictus
538 4048 633 4107 graves
656 4043 684 4090 et
705 4035 881 4106 periculosos,
907 4045 934 4093 et
987 4034 1203 4105 miserandum
1225 4033 1498 4104 Philosophum3sed
1513 4045 1644 4094 utcausae
1662 4037 1792 4095 secundos

134 4104 254 4159 telorum
276 4105 398 4168 vulsiera,
414 4104 439 4161 id
450 4113 504 4172 est,
515 4123 564 4179 pro
583 4105 707 4161 minimis
721 4107 827 4179 injuriis
842 4109 934 4163 maxi·
987 4119 1015 4165 et
1033 4105 1213 4174 secundariae,
1235 4106 1309 4162 Deus
1322 4115 1415 4162 autem
1429 4116 1458 4163 ut
1476 4108 1566 4180 prima
1584 4117 1611 4164 et
1630 4107 1792 4166 universate

134 4189 194 4229 mas
209 4176 373 4245 rependisse.
384 4179 471 4232 Porro
483 4176 553 4234 banc
568 4176 674 4233 talionis
684 4177 770 4250 legem
781 4220 788 4244 ,
801 4186 848 4234 aut
859 4187 931 4236 certe
987 4195 1078 4236 caiisa.

137 4260 248 4313 pravam
262 4247 320 4317 ejus
332 4247 585 4320 interpretationem
601 4249 710 4306 sustulit
722 4249 844 4306 Christus
856 4251 930 4307 blnt—
1020 4239 1034 4282 d
1048 4249 1200 4318 inspirarit
1213 4250 1284 4303 enim
1298 4251 1327 4303 ie
1346 4251 1443 4316 semem
1456 4251 1514 4320 ejus
1528 4253 1699 4321 spiraculum
1712 4254 1789 4314 sitm

135 4314 199 4370 tbaei
228 4329 255 4383 v,
276 4325 303 4371 et
331 4333 380 4383 pro
395 4334 425 4372 ea
449 4319 639 4388 perluetiorem
664 4319 813 4387 eharitatis,
830 4320 932 4377 miseri·
985 4327 1010 4378 et
1022 4325 1109 4388 summis
1118 4324 1157 4374 est
1168 4320 1243 4374 bomo
1255 4321 1284 4373 ia
1294 4323 1415 4375 animem
1427 4323 1558 4378 uiuentem
1570 4323 1667 4392 (denes
1679 4320 1789 4449 itqllbi

135 4386 237 4464 cordiae
261 4394 289 4439 et
303 4387 437 4454 patientiae
455 4390 542 4456 legem
565 4388 679 4452 indixit,
696 4405 749 4461 qua
763 4405 820 4446 non
842 4390 932 4447 solum
986 4407 1034 4475 per
1060 4388 1227 4461 spiraculum
1241 4389 1304 4447 vitm
1318 4392 1479 4464 intelligitur
1492 4393 1593 4457 anima,
1622 4395 1699 4450 simu
1727 4407 1791 4452 cum
1831 4446 1844 4469 ,

135 4453 229 4532 docuit
256 4469 318 4533 nos·
336 4471 392 4534 non
406 4464 531 4578 expetere
556 4459 722 4526 vindictam,
737 4475 831 4515 serum
848 4460 932 4519 etiam
987 4478 1045 4533 ipsa
1057 4458 1462 4532 productioneseu‚iormatione
1472 4464 1620 4534 corporisa
1632 4468 1694 4522 Deo
1705 4465 1789 4537 inspi-

136 4530 268 4593 patienter
282 4539 394 4648 iqqurias
413 4533 548 4607 tuerere,
572 4543 622 4582 nec
635 4530 752 4584 tolerare
772 4531 866 4598 modo,
885 4531 933 4588 sed
988 4542 1047 4590 rata
1059 4540 1087 4587 et
1099 4529 1199 4587 inlusa.
1211 4531 1305 4588 blonet
1321 4542 1412 4590 tamen
1423 4535 1451 4591 S.
1460 4535 1582 4591 Tbomas
1593 4538 1790 4606 inserueram

135 4601 241 4665 optate,
256 4600 283 4676 et
314 4609 374 4649 eus
388 4595 513 4666 gloriarm
529 4597 646 4665 denique
660 4601 820 4668 percutienti
837 4617 887 4657 nos
907 4603 933 4657 in
989 4621 1044 4660 esse
1056 4602 1243 4673 accipiendum
1257 4606 1434 4675 corporaliter
1442 4624 1451 4672 ;
1473 4606 1519 4661 sed
1532 4607 1605 4661 idem
1619 4613 1672 4671 est,
1694 4609 1722 4663 in
1759 4606 1766 4618 '

137 4681 190 4720 una
211 4665 331 4732 maxilla,
350 4664 462 4722 alteram
487 4670 608 4740 praebere
620 4685 628 4734 ς
643 4668 745 4726 volenti
768 4670 847 4727 nobis
861 4674 935 4728 tuni·
989 4677 1132 4746 inspirare,
1144 4674 1216 4743 quod
1229 4676 1358 4745 spiritum
1366 4677 1467 4745 tacere.
1479 4679 1564 4734 Porro
1575 4679 1689 4735 blovset
1700 4613 1790 4734 roffi

135 4752 196 4793 cam
220 4736 326 4803 tollere,
337 4738 420 4821 etiam
441 4740 550 4808 pallium
564 4739 724 4822 relinquere.
948 4747 1142 4831 Dsigirilrcare
1164 4741 1340 4803 'creationem
1367 4747 1466 4803 animae
1496 4737 1651 4812 rationali's,
1680 4748 1790 4821 eiusque

169 4809 267 4890 “Haec
291 4810 376 4866 altera
390 4810 537 4869 dillicultas
551 4827 674 4881 superius
688 4812 851 4870 aGermaao
866 4830 932 4898 pro·
989 4817 1154 4874 inlusionem
1180 4817 1208 4873 in
1239 4832 1338 4900 corpus
1372 4818 1483 4885 Adami,
1517 4834 1584 4876 usus
1602 4828 1646 4876 est
1660 4818 1789 4878 vocabalo

135 4888 333 4958 positaequam
345 4881 441 4939 eodem
454 4882 511 4941 fere
520 4882 604 4940 modo
618 4883 700 4940 solvit
710 4886 746 4940 D.
764 4891 933 4958 Augustinus
987 4886 1179 4959 inspirationis,
1204 4887 1261 4945 sive
1290 4888 1501 4958 insufflationis,
1528 4889 1625 4964 triplici
1653 4892 1788 4948 ratione.-

135 4948 209 5032 quod
224 4948 358 5006 brcabbas
370 4952 488 5033 §eronus
502 4975 508 5010 :
522 4960 552 5013 ln
563 4957 604 5010 bis
617 4956 716 5021 uer-bis,
732 4957 820 5029 inquit
832 4958 930 5029 (Tenet.
990 4964 1018 5014 1⁰
1051 4957 1175 5031 quidem,
1201 4968 1232 5016 ut
1253 4959 1343 5031 placet
1367 4960 1554 5029 Theodoreto,
1579 4977 1634 5033 quo
1660 4959 1786 5042 inedies

135 5025 170 5073 24
183 5035 213 5073 m
224 5018 441 5104 lecequdum
451 5026 589 5080 embolum
597 5030 761 5095 putauerunt
775 5030 871 5086 babere
882 5046 933 5102 pe-
986 5039 1031 5086 tur
1051 5038 1109 5086 tam
1128 5030 1236 5087 facilem
1251 5035 1308 5087 Deo
1322 5031 1488 5088 creationem
1501 5048 1560 5089 esse
1583 5033 1687 5091 animae
1704 5038 1782 5088 retro·

135 5095 214 5154 lrern,
225 5095 250 5146 et
269 5098 433 5175 quesierunt
459 5099 520 5165 quis
533 5102 599 5178 esset
623 5098 824 5170 embolissim
835 5105 884 5158 Hic
894 5104 933 5158 est
986 5101 1056 5158 nalis
1080 5117 1165 5172 quam
1178 5101 1253 5158 lacile
1267 5103 1420 5160 estbomlni
1429 5104 1525 5159 ilatum
1540 5118 1574 5160 ex
1588 5120 1636 5159 ore
1650 5118 1700 5162 suo
1709 5101 1785 5159 emit·

133 5178 218 5218 error.
238 5163 458 5221 Mnrreclueorum.
474 5168 533 5223 Nou
545 5181 615 5221 mam
629 5172 714 5226 omnis
731 5175 782 5241 qui
793 5175 931 5236 mentitur,
987 5179 1046 5229 tere
1056 5191 1064 5238 3
1075 5177 1106 5226 2⁰
1119 5173 1219 5230 atinde
1230 5173 1549 5246 colligeremusanimam
1560 5176 1726 5232 rationalem
1734 5188 1790 5231 non

42 5296 54 5305 ·
132 5235 402 5302 putermmdaeiisui
411 5238 577 5292 eslzsieuim
589 5239 681 5295 niolio
688 5242 933 5298 mmdassumaere
986 5243 1063 5300 educi
1078 5243 1113 5300 de
1125 5246 1245 5312 potentia
1258 5245 1390 5312 materiae,
1406 5255 1437 5302 ut
1453 5247 1553 5302 animae
1567 5247 1725 5312 brutorum,
1742 5243 1791 5302 sed

131 5304 934 5381 pisiietdieisti,tuquidemmentiluses,sedputermeudneii
987 5316 1155 5370 extrinsecus
1182 5315 1317 5385 aduenire,
1344 5324 1438 5388 utpote
1470 5331 1486 5372 a
1521 5321 1578 5374 Deo
1609 5325 1733 5375 creatam
1756 5330 1790 5373 ex

136 5388 188 5427 uon
199 5387 235 5428 es.
251 5376 301 5430 ille
310 5390 372 5457 uero
384 5379 448 5446 quin
458 5394 509 5434 non
522 5380 633 5436 aliunde
643 5384 743 5452 occepit
753 5383 931 5446 mmmumum,
986 5383 1082 5453 nihilo,
1095 5384 1214 5456 ideoque
1228 5386 1438 5444 immaterialem
1452 5396 1480 5444 et
1500 5389 1689 5446 immortalem
1707 5400 1789 5450 esset

135 5447 330 5512 quemeudueio
337 5451 474 5518 tamquam
481 5466 578 5506 renerio
585 5467 693 5522 semesis
700 5454 830 5507 bominem
839 5455 934 5510 occide
987 5461 1017 5510 3⁰
1032 5463 1062 5510 ut
1087 5456 1255 5528 significaret
1265 5458 1385 5515 mutam
1399 5458 1483 5516 simul
1496 5461 1583 5517 creari
1598 5469 1625 5516 et
1640 5456 1749 5517 infundi
1760 5457 1793 5515 in

136 5521 185 5577 ret,
199 5522 279 5584 puter
290 5522 328 5599 esi
342 5520 484 5586 mendosi,
496 5524 780 5594 simitberrspoterest
795 5527 930 5582 ueritatis.
987 5542 1096 5599 corpus.
1121 5529 1192 5585 beus
1205 5529 1277 5586 enim
1291 5529 1410 5587 creando
1425 5545 1486 5587 cam
1498 5529 1636 5598 infundit,
1650 5539 1681 5588 et
1697 5527 1794 5587 inlun-

137 5586 366 5671 ltaAugustinus.
376 5592 479 5672 Exque
491 5592 665 5666 intelligimus
678 5593 819 5650 diabolum
828 5594 879 5652 diei
890 5613 933 5679 pa·
987 5597 1077 5655 dendo
1111 5609 1196 5667 creat,
1223 5600 1320 5657 eodem
1352 5609 1455 5675 puncto
1484 5602 1630 5675 temporis,
1665 5600 1794 5675 quamsit

136 5664 206 5710 trem
219 5658 364 5726 mendacii,
376 5676 440 5732 quia
462 5664 569 5734 primus
583 5672 677 5720 auctor
688 5672 716 5720 et
731 5664 855 5721 inuentor
875 5682 933 5737 rjus
987 5669 1084 5726 ordine
1098 5680 1204 5728 naturae
1217 5671 1291 5743 prius
1301 5671 1338 5728 sit
1350 5673 1472 5730 animam
1484 5672 1570 5732 creari
1584 5688 1672 5746 quam
1684 5670 1792 5733 infun&

134 5724 466 5872 fgfffijteffissffl⁰d⁰
487 5734 553 5790 illud
567 5735 681 5806 peperit,
697 5742 728 5791 ut
748 5737 841 5793 Patres
853 5752 932 5795 eom·
987 5741 1071 5809 (l‘rile
1088 5745 1225 5799 Persi-ium
1241 5759 1345 5801 seeum
1364 5745 1477 5814 locum).
