3848 6158
127 272 195 328 litt

620 261 625 271 ·
672 256 813 315 romnis
831 234 983 312 dissilui
1000 253 1245 313 comanensis.

1721 254 1789 309 lala

127 394 230 464 tiquata
244 392 439 450 contemnant,
458 382 525 440 illud
548 380 622 454 quod
641 382 792 454 Apostolus
807 395 927 438 exsecra-
942 380 970 445 Α
984 378 1094 452 quidem
1124 380 1277 438 emtionem
1294 391 1455 450 consurgere
1485 373 1657 432 fiducialiter
1685 376 1789 434 audea-

127 495 173 543 tur
186 485 266 541 notia
286 481 413 538 libertate
427 477 549 535 dicentes
569 476 771 540 :Peccobi'miie
792 477 859 546 quio
876 489 929 529 nori

129 595 221 637 sumus
243 577 293 633 sub
310 577 375 644 leqe,
391 573 439 628 sed
460 572 617 639 sideratio
637 568 722 640 (hom.
739 573 793 636 vr).
805 567 858 637 Qui
866 580 932 638 ergo

986 490 1059 531 mus.

1245 566 1363 623 CAPUT
1382 563 1520 620 XXXVl.

126 689 177 731 nec
190 671 240 728 sub
260 667 345 742 maha
362 673 416 737 est,
430 663 492 736 quia
515 676 690 735 nequaquam
713 658 750 718 ad
775 659 931 717 Dominicae
984 665 1138 736 Responsio,
1150 666 1222 736 quod
1235 663 1411 735 iacquustio
1420 663 1527 743 sutura
1540 657 1790 716 Coliotioiii'dedcct

129 764 264 823 doetrinae
278 760 388 817 culmen
405 755 529 813 ascendit
541 776 550 824 ς
561 769 612 811 nec
625 753 677 810 sub
688 753 759 825 lege,
771 751 835 823 quia
848 750 931 806 etiam

130 853 187 925 ipsa
201 850 245 906 illa
259 847 371 922 parvula
385 845 454 918 legis
468 843 595 901 mandata
608 857 666 899 non
678 841 805 913 suscipit,
819 839 865 896 bic
879 838 931 897 du-

133 945 196 1019 plici
221 948 398 1015 peccatorum
421 953 566 1011 oppressus
580 934 713 1008 imperio,
728 933 765 990 ob
779 933 832 989 hoc
844 932 933 990 solum

134 1037 250 1109 gratiam
269 1033 369 1091 Christi
386 1032 538 1106 percepisse
552 1046 582 1088 se
596 1029 698 1097 eredit,
715 1036 745 1085 ut
761 1027 933 1101 pernoxiam

134 1131 288 1188 libertatern
314 1127 349 1184 ali
370 1142 403 1184 eo
424 1127 501 1183 lieret
523 1125 645 1193 alienus,
669 1123 696 1179 in
716 1121 783 1178 illud
809 1119 934 1177 incidens

132 1224 207 1297 quod
227 1222 367 1295 apostolus
394 1224 490 1275 Petrus
518 1232 552 1273 ne
576 1217 747 1273 incurramus
773 1213 898 1270 enuntiat
926 1233 932 1268 :

135 1321 219 1387 Quasi
235 1318 323 1378 liberi,
339 1314 436 1385 inquit,
451 1317 533 1382 cpite,
544 1319 568 1368 et
581 1329 634 1367 riori
652 1314 732 1382 quasi
746 1312 868 1366 uelamen
883 1311 933 1365 iio·

139 1413 226 1465 dentes
241 1410 351 1463 natilitio
362 1408 522 1478 ,libertatem
533 1406 554 1474 (l
569 1410 628 1461 Pet.
646 1404 695 1477 it).
711 1406 810 1460 Beatus
822 1418 935 1475 quoque

1311 748 1454 789 reservari.

1021 841 1168 898 Theonas:
1191 840 1319 899 Studium
1333 838 1445 912 quidem
1468 843 1609 904 vestrum,
1629 849 1688 907 quo
1704 836 1787 908 perie-

989 935 1088 992 ctionis
1101 935 1175 992 riam
1188 951 1243 993 non
1255 932 1427 997 transitorie,
1440 930 1491 987 sed
1507 928 1699 1001 principaliter
1712 939 1787 1005 atque

990 1028 1110 1103 perfecte
1131 1028 1290 1086 desideratis
1318 1027 1471 1099 attingere,
1497 1020 1704 1094 infatigabiliter
1727 1024 1790 1083 huic

989 1122 1170 1197 disputationi
1191 1137 1242 1179 nos
1257 1128 1385 1194 prosecat
1403 1117 1541 1175 inhaerere
1562 1133 1570 1170 ι
1591 1131 1643 1173 nec
1663 1119 1738 1174 enim
1758 1118 1791 1176 ds

990 1218 1124 1275 exteriore
1138 1214 1299 1295 castimonia
1310 1222 1337 1270 et
1350 1209 1563 1270 circumcisione
1576 1209 1732 1278 manifesta,
1747 1212 1791 1269 sed

989 1311 1023 1369 de
1049 1312 1094 1368 illa
1120 1327 1182 1385 quie
1205 1311 1234 1366 in
1257 1310 1363 1377 occulto
1385 1315 1443 1374 est,
1477 1304 1624 1377 diligenter
1649 1303 1791 1378 inquiritis,

989 1405 1106 1463 scientes
1117 1406 1145 1462 in
1166 1406 1217 1462 hac
1237 1402 1333 1462 visibili
1349 1400 1440 1459 carnis
1453 1398 1633 1468 continentia,
1650 1399 1793 1473 perfectio-

134 1501 272 1574 apostolus
296 1499 418 1555 Paulus:
438 1501 501 1566 Vos,
518 1497 602 1565 enim,
620 1497 720 1567 inquit,
735 1499 765 1552 iri
785 1497 935 1551 libertatem

140 1597 230 1650 scruti
238 1596 311 1655 estis,
326 1595 428 1661 (retias
442 1592 543 1664 (Galat.
561 1591 600 1664 v),
615 1590 644 1649 id
658 1598 708 1661 est,
719 1600 751 1648 ut
764 1589 880 1647 absoluti
897 1582 953 1646 si-'

989 1499 1031 1555 nis
1056 1499 1250 1571 plenitudinem
1272 1512 1328 1554 non
1352 1495 1455 1585 inesse,
1471 1508 1534 1566 quar
1555 1491 1663 1563 baberi,
1690 1495 1731 1550 rel
1751 1511 1795 1566 per

991 1592 1191 1659 necessitatem,
1206 1590 1250 1646 vel
1271 1605 1317 1663 per
1331 1585 1502 1661 hypocrisim
1515 1587 1600 1643 etiam
1619 1586 1657 1643 ab
1671 1587 1790 1645 infideli

47 1723 50 1727 ›
140 1687 175 1744 tis
192 1704 209 1744 a
228 1685 416 1743 dominatione
428 1685 543 1758 peccati,
558 1693 665 1741 tantum
685 1698 721 1741 ne
734 1683 888 1741 libertatem
907 1683 936 1738 in
989 1685 1041 1742 bns
1061 1692 1171 1757 potest:
1196 1682 1244 1740 sed
1262 1682 1335 1739 illam
1350 1679 1445 1737 cordis
1458 1679 1635 1737 voluntariam
1651 1688 1680 1736 et
1699 1681 1795 1738 invisi·

138 1783 311 1839 occasionem
323 1781 390 1837 detis
403 1781 502 1847 carnis,
518 1779 616 1849 idest,
635 1777 842 1836 frustrationem
862 1776 936 1850 lega·
950 1774 975 1838 B
989 1778 1073 1835 bilem
1094 1776 1244 1850 puritatem
1258 1790 1342 1847 quam
1360 1772 1459 1829 heatus
1481 1772 1629 1844 Apostolus
1650 1773 1689 1828 ita
1702 1773 1797 1844 praedi

137 1873 206 1932 lium
225 1873 417 1930 mandatorum
433 1873 549 1931 credatis
570 1889 629 1930 esse
645 1873 785 1929 licentiam
800 1871 936 1928 vitiorum.
991 1877 1035 1929 cat
1048 1892 1055 1927 ;
1068 1881 1079 1908 ⁶
1093 1874 1152 1930 Nori
1166 1871 1236 1927 mim
1250 1872 1299 1940 qui
1311 1871 1340 1924 iii
1350 1868 1496 1935 marcisseio
1513 1867 1634 1932 iudeus,
1643 1884 1730 1937 iiepiie
1739 1885 1796 1939 quc

137 1972 204 2026 llaec
218 1984 282 2025 vero
303 1969 422 2037 libertas,
436 1969 499 2042 quia
518 1984 653 2041 nusquam
666 1969 717 2024 nisi
732 1967 768 2024 ibi
783 1967 818 2023 sit
830 1974 939 2022 tantum
992 1970 1022 2022 iii
1038 1968 1183 2034 manifesto
1196 1965 1227 2021 iii
1240 1980 1319 2020 curae
1334 1967 1372 2019 est
1383 1963 1574 2026 circumcisio,
1593 1962 1637 2017 scd
1650 1966 1698 2033 qui
1712 1966 1739 2018 iri
1756 1978 1796 2018 oc·

139 2058 185 2114 ubi
203 2059 340 2115 Dominus
355 2067 557 2126 commoratur,
571 2058 670 2113 Paulus
684 2056 821 2128 apostolus
835 2054 937 2111 decet:
992 2062 1063 2116 culte
1082 2060 1202 2123 iudeus,
1227 2064 1253 2115 ct
1275 2057 1442 2113 circumcisio
1463 2055 1557 2111 cordis
1576 2058 1604 2111 iii
1618 2058 1732 2127 spiritu,
1751 2074 1795 2112 iicii

138 2156 278 2221 Domitius,
294 2154 428 2226 inquiens,
449 2156 561 2224 spirtius
580 2156 636 2219 est3
652 2152 700 2206 ulii
717 2156 808 2205 cirtem
826 2151 939 2220 spiritus

140 2249 257 2313 Domini,
271 2246 311 2299 ibi
329 2248 438 2301 libertus
449 2248 486 2313 (ll
502 2248 560 2302 Coi·¹
580 2247 636 2312 tii).
653 2244 826 2317 Quapropter
846 2243 938 2301 nescio

141 2345 234 2393 utrum
247 2335 320 2393 huno
334 2337 404 2393 beati
425 2337 542 2409 apostoli
555 2322 678 2405 sensur'n,
699 2337 769 2394 sicut
784 2337 811 2392 hi
832 2336 877 2409 qui
889 2351 939 2392 ex-

140 2429 209 2503 perti
229 2438 295 2509 sunt
313 2431 432 2504 sapiunt,
455 2432 608 2504 exprimere
627 2439 709 2504 atque
732 2429 866 2488 elucidare
887 2446 939 2503 po-

138 2522 240 2581 tuerim
264 2543 270 2578 :
295 2540 380 2581 unum
401 2523 457 2581 scio
475 2523 648 2597 apertissime
668 2524 744 2581 illum
771 2523 852 2580 etiam
881 2522 939 2580 sine

137 2618 307 2689 expositione
345 2619 506 2692 cujusquam
545 2618 671 2676 omnibus
701 2617 825 2687 reserari,
849 2621 862 2651 ⁸
895 2617 940 2690 qui

139 2707 286 2783 πρακτικὴν,
300 2709 328 2767 id
340 2715 399 2780 est',
412 2712 547 2768 actualem
570 2712 689 2785 perfecte
705 2711 843 2769 tenuerint
863 2709 941 2768 disci·

138 2799 250 2872 plinam.
266 2801 328 2856 Non
337 2803 410 2857 enirn
427 2801 629 2858 laborabuntur
643 2802 717 2875 quod
727 2803 788 2875 Jam
802 2798 940 2872 operando

140 2892 300 2962 didicerunt,
309 2895 461 2968 intelligant
472 2895 646 2968 disputando.

405 3032 526 3086 CAPUT
549 3031 669 3083 XXXV.

995 2153 1098 2217 littera,
1113 2153 1188 2223 eujus
1203 2153 1263 2208 icus
1277 2166 1328 2206 iioii
1339 2165 1374 2205 ea
1392 2149 1572 2217 hominibus,
1586 2149 1636 2204 sed
1651 2166 1687 2204 eu
1702 2154 1754 2205 Deo
1765 2156 1796 2205 est

995 2251 1083 2314 (Rom.
1108 2245 1154 2317 ti),
1168 2245 1213 2318 qui
1230 2243 1305 2301 solus
1324 2242 1384 2299 scil.
1401 2241 1532 2299 cordium
1548 2251 1656 2299 secreta
1671 2244 1794 2299 rimaurr:

993 2348 1087 2397 tamen
1098 2340 1161 2412 quia
1172 2338 1298 2396 satisfieri
1313 2336 1449 2393 desiderio
1467 2344 1565 2395 vestro
1577 2335 1736 2409 adplenum
1748 2353 1797 2394 non

994 2439 1091 2504 potest,
1111 2432 1193 2487 breve
1215 2430 1292 2487 enim
1316 2427 1391 2501 quod
1411 2438 1543 2502 superest
1559 2428 1682 2502 spatium
1705 2430 1796 2498 nortis,

993 2525 1028 2582 ad
1057 2524 1240 2599 indagandam
1266 2522 1336 2580 hanc
1359 2523 1592 2580 obscurissimam
1619 2540 1680 2580 non
1707 2524 1798 2580 sufficit

994 2618 1186 2692 quaestionem,
1209 2631 1363 2690 congruum
1380 2631 1444 2673 reor
1463 2625 1497 2673 ut
1517 2616 1630 2674 interim
1651 2617 1795 2675 differatur.

995 2711 1102 2768 Sensim
1116 2711 1189 2767 enim
1212 2709 1271 2766 hinc
1294 2718 1322 2765 et
1340 2707 1425 2765 corde
1443 2706 1479 2766 ab
1498 2708 1577 2764 omni
1600 2710 1798 2781 cogitationum

994 2803 1109 2875 strepitu
1133 2803 1240 2874 penitus
1251 2800 1402 2872 ,absolutm
1428 2809 1489 2857 uta
1507 2800 1587 2857 nohis
1607 2800 1742 2873 proferri,
1763 2804 1798 2858 ita

995 2894 1091 2950 restris
1101 2893 1203 2951 debent
1220 2894 1357 2951 mentibus
1376 2894 1514 2963 intimari,
1528 2909 1592 2967 quae
1604 2895 1681 2951 sicut
1692 2887 1797 2969 pro'pter

993 2989 1165 3046 conscientiae
1188 2989 1409 3061 purificationem
1436 2995 1547 3063 oportet
1566 2988 1680 3062 inquiri,
1695 2991 1733 3047 ita
1753 2992 1795 3048 nisi

993 3082 1028 3139 ab
1043 3097 1075 3138 eo
1085 3082 1131 3155 qui
1146 3081 1252 3139 donuni
1266 3083 1431 3155 integritatis
1447 3092 1580 3157 expertus
1594 3092 1649 3153 est,
1664 3086 1733 3142 tradi
1744 3086 1796 3143 assi

137 3156 316 3221 interropcti'o
330 3170 378 3209 ciii
403 3155 537 3209 i'rtterdiim
546 3155 701 3225 jejaiioiitcs
721 3153 874 3209 caritatibus
894 3154 937 3206 iir-
954 3169 976 3233 C
991 3177 1120 3251 gnatique
1135 3193 1190 3235 non
1209 3180 1409 3250 possunthoc
1423 3178 1498 3234 enim
1518 3178 1653 3250 quaeffiffl
1665 3179 1728 3250 quid
1748 3180 1796 3235 im

352 3228 463 3279 casalinis
477 3227 566 3280 atmiis
581 3240 737 3295 urqcrtiirirr.

175 3360 330 3417 Germanus
346 3380 351 3415 :
364 3358 594 3418 obscurissimam
609 3361 791 3434 quaestionem
803 3369 832 3416 et
845 3359 939 3416 multis

139 3455 233 3522 etiarn,
244 3462 275 3510 ut
289 3463 416 3525 putamus
429 3455 605 3527 incognitam,
619 3454 789 3527 apertissime
803 3454 937 3511 revelasti.

139 3547 223 3602 Unde
240 3545 292 3599 hcc
311 3560 418 3617 quoque
429 3545 563 3618 profectui
576 3557 672 3604 nostro
687 3549 797 3620 adjicias
809 3549 940 3621 depreca-

139 3653 213 3706 mur,
228 3646 257 3693 ut
270 3653 320 3694 cui
333 3639 474 3697 interdum
483 3640 564 3697 ctiam
576 3642 738 3714 propensius
750 3642 941 3715 jejunantibus

140 3732 219 3789 nobis
241 3740 269 3789 et
288 3733 429 3791 exhaustis
458 3742 538 3806 atque
568 3736 699 3805 deiectis,
721 3736 940 3794 vehementiores

140 3843 237 3900 pugnae
249 3828 373 3900 corporis
381 3828 542 3897 excitentur,
554 3829 697 3902 diligenter
710 3831 855 3888 edisseras.
869 3834 940 3887 Nam

142 3920 302 3992 plerumque
317 3922 400 3976 etiam
415 3920 595 3992 expergefacti
610 3937 624 3977 e
640 3937 748 3993 somno,
765 3938 828 3978 cuin
841 3921 939 3995 depre-

140 4014 317 4072 henderimus
330 4016 404 4072 nosh
427 4015 577 4087 corporalis
592 4017 687 4073 veneni
703 4016 859 4090 contagium
877 4033 939 4090 per·

140 4109 245 4180 tulisse,
270 4109 305 4166 ita
328 4109 472 4182 dejicimur
491 4112 668 4178 conscientia,
684 4120 715 4168 ut
738 4128 773 4169 ne
794 4111 829 4170 ad
852 4112 938 4184 ipsam

991 3272 1071 3328 nium
1094 3280 1253 3345 argumenta
1274 3271 1442 3342 verborum,
1456 3271 1507 3329 sed
1528 3272 1595 3345 quid
1615 3272 1719 3329 interna
1733 3289 1794 3330 con·

991 3363 1112 3420 scientiae
1137 3362 1206 3420 fides
1227 3373 1254 3419 et
1277 3365 1368 3436 major
1395 3364 1439 3420 vis
1461 3364 1586 3422 scutatis
1616 3365 1742 3422 inculcet.
1766 3368 1795 3421 tr

992 3455 1097 3514 idcirco
1112 3457 1146 3513 de
1160 3456 1362 3513 emundationis
1379 3456 1462 3530 hujus
1480 3459 1597 3515 scientia
1610 3467 1695 3531 atque
1708 3458 1794 3516 doetri-

993 3569 1038 3624 na,
1057 3552 1235 3625 necproferri
1250 3552 1353 3624 aliquid
1374 3551 1426 3610 nisi
1441 3553 1477 3611 ab
1500 3563 1632 3628 experto,
1648 3571 1699 3612 nec
1720 3565 1796 3611 trans·

994 3644 1070 3702 fundi
1086 3645 1237 3718 quidquam
1252 3652 1353 3718 petest,
1365 3645 1417 3701 nisi
1433 3646 1460 3703 in
1475 3649 1698 3721 cupidissimum
1715 3648 1794 3705 valde

994 3754 1046 3812 que
1066 3739 1213 3795 sollicitum
1236 3739 1347 3796 virtutis
1369 3739 1456 3810 ipsius
1482 3749 1650 3809 amatorem,
1675 3744 1724 3814 qui
1747 3757 1795 3799 non

994 3846 1055 3890 eam
1078 3831 1171 3888 vacuis
1196 3830 1332 3902 nudisque
1351 3833 1528 3891 sermonibus
1552 3833 1728 3901 suscitando,
1755 3834 1798 3892 sed

993 3924 1060 3982 totis
1073 3924 1156 3980 animi
1176 3925 1278 3981 viribus
1292 3926 1442 3983 annitendo
1463 3936 1544 4000 optet
1559 3928 1698 4001 attingere
1713 3949 1720 3983 z
1736 3929 1796 3985 scili·

993 4026 1106 4076 estnon
1120 4018 1213 4075 studio
1228 4018 1401 4091 loquacitatis
1422 4020 1626 4093 infructuosae,
1641 4024 1693 4081 sed
1708 4021 1798 4081 deside

994 4112 1034 4168 rio
1050 4111 1174 4183 puritatis
1189 4111 1313 4169 internae.

695 4329 822 4385 attunt
840 4329 952 4385 GdZAEl
970 4329 1246 4386 COMMENTthL'S.

145 4526 250 4609 gatione
269 4524 383 4597 indiget,
406 4542 484 4610 eum⁸
497 4530 667 4601 singulorum
683 4534 814 4590 cordibus
837 4535 874 4590 sit
896 4536 940 4590 iii·
993 4550 1062 4591 cesse
1083 4542 1121 4592 est
1141 4542 1171 4591 iit
1185 4539 1257 4592 omiti
1271 4537 1366 4593 'studio
1384 4541 1465 4608 utque
1489 4543 1591 4596 uirtute
1603 4542 1732 4597 cetriuieiii
1747 4543 1801 4609 pri-

144 4606 256 4669 sciipta.
267 4596 420 4681 ‘secundm
438 4614 502 4670 quia
523 4600 610 4674 legem
625 4601 745 4676 decalogi
765 4603 890 4661 Christus
912 4606 940 4661 in
993 4609 1218 4662 uriimsciriitiom
1231 4613 1415 4678 consequitur.
1428 4612 1502 4667 Num
1516 4613 1573 4668 hoec
1585 4613 1800 4684 perterritisque

145 4670 292 4752 Evangelio
309 4670 492 4738 confirmarit,
512 4679 540 4728 et
561 4672 596 4728 ad
616 4672 699 4729 titani
722 4675 942 4747 consequendam
994 4679 1111 4732 theorico
1133 4680 1269 4749 possideri
1284 4684 1370 4751 potest
1386 4699 1394 4734 ε
1408 4680 1528 4739 theorice
1546 4700 1607 4739 acre
1621 4686 1678 4738 silit·
1695 4684 1802 4735 caluitii

143 4756 326 4798 necessariam
337 4758 395 4799 esse
408 4741 511 4809 docuit,
525 4743 616 4799 dicens
627 4762 633 4799 :
646 4747 678 4802 Si
695 4748 736 4801 oi's
749 4747 786 4802 cii
800 4750 886 4801 uitem
902 4750 943 4802 r'ri-
995 4751 1101 4804 omriiiio
1124 4752 1290 4820 apprehendi
1313 4767 1364 4806 riori
1382 4756 1484 4821 potest.
1504 4756 1542 4810 Et
1562 4770 1624 4826 etp.
1638 4768 1696 4825 seq.
1720 4752 1801 4808 dccet

145 4813 837 4889 pi·erii,scmiimmidutu(liciti..xrx);atqueadeo
852 4818 941 4891 legem
996 4817 1067 4875 banc
1106 4821 1224 4876 raeticen
1240 4821 1267 4877 in
1289 4820 1396 4878 duobus
1415 4824 1590 4893 consistere,
1604 4824 1800 4897 nempe-inen-

146 4896 224 4940 suain
246 4899 305 4965 esse
319 4886 415 4954 voluit,
434 4895 463 4942 ut
479 4886 577 4943 merito
591 4888 727 4960 legislator
747 4898 886 4962 propterea
900 4890 941 4946 di·
996 4836 1127 4961 pellensis
1139 4892 1209 4947 vitiis
1223 4902 1251 4947 et
1263 4891 1406 4949 virtutibus
1421 4896 1616 4966 acquirendis.

147 4951 250 5008 candus
273 4962 317 5017 sit,
339 4972 395 5012 non
420 4965 530 5038 tanturn
551 4959 708 5030 redemptor
735 4977 766 5016 ac
796 4948 980 5018 mediatori)
1029 4961 1127 5031 lQuid
1140 4978 1186 5033 per
1198 4963 1348 5036 corporalis
1360 4964 1457 5020 veneni
1479 4969 1647 5042 contagium
1662 4966 1798 5037 intelligat,

147 5021 229 5105 Unde
244 5026 454 5107 Patreslconcilri
468 5028 619 5085 Tridentini
631 5031 775 5086 anathemo
791 5035 818 5087 iii
828 5047 869 5087 eos
877 5049 941 5103 pro-
994 5033 1119 5102 sequenti
1128 5034 1272 5090 eollatione
1286 5035 1472 5106 explicabitur.

147 5098 285 5178 nuntiarit,
296 5111 345 5164 qui
358 5097 451 5151 ili-curii
461 5098 527 5167 lepis
537 5106 670 5169 precepto
686 5104 756 5157 nihil
765 5104 802 5157 cd
810 5104 941 5160 Chi-istrii-
1030 5112 1041 5139 ⁰
1058 5102 1088 5158 ld
1100 5111 1152 5172 est,
1167 5120 1222 5161 non
1237 5104 1284 5176 qui
1297 5106 1386 5176 palam
1399 5121 1430 5162 ac
1444 5106 1600 5167 nianiicste
1613 5127 1645 5168 se
1658 5122 1732 5167 earne
1749 5108 1801 5163 Ju-

145 5183 191 5223 rics
227 5171 357 5234 citrosam
372 5172 421 5222 out
435 5170 568 5225 Christum
586 5174 665 5226 alico
684 5174 836 5229 homiuibus
847 5175 942 5229 dutum
994 5171 1084 5231 daeuiu
1099 5190 1157 5230 esse
1169 5175 1263 5247 jactat,
1277 5178 1323 5232 sed
1330 5180 1380 5246 qui
1391 5179 1419 5231 t'it
1432 5178 1611 5250 abscondito,
1624 5183 1650 5240 id
1662 5189 1712 5247 est,
1723 5177 1802 5235 corte

145 5243 176 5294 ut
218 5239 394 5309 ademptorem
410 5243 454 5294 cui
469 5241 570 5310 patirih
591 5259 644 5299 riori
658 5247 740 5299 etiam
751 5251 788 5299 ut
809 5245 943 5313 leqi‘slcto-
995 5260 1027 5301 ac
1040 5246 1138 5318 spiritu
1151 5246 1292 5318 perfidem
1307 5248 1447 5304 Christum
1461 5250 1639 5321 confitetur,
1652 5254 1743 5311 isrere
1755 5253 1802 5305 lu·

146 5325 202 5366 rem
216 5313 260 5365 eui
272 5310 397 5366 obedierit
411 5329 421 5365 .·
435 5317 484 5366 out
498 5313 611 5382 rictuque
627 5316 757 5369 homiaem
764 5317 942 5385 justificatum
995 5314 1071 5373 daeus
1081 5320 1293 5389 estll‘cqueqtie
1308 5321 1335 5373 itt
1348 5321 1496 5388 ruanisesto
1508 5324 1634 5382 iiicorirc
1648 5323 1802 5381 circummisit

147 5386 172 5436 et
191 5383 340 5450 quotalibet
350 5384 501 5453 perfectum
517 5399 569 5438 riori
587 5387 673 5438 terreri
688 5386 725 5439 ud
747 5387 943 5442 obseruciitiom

403 5457 407 5466 ¹
568 5457 573 5466 ¹
778 5459 782 5469 Ι
998 5390 1047 5449 cst,
1064 5385 1091 5441 id
1112 5395 1167 5454 est,
1188 5404 1242 5444 noir
1258 5398 1368 5446 externa
1381 5390 1487 5459 carnia,
1506 5392 1558 5450 sed
1582 5396 1718 5469 spiritalis
1736 5394 1803 5451 titii>

147 5454 335 5508 maridctoium
356 5458 406 5511 liii
429 5459 454 5510 et
474 5456 595 5510 Ecclesia
620 5456 706 5524 (Coae.
735 5458 810 5514 Trici.
834 5474 897 5515 sess.
925 5464 943 5515 6
1797 5463 1804 5473 ’

997 5473 1059 5514 rum
1070 5456 1252 5524 circumcisio,
1263 5476 1294 5516 ea
1309 5477 1372 5517 vera
1385 5461 1561 5521 circumcisio
1572 5477 1631 5523 est.
1645 5468 1751 5526 stenen
1762 5480 1804 5537 qul

148 5534 207 5574 ccii.
225 5530 267 5589 ie,
283 5529 317 5605 aq
330 5530 355 5580 et
371 5530 427 5594 at).
455 5597 460 5608 ¹
484 5597 490 5609 ³
997 5542 1027 5584 se
1042 5537 1146 5585 castum
1161 5538 1187 5586 et
1194 5531 1352 5603 religiosum
1364 5533 1481 5590 exterius
1488 5534 1805 5599 demonstratcontinue

184 5591 285 5647 ⁸Hinc
311 5604 349 5650 ita
375 5595 503 5654 describit
526 5597 610 5655 abbas
632 5601 760 5657 Nesteros
782 5600 871 5656 collat.
898 5607 942 5669 tl,
997 5615 1090 5656 coram
1099 5604 1159 5657 Deo
1173 5609 1273 5659 etvore
1287 5613 1378 5661 castus
1392 5612 1418 5661 et
1433 5604 1582 5678 religiosus
1597 5612 1805 5683 est,sedqiriii

151 5677 174 5716 c.
189 5665 214 5727 1,
227 5663 355 5744 ammuh,
370 5668 399 5720 iit
417 5674 465 5736 est,
481 5672 603 5738 ortuoii's,
620 5688 680 5740 quia
697 5671 880 5727 mandatione
890 5687 944 5727 mo-
999 5674 1107 5736 ocoiilto,
1121 5671 1214 5738 idest,
1230 5672 1316 5729 corde
1335 5691 1367 5731 ac
1387 5684 1480 5733 mente
1494 5692 1586 5748 purus
1600 5688 1633 5738 et
1647 5692 1755 5751 castus,
1768 5696 1808 5735 cti·

151 5748 213 5816 ritui
230 5738 399 5816 et'eitieitiiri
415 5742 579 5805 purgatione
595 5746 747 5810 perficitur.
770 5744 804 5797 Et
819 5758 878 5814 cap.
894 5748 911 5798 i
934 5758 941 5796 :
994 5743 1042 5811 jus
1062 5744 1120 5799 icus
1134 5758 1186 5799 aeti
1199 5759 1234 5800 ex
1248 5745 1409 5814 homiuibus,
1422 5748 1470 5805 scd
1480 5762 1519 5805 ex
1533 5750 1590 5807 aco
1606 5758 1651 5811 est
1663 5759 1753 5821 (Rom.
1764 5752 1807 5819 11).

153 5806 280 5876 Quisquis
295 5809 381 5875 ipitur
394 5808 432 5862 cd
454 5810 594 5866 Theoiiceii
607 5814 719 5867 coluerit
733 5815 883 5883 percurrite,
896 5828 945 5869 ric·
