3848 6158
139 304 190 356 333
702 282 704 287 ’
808 290 948 348 ioannis
966 290 1116 347 33331333
1736 255 1788 343 333

139 421 251 479 oculum
266 420 367 476 mentis
381 417 470 476 noxiis
483 415 601 474 tenebris
615 420 628 449 ⁸
648 416 814 485 obcecante,
828 415 935 487 33313-
948 419 975 481 A
988 414 1109 472 tionibus
1122 414 1300 482 aestimemur,
1315 411 1380 482 quia
1394 409 1435 465 ira
1448 407 1498 464 viri
1510 407 1646 480 justitiam
1664 406 1715 464 Dei
1730 423 1787 466 non

138 515 244 573 dicium
265 524 348 571 reatae
372 510 544 570 discretionis
565 505 714 583 acquirere,
740 509 935 568 333133333333
988 516 1119 581 operatur
1136 508 1236 576 (Jacob.
1256 511 1288 574 1).
1314 507 1403 577 ipsam
1425 517 1532 575 quoque
1551 500 1702 559 honestatis
1722 516 1787 575 gree

139 607 375 681 contemplationis
393 607 536 675 133313333,
553 621 604 661 333
623 604 812 660 maturitatem
827 603 933 659 consilii
990 601 1112 667 vitatem,
1129 615 1189 673 quic
1207 599 1289 656 etiam
1304 597 1369 654 viris
1380 594 1473 654 saeeuli
1490 593 1787 668 1331333313313331113-

139 703 287 777 possidere,
304 717 353 757 333
371 701 432 756 vitm
447 699 603 772 participes,
621 713 672 754 nec
686 698 798 770 iustitiae
815 705 933 763 tenaces,
988 695 1027 751 ris
1044 692 1169 761 existere,
1187 691 1265 748 nullo
1283 689 1367 747 modo
1385 688 1525 762 possidere
1545 688 1705 761 poterimus,
1725 688 1789 746 iicet

138 796 187 853 sed
202 812 237 852 ne
248 795 377 867 spiritalis
395 792 506 865 quidem
520 808 552 848 33
565 791 621 847 3331
636 791 746 847 luminis
757 806 870 862 capaces
883 805 934 861 po-
988 788 1094 845 nobiles
1120 796 1147 844 et
1167 785 1274 843 bonesti
1293 785 1427 842 natalium
1448 783 1626 858 praerogativa
1648 792 1804 857 putemur‚’

138 891 254 946 terimus
268 887 395 954 existere,
410 887 473 956 qnia
494 885 621 941 turbatus
636 893 688 952 est,
707 885 804 957 inquit,
821 899 876 956 prae
894 883 933 939 ira
988 883 1051 953 qnia
1070 880 1111 936 313
1124 878 1269 936 1333333133
1288 876 1451 935 inhonestus
1464 886 1507 934 est
1520 879 1654 946 (Proceri.
1673 891 1718 950 xi,
1734 893 1786 935 sec.

137 981 232 1039 oculus
249 996 332 1036 meus
353 981 436 1050 (Psal.
456 980 540 1048 xxx).
560 980 618 1034 Nec
635 978 775 1050 sapientiae
790 978 935 1051 participes
987 974 1092 1043 Lxx).
1110 971 1222 1029 Consilii
1242 972 1326 1027 etiam
1344 968 1529 1026 maturitatem
1545 968 1700 1026 nuliatenus
1717 969 1789 1026 rete·

136 1076 218 1144 ellici,
234 1075 342 1131 tametsi
355 1075 491 1146 sapientes
503 1072 625 1128 omniurn
638 1073 810 1145 pronuntiari
825 1073 934 1145 opinio·
988 1067 1079 1124 bimus
1096 1067 1230 1134 obtinere,
1247 1064 1373 1138 quamvis
1391 1078 1485 1137 grates
1500 1071 1528 1120 et
1546 1078 1655 1121 summa
1673 1063 1789 1122 scientie

136 1185 171 1226 ne
184 1169 338 1236 videamur,
349 1166 414 1238 3313
427 1166 467 1222 133
476 1165 504 1220 13
517 1165 578 1220 3133
590 1164 775 1237 insipientium
787 1165 935 1238 requiescit
988 1161 1095 1234 praediti
1113 1159 1265 1230 videamur,
1278 1157 1340 1231 quia
1353 1157 1398 1214 313
1408 1156 1553 1214 1333333133
1569 1154 1625 1229 egit
1642 1155 1702 1214 sine
1720 1171 1788 1213 con·

135 1265 245 1331 (Erotes.
266 1267 332 1329 333).
355 1258 407 1316 Sed
422 1275 457 1314 ne
479 1258 563 1314 vitam
584 1259 694 1331 quidem
718 1250 934 1316 immortalitatis
987 1254 1046 1313 silio
1063 1255 1195 1324 (Proceri.
1215 1268 1282 1322 xit,
1303 1249 1607 1327 3333111138331333
1627 1250 1711 1325 quieti
1727 1266 1789 1309 esse

137 1355 265 1428 consequi
289 1353 450 1426 poterimus,
473 1351 599 1425 quamvis
625 1353 770 1426 prudentes
793 1352 934 1411 videamur
975 1358 1014 1406 a·
1035 1346 1283 1423 perturbationibus
1313 1346 1415 1415 noxiis,
1439 1361 1490 1403 neo
1518 1346 1667 1418 poterimus
1692 1360 1788 1404 carere

137 1449 296 1506 delinitione
310 1445 455 1502 bominum
467 1442 597 1516 iudicari,
612 1444 675 1516 qnia
692 1445 730 1500 ira
750 1443 839 1518 perdit
852 1445 933 1502 etiam
989 1444 1118 1515 pereatis,
1132 1443 1241 1501 33333331
1256 1456 1426 1514 nequaqnam
1445 1440 1524 1497 nobis
1537 1439 1738 1512 inquietudines
1751 1439 1788 1496 ab

137 1536 864 1614 3333133333(Ρ333333.333333.3111131133133313133
877 1554 932 1595 mo
988 1536 1047 1592 aliis
1068 1534 1230 1603 inferantur,
1250 1535 1314 1608 quis
1334 1533 1374 1590 313
1397 1533 1537 1590 animosus
1555 1531 1626 1605 parit
1642 1530 1724 1600 rixas,
1746 1532 1788 1589 vir

136 1635 278 1691 deramina
302 1632 448 1705 perspicaci
475 1630 638 1687 discretione
663 1630 756 1688 cordis
781 1632 932 1689 valebimus
984 1639 1077 1687 sutem
1091 1623 1265 1688 13333331331
1279 1626 1374 1686 31133113
1385 1633 1493 1701 peccata
1506 1628 1595 1694 (Prae.
1606 1640 1647 1684 xv
1659 1630 1686 1683 et
1693 1640 1787 1696 xxix,

136 1727 269 1794 obtinere,
290 1725 351 1781 11333
366 1722 476 1796 perlecti
492 1723 632 1795 sanctique
651 1732 815 1780 cunctorum
834 1725 931 1798 opina·
984 1726 1155 1797 33331111).

682 1878 809 1936 ibiflui
828 1881 941 1937 0inth
959 1880 1236 1940 COMMENTARIUS.

135 2036 165 2076 ei
187 2017 324 2076 licandnm
338 2015 429 2089 primo
442 2017 509 2091 quid
522 2015 619 2085 313133,
639 2026 666 2075 et
682 2019 729 2091 qni
743 2019 776 2076 ab
792 2019 931 2081 iracundia
945 2027 970 2091 Β
985 2020 1052 2079 alias
1065 2021 1169 2096 dictum
1188 2030 1243 2088 est;
1266 2029 1294 2076 et
1312 2017 1410 2077 merito
1429 2014 1550 2092 quidem.
1572 2013 1787 2091 Quamplurime

134 2038 262 2158 diiierat3
277 2089 397 2147 secundo
411 2105 447 2171 an
464 2089 501 2146 sit
515 2090 610 2147 uitium
623 2089 757 2171 ‘capitale3
776 2092 856 2150 tertio
871 2108 932 2165 quai
986 2094 1059 2150 enim
1074 2092 1123 2149 alia
1138 2091 1200 2149 31313
1215 2100 1243 2148 33
1256 2090 1328 2148 male
1342 2106 1375 2147 ex
1394 2089 1433 2147 ira
1447 2097 1592 2171 3333333333
1606 2104 1638 2146 ex
1652 2089 1743 2161 capite
1756 2100 1786 2148 et

135 2164 194 2235 ejus
214 2161 321 2218 soboles
338 2169 364 2216 et
383 2160 453 2218 iiiia.
476 2162 574 2230 Quoad
589 2175 722 2234 primum,
737 2161 847 2219 adverte
861 2162 930 2220 13333
986 2160 1063 2221 fonte
1077 2163 1142 2220 oriri
1159 2161 1335 2220 notissimum
1351 2169 1394 2218 est
1412 2180 1418 2216 :
1436 2163 1495 2231 Qua
1509 2167 1616 2217 ratione
1629 2163 1664 2218 D.
1682 2162 1786 2234 Grego-

135 2233 164 2289 in
178 2231 290 2289 bomine
304 2247 362 2288 csse
373 2230 521 2302 duplicem,
532 2233 644 2288 alteram
659 2231 687 2287 in
703 2241 779 2303 purte
790 2234 931 2304 sensitiva,
987 2237 1043 2292 rius
1056 2234 1174 2298 soboles,
1190 2249 1237 2290 seu
1249 2230 1320 2290 111133
1332 2236 1384 2290 lrae
1398 2247 1445 2288 sei·
1456 2238 1580 2289 recenset
1591 2232 1660 2297 (iti.
1674 2246 1693 2286 v
1706 2248 1729 2288 c.
1747 2231 1782 2304 t).

134 2318 218 2376 aqua
230 2303 367 2375 appetitus
381 2302 526 2359 irascibilis
538 2303 741 2369 denominatur,
750 2319 813 2386 quie
826 2304 931 2362 13333131
986 2308 1090 2369 113133,
1105 2305 1203 2377 133313,
1218 2308 1297 2367 3133,
1313 2309 1402 2360 tumor
1417 2303 1525 2366 3333313,
1543 2303 1711 2368 aaronem,
1726 2304 1785 2359 cia·

134 2392 197 2432 eum
210 2373 296 2431 brutis
307 2381 348 2429 est
358 2373 530 2442 communis;
542 2375 657 2431 aiteram
665 2373 771 2431 homini
781 2375 931 2447 propriam,
985 2393 1053 2440 mor,
1068 2377 1232 2446 iudiprratio,
1246 2376 1410 2445 blasphemia
1417 2375 1607 2444 proferrentur.
1619 2375 1661 2431 lia
1672 2373 1745 2439 einim
1757 2375 1783 2432 si

123 2451 197 2519 ’3333
212 2445 239 2500 13
259 2453 334 2517 parte
353 2444 490 2513 rationali,
508 2445 560 2502 boe
577 2454 629 2513 est,
642 2444 669 2500 in
688 2445 824 2502 voluntate
837 2446 931 2504 eonsi-
985 2455 1028 2504 est
1041 2447 1159 2516 interna,
1177 2447 1245 2503 111133
1258 2445 1343 2518 gignit
1354 2454 1492 2502 tumorem
1506 2443 1642 2503 montisel
1652 2443 1783 2518 indigna-

133 2517 191 2585 stit,
204 2528 266 2589 quie
278 2515 344 2571 nibil
354 2515 429 2572 aliud
440 2523 572 2588 estquam
584 2525 675 2572 motus
685 2515 769 2572 animi
783 2516 930 2573 uindictam
985 2518 1280 2585 3133333;313333333,
1302 2517 1399 2573 retest
1415 2515 1513 2580 inore,
1528 2523 1557 2571 33
1576 2514 1617 2571 313
1671 2513 1706 2571 313
1723 2516 1782 2572 cia·

133 2604 148 2644 a
170 2588 283 2658 petentis
299 2607 305 2643 :
327 2586 399 2643 unde
416 2603 477 2642 eam
492 2596 596 2643 veteres
615 2587 779 2644 definierunt
791 2586 931 2644 libidinem
985 2604 1103 2657 morem,
1118 2587 1311 2644 contumeliam
1326 2594 1353 2644 33
1367 2584 1581 2656 blasphemiam
1596 2600 1629 2642 33
1657 2585 1688 2643 133
1699 2601 1786 2658 opere

134 2605 295 2726 uiciseendi,
318 2657 356 2713 vel
370 2657 565 2730 appetitionem
584 2656 713 2714 vindictae
730 2661 858 2727 (Auqust.
880 2674 931 2716 siv
985 2667 1013 2716 33
1031 2657 1114 2727 iacto,
1128 2659 1206 2717 etsie
1219 2674 1252 2715 eis
1266 2657 1305 2713 133
1319 2655 1785 2739 331333333333333333331313

134 2732 167 2785 tie
179 2732 254 2787 Caret.
271 2746 293 2785 3.
311 2733 358 2795 ¹53
373 2730 401 2785 S.
418 2731 510 2789 Tium.
525 2735 573 2784 bt
588 2746 614 2799 3.
628 2733 724 2798 3333.
740 2732 867 2795 33133333.
882 2731 900 2784 l.
919 2745 929 2786 1
984 2739 1136 2802 sequuntur
1162 2737 1327 2786 nocumenta
1354 2729 1446 2787 omnia
1472 2742 1533 2798 333
1556 2725 1688 2799 piurimis
1712 2726 1783 2785 inie-

135 2802 243 2858 llltetor.
263 2816 285 2856 3.
301 2808 336 2869 23
351 2801 439 2857 Seuer.
456 2801 475 2855 1.
493 2801 526 2857 313
542 2803 588 2856 133
605 2816 628 2854 3.
651 2806 677 2855 il.
703 2801 771 2856 Vide
789 2804 863 2857 lact.
880 2801 928 2856 133.
985 2809 1092 2857 333333.
1108 2798 1161 2858 Sed
1176 2800 1236 2857 brec
1247 2799 1307 2857 31313
1322 2798 1426 2869 plenius
1438 2797 1569 2869 explicata
1580 2796 1652 2869 apud
1666 2798 1697 2856 S.
1708 2798 1785 2858 The-

68 2904 77 2917 ·
134 2872 167 2927 cie
188 2876 233 2928 lra
250 2873 299 2927 lici
314 2888 335 2927 e.
360 2873 413 2936 11).
435 2874 502 2942 Quae
521 2870 632 2943 quidem
649 2870 700 2935 ira,
717 2878 749 2924 ut
767 2871 928 2941 plurimum,
984 2886 1060 2927 mem
1073 2874 1211 2939 31333333
1225 2873 1296 2927 best.
1312 2871 1357 2926 iili.
1372 2885 1407 2927 iv
1422 2869 1628 2935 asarias).

133 2945 280 3015 coniuncta
300 2951 342 2997 est
360 2956 424 2997 euin
443 2943 482 2998 ira
502 2941 588 3013 partis
609 2940 743 2997 sensitiva
762 2948 790 2994 et
807 2939 942 3012 motione,
1020 2938 1616 3013 ’.11333133333133313133333313133331).
1632 2939 1784 3015 Gregorius

133 3013 265 3082 corporis.
281 3014 356 3067 Raro
369 3011 441 3066 enim
456 3019 583 3067 movetur
597 3024 660 3080 pars
672 3008 811 3081 superior,
825 3011 892 3081 quin
903 3019 931 3066 et
983 3010 1030 3068 lib.
1052 3027 1071 3064 v
1086 3011 1231 3069 Moralium
1246 3028 1272 3068 3.
1292 3019 1337 3081 33,
1352 3012 1399 3069 nbi
1422 3010 1483 3068 liaeo
1500 3008 1595 3068 eadem
1610 3009 1659 3068 irae
1674 3011 1782 3069 incoin-

135 3080 249 3138 iuierior
263 3090 290 3136 et
304 3080 434 3136 sensitiva
449 3088 603 3137 moueatur.
620 3081 664 3135 133
680 3086 784 3148 antem,
799 3081 929 3137 utestvi-
984 3081 1066 3139 moda
1088 3093 1222 3152 recenset,
1244 3091 1272 3138 et
1293 3098 1327 3138 er
1348 3081 1451 3139 eisdem
1471 3079 1531 3139 iere
1549 3082 1695 3153 Scriptura
1713 3083 1783 3141 locis

134 3152 203 3208 tium
217 3167 265 3207 seu
280 3157 436 3221 peceatum,
451 3158 496 3205 est
514 3147 697 3206 immoderata
711 3165 759 3206 seii
778 3150 930 3208 inordinata
984 3151 1057 3218 (aliis,
1072 3154 1187 3219 subinde
1204 3152 1312 3223 additis)
1327 3152 1483 3211 conlirmat.
1504 3154 1555 3208 Per
1576 3155 1656 3217 irum,
1676 3152 1781 3226 inquit,

134 3222 259 3278 vindictae
281 3218 425 3292 cupiditas.
451 3222 545 3292 Neque
564 3219 637 3275 enim
656 3220 817 3292 simpliciter
839 3222 929 3279 omnis
983 3225 1271 3296 supierrtiaperditur,
1289 3227 1319 3279 ut
1337 3225 1515 3295 3313333333
1534 3223 1628 3279 ordine
1645 3226 1782 3293 quaeriritis

133 3292 268 3365 cupiditas
288 3290 412 3347 vindictae
430 3290 525 3348 illicita
545 3298 596 3357 est,
610 3291 657 3347 sed
675 3291 856 3349 immoderata
869 3300 931 3349 tan·
983 3297 1029 3358 sit,
1044 3297 1190 3360 aieseiator,
1210 3298 1278 3353 sieut
1291 3298 1422 3366 scriptum
1440 3299 1479 3350 est
1494 3313 1502 3348 ε
1518 3296 1564 3351 ira
1578 3297 1607 3349 ia
1624 3295 1687 3350 3133
1699 3297 1783 3352 333131

132 3371 202 3428 tum,
225 3363 324 3420 313313
342 3378 422 3418 caiisa
439 3362 512 3433 justa
536 3360 649 3419 modum
671 3361 793 3430 excedat,
817 3362 875 3420 sive
896 3379 929 3421 ex
983 3369 1124 3437 requiescit
1133 3367 1243 3435 (Eccles.
1254 3365 1402 3439 33333313
1410 3366 1732 3434 mimirumiutelit'peutiee
1740 3368 1781 3423 lie

131 3451 214 3491 causa
233 3435 333 3508 injusta
355 3433 493 3505 procedat.
514 3434 600 3489 Causa
622 3431 721 3505 injusta
741 3441 783 3490 est
800 3433 930 3516 injuriam
947 3425 1038 3491 Germ
1056 3438 1206 3501 subtrabit,
1227 3454 1287 3492 urm
1304 3441 1416 3492 meatem
1432 3437 1606 3507 permovendo
1623 3438 1779 3505 mstsmtdit.

132 3522 211 3563 suani
234 3514 262 3563 et
285 3505 424 3577 propriam
445 3504 513 3574 33113
537 3503 687 3585 uindicata
713 3503 772 3561 ltaec
788 3520 872 3573 enirn,
900 3515 930 3561 33
983 3508 1779 3578 113133333333313313333331333313331333333131333333,

164 3593 181 3633 o
203 3577 253 3643 ria,
276 3590 428 3647 numquam
455 3583 498 3630 est
522 3573 691 3631 vindicanda.
718 3574 771 3632 Sed
786 3575 861 3646 justa
888 3584 929 3632 est
982 3579 1051 3633 sieut
1064 3581 1247 3648 scriptumest
1262 3598 1270 3633 :
1286 3582 1332 3634 ira
1342 3579 1435 3649 perdit
1448 3581 1529 3635 331333
1539 3578 1697 3647 perarmet,
1710 3583 1780 3650 quia

150 3594 163 3631 r

132 3593 258 3704 inritus
279 3661 373 3714 causa,
395 3661 459 3701 cuin
483 3643 525 3699 331
548 3644 601 3701 Dei
622 3644 710 3701 honor
734 3646 874 3711 asseritur,
897 3655 928 3702 ut
982 3649 1082 3704 scilieet
1096 3651 1223 3716 cariturus
1240 3652 1345 3705 animus
1359 3665 1531 3719 nequaquam
1543 3649 1643 3720 capiet,
1658 3652 1740 3706 331333
1753 3653 1781 3706 31

70 3778 72 3783 ,
132 3718 248 3775 Pliinees
265 3726 293 3775 et
313 3719 421 3788 lloyses
441 3715 502 3771 irati
518 3723 592 3781 sunt,
612 3715 653 3771 vel
674 3714 739 3788 ipsis
762 3715 800 3772 ita
820 3717 929 3790 expedit
981 3721 1049 3788 quid
1064 3721 1208 3790 iirteiquere
1219 3721 1367 3791 prudenter
1377 3721 1459 3775 ualet.
1473 3723 1523 3775 Per
1536 3721 1606 3775 irum
1614 3720 1727 3789 jitstitia
1740 3739 1782 3779 re·

131 3790 229 3860 quibus
243 3786 533 3853 irascimur.‚Ellicitur
548 3802 614 3858 ergo
630 3787 669 3843 ira
685 3786 782 3843 uitiosa
796 3795 823 3843 et
841 3788 925 3856 iiiala,
982 3790 1124 3861 linquitur,
1143 3793 1212 3847 sicut
1225 3792 1353 3863 scriptam
1367 3796 1407 3846 est
1422 3809 1431 3845 r
1446 3795 1494 3848 133
1508 3793 1565 3845 uiri
1572 3791 1714 3860 justitiam
1726 3794 1779 3849 liei

130 3861 153 3917 si
169 3860 292 3917 ordinem
308 3857 423 3915 rationis
437 3858 575 3925 excludat,
588 3858 666 3914 aits.
681 3859 803 3915 'ihomas
812 3861 886 3925 (Art.
897 3864 926 3927 2,
980 3876 1033 3916 333
1042 3862 1274 3932 marterterae.
1286 3863 1308 3933 3)
1319 3880 1327 3929 ;
1337 3863 1404 3932 quio
1413 3861 1478 3918 dum
1484 3863 1780 3933 perturbatammep'u-

130 3932 179 3986 aii
188 3937 292 4002 supra),
305 3929 359 3986 hoc
370 3936 421 3995 est,
433 3929 458 3985 si
469 3926 581 3985 modum
595 3944 610 3984 a
622 3928 728 3985 ratione
738 3929 927 4000 praescriptum
981 3932 1083 3991 dicium
1095 3949 1151 3989 3333
1163 3935 1277 3989 rationis
1290 3938 1450 4003 exasperat,
1462 3949 1538 3988 emere
1549 3933 1622 4002 quod
1630 3934 1710 4000 (uror
1717 3950 1779 4004 sup·

130 4019 185 4058 non
203 4010 309 4068 servet,
326 3999 401 4073 33331
414 4000 520 4056 31331333
535 3999 626 4056 3333113
638 4000 791 4082 contingit:
802 4000 926 4082 primum
979 4005 1060 4071 perit.
1085 4009 1185 4061 rectum
1199 4009 1290 4076 petat.
1311 4007 1362 4062 Per
1381 4006 1454 4059 iram
1474 4006 1569 4129 pratia
1588 4006 1652 4059 uitia
1668 4006 1777 4063 33313113

54 4072 62 4083 “
130 4089 162 4129 33
181 4081 256 4145 parte
274 4069 382 4145 objecti,
398 4078 466 4127 cn'm
483 4070 752 4143 appetiturrindicta
772 4079 881 4143 injusta,
896 4081 928 4130 ut
979 4077 1126 4139 amittitur,
1139 4078 1209 4132 31333
1220 4078 1349 4146 scriptum
1360 4077 1562 4134 estrll'oiesse
1575 4075 1700 4133 3331313333
1714 4091 1778 4132 mm

129 4145 151 4200 si
167 4143 229 4216 quis
241 4143 306 4201 33113
323 4141 430 4214 punire,
445 4141 486 4198 331
503 4150 615 4215 appetat
627 4141 715 4215 puniri
729 4158 793 4199 eunt
805 4143 852 4216 qui
869 4158 926 4200 non
980 4144 1085 4201 iumine
1101 4147 1245 4212 iracunda
1263 4162 1296 4200 ae
1316 4146 1404 4202 decos
1423 4148 1532 4200 serratus
1548 4145 1616 4214 ejice,
1638 4152 1663 4202 et
1681 4160 1777 4203 semes

130 4217 243 4283 meruit,
257 4215 298 4271 vel
318 4212 491 4286 ultraquam
508 4214 621 4281 meruit,
639 4212 680 4270 uel
699 4228 756 4269 non
773 4213 924 4272 seeundum
978 4217 1137 4272 scandulum
1147 4219 1244 4273 areima
1255 4221 1319 4271 tue.
1333 4218 1368 4272 Et
1376 4216 1458 4271 idem.
1472 4218 1536 4283 0313
1546 4219 1645 4286 poterit
1654 4217 1778 4275 matam

130 4286 280 4357 legitimum
297 4283 433 4350 ordinem,
446 4283 487 4339 331
499 4300 555 4340 333
565 4293 677 4357 propter
690 4283 813 4341 debitum
828 4284 925 4353 linem,
978 4302 1039 4341 cum
1052 4288 1158 4342 bomine
1171 4287 1248 4355 cujits
1261 4289 1375 4356 spiritus
1392 4288 1484 4354 samiis
1500 4292 1539 4344 eet
1555 4287 1593 4343 aa
1606 4288 1776 4344 irascendum

130 4355 176 4425 qui
196 4362 238 4410 est
257 4354 428 4408 conservatio
446 4353 560 4423 justitiae
579 4362 607 4410 et
625 4355 757 4420 eorrectio
773 4357 877 4427 cnlpae,
898 4364 925 4412 et
977 4357 1115 4423 (Prorcrb.
1129 4361 1230 4424 xxiii?
1245 4359 1311 4427 3313
1326 4359 1375 4426 331
1386 4373 1415 4412 33
1428 4373 1462 4413 en
1475 4357 1595 4415 tomam
1605 4361 1708 4415 3331333
1721 4376 1776 4415 iton

130 4424 183 4480 boc
195 4422 278 4480 modo
297 4430 445 4501 peccatum⁸
452 4430 494 4476 est
505 4438 537 4477 ex
546 4437 643 4493 genere
655 4438 705 4479 suo
720 4426 847 4492 mortale,
861 4426 925 4496 qiiiu
979 4430 1117 4498 temperat,
1124 4442 1224 4483 riecesec
1231 4433 1269 4483 est
1277 4432 1308 4482 ut
1317 4428 1467 4485 bestialiter
1474 4429 1546 4485 solus
1555 4431 1776 4486 uiuat.Periram

129 4502 225 4550 contra
243 4491 358 4563 proximi
373 4490 531 4546 charitatem
547 4499 575 4547 33
582 4491 718 4571 justitiam
735 4510 743 4547 r
758 4494 877 4551 seeundo
892 4511 923 4551 eii
978 4498 1118 4553 3333333113
1129 4500 1276 4571 rumpitur,
1284 4500 1353 4554 31333
1361 4500 1492 4569 seriptum
1502 4503 1542 4556 est
1554 4519 1562 4555 r
1572 4502 1775 4559 'Viraaittteetee

131 4573 207 4636 parte
220 4562 305 4634 ipsius
315 4568 418 4642 motus,
431 4575 494 4615 etim
506 4560 566 4641 quis
580 4561 761 4642 immoderate
773 4562 925 4620 effervescit
975 4569 1053 4636 parit
1069 4570 1155 4631 31333,
1174 4574 1200 4625 33
1216 4571 1260 4624 eir
1280 4569 1425 4626 iracundus
1442 4570 1559 4640 effundit
1573 4575 1682 4642 peccota
1700 4573 1775 4638 (Pro

129 4636 187 4693 sive
210 4632 342 4699 interius,
362 4646 420 4687 sive
440 4639 572 4712 exteriore
592 4631 682 4704 aliquo
703 4633 796 4704 signo,
817 4634 923 4691 etamsi
976 4639 1046 4693 reri.
1066 4645 1164 4706 xxis).
1178 4641 1329 4697 tromundus
1339 4643 1439 4712 quippe
1449 4643 1692 4712 poccataeffuridit,
1706 4646 1775 4712 qaia

130 4706 227 4779 alioqui
242 4710 350 4776 appetat
362 4702 466 4774 iustam
479 4702 634 4758 vindictam.
652 4704 702 4758 llis
715 4703 823 4761 duobus
834 4706 923 4763 modis
976 4712 1058 4764 etiam
1076 4713 1170 4775 mulos,
1208 4712 1619 4781 3333333333331313333331133
1637 4720 1773 4783 protonat,

129 4777 262 4851 genericis
281 4774 377 4831 transit
391 4774 430 4856 ira
448 4773 474 4830 in
492 4772 721 4856 313133333333333
761 4775 798 4832 131
816 4780 928 4835 contisi
937 4788 964 4861 Β
974 4779 1078 4849 pejores
1093 4780 1175 4855 ’[3333.
1187 4729 1242 4840 iter
1254 4783 1325 4839 33333
1340 4784 1389 4837 tua
1402 4785 1527 4838 33333333
1541 4785 1687 4847 amentur,
1703 4786 1774 4841 sterit

132 4850 202 4905 rium
247 4846 301 4904 uod
324 4845 359 4901 ab
381 4844 528 4901 Aristotele
549 4845 647 4901 dieitur
669 4844 743 4917 ὀργιλ
791 4867 812 4913 ς,
838 4847 922 4905 133133
976 4852 1107 4921 seriptum
1122 4844 1189 4908 rs't‘:
1208 4852 1317 4910 satiem
1331 4853 1433 4909 33313133
1449 4869 1529 4924 super
1542 4855 1712 4909 iracundiam
1725 4871 1772 4911 ve-

131 4865 461 5001 13333311333333333333
476 4915 642 4998 frequentius
657 4933 705 4988 pro
719 4917 811 4999 liabitu
826 4918 922 4977 vitioso
975 4927 1060 4978 stram
1070 4925 1175 4992 (Epiros.
1187 4923 1247 4995 iv);
1259 4927 1325 4994 quia
1334 4940 1392 4978 cum
1399 4925 1632 4980 meritiiraourrdia
1641 4927 1773 4992 confusio

60 4993 68 5009 ⁰
130 4990 264 5047 irascendi
280 4996 421 5057 accipitur,
436 4987 665 5059 distinguuntque
681 4987 715 5043 ab
729 5005 787 5061 ipso
801 4998 921 5048 actuseu
975 4994 1016 5047 eris
1029 4995 1597 5058 taretrostriemitlmiobeusroaiumsue
1610 4997 1771 5065 repetitionis

131 5056 924 5139 3333331333,3316333313313333333.11133(11333313
977 5062 1124 5119 abscondit.
1145 5066 1211 5121 llaec
1233 5068 1266 5119 l).
1288 5064 1450 5137 Gregorius,
1471 5081 1531 5136 quae
1555 5065 1589 5122 ad
1612 5066 1771 5125 illustranda

131 5148 160 5187 iv
179 5131 326 5187 Tusculani
347 5147 353 5182 :
373 5129 530 5190 iracundia,
548 5138 647 5199 inquit,
662 5132 696 5185 33
714 5133 758 5186 iro
775 5133 879 5202 differt,
894 5139 929 5189 ut
976 5135 1104 5204 quadam
1125 5138 1271 5207 scripture
1288 5135 1350 5193 loca
1369 5137 1600 5211 proderentque
1617 5137 1721 5209 passim
1741 5137 1770 5195 in

129 5205 253 5257 aurietus
266 5200 418 5268 33333333.
431 5199 598 5268 Nequceuim
608 5215 695 5256 emises
708 5206 771 5256 3333
785 5205 866 5257 retiati
877 5206 926 5272 qui
977 5203 1029 5261 1333
1044 5205 1113 5261 libro
1127 5206 1255 5262 citantur.
1348 5208 1352 5213 ’

129 5271 430 5343 333333333113333333,
440 5284 521 5338 aeque
529 5272 718 5342 3331133333
728 5278 867 5341 33333333
880 5292 887 5327 :
898 5280 924 5328 et
1010 5269 1150 5346 1113133313.
1170 5278 1212 5332 lta
1226 5275 1308 5332 eiiam
1321 5276 1497 5349 manuscripti
1510 5274 1566 5334 duo
1581 5278 1653 5350 apud
1667 5293 1724 5348 me,
1740 5287 1769 5338 et

131 5349 201 5399 inter·
214 5344 364 5397 ebrietatem
376 5346 400 5395 et
411 5341 590 5396 ebriositatem
602 5344 726 5407 iuterest;
735 5344 871 5412 ’3311331333
884 5349 925 5398 333·
975 5345 1097 5419 plerique
1116 5347 1218 5406 excusi.
1244 5351 1372 5404 Attamen
1386 5363 1419 5403 ex
1433 5347 1494 5405 31133
1508 5347 1641 5421 Gregorio
1655 5353 1769 5409 3333133

130 5432 185 5471 esse
200 5418 354 5474 ‹tirmior-em,
372 5411 450 5492 retitui
469 5417 612 5492 sinautem.
633 5415 670 5468 Et
687 5413 787 5469 Seneca
807 5413 874 5482 (Lib.
890 5413 923 5469 313
975 5418 1170 5475 restituendum
1190 5418 1307 5485 ridetur,
1327 5418 1453 5490 effuitdit,
1474 5418 1547 5476 sieut
1568 5429 1596 5476 et
1618 5420 1769 5494 Dionysius

129 5489 177 5543 tra
196 5503 256 5556 rup.
272 5488 300 5565 4)
317 5497 384 5555 3333
397 5480 497 5562 iisdem
509 5481 599 5537 verbis
613 5483 681 5539 iram
694 5482 760 5538 dicit
776 5499 808 5564 eo
820 5482 922 5540 distare
974 5486 1102 5556 reddidit,
1114 5497 1141 5545 et
1150 5490 1626 5549 loannesTurrecrematnstractatu
1635 5490 1768 5566 vigesimo

129 5558 163 5614 ab
178 5555 327 5617 iracundis,
345 5567 401 5624 quo
421 5550 528 5607 ebrium
543 5552 578 5607 ab
597 5553 717 5620 ebrioso,
738 5563 765 5609 et
778 5561 920 5612 timentem
974 5559 1067 5629 quinto
1082 5559 1109 5615 in
1123 5558 1258 5633 Regulam
1270 5558 1325 5618 diri
1340 5559 1487 5628 Benedicti,
1503 5559 1660 5619 3131133333
1680 5573 1713 5620 33
1727 5563 1768 5622 in·

128 5628 263 5685 atimido.
278 5629 367 5681 leatus
378 5624 447 5678 euim
458 5628 544 5692 potest
557 5640 610 5678 riou
622 5640 676 5680 esse
688 5624 845 5689 iracundiis,
861 5627 920 5681 ira·
973 5636 1080 5703 legium
1100 5629 1164 5687 citat
1182 5632 1210 5687 in
1229 5631 1440 5689 detestationem
1460 5630 1543 5699 1333133
1564 5632 1629 5689 31311.
1706 5634 1768 5693 litec

127 5692 824 5768 33331333333333311333333133133113333333331>οπο
839 5697 919 5767 iram,
972 5700 1081 5771 quidem
1100 5717 1132 5757 ex
1153 5701 1277 5759 33331333
1298 5703 1482 5776 Septuaginta.
1499 5705 1570 5760 liam
1590 5703 1697 5778 vulgata
1715 5705 1767 5762 ba·

127 5788 175 5828 seu
188 5767 352 5826 iracundiam
365 5765 391 5820 13
402 5779 517 5819 nutriero
531 5764 657 5847 vitiorum
667 5765 832 5836 capitalium,
846 5782 918 5839 prar-
972 5769 1019 5826 bet
1031 5790 1037 5825 :
1051 5773 1767 5847 11313333331333333333331333,33331331133113333·

127 5851 169 5901 ter
197 5838 369 5907 Cassianum,
392 5844 515 5893 recenset
537 5844 620 5892 etiam
646 5839 681 5892 l).
706 5837 863 5910 Gregorius,
888 5849 919 5897 nt
972 5842 1515 5919 3133333113333333333133333331333
1531 5844 1688 5916 proclivior.
1708 5847 1764 5906 Ubi
