3824 6164
125 293 195 349 isos
663 281 805 339 roauuis
820 279 973 339 cassiani
986 250 1235 339 ¹coiianoiins.
1709 277 1780 333 noi

122 421 209 479 solers
221 417 356 492 vigilantia
369 425 489 483 tueatur,
500 431 535 472 no
547 413 611 487 quid
626 412 706 470 exeis
718 396 816 469 festina
830 420 843 447 ⁸
854 424 923 482 praa·
936 414 964 478 Α
978 408 1088 465 niorom
1103 405 1204 463 modus
1215 404 1322 462 diversa
1339 399 1573 460 hebdomadarum
1591 398 1780 456 observatione

122 513 245 587 sumptio
260 513 366 570 liventis
390 511 536 568 attaminet
556 506 666 573 inimici,
692 514 855 575 nostrasque
866 504 923 576 pri-
976 500 1158 559 concluditur.
1173 500 1209 556 iii
1224 499 1299 555 enim
1311 497 1364 555 sibi
1378 512 1424 554 sex
1439 492 1673 552 hebdomadarum
1690 491 1786 548 ohser-

122 608 214 665 mities
224 616 365 679 tamquam
376 605 594 678 rilesjematque
605 616 791 659 commoneas
805 599 923 656 Domino
976 597 1096 652 tantiam
1116 593 1301 667 prelixerunt,
1316 591 1362 663 qui
1379 596 1475 662 putant
1488 586 1535 644 die
1553 600 1663 657 quoque
1674 584 1780 641 sabbati

121 700 204 759 iaciat
226 700 378 773 reprobari.
394 698 449 770 Qui
468 698 491 755 si
507 704 688 770 praeventura
706 694 788 751 nobis
802 692 923 766 pervigili
973 688 1165 763 jejunandum.
1181 690 1235 745 Sex
1253 701 1318 757 ergo
1330 685 1357 740 in
1371 677 1542 739 hebdomada
1550 677 1657 751 jejunia
1673 679 1780 750 persol-

121 793 225 851 mentis
252 793 493 866 circumspectione
519 807 576 848 non
600 789 698 858 fuerit,
723 786 923 861 anticipationis
976 790 1055 852 runt,
1069 781 1114 854 qui
1128 779 1240 837 eosdem
1249 794 1297 835 εει
1310 785 1335 835 et
1354 777 1464 850 triginta
1484 772 1542 830 dies
1553 770 1642 829 seiles
1655 770 1782 827 revoluta

122 888 298 960 nequissimae
314 886 541 944 consuetudinem
562 900 619 941 non
641 884 781 956 deponens
802 881 924 955 quotidie
976 882 1178 933 consummant.

121 994 174 1037 nos
185 980 328 1037 fraudibus
347 981 403 1037 suis
418 978 565 1052 praevenire
579 992 635 1034 non
643 976 757 1033 desinet.
774 979 808 1031 Et
821 975 922 1035 idcirco
1232 967 1352 1025 CAPUT
1372 962 1506 1022 xxviii.

122 1075 145 1133 si
158 1075 270 1147 placitas
280 1085 308 1131 et
322 1074 499 1147 acceptabiles
519 1076 579 1129 Deo
592 1071 728 1144 primitias
741 1085 774 1125 ει
790 1067 923 1124 tractibus
976 1074 1065 1142 Quare
1083 1077 1190 1129 aooctm
1215 1069 1435 1138 Quadrupesimo,
1460 1078 1521 1118 eum
1540 1062 1658 1130 triqinto
1681 1065 1707 1116 et
1728 1076 1779 1119 sea

121 1177 225 1225 nostra
237 1167 337 1225 mentis
347 1177 475 1239 optamus
487 1165 597 1233 olierre,
608 1179 665 1219 non
673 1161 841 1218 mediocrem
849 1159 923 1216 solli-
1145 1140 1329 1199 mmmmm
1343 1137 1433 1194 1¹52&ss
1442 1133 1608 1205 illumi?

122 1259 276 1317 citudinem
299 1260 433 1315 debemus
464 1255 637 1328 impendere,
663 1263 694 1311 nt
720 1268 816 1311 omnes
834 1253 921 1310 nostri
1010 1256 1073 1311 Una
1088 1268 1166 1324 ergo,
1189 1244 1424 1323 quemadmodum
1445 1257 1504 1300 esse
1525 1241 1667 1305 diximus,
1692 1238 1777 1308 ratio,

122 1352 244 1424 corporis
256 1366 363 1417 sensus,
379 1349 520 1406 matutinis
532 1348 666 1421 praecipue
677 1347 762 1412 horis,
777 1355 921 1418 tamquam
974 1346 1104 1419 idemque
1117 1342 1333 1416 estjejuniorum
1346 1336 1461 1404 modus,
1478 1335 1539 1390 lieet
1551 1334 1582 1389 in
1596 1330 1782 1390 hebdomada·

122 1452 295 1501 sacrosancta
317 1441 429 1499 Domini
455 1441 614 1498 holocausta
636 1441 665 1496 in
680 1437 922 1496 omnibusillibata
975 1456 1037 1496 rum
1058 1454 1176 1496 numero
1191 1436 1343 1506 discrepare
1358 1431 1491 1488 videatur.
1511 1424 1781 1500 Sedprolectooum

121 1545 203 1608 atque
216 1536 478 1593 intactaservemus.
491 1533 572 1603 Quod
585 1533 834 1605 devotionisgenus
842 1529 922 1588 multi
975 1534 1109 1590 rationem
1136 1531 1218 1604 hujus
1238 1528 1278 1585 rei
1302 1528 1423 1584 humana
1447 1520 1632 1579 'oblitterasset
1657 1518 1777 1585 incuria,

122 1630 204 1687 cham
227 1629 399 1687 saccularium
418 1644 530 1686 summa
545 1628 671 1685 cautione
692 1625 861 1694 custodiunt,
875 1624 922 1697 qui
975 1634 1084 1697 tempus
1096 1625 1148 1681 hoc
1157 1639 1211 1696 quo
1221 1619 1428 1687 anniversariae,
1439 1626 1471 1673 ut
1485 1612 1644 1683 dictumest,
1658 1614 1774 1671 decimae

121 1731 184 1779 ante
204 1724 295 1779 lucem
317 1723 358 1779 rel
383 1723 505 1780 diluculo
532 1730 738 1795 consurgentes,
751 1735 922 1793 nequaquam
975 1722 1035 1775 Deo
1049 1720 1158 1792 triginta
1173 1726 1202 1774 et
1222 1731 1268 1772 εει
1290 1713 1374 1770 semis
1390 1710 1503 1784 jejuniis
1525 1708 1686 1776 olleruntur,
1705 1706 1775 1776 Qua

121 1814 299 1874 familiaribus
311 1816 513 1874 adnecessariis
533 1815 629 1872 mundi
650 1815 731 1887 hujus
743 1813 850 1870 actibus
868 1812 923 1868 im·
937 1818 961 1881 Β
978 1813 1140 1887 dragesimae
1154 1829 1257 1868 nomen
1269 1811 1383 1882 accepit,
1397 1809 1472 1881 quod
1487 1808 1601 1867 lurtassc
1612 1805 1655 1860 rel
1669 1810 1779 1876 propter

121 1910 267 1983 plicantur,
288 1912 451 1985 priusquam
483 1918 645 1967 cunctorum
670 1918 783 1981 anuum
805 1922 920 1964 suorum
973 1907 1026 1964 hoc
1045 1908 1133 1964 risum
1156 1905 1191 1961 sit
1217 1906 1270 1961 boc
1291 1902 1423 1960 vocabulo
1450 1901 1550 1958 debere
1565 1898 1680 1964 censeri,
1702 1894 1776 1969 quod

122 2005 365 2079 operationumque
383 2006 533 2078 primitias,
548 2005 583 2063 ad
596 2004 738 2061 ecclesiam
751 2017 920 2059 concurreu·
973 2004 1100 2074 Moyses,
1126 1999 1165 2054 vel
1182 1999 1264 2063 Elias,
1293 1997 1335 2053 vel
1354 1996 1411 2067 ipse
1427 1997 1568 2052 Dominus
1588 2000 1683 2050 noster
1699 1992 1776 2047 lesus

121 2097 275 2165 tes,diiino
289 2099 418 2157 studeant
431 2115 537 2156 sacrare
547 2096 714 2170 conspectui.
974 2095 1097 2154 Christus
1112 2092 1291 2165 quadraginta
1305 2091 1402 2148 diebus
1412 2091 1551 2163 jeJunasse
1566 2087 1722 2145 traduntur.
1737 2082 1780 2141 Ad

394 2200 513 2257 CAPUT
531 2201 653 2255 xxvii.
974 2188 1052 2260 cujus
1063 2186 1170 2243 numeri
1195 2194 1397 2242 sacramentum
1415 2183 1452 2239 illi
1474 2198 1585 2256 qnoque
1601 2178 1781 2254 quadraginta

123 2298 175 2354 Cui·
184 2296 290 2351 diverso
302 2296 407 2351 dieram
419 2311 527 2351 atemere
539 2296 752 2365 Quadrupesimo
762 2309 779 2349 o
786 2294 922 2364 plerisque
974 2282 1048 2349 anni,
1061 2280 1160 2352 quibus
1175 2280 1257 2336 lsrael
1274 2287 1316 2335 est
1329 2279 1358 2334 in
1373 2278 1520 2335 solitudine
1535 2283 1740 2341 commoratus,
1753 2280 1780 2328 ct

436 2367 607 2422 millii?
976 2374 1152 2448 quadraginta
1170 2373 1297 2431 similiter
1307 2373 1461 2430 mansiones
1479 2371 1581 2443 quibus
1591 2384 1656 2426 eam
1669 2366 1779 2441 mystice

157 2473 243 2528 Porro
267 2469 341 2543 quod
356 2469 461 2535 dicitis,
480 2469 589 2526 diverso
608 2484 701 2534 more,
717 2467 745 2524 id
759 2475 811 2534 est,
825 2468 923 2524 seriel
976 2469 1155 2541 pertransisse
1170 2466 1344 2532 describitur,
1358 2483 1415 2523 non
1438 2466 1587 2538 incongrue
1602 2470 1776 2534 coaptantur.

122 2571 228 2636 septem
258 2563 476 2621 hebdomadibus
513 2579 562 2636 per
589 2561 737 2619 nonnullas
769 2562 925 2634 provincias
978 2561 1141 2619 Eliortasse
1155 2562 1209 2635 ipsa
1222 2560 1366 2618 decimatio
1381 2569 1455 2617 recte
1468 2558 1543 2632 quasi
1559 2558 1594 2614 ab
1608 2561 1621 2590 ⁰
1635 2573 1687 2614 usu
1711 2555 1781 2611 telo-

123 2657 366 2731 Quadragesimam
381 2655 523 2726 celebrari,
539 2650 616 2713 huna
635 2656 707 2713 ratio
722 2655 848 2728 idemque
859 2655 925 2728 jeju·
977 2657 1020 2713 nei
1034 2658 1048 2692 ‘¹
1063 2656 1286 2729 Quadragesimae
1305 2670 1405 2713 nomen
1430 2654 1539 2726 accepit.
1566 2654 1608 2709 lta
1639 2650 1712 2708 enim
1735 2648 1781 2706 illa

666 2802 794 2857 strubi
812 2801 927 2856 GAZAEl
946 2800 1228 2857 COMMENTARIUS.

158 2948 171 2973 ⁸
183 2936 214 2993 ld
233 2946 284 3019 est,
301 2935 405 2992 diaboli
419 2936 499 3019 nobis
513 2935 669 3017 invidentis.
690 2936 862 2990 attaminare
875 2952 925 3006 pro
979 2937 1101 2994 aGraeca
1113 2952 1180 2993 roce
1192 2936 1273 3003 τέλος,
1286 2951 1348 3007 quar
1359 2934 1488 2991 lateralia
1502 2930 1616 3005 vectigal
1629 2927 1776 3002 significat.

123 3016 366 3063 contaminarcaut
377 3012 545 3078 contingere.
556 3008 690 3062 Utitureo
703 3005 786 3061 verbo
800 3004 924 3077 lrequen-
977 3006 1060 3065 Unde
1079 3007 1194 3072 τελῶιες,
1220 3008 1275 3063 sive
1293 3006 1408 3072 τελῶναι,
1432 3004 1566 3066 telonarii,
1582 3003 1629 3072 qui
1648 3010 1677 3057 et
1697 2998 1781 3071 publi-

122 3086 174 3133 ter.
188 3080 216 3131 S.
230 3078 409 3142 Ambrosius,
425 3079 496 3147 apud
510 3092 592 3147 quem
606 3076 687 3131 etiam
702 3076 746 3131 ille
759 3076 835 3132 locus
847 3082 926 3147 Apo·
979 3079 1037 3134 cani
1050 3079 1095 3149 qui
1106 3079 1244 3205 vectigalia
1255 3077 1410 3149 exigebant,
1421 3077 1455 3134 de
1468 3076 1569 3149 qulbus
1583 3075 1613 3129 in
1625 3072 1673 3128 lib.
1693 3087 1730 3128 iii
1744 3069 1779 3127 da

123 3146 202 3229 stolis
214 3146 367 3229 adldoloss.
385 3163 403 3200 ii
420 3148 460 3202 sic
469 3147 566 3220 legitur
577 3167 583 3202 :
593 3149 631 3204 Ne
643 3149 794 3216 letipcritis,
805 3164 838 3202 ae
850 3154 926 3202 otto·
979 3149 1123 3222 indulgen.
1135 3154 1175 3206 De
1196 3150 1226 3204 it.
1239 3166 1264 3205 c.
1279 3148 1417 3205 Ttieodos.
1438 3151 1577 3204 Canoneni
1594 3143 1693 3200 telonei
1707 3140 1778 3215 apud

122 3221 303 3343 {azimum
317 3232 350 3272 ne
363 3220 547 3287 pustaunitis,
557 3234 616 3288 quae
626 3223 690 3273 sarit
703 3218 740 3273 cd
748 3220 926 3289 corruptelam
980 3220 1232 3303 Cassiodorumlib.
1247 3220 1353 3302 vepist.
1367 3226 1401 3302 ts
1411 3215 1775 3299 legimus,·l}otthornmquc

126 3304 172 3439 „P”
183 3330 263 3415 Nulla
274 3358 356 3430 igitur
367 3357 437 3414 inter
451 3359 563 3415 [artinas
577 3368 605 3414 et
619 3360 733 3416 Graecos
746 3357 924 3428 discrepantia
940 3346 962 3408 C
977 3291 1087 3432 gregalia?
1100 3290 1453 3419 gneiiflssiggrtifflrgli‘stzzsinsse
1462 3289 1776 3422 fflngtlaeeuisffiamlian:

123 3444 152 3484 in
166 3445 284 3510 numero
300 3430 417 3510 dierum,
437 3430 499 3484 licet
513 3432 539 3510 in
554 3446 668 3485 numero
680 3428 925 3487 hebdomadarum.
978 3434 1052 3489 meris
1067 3437 1094 3488 in
1107 3404 1283 3506 commeasti,
1399 3403 1407 3429 ³
1682 3402 1688 3424 ι
1703 3399 1710 3425 ’

123 3501 196 3581 Nam
209 3509 317 3569 utrique
328 3508 440 3625 ιιιῗιιιῑε
455 3515 500 3554 εει
513 3501 747 3580 diosjrjunioium
759 3499 786 3554 in
800 3502 925 3583 Quadra-
1015 3504 1028 3540 d
1041 3507 1108 3560 Tres
1131 3506 1249 3561 rationes
1266 3505 1420 3575 probabiles
1445 3503 1567 3559 insinuat
1591 3516 1640 3556 cur
1660 3499 1778 3567 Quadra·

123 3584 227 3651 gesimo
253 3570 365 3625 observa
386 3577 449 3639 ant3
468 3570 516 3625 sed
540 3571 577 3652 hi.
595 3571 710 3641 (nempe
738 3569 839 3651 Graeci,
867 3575 925 3629 sive
978 3574 1080 3645 gesimo
1093 3575 1162 3631 dicta
1177 3576 1222 3640 sit,
1233 3584 1315 3631 etiam
1329 3592 1361 3633 eo
1380 3585 1505 3646 tempore.
1519 3588 1575 3645 quo
1591 3587 1646 3626 non
1664 3569 1776 3640 quadra·

125 3639 286 3712 Orieiitales)
299 3649 403 3722 septem
413 3639 925 3723 hebdomadibusQuadragesimamoe
979 3645 1066 3717 ginta,
1081 3647 1128 3703 sed
1137 3646 1247 3717 triginta
1260 3663 1305 3701 seii
1325 3655 1431 3702 tantum
1455 3645 1514 3700 dies
1528 3644 1707 3716 jejunaretur.
1722 3639 1777 3696 Pri·

124 3710 275 3793 lebrabant,
283 3726 345 3793 quia
357 3726 417 3793 non·
424 3712 596 3767 tantumdies
603 3712 767 3775 dominicos,
783 3714 926 3770 sedetiam
980 3732 1024 3770 ma
1039 3718 1107 3771 ratio
1120 3732 1152 3772 eo
1166 3725 1281 3787 spectat,
1294 3717 1441 3789 quodlicet
1454 3712 1777 3783 nutrierusqoadragena·

124 3782 285 3838 sabbatinus
302 3797 317 3863 a
329 3797 437 3864 jejunio
458 3781 669 3865 subtrahebant,
684 3792 796 3853 excepto
812 3785 926 3841 sabbato
979 3787 1035 3841 rius
1045 3803 1100 3842 non
1116 3790 1356 3857 essetcompletus,
1368 3798 1459 3843 tamen
1475 3786 1537 3858 qnia
1550 3798 1643 3855 parum
1652 3781 1772 3848 abesset,

125 3862 232 3909 sancto.
252 3855 342 3935 Latini
360 3869 440 3919 iero,
462 3868 518 3934 sive
532 3856 843 3934 Roniani,scxtantum
857 3854 926 3911 lieb-
980 3858 1068 3912 risum
1087 3857 1170 3914 luerit
1190 3858 1272 3913 etiam
1296 3860 1518 3929 Quadragesiniae
1543 3854 1653 3911 nomine
1673 3851 1775 3907 debere

125 3924 258 4007 domadas
278 3923 632 4050 jffunabanmquiatsolos
655 3924 712 3978 dies
731 3922 883 4005 dominicos
909 3942 926 3981 a
979 3928 1118 3998 appellari,
1133 3944 1195 3983 euni
1211 3929 1263 3985 lioc
1274 3929 1381 4001 jejunio
1400 3931 1595 4002 prolitercntur
1613 3940 1643 3980 sc
1660 3922 1777 3992 Christi,

123 4010 293 4077 jejunioque
314 3995 468 4077 ragcsrmali
490 3994 670 4076 excipiebant.
688 3993 807 4076 l’roinde
819 4003 926 4066 utrique
980 3999 1080 4069 bloysis
1104 4008 1131 4055 et
1149 4002 1216 4056 Eliae
1233 3998 1489 4073 quadragenarium,
1514 4014 1563 4070 pro
1583 4013 1634 4052 suo
1649 3994 1776 4059 modulo,

125 4083 152 4123 in
174 4082 291 4122 numero
312 4067 420 4147 dierum
441 4067 651 4148 conveniebant,
670 4065 740 4148 .¹¹⁰².¹
762 4069 788 4121 in
810 4082 926 4124 numero
980 4071 1046 4124 velle
1060 4071 1161 4126 imitari
1177 4072 1346 4141 :prasertim
1361 4088 1424 4127 oum
1440 4072 1520 4126 etiarn
1537 4067 1702 4133 dominicis,
1717 4065 1777 4121 lieet

124 4137 359 4221 hebdomadarum
372 4136 522 4220 dillerrent.
533 4138 616 4220 Sicuti
625 4153 707 4219 ‚enim
719 4153 748 4218 ιιιΙ
762 4152 808 4192 εει
823 4137 925 4194 liebdo·
979 4156 1034 4196 non
1046 4141 1157 4212 plenum
1171 4151 1198 4196 et
1209 4143 1358 4212 perlectum
1373 4151 1444 4197 esset
1456 4141 1609 4213 jejunium,
1624 4147 1716 4192 tamen
1727 4138 1777 4191 im-

127 4209 229 4292 madis¹
241 4217 349 4291 triginta
362 4279 368 4291 ἢ
380 4224 427 4291 sei
439 4279 445 4290 ι
455 4209 523 4291 dies¹
550 4223 713 4289 jejuniorum
740 4208 926 4276 inveniuntur,
980 4210 1130 4281 perlectum
1141 4214 1237 4268 saltem
1249 4224 1276 4269 et
1286 4214 1444 4282 portionale,
1459 4222 1488 4268 ut
1504 4222 1582 4266 rocat
1600 4208 1777 4265 Tertullianus

125 4280 245 4363 demptis
264 4281 474 4362 dominicisita
488 4289 570 4335 etiam
585 4296 611 4361 in
628 4288 731 4349 septem
749 4279 927 4337 hebdomadis
982 4285 1050 4351 (Lib.
1062 4285 1095 4338 de
1106 4285 1231 4353 lejurribl,
1246 4285 1347 4356 ubique
1360 4295 1528 4348 samareton
1545 4297 1648 4353 nempe
1661 4280 1777 4349 emenso

126 4351 240 4433 totidem
263 4350 322 4405 dies
341 4366 512 4430 jejuniorum
534 4357 718 4416 eontinentur,
732 4349 860 4406 detractis
874 4351 926 4407 do·
979 4356 1156 4423 primumdum
1177 4357 1337 4418 eduliorum,
1358 4365 1387 4411 ut
1402 4354 1565 4417 liicdicitur,
1581 4353 1609 4408 id
1630 4360 1679 4417 est,
1692 4350 1774 4406 absti-

127 4436 235 4476 minicis
250 4429 278 4475 et
298 4421 431 4483 sabbatis,
454 4436 510 4501 uno
523 4428 630 4474 tantuin
656 4428 770 4490 excepto
793 4422 923 4492 paschali.
979 4425 1072 4480 nentia
1092 4442 1107 4480 a
1128 4426 1255 4481 enriiibus
1268 4436 1294 4483 et
1308 4428 1412 4484 cacteris
1429 4427 1498 4482 ciliis
1519 4425 1621 4480 vetitis.
1636 4419 1773 4485 Siciinda,

126 4495 212 4573 Porro
226 4489 566 4572 GraecosQuadragesimru
580 4500 687 4559 tenipus
701 4499 803 4561 septem
820 4491 927 4548 hebdo-
979 4496 1052 4564 qnod
1076 4512 1207 4551 nunierirs
1239 4498 1470 4567 quadragenarius
1493 4496 1528 4553 sit
1557 4494 1724 4567 pioenitentiae
1748 4500 1775 4547 et

128 4562 217 4645 medis
240 4570 416 4646 constituisse
442 4562 523 4616 docet
543 4562 571 4617 S.
595 4565 714 4643 loannes
739 4563 926 4619 Damascenus
979 4564 1135 4622 aillictinnis
1151 4567 1321 4635 symbolum,
1336 4564 1452 4641 ideoque
1468 4583 1515 4639 per
1535 4566 1712 4638 quadraginta
1724 4578 1772 4617 aii·

128 4634 220 4690 hbello
234 4635 268 4690 de
279 4638 396 4706 Jejuniis
407 4630 440 4714 ad
450 4632 603 4715 Comatam,
616 4633 662 4687 ubi
677 4648 705 4686 in
714 4647 775 4686 eain
788 4647 846 4687 rem
856 4634 927 4715 citat
979 4652 1040 4704 nos,
1055 4647 1080 4692 et
1095 4644 1141 4703 lit,
1152 4638 1202 4703 vel,
1213 4639 1362 4696 secuudum
1374 4640 1588 4709 Hieronymum,
1603 4635 1769 4707 qnadraginta

131 4714 241 4790 ueteres¹
252 4709 286 4790 D
303 4705 481 4788 Athanasium
494 4705 562 4760 lihro
574 4704 924 4786 Sermonumsoleinruum,
940 4744 965 4806 D
979 4706 1046 4763 duas
1061 4709 1224 4776 mansiones,
1248 4712 1302 4765 sire
1324 4713 1465 4772 stationes,
1481 4711 1574 4780 populi
1595 4704 1726 4761 lsraelitici
1742 4702 1770 4757 in

128 4780 165 4834 D.
180 4779 308 4835 Basiliam
335 4795 362 4860 in
378 4791 504 4832 sermone
524 4784 617 4858 contra
631 4776 730 4841 ebrios,
755 4777 790 4830 D.
813 4776 924 4831 Petrum
979 4779 1086 4834 deserto
1097 4781 1273 4837 adumbratus
1285 4786 1373 4848 (Hier.
1385 4785 1414 4836 iu
1425 4797 1460 4836 iii
1471 4785 1546 4836 lonoe
1557 4786 1581 4835 el
1590 4778 1773 4841 aecclesiis,

128 4851 279 4930 Martyreni
292 4848 471 4931 patriarcham
497 4848 682 4913 hierosolim,
701 4855 727 4902 et
749 4849 926 4903 anastasium
980 4856 1005 4904 et
1023 4854 1100 4920 epist.
1124 4856 1173 4906 lat
1189 4854 1226 4907 ud
1250 4855 1402 4917 Fodiolnmr
1421 4856 1493 4909 Petr.
1516 4855 1667 4908 Dnrin'urius
1687 4848 1732 4901 lib.
1750 4861 1775 4902 ii

128 4921 331 4975 Antiuclieiiuiii
346 4936 373 4973 iii
388 4919 457 4975 libro
480 4934 561 4989 quein
577 4918 690 4989 Ὀδηγει
711 4927 799 4973 vocat.
822 4920 924 4975 Verum
980 4923 1057 4991 epist
1071 4924 1095 4991 3)
1120 4925 1197 4977 lianc
1209 4927 1341 4979 rationem
1352 4925 1455 4995 plenius
1468 4924 1597 4995 exposuit
1611 4926 1647 4977 D.
1660 4920 1775 4974 Ainbro-

129 4991 296 5074 Soeratesflet
310 4997 371 5059 post
384 5005 447 5044 eum
469 4991 639 5070 sozomenus
654 4992 765 5071 (Serrei-t.
775 4992 794 5043 l.
808 5006 827 5046 v
841 5007 863 5045 c.
878 4998 922 5054 tl,
978 4994 1034 5046 sius
1048 5009 1130 5047 serm.
1146 4998 1180 5049 ’23
1191 4994 1226 5049 de
1240 4996 1450 5064 Quadragesima
1463 5013 1469 5049 :
1483 4999 1619 5063 Leptinus,
1640 4990 1735 5062 inquit,
1748 4992 1774 5044 in

128 5064 231 5120 δεεεει.
246 5062 292 5145 lid.
306 5076 393 5142 virle.
417 5060 462 5130 19)
482 5060 595 5141 Graecos
616 5062 749 5141 ejusmodi
772 5061 925 5133 intelligunt
977 5066 1062 5118 reteri
1074 5067 1237 5120 Testomeuto
1249 5070 1335 5129 (Daui.
1350 5063 1473 5133 mileu-m
1484 5074 1591 5121 sereretur
1601 5063 1773 5133 alopas-filios

130 5133 446 5215 Constantinopqlitauos
468 5139 495 5186 et
504 5138 627 5186 nationes
649 5132 870 5204 circumjacentes
885 5149 925 5188 us·
978 5136 1063 5190 lsrirel
1072 5136 1104 5189 dc
1110 5136 1178 5206 jnpo
1189 5140 1323 5207 AEqpptioe
1333 5141 1500 5208 captivitatis
1512 5143 1629 5197 erueret,
1643 5142 1672 5190 ul
1681 5138 1709 5188 in
1720 5138 1771 5186 ler-

128 5220 182 5275 que
199 5204 234 5288 ad
250 5205 426 5287 l’lioeiiiciani.
447 5202 560 5283 Addunt
583 5210 675 5257 tamen
702 5219 750 5273 per
771 5203 922 5272 illyricum,
980 5222 1039 5259 rum
1052 5222 1092 5261 cos
1105 5210 1471 5278 repromissionisiriducerel,
1486 5210 1670 5280 qruiiirriqi'ntu
1685 5204 1776 5261 aldire

128 5277 264 5360 Graeciam
283 5275 495 5358 occidentalem,
513 5273 645 5345 Libyam,
671 5276 816 5356 ¹lls'gyptnin
833 5283 859 5328 et
873 5276 926 5329 Pa·
980 5292 1040 5330 rann
1055 5294 1115 5331 erim
1127 5279 1277 5334 iliemrmnd
1292 5286 1467 5335 meinorctinn
1484 5288 1584 5335 terrmn
1595 5276 1775 5334 nruiisr'oni'dus

126 5346 271 5430 laestinam,
283 5364 376 5419 parem
389 5357 497 5402 retineri
511 5344 754 5416 Quadragesiniam
761 5358 808 5399 εει
821 5343 924 5402 bebdo·
976 5350 1137 5418 persensisse,
1151 5354 1277 5418 insitoque
1289 5353 1367 5405 illum
1377 5358 1523 5421 temporum
1537 5367 1652 5407 nurnero
1664 5353 1774 5421 potitum

126 5417 252 5475 madibus
263 5428 443 5503 constantem.
980 5421 1171 5488 esscpromr'sit,
1180 5428 1281 5489 querito
1295 5424 1604 5492 etrrospromissisuubrs
1614 5424 1775 5479 oSoluuturc

161 5490 342 5569 Gelonium,
371 5491 426 5547 sive
447 5489 597 5553 teloneum,
621 5488 696 5544 locus
710 5485 756 5543 ubl
784 5488 921 5561 vectigalia
974 5491 1274 5560 perfruiqrutulumur.
1293 5495 1400 5556 Eorlem,
1416 5497 1662 5564 erpeiamcurtem
1675 5497 1774 5561 dlopscs

124 5558 329 5631 colligebantur,
349 5564 393 5633 qui
409 5562 516 5644 etapud
530 5560 643 5617 Judaeos
653 5576 746 5616 mensa
762 5560 922 5631 publicano·
972 5564 1303 5632 permunsa'onespercruit
1316 5566 1491 5635 wiremudam,
1501 5582 1554 5637 quo
1568 5572 1592 5621 et
1607 5562 1775 5635 rrasprrjeju

122 5646 185 5715 rum
202 5628 403 5701 appellabatur;
418 5648 549 5705 quoniam
570 5633 728 5703 plerumque
741 5632 854 5713 vectigal
880 5648 922 5701 pe·
976 5635 1023 5685 iiio
1034 5649 1208 5703 properamus
1220 5638 1256 5689 orl
1273 5637 1376 5689 caeltttn.
1390 5639 1497 5707 lejuuiu
1509 5641 1580 5691 enirn
1593 5643 1688 5691 riostro
1697 5650 1774 5691 neira·

122 5718 201 5759 cunia
226 5707 294 5765 erat,
317 5714 379 5769 quae
393 5719 475 5772 super
494 5720 616 5757 mensam
636 5718 773 5757 numerari
792 5703 876 5764 solet,
887 5717 921 5755 eii
975 5706 1062 5758 aiones
1075 5706 1198 5773 quoedurn
1209 5711 1281 5767 suari,
1292 5722 1342 5775 per
1356 5713 1476 5775 quiuitcr
1488 5709 1775 5779 quiritantiterrucien·

121 5789 176 5845 quo
190 5775 251 5829 loco
265 5778 379 5825 vocatus
400 5772 546 5854 illatrliaeus
563 5773 596 5828 de
608 5773 756 5827 Publicano
772 5772 797 5825 iu
816 5779 921 5850 aposto
974 5777 1023 5835 les,
1050 5776 1305 5831 ‹inimicaretutibus
1327 5780 1507 5841 antonianus,
1528 5780 1629 5835 ilinrno
1650 5780 1773 5850 prosectu

119 5844 428 5917 lumrepentemutatus
440 5849 492 5900 est.
502 5844 615 5899 Dictum
625 5849 666 5897 cst
680 5849 773 5896 autem
788 5841 921 5898 telonium
973 5848 1143 5915 repromisso
1154 5847 1229 5904 nodis
1240 5853 1318 5904 terre
1329 5851 1677 5922 ariminoresetjlclmurete.
1686 5846 1772 5908 Tertia
