3824 6164
120 241 189 297 1279
657 234 797 309 tumulus
814 234 966 293 cassiam
984 231 1228 291 conmutabilis.
1710 226 1778 283 l28⁰

120 365 184 437 quia
198 378 249 420 nos
262 363 436 436 agnoscimus
456 368 625 434 peccatorem
640 360 689 417 sed
703 360 738 418 ad
751 377 813 419 eam
830 362 918 436 magis
934 365 961 430 Α
975 370 1017 419 est
1037 368 1068 417 ut
1083 375 1148 416 cum
1168 357 1220 415 bac
1240 354 1330 416 cordis
1343 354 1512 418 bumilitate,
1528 368 1580 424 qua
1594 349 1740 408 credimus
1753 360 1779 410 st

121 474 155 516 ac
167 457 254 531 magis
267 464 317 526 cst,
334 465 361 513 et
375 463 484 529 propter
499 456 599 512 animm
618 455 785 513 medicinam
807 464 836 513 et
847 456 921 530 puri·
974 445 1148 511 fatemu’rilla
1161 459 1332 509 sacrosancta
1345 449 1474 522 mysteria
1487 459 1638 518 numquam
1652 459 1706 517 pro
1723 460 1776 502 me-

121 548 277 607 licationem
304 548 423 621 spirims,
444 547 523 605 avide
542 546 725 606 festinandum
748 569 755 605 :
778 558 919 606 verumta-
973 548 1026 606 rito
1052 562 1105 605 nos
1130 561 1209 620 posse
1232 544 1407 617 contingere,
1429 539 1541 612 singulis
1559 554 1594 596 ea
1627 537 1778 597 dominic'u

121 659 186 701 men
209 659 240 700 ea
260 642 413 700 bumilitate
426 644 526 700 mentis
548 659 579 700 ac
593 642 660 710 fide,
674 652 705 701 ut
723 643 848 717 indignos
869 658 920 701 nos
973 640 1120 700 diebusob
1134 639 1287 699 remedium
1298 645 1452 695 nostrarum
1463 630 1665 707 aegritudinum
1677 647 1776 704 praesu·

112 737 292 810 perceptione
306 745 387 795 tantae
406 738 499 819 gratiae
510 738 675 811 judicantes,
695 738 817 796 remedia
830 737 921 811 potius
975 751 1094 805 mamus,
1116 750 1200 807 quam
1213 742 1244 791 ut
1257 748 1324 790 vana
1339 729 1513 805 persuasione
1528 725 1622 783 cordis
1647 724 1724 794 elati,
1738 728 1776 784 rel

121 829 223 888 nostris
232 830 388 887 vulneribus
404 831 573 904 expetamus.
588 831 716 903 Alioquin
729 847 780 888 nec
794 831 920 887 anniver-
974 838 1037 905 post
1045 845 1147 887 annum
1160 828 1258 902 dignos
1268 835 1383 885 eorum⁸
1396 821 1538 897 participio
1553 819 1778 878 nosessecreda

120 925 191 982 saria
206 923 318 998 quidem
339 924 421 999 digne
440 934 482 982 est
503 925 691 999 praesumenda
709 924 868 982 communio
890 933 921 981 ut
975 940 1051 982 mus.
1072 926 1246 997 Quapropter
1260 931 1291 978 ut
1303 921 1361 978 haec
1373 918 1523 991 intelligere
1535 923 1567 971 et
1580 912 1723 972 fructuose
1736 922 1774 972 te·

122 1017 235 1091 quidam
259 1017 364 1075 faciunt
377 1019 464 1091 quiin
483 1019 657 1076 monasteriis
679 1018 867 1083 consistentes,
884 1017 920 1072 ila
975 1035 1040 1077 nere
1060 1019 1206 1092 possimus,
1232 1014 1447 1074 misericordiam
1468 1009 1596 1076 Domini,
1619 1019 1651 1067 ut
1667 1026 1719 1068 nos
1739 1010 1775 1068 ad

124 1121 362 1170 sacramentorum
376 1112 531 1170 coelestium
545 1111 708 1185 dignitatem
724 1119 751 1168 et
772 1109 921 1167 sanctifica·
974 1111 1138 1185 perficienda
1156 1112 1215 1169 lraec
1227 1111 1345 1185 adjuvet,
1359 1105 1491 1165 attentius
1510 1103 1703 1176 imploremus,
1714 1119 1775 1176 quac

122 1203 272 1260 tioucmac
285 1206 413 1261 meritum
432 1205 592 1270 metiuntur,
608 1213 638 1261 ut
652 1205 790 1261 aestiment
810 1219 843 1260 ea
865 1219 920 1261 non
974 1223 1149 1281 nequaquam
1173 1208 1209 1264 ita
1232 1214 1262 1263 ut
1286 1212 1393 1262 caeterae
1422 1201 1552 1258 bumanae
1571 1207 1660 1267 artes,
1683 1214 1778 1271 praee

123 1296 176 1352 nisi
196 1305 305 1353 sanctos
318 1303 400 1369 atque
412 1296 605 1353 immaculatos
627 1297 727 1354 debere
745 1313 919 1369 praesumere,
970 1301 1056 1359 dente
1074 1301 1195 1374 quadam
1209 1301 1312 1358 rabone
1325 1297 1480 1363 verborum,
1495 1292 1547 1350 sed
1559 1301 1623 1350 actu
1642 1294 1733 1365 potius
1751 1301 1777 1349 et

124 1399 151 1448 et
161 1406 218 1447 non
234 1391 323 1464 potius
332 1398 363 1446 ut
376 1398 486 1447 sanctos
498 1390 669 1464 mundosque
683 1407 734 1447 nos
746 1407 797 1448 sua
811 1390 920 1463 partici-
974 1393 1137 1466 experientia
1168 1400 1308 1465 praeunte
1335 1388 1494 1456 discuntur;
1520 1399 1639 1457 quaeque
1658 1399 1777 1453 rursum,

124 1484 232 1556 patiore
255 1483 403 1556 perficiant.
429 1483 483 1553 Qui
506 1483 628 1556 profecto
643 1483 777 1557 majorem
797 1500 923 1557 arrogan-
975 1486 1025 1544 nisi
1036 1494 1095 1543 tam
1104 1484 1294 1542 collationibus
1308 1470 1492 1555 spiritualium
1507 1479 1633 1536 uiromm
1652 1477 1778 1551 frequen·

122 1575 168 1633 tiae
187 1577 439 1650 praesumptionem,
455 1592 538 1649 quam
551 1577 687 1634 declinare
711 1577 763 1634 sibi
786 1577 921 1647 udentur,
976 1586 1017 1637 ter
1030 1580 1184 1636 examinata
1195 1577 1296 1635 fuerint
1315 1585 1342 1633 et
1360 1574 1548 1648 polita,quarn
1562 1571 1738 1634 documentis
1750 1581 1778 1629 et

126 1669 284 1739 incursuum
300 1671 363 1743 quia
375 1673 416 1728 vel
435 1679 502 1733 tunc
520 1688 584 1728 cum
599 1687 630 1728 ea
643 1671 804 1744 percipiunt,
825 1671 923 1745 dignos
976 1671 1132 1743 quotidiana
1150 1671 1316 1750 experientia
1335 1668 1450 1726 sollicite
1471 1667 1603 1735 ventilata,
1618 1674 1668 1722 aut
1687 1665 1776 1723 obso-

125 1779 155 1822 se
175 1767 234 1839 ejns
257 1767 431 1840 perceptione
456 1766 613 1840 dijudicant.
631 1765 718 1822 lllulto
732 1765 805 1821 enlm
823 1765 922 1838 justius
935 1751 960 1813 Β
975 1765 1079 1822 leseunt
1095 1764 1210 1834 incuria,
1226 1773 1274 1821 aut
1286 1764 1373 1820 otiosa
1386 1763 1526 1820 obliuione
1538 1760 1700 1833 depereunt.

672 1875 800 1929 ALAthl
819 1874 932 1930 Gaza!
950 1873 1229 1930 COMMENTARIUS.

125 1972 256 2030 munione
275 1973 497 2032 monachoruma
511 1972 629 2031 summis
642 1972 818 2045 pontificibus
831 1968 925 2027 decre·
980 1971 1065 2044 priora
1083 1971 1219 2027 dominica
1243 1968 1388 2041 cujuslibet
1414 1967 1537 2036 mensis,
1560 1965 1703 2023 morrachis
1719 1982 1774 2023 non

126 2049 186 2100 tum
197 2044 242 2100 sit.
259 2047 291 2102 ln
303 2047 397 2118 primis
414 2046 538 2101 Clemens
550 2047 585 2113 V,
600 2045 627 2100 iu
639 2043 753 2100 concilio
768 2042 925 2108 Viennensi,
979 2036 1165 2100 sacerdotibus
1179 2040 1350 2112 praescribat,
1363 2047 1455 2095 umen
1474 2038 1543 2095 satis
1554 2045 1648 2109 aperte
1664 2037 1779 2093 insinuat

126 2115 244 2171 solemni
255 2116 364 2175 decreto
383 2117 470 2173 sanxit
481 2118 617 2183 (Clamant.
632 2117 708 2172 Nom
722 2129 798 2184 apro,
810 2113 926 2168 destatu
980 2121 1072 2196 optare
1082 2128 1110 2168 se
1122 2112 1260 2168 etlrortari
1271 2111 1306 2167 ad
1315 2109 1531 2183 frequentiorem
1541 2110 1777 2177 communionem,

126 2188 267 2255 monaca),
283 2193 315 2243 ut
337 2189 451 2258 suspulis
465 2188 611 2250 morsibus,
630 2190 686 2240 tam
709 2186 739 2239 in
756 2185 926 2240 monasteriis
979 2192 1051 2240 sicut
1070 2183 1103 2240 ud
1127 2182 1339 2248 confessionem,
1364 2190 1457 2253 utpote
1481 2179 1728 2237 hebdomadarium
1750 2181 1778 2234 in

126 2272 207 2326 quam
218 2263 306 2321 entra,
322 2260 431 2313 sublata
443 2260 762 2326 occasionequacumque,
773 2255 810 2309 ad
822 2256 927 2321 emises·
980 2254 1113 2327 plerisque
1133 2253 1307 2310 monasteriis
1329 2253 1397 2308 bene
1416 2251 1548 2308 institutis
1566 2258 1733 2318 consuetam,
1751 2259 1777 2307 et

125 2329 225 2383 sionem
232 2329 408 2383 soumlsaltem
416 2327 542 2382 accedant
551 2342 642 2381 omncs
656 2327 790 2395 etsinqult
794 2325 924 2393 mornacii,
980 2324 1163 2394 ordinariam3
1179 2334 1239 2381 tum
1261 2325 1312 2381 illis
1324 2322 1411 2379 uerbis
1428 2326 1456 2379 si
1467 2339 1523 2379 uon
1536 2326 1647 2394 sceptus,
1666 2328 1713 2378 uui
1724 2323 1777 2390 fre·

127 2403 152 2454 et
163 2400 191 2452 iu
197 2401 291 2468 prima
301 2399 434 2454 domiru'ca
448 2400 545 2453 mensis
559 2397 700 2466 cujuslibet
711 2398 741 2451 iu
757 2398 926 2451 monasteriis
979 2401 1113 2468 quentius,
1128 2404 1188 2452 tum
1210 2397 1254 2452 illa
1275 2393 1420 2468 praeorissae
1433 2394 1639 2451 constitutionis
1651 2393 1774 2457 cumula,

126 2473 436 2539 suupercommunicmtr
447 2471 541 2524 uisiec
548 2484 629 2524 causa
637 2470 717 2535 forte,
729 2484 810 2538 quam
820 2467 923 2529 abbati,
980 2484 1032 2551 qua
1053 2468 1173 2524 declarat
1186 2482 1215 2523 se
1231 2467 1341 2523 statutis
1352 2473 1378 2522 et
1392 2464 1637 2522 consuetudinibus
1647 2471 1776 2521 monaste

124 2543 216 2612 priori
228 2542 722 2612 autpoentteutiariismouastertorum
735 2554 786 2593 narr
795 2538 926 2607 differant
980 2554 1096 2604 riorum,
1111 2538 1140 2593 iu
1169 2537 1246 2594 uibus
1259 2538 1362 2593 scilicet
1374 2536 1465 2592 solent
1474 2536 1604 2593 monachi
1622 2552 1677 2592 non
1689 2550 1778 2591 sacer-

126 2611 734 2682 r'nttmare3eorumqucp‘udieiovelabstiueaut,
743 2609 924 2665 celaccedaut.
965 2608 1058 2666 -dotes
1072 2555 1185 2681 siugudis
1199 2608 1344 2665 dominicis
1364 2607 1578 2672 communicare,
1593 2607 1670 2662 nolle
1691 2607 1720 2662 in
1733 2605 1778 2661 ali·

132 2683 197 2740 liaeo
207 2683 332 2739 Clemens
344 2682 482 2755 pontifex,
497 2683 573 2755 cujus
585 2681 705 2752 vestigiis
724 2681 850 2735 insistens
861 2694 926 2735 suc·
979 2697 1033 2752 quo
1062 2680 1203 2751 derogare.
1231 2679 1312 2736 Unde
1337 2686 1536 2751 cousequenter
1562 2678 1726 2749 intelligitur
1749 2692 1779 2732 ea

128 2768 221 2810 cessor
234 2754 396 2811 Benedictus
409 2756 474 2822 xil,
489 2752 613 2810 eamdem
622 2752 844 2808 constitutionem
853 2749 927 2821 quod
980 2752 1092 2807 omnino
1110 2751 1276 2821 approbare,
1296 2760 1323 2805 et
1334 2750 1361 2805 in
1379 2764 1428 2805 suo
1439 2750 1579 2805 roboreae
1595 2747 1728 2802 firmitate
1741 2763 1781 2802 re·

127 2825 327 2895 benedictinos,
340 2834 396 2881 mm
418 2824 570 2881 sacerdotes
610 2839 672 2879 uam
688 2838 742 2879 non
762 2820 940 2889 sacerdotes,
980 2821 1112 2892 linquere.
1132 2822 1181 2876 His
1197 2821 1309 2877 demum
1332 2819 1432 2876 accedit
1445 2819 1513 2874 sacri
1533 2818 1643 2873 concilii
1664 2815 1781 2873 Triden-

126 2895 265 2952 roboravit
281 2906 309 2953 et
329 2895 466 2968 ampliavit
484 2894 528 2950 lris
551 2841 640 2950 redis
657 2895 828 2961 (Gorrstitutio
841 2895 926 2947 Beue-
980 2892 1027 2947 tini
1039 2893 1187 2947 auctoritas
1204 2888 1282 2963 (Sess'.
1297 2896 1343 2956 23,
1360 2907 1383 2946 e.
1402 2895 1432 2946 lb
1451 2890 1483 2945 de
1495 2891 1630 2957 Reform.)
1643 2903 1701 2957 qua
1714 2888 1778 2943 sub·

128 2966 297 3038 dictionarp.
315 2968 358 3038 27)
374 2987 380 3022 ε
395 2972 531 3023 uouemus
547 2968 656 3033 iusuper
667 2967 801 3017 artabasus
811 2964 926 3030 priores,
980 2962 1108 3018 diaconos
1117 2971 1145 3018 et
1157 2962 1286 3019 diaconos
1298 2962 1428 3018 admonet
1438 2966 1470 3016 ut
1482 2961 1579 3016 saltem
1590 2959 1687 3014 dubus
1700 2959 1779 3014 domi·

128 3037 358 3092 administratores
373 3040 398 3090 et
416 3036 554 3089 morracios
569 3036 653 3104 ipsius
667 3033 782 3099 ordirtts,
800 3046 847 3086 seu
863 3032 926 3085 reli·
979 3037 1048 3089 reicis
1062 3039 1088 3088 et
1099 3034 1270 3100 solemnibus,
1282 3034 1431 3089 cumultari
1441 3033 1665 3093 ministraverint,
1677 3045 1777 3085 sacnrm

127 3109 225 3173 partis,
236 3104 821 3167 insarcinaturcoruttmtosamraecrtrsus,
832 3117 923 3157 morra·
979 3107 1186 3160 communionem
1197 3107 1359 3175 percipiant.
1372 3103 1453 3173 Quod
1471 3102 1493 3158 si
1514 3118 1530 3158 a
1548 3102 1653 3158 clericis
1671 3101 1778 3157 sarcula·

128 3177 211 3229 storin
230 3181 255 3228 ot
268 3179 325 3228 alta
337 3178 393 3229 locu
412 3191 501 3229 eorum
519 3175 706 3230 convertentia
720 3174 876 3242 residentes,
895 3177 927 3227 ut
981 3175 1065 3243 ribus,
1082 3175 1169 3231 multo
1187 3177 1301 3249 magisa
1321 3173 1492 3248 regularibus
1505 3182 1534 3230 et
1547 3171 1679 3245 religiosis
1690 3172 1778 3228 obser

30 3313 33 3317 A
128 3259 218 3299 eorum
230 3245 343 3313 quilibet
358 3245 398 3299 bis
408 3246 448 3298 eet
463 3249 516 3309 tem
531 3247 580 3313 qui
590 3246 689 3298 omnin
698 3244 875 3313 prioratibus,
886 3245 927 3298 uel
941 3272 964 3336 C
979 3245 1120 3303 vandum..

129 3315 193 3371 aliis
208 3316 268 3372 lotis
278 3315 565 3382 storicoacmlualibus,
577 3319 626 3370 aut
639 3316 668 3369 iu
678 3314 784 3378 sobolis,
796 3317 851 3369 siue
861 3314 929 3369 olibi
1016 3326 1029 3353 ⁸
1044 3319 1202 3388 Partioipio,
1217 3315 1310 3383 idest,
1324 3315 1577 3388 participationem
1589 3328 1680 3385 supra.
1697 3316 1777 3369 Porro

128 3388 245 3455 fuerint,
257 3389 283 3443 si
293 3388 530 3456 rmntrequeutius,
543 3387 637 3441 sultam
649 3386 729 3441 semel
741 3388 770 3440 in
778 3387 929 3456 septimana
982 3387 1065 3456 tales,
1085 3389 1131 3460 qui
1155 3402 1184 3444 se
1208 3388 1315 3459 dignius
1331 3395 1357 3443 et
1382 3387 1508 3443 devotius
1529 3385 1777 3442 communicaturos

131 3457 216 3528 (salua
231 3458 368 3512 bouestatc
381 3462 406 3511 et
424 3457 515 3511 debita
534 3457 680 3527 sinuatione)
690 3458 788 3513 Missas
802 3457 929 3513 studeant
981 3458 1147 3530 purulenta
1161 3459 1189 3514 in
1209 3474 1312 3514 annum
1327 3455 1484 3524 differrent,
1501 3465 1609 3513 notasse
1622 3456 1730 3512 ridetur
1744 3459 1776 3511 l).
1821 3484 1824 3493 ·

129 3528 260 3581 relabere
269 3546 276 3581 ε
286 3531 311 3581 et
317 3526 501 3594 nibilominus,
510 3528 559 3595 qui
567 3528 628 3580 tocr’s
639 3528 928 3597 corrumtualibusproe·
982 3529 1145 3586 Ambrosius
1158 3529 1210 3585 illis
1229 3529 1316 3585 uerbis
1329 3529 1399 3600 (Lib.
1410 3544 1441 3585 st
1454 3529 1487 3584 dc
1495 3530 1661 3586 Samameut.
1675 3542 1733 3597 cap.
1741 3527 1775 3593 ll:

130 3596 267 3664 sidebant,
282 3598 397 3664 infestis
410 3598 570 3652 solemnibus
580 3598 676 3653 Missas
687 3597 799 3667 maiores
814 3614 928 3654 coaccu-
981 3602 1012 3658 Si
1020 3602 1194 3671 quotidianus
1204 3605 1243 3655 est
1254 3603 1343 3671 pernis
1351 3605 1571 3670 mrportannam
1583 3601 1663 3653 illum
1676 3596 1778 3653 sumr'sf

132 3668 217 3723 tuales
231 3668 401 3743 celebrantia
414 3669 519 3723 cadem.
533 3668 593 3723 Atii
604 3683 665 3723 uero
673 3684 725 3723 raon
736 3669 896 3737 sacerdotes,
902 3673 928 3725 et
980 3673 1206 3742 quemadmodum
1220 3674 1307 3730 Graeci
1317 3674 1347 3725 in
1361 3672 1468 3728 Orimtta
1477 3673 1565 3740 facere
1578 3673 1777 3724 marsueeeruul.

130 3741 157 3795 si
164 3754 217 3794 noa
225 3742 335 3810 sapius,
344 3740 439 3794 saltem
448 3741 562 3807 situquiis
574 3740 730 3809 septimanis
740 3743 926 3809 confiteantur,
981 3745 1078 3813 Amrpe
1090 3743 1220 3812 quotidie,
1233 3743 1306 3811 qtaod
1317 3743 1439 3811 quotidie
1448 3743 1599 3811 trbiprosit.
1610 3742 1655 3795 Sr'e
1666 3742 1736 3803 siue,
1751 3744 1781 3793 ut

130 3815 156 3865 ef
174 3812 289 3879 siuqulis
298 3811 441 3879 nauibus,
454 3811 536 3880 jueta
555 3813 767 3866 cotasiituiiooem
778 3826 848 3881 sape
862 3812 930 3864 dicti
1001 3815 1102 3867 uotidie
1115 3815 1241 3867 merearis
1253 3814 1381 3882 accipere.
1393 3813 1458 3882 Quae
1469 3808 1780 3866 verbasiadalioslide-

132 3881 271 3939 Clementis
290 3882 492 3952 praedecessoris
512 3882 613 3935 editam
631 3884 660 3934 in
682 3884 801 3949 promto
820 3882 928 3936 canalio
981 3830 1031 3951 ies,
1043 3882 1130 3939 multo
1142 3884 1259 3939 maxime
1273 3883 1307 3939 nd
1323 3883 1473 3965 religiosos,
1487 3879 1642 3937 sacerdotes
1655 3889 1706 3935 aut
1718 3894 1780 3951 pree

133 3953 285 4019 Viennensi,
305 3952 342 4006 ad
351 3953 559 4005 cmunrum'ouem
574 3951 722 4005 accedant:
739 3952 782 4004 illi
796 3952 927 4020 uidelicet,
981 3954 1050 4010 latos
1062 3962 1197 4026 spectant3
1210 3954 1308 4026 quibus
1320 3954 1390 4010 nilul
1401 3953 1541 4011 decentius
1546 3961 1574 4008 et
1587 3953 1778 4024 congruentius

131 4026 179 4094 qut
194 4026 272 4091 irrsru
292 4023 424 4085 emlesias,
439 4021 739 4087 matrastaia,seualia
758 4022 930 4078 locaeouueu·
982 4040 1041 4081 esse
1055 4032 1154 4097 potest,
1171 4041 1253 4096 quam
1268 4025 1457 4096 quotidianum
1479 4028 1538 4081 Deo
1562 4021 1664 4079 oilerro
1686 4022 1780 4079 sacrib-

130 4094 927 4162 iruultaementinaltarimajormquieerocctrailtafuerint,
982 4096 1065 4152 cium.
1082 4096 1162 4177 Quod
1181 4111 1214 4151 ea
1227 4100 1261 4152 D.
1276 4096 1412 4168 Gregorio
1423 4095 1529 4152 discere
1539 4096 1612 4159 licet,
1627 4094 1672 4166 qui
1686 4092 1776 4149 lromil.

130 4164 929 4235 ubimaqisuisumfueriibmrestumetsdem3nisiabstiueaut
983 4172 1030 4232 at,
1043 4175 1071 4223 et
1086 4168 1131 4222 lrb.
1146 4182 1177 4223 tv
1187 4166 1389 4238 Dialogcapite
1408 4171 1454 4232 56,
1472 4169 1542 4223 inter
1557 4166 1651 4222 laudes
1664 4162 1778 4235 episcopi

130 4253 165 4294 ec
178 4253 259 4293 causa
273 4237 435 4291 rationabili
444 4240 469 4290 et
480 4237 513 4290 de
531 4237 638 4290 licentia
650 4237 793 4304 superioris
805 4241 854 4290 aut
869 4252 929 4290 coa·
982 4237 1133 4309 cujusdam,
1149 4237 1235 4295 Cassii
1245 4238 1365 4302 nomine,
1386 4238 1438 4294 boc
1448 4239 1584 4309 praecipue
1596 4235 1777 4299 commendat,

131 4311 260 4376 fessorum
277 4323 394 4363 suorum.
407 4308 482 4374 Quod
501 4307 703 4377 siueqliqeuter
722 4308 869 4373 omiserint,
881 4322 930 4376 per
982 4308 1056 4376 quod
1066 4309 1241 4379 quotidianas
1251 4313 1303 4365 lico
1313 4310 1544 4379 bostiusotferret3
1556 4312 1596 4365 itu
1607 4307 1779 4377 utpeueuul-

131 4380 234 4434 eosdem
247 4381 398 4449 superiores
408 4393 468 4432 suos
480 4379 597 4445 praeitor
610 4381 776 4447 aequaretur,
791 4382 816 4432 ct
828 4378 928 4433 nibilo-
984 4381 1024 4434 lus
1036 4380 1166 4435 dissuitur
1179 4381 1236 4450 ejus
1246 4380 1406 4448 subsecuturi,
1417 4396 1470 4451 quo
1485 4397 1538 4436 uon
1547 4381 1720 4450 amuipuleuti
1729 4380 1778 4431 lieo

133 4452 221 4505 miuus
240 4449 569 4519 debitepuaiautur.1’er
588 4448 634 4502 luoo
653 4453 742 4503 autem
761 4449 874 4505 statutis
888 4449 930 4504 oet
984 4452 1099 4507 ltostiom
1122 4453 1283 4521 placationis
1304 4453 1463 4508 immolaret.
1486 4451 1544 4508 ilbi
1567 4446 1670 4507 deinde
1692 4446 1779 4505 subdit

131 4520 367 4577 consuetudinibus
379 4521 573 4585 Ecclesiarum,
584 4521 814 4586 monasteriorum,
832 4533 878 4574 seu
890 4520 930 4574 lo·
984 4530 1086 4592 quanta
1102 4522 1184 4577 animi
1201 4523 1393 4595 praeparatione
1407 4532 1436 4578 et
1447 4523 1595 4579 devotione
1609 4522 1637 4577 id
1651 4520 1685 4576 ab
1696 4537 1728 4575 eo
1737 4518 1779 4574 fa·

131 4606 220 4649 aarum
263 4590 582 4660 ·adictorurn,inqaibus
595 4591 788 4652 obsonaretur,
802 4594 833 4643 ut
847 4593 928 4659 confi·
984 4601 1060 4648 ctum
1074 4592 1163 4649 fuerit.
1185 4595 1284 4649 Fertur
1296 4594 1378 4649 etiam
1393 4595 1421 4649 S.
1436 4593 1560 4650 Thomas
1575 4593 1702 4674 Aquinas,
1719 4603 1777 4644 rue-

132 4668 225 4729 ceram
239 4663 623 4731 celebrare,seueommuuiear·o
628 4653 967 4730 frequentiuslrabcaut,1)
985 4663 1118 4719 morando
1141 4665 1254 4735 posteris
1278 4665 1413 4746 exemplo,
1434 4665 1561 4738 quotidie
1577 4677 1687 4719 missam
1705 4659 1776 4715 cele·

130 4737 353 4793 uoniuteudimus
366 4737 395 4790 iu
406 4737 499 4805 aliquo
506 4732 926 4803 deroporell'idecoucfrritent.
982 4733 1085 4803 brasse,
1100 4743 1128 4790 et
1139 4735 1284 4791 celebranti
1296 4737 1413 4791 astitisse
1430 4737 1560 4809 (Garzou.
1575 4738 1600 4789 in
1618 4733 1675 4801 eius
1692 4733 1776 4799 Vita).

131 4823 193 4864 sess.
203 4813 248 4876 2⁵,
264 4824 286 4864 c.
304 4812 347 4876 10,
363 4808 396 4862 de
408 4805 605 4877 Reqalorr'bus).
618 4802 929 4884 llaecpoutifer.Quibus
982 4806 1043 4861 Alia
1058 4807 1249 4889 exemplnvide
1263 4807 1334 4879 apud
1347 4813 1451 4863 Αιιῑοιι.
1468 4807 1670 4866 Democharem
1683 4803 1711 4859 iu
1721 4803 1767 4859 lib.

133 4879 182 4933 etsi
200 4894 255 4934 non
278 4878 331 4936 nisi
353 4887 521 4935 menstruam
538 4890 771 4941 communionem,
787 4890 886 4946 nempe
901 4875 928 4930 iu
982 4877 1017 4933 de
1029 4877 1167 4932 Sacrificio
1181 4879 1282 4934 missae.

344 5054 733 5155 conanum
773 5053 1170 5157 arcasium
1213 5054 1565 5200 Quaem,

658 5214 737 5287 Quae
757 5214 806 5277 esi
828 5208 926 5275 tertia
943 5208 1076 5277 abbatis
1096 5210 1250 5280 nbrahae.

785 5323 826 5376 bu
844 5323 1123 5377 uouTlulcsTloun.

822 5432 1089 5453 x*—

378 5513 498 5570 CAPUT
520 5510 678 5569 PlilblUbl.
982 5509 1066 5580 raba,
1073 5511 1179 5570 Christo
1191 5512 1309 5585 favente,
1317 5514 1487 5588 producitur,
1498 5518 1630 5575 omnium
1645 5517 1781 5574 seniorum

168 5603 268 5674 Quarta
283 5615 362 5678 atque
381 5607 507 5664 vicesima
530 5608 580 5665 ista
594 5606 704 5666 collatio
725 5605 858 5663 ⁸abbatis
878 5604 930 5662 ab
982 5603 1138 5663 traditiones
1163 5608 1335 5680 concludens,
1349 5623 1403 5682 qua
1423 5609 1519 5668 vestris
1538 5610 1783 5668 orationibuscon-

679 5715 806 5770 abilllll
825 5711 937 5767 GAZAEl
956 5711 1233 5770 continuerimus

168 5818 181 5845 ⁸
195 5809 277 5867 lluuc
295 5808 373 5868 illum
397 5806 523 5866 abbatem
546 5809 683 5867 Abrabam
709 5826 768 5867 esse
793 5809 930 5879 existimo,
985 5810 1183 5886 cujusinsigne
1200 5813 1357 5871 encomium
1377 5814 1493 5875 babetur
1506 5815 1658 5875 collatione
1675 5822 1709 5874 tt
1727 5830 1782 5888 rap.
