3848 6158
117 208 168 273 tet
370 211 415 266 DE
432 212 672 273 cOEit'oulotttltt
690 218 811 274 insul.
834 218 898 275 [dli.
918 222 951 277 V.
971 251 1007 263 -
1026 222 1071 278 DE
1089 221 1223 280 srlnllb
1244 226 1523 284 Gnslntttnttetie.
1719 233 1772 289 222

418 338 540 396 Citl’lll
556 342 618 397 Vll.
932 351 958 413 Α
972 347 995 403 si
1007 347 1066 404 liaec
1081 350 1285 419 tantummodo,
1301 366 1363 423 qnae
1377 351 1511 426 tingilitm
1524 353 1628 419 camis,
1642 369 1697 411 non
1709 369 1770 428 quse

154 437 233 508 Quod
244 440 391 508 i'iifiimitiii
402 446 493 527 iamin
503 447 652 528 punicum
667 447 883 519 ωοαῑοοοᾳοοαο
972 441 1098 514 voluptas
1114 441 1206 515 erigit,
1226 453 1403 517 usurpennir.
1424 449 1436 479 ¹
1457 446 1575 503 Facilius
1594 445 1713 506 iidinius
1726 449 1769 505 ii·

447 515 587 585 'mildi-re.
971 542 1045 603 ctos,
1070 535 1117 609 qni
1138 529 1153 569 ⁸
1174 537 1209 593 ab
1233 538 1304 595 escis
1326 539 1575 612 corpulentioribus
1597 541 1770 599 omnimodis

152 613 304 672 infirmitas
320 617 412 676 mrnis
424 616 458 674 ad
475 619 623 691 puritatem
636 621 728 680 medii
747 638 804 680 non
817 623 915 696 elicit,
971 633 1170 700 temperarent,
1188 644 1258 701 quas
1276 631 1420 689 moderate
1442 646 1511 690 usus
1531 648 1581 707 pro
1603 633 1771 691 necessitate

668 755 795 813 ieiuni
808 758 924 817 onesi
943 743 1222 825 conuenientes.

114 873 245 945 quodpei·
255 879 451 930 totum-annum
459 877 682 948 fei·iaquertu,el
691 881 915 946 distabescente
968 899 1007 948 ce,
1024 886 1065 939 sel
1078 890 1205 956 tempore.
1216 884 1296 943 briter
1307 902 1397 943 eorum
1409 890 1482 943 eeiii't
1495 887 1533 942 od
1543 887 1651 942 mensim
1667 891 1769 944 sermm

71 955 74 960 ·
109 948 205 1028 perimo
219 945 244 1028 'd
260 947 358 1000 iniri-icc
375 947 409 1000 de
423 948 551 1003 Adventu
568 965 652 1020 iisque
668 951 706 1006 od
723 952 793 1007 diem
807 955 914 1009 Nutolis
968 970 1033 1018 sicce,
1044 958 1171 1026 aitquese
1182 957 1320 1012 minimin
1331 959 1560 1013 modumesnrirc.
1574 958 1648 1013 llli'co
1659 974 1770 1029 respon·

114 1020 232 1080 merarii,
248 1021 274 1070 et
287 1033 304 1070 ii
319 1017 454 1072 dominice
473 1020 680 1098 Septuepesimoe
695 1037 778 1091 isque
792 1024 830 1077 ad
844 1023 914 1078 diem
968 1026 1012 1080 det
1023 1041 1096 1081 soror
1107 1041 1231 1095 mannam
1243 1026 1297 1081 sibi
1306 1029 1422 1097 piscium
1435 1031 1538 1097 copiam
1551 1032 1690 1100 suppetere
1703 1047 1711 1083 :
1725 1044 1768 1085 co-

114 1088 223 1143 Pasclice
235 1102 324 1142 oniiies
339 1089 474 1156 tenderes
487 1091 604 1158 acumem
616 1092 730 1155 ordinis,
744 1108 792 1147 scii
808 1096 916 1164 rcli'pio-
968 1097 1083 1151 mederet
1101 1112 1177 1166 citos,
1199 1101 1224 1152 et
1237 1099 1344 1167 meando
1364 1098 1452 1154 uellet.
1471 1099 1521 1152 llle
1538 1113 1620 1168 prope
1636 1099 1768 1168 indipisci·

111 1160 167 1220 riis,
180 1159 216 1212 ab
225 1173 270 1212 esu
282 1161 405 1212 ciimiium
414 1159 513 1229 ubiqnc
522 1160 676 1216 abstineant
690 1165 764 1226 ,nisi
773 1168 915 1220 necessitas
971 1167 1083 1230 biiiidiis,
1101 1170 1143 1222 ait
1156 1183 1184 1223 se
1199 1168 1328 1235 fastidire
1344 1170 1439 1237 pisces,
1454 1169 1550 1238 quiuis
1566 1173 1603 1222 tot
1615 1172 1694 1225 annis
1703 1185 1767 1240 pcr-

111 1231 345 1313 intimitatisnon
352 1230 916 1316 irimperalibatemmelalinmproeletnm
967 1242 1047 1307 petuo
1064 1253 1128 1309 usus
1149 1243 1235 1324 esset,
1246 1253 1291 1293 nec
1304 1238 1365 1308 jem
1386 1240 1444 1293 illis
1463 1241 1532 1323 sessi
1549 1253 1576 1292 se
1592 1254 1678 1308 posse.
1701 1244 1766 1296 ltim

108 1300 914 1459 tttttttlttttltlllltlllttllldtlitt
967 1309 1768 1448 illlitlnllttltllllltltllltfllttl

112 1448 216 1511 praeter
225 1455 330 1523 ispania
352 1441 552 1509 licolesiastica,
568 1457 624 1499 nou
642 1446 722 1500 aliter
741 1446 857 1519 obligari
874 1448 913 1505 ad
968 1451 1045 1505 terim
1056 1455 1144 1506 tamen
1158 1466 1240 1506 morie
1250 1453 1393 1520 impatiens
1405 1451 1568 1521 partiendam
1582 1451 1639 1519 ejus
1649 1451 1724 1504 misit
1736 1453 1767 1506 in

112 1509 308 1568 abstinentiam
318 1512 463 1579 carnium..
486 1527 549 1568 uani
561 1512 658 1570 diebus
668 1523 695 1570 et
706 1517 914 1589 temporibusin
964 1535 1077 1589 iunius,
1092 1524 1118 1576 et
1129 1523 1190 1578 cliro
1202 1522 1295 1589 allato,
1309 1522 1387 1577 aeide
1400 1523 1476 1576 illam
1488 1523 1555 1577 ines
1566 1521 1685 1590 comant.
1701 1522 1766 1577 lien

111 1580 166 1666 bac
182 1581 377 1665 constitutione
396 1527 571 1665 Densi-letina
585 1585 720 1668 expressis
734 1594 762 1642 et
781 1588 912 1660 pressori—
965 1591 1041 1646 udest
1061 1592 1129 1646 ultio
1143 1593 1262 1648 celestis.
1278 1592 1413 1647 Perticalis
1426 1592 1577 1663 petulanter
1589 1596 1695 1662 sumpte
1708 1591 1765 1646 lie-

113 1661 171 1723 ptis
191 1652 358 1734 :inquibus
374 1659 470 1709 tamen
483 1654 621 1711 interdurn
635 1666 722 1727 possit
739 1672 787 1728 per
800 1658 911 1716 sbbetes
965 1665 1006 1714 ret
1017 1663 1047 1716 iii
1058 1667 1173 1730 patene,
1187 1676 1233 1717 nec
1243 1663 1442 1732 plutiii'potest,
1454 1663 1604 1735 nicreiiiii
1615 1662 1766 1730 strcnpulat

110 1731 162 1779 aut
181 1722 310 1795 prelatos
319 1731 394 1796 Justa
408 1739 441 1780 ex
458 1740 540 1781 causa
551 1725 721 1798 dispensari:
738 1727 813 1799 quod
827 1729 911 1786 etirni
965 1730 1105 1793 liemiiiem,
1121 1737 1147 1786 et
1163 1735 1231 1801 cepit
1243 1733 1377 1798 infelicem
1392 1735 1530 1802 inspirare
1541 1734 1668 1786 unimam.
1685 1733 1764 1788 Alter

111 1795 225 1850 monuit
240 1794 459 1867 Glossograplius
474 1795 510 1851 ad
525 1796 590 1853 illud
610 1812 669 1869 cap.
688 1800 840 1856 iunocentii
858 1803 910 1870 ΙΙΙ,
963 1817 1041 1856 inane
1052 1803 1088 1856 ad
1099 1805 1188 1871 petiis
1199 1805 1243 1856 sui
1260 1803 1329 1857 cedes
1343 1806 1458 1865 ueniens,
1470 1807 1547 1871 repat
1558 1818 1620 1856 unm
1634 1803 1701 1871 qiiid
1712 1803 1761 1857 lio-

112 1864 151 1921 ita
166 1865 332 1921 concludens
346 1885 352 1921 :
367 1867 410 1923 Sic
424 1880 486 1936 erpo
501 1867 592 1930 bobes,
611 1867 713 1941 inquit,
731 1870 804 1940 qued
825 1872 911 1927 abbas
965 1872 1051 1933 beant,
1071 1873 1141 1942 qnod
1150 1875 1255 1942 possint
1271 1874 1327 1942 ipsi
1340 1873 1469 1928 edendum
1480 1889 1620 1942 apponere.
1636 1875 1695 1928 lllis
1716 1875 1763 1928 di-

105 1940 199 2007 petest
217 1936 420 2007 dispensarem
440 1939 543 2019 ilipula
557 1941 712 1994 Monocbuli
723 1946 855 2010 pimenem
874 1944 912 1998 ad
964 1943 1090 2006 centiens,
1109 1944 1224 1997 nendum
1235 1957 1289 1997 esse
1304 1943 1401 1998 edendi
1413 1948 1524 2013 teinpus,
1544 1945 1683 2013 respondet
1703 1946 1762 1998 ire-

111 2022 187 2063 csom
210 2010 342 2064 carmem.
365 2014 396 2064 2⁰
419 2007 565 2079 Colligitur
592 2008 664 2065 hauc
684 2011 912 2069 mustitutioueni
965 2017 1007 2067 tus
1021 2029 1028 2067 ε
1042 2015 1127 2068 lima!
1142 2017 1197 2068 toto
1207 2017 1280 2068 nocte
1297 2015 1425 2082 epmtaan‘,
1438 2020 1469 2067 ut
1479 2013 1611 2083 euplerem
1623 2015 1693 2083 meod
1699 2016 1763 2085 jus-

110 2077 228 2160 liegulae
241 2093 297 2135 non
311 2076 451 2148 babuisse,
464 2093 516 2135 uec
531 2078 630 2137 babere
643 2080 699 2136 iim
712 2084 850 2156 precepti,
861 2099 912 2142 nec
963 2098 1008 2139 sus
1022 2099 1090 2153 mm,
1110 2087 1136 2139 et
1152 2099 1197 2139 ios
1210 2084 1334 2153 jejuimre
1349 2099 1390 2138 ine
1408 2085 1520 2152 cepitis?
1539 2084 1643 2152 Atlerte
1656 2087 1681 2139 si
1694 2086 1762 2154 quid

111 2148 236 2220 obtigere
247 2149 297 2205 sub
310 2157 386 2206 reatu
401 2149 522 2218 mortali,
537 2150 621 2206 etiarn
637 2159 713 2207 extra
727 2168 822 2209 casum
833 2153 949 2240 ialin-B
965 2155 1076 2209 bebetis.
1086 2153 1225 2210 Aiuiitilli
1233 2169 1260 2207 sc
1269 2153 1462 2224 bebmepisces.
1475 2155 1514 2208 At
1523 2156 1604 2207 miser
1614 2156 1761 2210 ominibus

110 2219 233 2285 mitaris,
247 2227 275 2276 et
286 2219 355 2276 alios
368 2226 508 2291 exceptos,
521 2221 573 2275 nisi
588 2236 636 2292 per
646 2224 913 2294 contemptumvio-
965 2227 1046 2279 etium
1063 2223 1210 2279 iracundie
1226 2223 1344 2278 stimulis
1355 2225 1481 2294 pertibus,
1504 2227 1530 2277 et
1541 2223 1618 2290 fastu
1633 2225 1760 2293 nimidus,

112 2291 190 2346 tetur
205 2308 213 2344 ι
228 2305 283 2360 quo
298 2305 361 2347 casu
374 2291 466 2347 lecum
489 2289 575 2347 babet
589 2307 669 2364 poena
686 2293 732 2348 illa
748 2296 913 2352 retrusionis
966 2297 1016 2350 linc
1030 2295 1096 2350 illuc
1111 2296 1263 2360 dmenterl
1280 2295 1376 2358 oculos,
1393 2295 1516 2363 tidetpuc
1527 2294 1688 2362 pollinctum
1705 2310 1764 2362 ere·

109 2360 171 2417 sire
184 2359 582 2419 incarcerationiscanoneillo
611 2364 748 2435 raiscripta
763 2365 912 2436 (Copiae
964 2381 1022 2432 pem
1036 2366 1073 2419 ad
1084 2365 1165 2435 pedes
1177 2379 1248 2420 suos.
1262 2366 1326 2420 lton
1338 2380 1392 2420 nen
1406 2367 1463 2420 sine
1476 2367 1553 2432 surio
1573 2364 1699 2434 quadam,
1720 2381 1761 2419 er·

108 2447 182 2486 irem.
202 2435 310 2557 effre).
327 2433 367 2487 lta
388 2431 489 2489 docent
508 2434 544 2488 Ι).
566 2379 697 2503 Tiionias,
720 2442 748 2490 et
767 2445 827 2506 post
845 2451 911 2493 eum
964 2440 1038 2505 imita
1051 2436 1150 2499 banilo,
1164 2450 1288 2490 unomen
1300 2436 1347 2498 eis,
1360 2451 1419 2506 quoe
1431 2437 1456 2490 ei
1467 2435 1608 2497 amoenet,
1620 2437 1759 2505 permissit,

107 2500 193 2559 sard.
255 2509 437 2559 rrecrematus
453 2508 480 2558 et
502 2503 546 2558 alii
569 2505 611 2573 (S.
629 2506 719 2560 litem
744 2505 865 2575 quodlib.
886 2521 910 2577 1,
965 2520 1059 2576 cisque
1074 2506 1169 2561 rabido
1189 2524 1197 2560 ε
1216 2508 1279 2560 llec
1294 2507 1373 2569 initii,
1395 2508 1494 2576 inpiiit,
1512 2504 1589 2559 modo
1600 2507 1683 2575 piscis
1698 2507 1759 2561 erit.

106 2577 164 2629 ert.
179 2576 229 2641 203
246 2575 411 2630 lismensem.
425 2575 475 2629 ubi
485 2574 597 2644 supra).
965 2579 1018 2642 Qui
1028 2581 1090 2633 tunc
1102 2577 1160 2632 illic
1169 2577 1291 2639 aderant
1304 2592 1358 2632 non
1370 2578 1428 2632 sine
1438 2577 1532 2632 rubore
1544 2578 1622 2631 aierit
1633 2578 1671 2631 od
1679 2592 1737 2631 enin
1750 2596 1759 2632 ε

142 2645 246 2700 Verum
261 2643 400 2701 adversus
419 2643 546 2716 predicta
569 2645 650 2718 objici
670 2653 776 2717 potest,
795 2655 823 2704 et
837 2655 910 2705 certe
963 2649 1093 2702 Fortassis
1115 2648 1175 2702 licit
1194 2647 1360 2709 titileia,
1378 2647 1608 2702 isescicoiiiibus?
1628 2649 1666 2702 iit
1684 2649 1731 2702 ille
1744 2668 1758 2703 -ε

107 2713 213 2770 mirum
232 2722 275 2772 est
289 2716 318 2772 S.
339 2714 535 2787 Hildegurdem
555 2715 634 2772 aliter
652 2717 770 2773 sensisse
788 2725 816 2772 et
829 2733 907 2773 esurii
967 2718 1108 2780 l'olutilia,
1128 2719 1293 2800 inmittam
1311 2722 1374 2772 sunt
1386 2733 1455 2773 cero.
1474 2720 1558 2771 Unum
1572 2718 1642 2771 enim
1662 2718 1759 2774 tabuit

106 2784 222 2853 quidem
236 2784 446 2857 quadrupedum
461 2800 476 2840 a
491 2788 526 2841 D.
540 2786 689 2843 Benedicta
704 2788 819 2843 vetitum
832 2788 908 2844 exis·
961 2787 1145 2858 compuribus
1162 2789 1300 2856 erumnam,
1313 2789 1441 2857 purisque
1454 2804 1512 2842 iiim
1530 2788 1587 2841 illis
1600 2788 1760 2843 coniliti'cnis
1832 2822 1839 2837 .

106 2855 231 2923 timesne,
242 2855 394 2912 volatilium
407 2872 463 2911 nou
476 2854 553 2912 item.
567 2857 613 2914 Sic
624 2858 753 2914 enimilln
766 2859 908 2915 verbalis
960 2863 1037 2923 suuis
1051 2860 1119 2914 sinit
1131 2858 1209 2912 babet
1220 2858 1331 2927 quidiim
1344 2859 1457 2926 lemnias
1467 2863 1563 2912 noster.
1577 2858 1623 2911 Ad
1636 2858 1691 2911 liirc
1702 2858 1760 2928 epis

105 2927 180 2991 gulas
193 2926 344 2998 explicans,
364 2928 492 2985 Carnium
507 2944 566 2982 esus
585 2931 699 2999 i'iitlimis
712 2931 818 2984 omnino
837 2928 908 2985 debi-
960 2929 1041 2982 cerlo
1052 2931 1230 2983 conticuerint
1242 2944 1338 2983 munes.
1352 2930 1452 2985 Deinde
1460 2931 1585 2999 apposite
1596 2932 1635 2983 est
1645 2930 1760 2985 illiassu

107 2995 230 3067 librisque
236 3013 289 3079 pro
300 3001 472 3068 reparatione
482 2999 642 3054 coincidatur
650 3000 724 3070 (Capi.
735 3005 769 3055 ss
777 3000 905 3071 llepiclie).
961 3000 1079 3067 polline,
1096 3015 1130 3054 ee
1145 3015 1197 3068 prm
1217 3000 1444 3054 summersellum
1461 3001 1610 3068 accepisset,
1634 3014 1693 3053 eum
1714 3015 1759 3054 nec

107 3065 218 3130 Cauiis,
234 3084 261 3122 iu
283 3068 332 3136 uit,
356 3073 411 3123 tom
423 3069 640 3139 quadrupedum,
661 3087 742 3139 qiinm
755 3072 907 3126 rolotdium
962 3071 1083 3139 tiuji'ceie
1093 3072 1123 3124 in
1135 3069 1308 3138 stomachum,
1320 3085 1365 3124 nec
1377 3085 1505 3152 cespitem
1515 3070 1614 3138 potitii,
1627 3073 1759 3138 rependes

105 3138 228 3207 intrllipi
240 3084 338 3203 coiens,
360 3144 385 3194 ct
404 3140 495 3193 nullas
516 3156 619 3203 cuniis,
643 3157 711 3211 quos
726 3143 845 3197 homines
862 3157 906 3197 co·
960 3143 1045 3195 inedia
1057 3141 1185 3196 sublatus.
1196 3140 1242 3196 Sic
1252 3138 1297 3194 ibi.
1311 3142 1342 3195 Et
1357 3139 1410 3196 boc
1420 3139 1491 3194 idern
1502 3139 1658 3220 exemplum
1675 3138 1759 3194 refert

106 3209 213 3263 medere
226 3210 319 3272 soleat,
335 3212 479 3279 iucipiens.
494 3212 533 3266 itt
550 3212 598 3264 titii
613 3214 748 3265 meliorati¹
759 3215 874 3280 fiiemiit,
890 3229 907 3267 e
960 3213 1056 3266 Petrus
1066 3211 1249 3267 cluniacensis
1261 3209 1311 3265 lib.
1327 3225 1358 3265 vi
1374 3210 1452 3280 epist.
1467 3216 1512 3275 tl,
1526 3208 1572 3264 ubi
1587 3223 1619 3263 er
1634 3209 1757 3280 professo

106 3281 237 3333 cernitur
249 3295 336 3335 omnes
351 3296 424 3336 more
436 3283 513 3335 solito
527 3283 689 3343 abstineant,
702 3283 799 3336 scilicit
812 3300 830 3336 ii
844 3298 908 3337 ccr-
961 3283 1059 3352 probat
1079 3282 1203 3337 earnium
1220 3295 1298 3336 esum
1318 3280 1458 3352 multiplici
1474 3279 1580 3337 ratione
1597 3278 1759 3336 Cliiniaoen·

104 3350 192 3403 nibus
200 3351 419 3422 quadrupedum
430 3354 569 3421 undisoni
580 3353 651 3415 illus,
662 3357 801 3406 etsuccum
814 3368 907 3408 earum
959 3353 1038 3407 sibus
1050 3350 1208 3408 inhibitum.
1228 3351 1354 3406 Tertium
1364 3350 1534 3422 exemplum,
1556 3349 1632 3420 quod
1651 3365 1704 3406 non
1722 3349 1756 3407 ad

104 3421 244 3475 connectere
255 3437 308 3476 non
320 3423 449 3484 solebant,
464 3423 512 3476 sed
529 3424 640 3491 iiitrini.
658 3425 801 3479 Sanisera
814 3439 907 3479 ornnes
960 3423 1101 3491 carnium,
1125 3421 1172 3478 sed
1194 3421 1229 3477 ad
1255 3420 1311 3476 vini
1336 3421 1529 3477 abstinentiam
1550 3428 1671 3502 spectat,
1695 3436 1756 3490 quae

105 3492 269 3554 volatilium,
284 3495 411 3563 mensim
422 3494 615 3556 mactassent,
630 3509 677 3548 nco
690 3495 829 3549 ardentem
846 3495 906 3549 libi·
960 3494 1040 3549 certis
1062 3491 1158 3548 diebus
1179 3492 1205 3547 in
1233 3490 1397 3564 quibusdem
1426 3490 1600 3549 monasteriis
1622 3499 1756 3559 servatur,

105 3561 197 3617 dinem
214 3563 412 3618 comedentibus
421 3566 555 3632 inferrent,
568 3565 779 3619 menoncaleni.
796 3567 830 3620 Et
841 3580 906 3621 rur·
921 3552 944 3616 C
960 3564 1020 3620 ride
1041 3563 1112 3635 apud
1131 3567 1243 3621 Petrum
1257 3563 1383 3619 Damiani
1403 3563 1450 3620 lib.
1465 3579 1496 3620 rt
1510 3563 1590 3635 epist.
1611 3568 1657 3618 sa.
1672 3565 1710 3618 tt
1721 3562 1757 3619 de

103 3647 151 3687 siis
165 3632 248 3701 inira,
260 3635 388 3691 Cariiium
400 3635 605 3705 quodnipedum
617 3640 722 3691 omm'no
734 3637 769 3690 ab
782 3639 904 3692 omnibus
960 3636 1002 3691 liis
1014 3635 1144 3692 liactenus
1155 3635 1232 3691 setis.

105 3704 410 3761 elisii'ncaturcomestib
424 3705 504 3776 (Cep.
517 3706 578 3775 39).
595 3708 653 3769 Ubi,
669 3706 766 3778 inquit,
780 3708 813 3762 de
827 3709 905 3763 colu·
993 3709 1006 3739 ¹
1032 3706 1135 3774 victos,
1158 3722 1212 3761 nori
1239 3707 1329 3774 siros,
1354 3714 1387 3762 ut
1408 3704 1489 3777 aliqui
1515 3703 1619 3774 legunt,
1643 3711 1753 3759 contra-

104 3776 904 3846 tilibusreticet,piceniumcomestionemillcrumsunisnon
958 3777 1038 3840 riam,
1062 3785 1109 3833 aut
1128 3777 1207 3848 plane
1231 3775 1367 3832 diversam
1387 3775 1532 3833 reddentes
1553 3775 1715 3829 seutentiam
1731 3789 1754 3853 “a

104 3847 253 3901 inteidi'cit.
267 3848 422 3903 Numidam
437 3850 904 3919 Potei·,quiotemporesuomone-
958 3856 1052 3904 niente
1073 3849 1192 3904 auctoris
1212 3847 1341 3904 alienum.
1363 3847 1433 3903 Niliil
1449 3847 1521 3901 enim
1541 3843 1615 3923 alind
1635 3844 1690 3896 ruit
1712 3842 1754 3897 di·

104 3917 214 3970 ciorum
228 3921 391 3972 conpensatio
405 3918 482 3973 rudis
495 3923 521 3972 et
533 3920 622 3973 adliuc
640 3922 698 3986 tere
709 3921 816 3974 insolita
832 3924 902 3983 eret,
957 3933 1030 3983 cere,
1054 3934 1136 3990 quain
1157 3917 1262 3974 lucilius
1282 3934 1299 3975 a
1317 3919 1468 3973 tentatione
1487 3927 1608 3994 superari
1629 3927 1687 3976 eos,
1699 3913 1754 3993 'qui

105 4002 179 4042 esum
192 3991 317 4042 curidum
334 3991 400 4059 ipsis
412 4005 463 4059 per
475 3991 567 4043 emisio
583 3991 742 4044 interdicere
754 3990 901 4044 dedebat.
957 4005 971 4043 a
994 3989 1079 4055 cibis,
1097 4004 1153 4044 non
1175 3987 1411 4060 opulentioribus,
1434 3996 1465 4042 ut
1483 3987 1508 4040 in
1532 3982 1650 4064 editione
1669 3989 1752 4064 etiarn

108 4057 182 4112 b'nde
198 4064 230 4113 ut
248 4075 322 4115 esum
337 4061 486 4114 volatilium
500 4064 649 4122 utaentur,
664 4061 702 4114 eis
719 4061 902 4128 permittebat.
957 4059 1126 4115 Plautiniaua
1146 4075 1287 4130 perperam
1303 4057 1410 4128 legitur,
1427 4056 1475 4112 sed
1494 4053 1752 4133 corpulentioribus,

104 4128 173 4184 Ilaec
182 4129 365 4202 Hildegnrdis.
375 4130 481 4199 Quibus
492 4138 585 4185 temen
596 4145 650 4185 non
662 4129 835 4185 obstantibus
845 4145 916 4185 cer--
956 4137 987 4183 ut
1003 4137 1076 4183 recte
1090 4129 1245 4183 emendavit
1264 4127 1416 4191 ciaconius,
1437 4126 1466 4182 id
1479 4133 1540 4206 est,
1553 4138 1666 4194 maioris
1680 4136 1753 4177 succi

104 4205 221 4255 tument
233 4200 370 4256 diversum
384 4216 561 4257 summorum
575 4199 750 4273 pontificum,
767 4200 902 4256 alioruin-
956 4208 984 4253 ct
1002 4198 1173 4265 nutrimenti,
1196 4197 1347 4262 abstinent,
1369 4210 1451 4265 quam
1484 4210 1511 4249 ui
1533 4209 1559 4247 in
1582 4207 1677 4248 eorum
1701 4207 1753 4248 usu

104 4281 158 4338 quc
170 4270 218 4327 SS.
236 4273 397 4339 Petrum,et
411 4273 525 4344 Regnlec
537 4273 719 4343 interpretum
728 4271 902 4339 sententiam,
956 4269 1080 4326 debitum
1099 4268 1214 4324 niodum
1235 4274 1262 4323 et
1283 4281 1440 4322 mensuram
1460 4281 1476 4322 o
1496 4272 1617 4332 servant,
1636 4263 1678 4319 ici
1694 4279 1754 4319 mo·

103 4348 132 4395 et
144 4342 339 4398 auctoritatem
353 4342 452 4398 debere
466 4342 688 4425 praeponderare,
704 4342 750 4413 qui
767 4343 902 4416 Regulam
957 4340 1049 4396 derata
1061 4337 1130 4396 cibis
1143 4337 1279 4395 consuetis
1297 4346 1324 4394 et
1337 4336 1472 4393 concessis
1488 4343 1610 4418 utuntur.

103 4423 137 4466 ac
151 4420 273 4469 mentem
290 4417 328 4469 D.
345 4413 486 4469 Benedicti
503 4429 544 4470 sic
558 4413 757 4480 intellexeruut,
775 4423 806 4470 ut
822 4429 901 4471 esurii
994 4404 1006 4442 l
1026 4410 1125 4481 Aptius
1139 4409 1292 4492 epitheton,
1313 4423 1397 4480 quain
1412 4407 1636 4480 opulentioribus.
1659 4412 1690 4460 ut
1706 4403 1753 4488 ba·

85 4483 229 4538 ‘minium
243 4492 302 4540 tam
319 4483 471 4539 volatilium
486 4498 568 4565 quani
581 4484 789 4555 quadrupedum
803 4484 904 4556 simpli·
956 4480 1023 4537 beni
1043 4481 1169 4555 Dionysii
1187 4489 1215 4537 et
1227 4481 1271 4537 alii
1293 4481 1415 4552 plerique
1434 4479 1550 4536 codices.
1573 4480 1644 4534 Nam
1666 4484 1693 4559 et
1711 4493 1753 4532 in·

101 4552 174 4608 citer
186 4554 222 4611 ab
234 4555 295 4627 ipso
306 4553 478 4628 prohibitum
495 4563 705 4626 interpretentur
721 4574 727 4609 :
741 4563 772 4611 ut
786 4565 860 4627 patet
868 4570 901 4612 er
957 4551 1038 4609 lenius
1051 4553 1109 4610 aliis
1123 4552 1234 4609 vocibus
1248 4552 1407 4625 synonymis
1419 4551 1548 4608 dicuntur
1560 4548 1754 4630 esculentiores

102 4621 189 4680 dictis
209 4646 216 4680 :
238 4634 265 4681 et
279 4642 346 4683 usus
362 4625 421 4698 ipse
442 4625 503 4696 (qui
524 4627 646 4697 optimus
660 4626 751 4698 legum
771 4626 840 4681 inter
859 4641 903 4682 res
956 4623 1019 4679 cibi.
1039 4624 1122 4682 Cibus
1140 4633 1235 4682 autem
1251 4623 1447 4680 esculentiores
1466 4637 1514 4677 seu
1536 4620 1754 4700 corpulentiores

100 4709 163 4751 esse
182 4696 266 4766 solet)
286 4712 318 4754 ac
338 4697 430 4768 pranis
449 4697 681 4752 monasteriorum
702 4695 783 4768 hujus
800 4643 903 4752 ordinis
957 4710 1033 4750 escas
1047 4704 1147 4753 siccant
1160 4695 1268 4761 medici,
1287 4693 1333 4767 qui
1349 4695 1409 4765 plus
1421 4693 1520 4749 babent
1537 4691 1669 4752 alimenti,
1682 4698 1751 4759 grati

101 4764 179 4821 idem
201 4768 355 4823 coufirmat.
377 4767 445 4822 Vide
466 4766 500 4822 de
518 4767 561 4824 bis
580 4767 714 4839 insignem
732 4769 902 4823 notationem
956 4767 1072 4838 saporis,
1093 4775 1120 4822 et
1140 4766 1261 4821 melioris
1277 4767 1360 4820 succi.
1378 4767 1418 4819 De
1432 4764 1530 4841 quibu-s
1551 4761 1642 4814 sclicla
1660 4758 1752 4811 Saler-

100 4837 202 4893 laoobi
218 4837 255 4894 du
273 4839 365 4905 Breul,
379 4837 510 4895 monachi
523 4839 552 4895 S.
566 4833 696 4896 Germani
709 4837 853 4900 Pausian..
868 4839 902 4894 ad
957 4837 1058 4892 nitana.
1083 4836 1304 4907 corpulentiores
1327 4835 1452 4913 quidem,
1475 4846 1537 4900 qiua
1565 4829 1625 4910 plus
1650 4826 1752 4908 liabent

101 4906 150 4963 lib.
167 4923 189 4963 v
203 4909 327 4967 Aimonii
340 4909 375 4966 de
386 4909 478 4967 Gestis
492 4911 663 4966 Francorum
675 4925 737 4981 cap.
755 4913 797 4970 lo,
813 4908 859 4965 ubi
874 4910 902 4965 in
957 4922 1096 4977 corporeae
1115 4907 1283 4962 substantiae.
1307 4904 1516 4966 Fsculennores,
1538 4912 1598 4969 quia
1622 4912 1678 4953 esiii
1700 4911 1752 4984 ap-

101 4986 196 5035 utram
217 4996 251 5036 ue
264 4989 369 5052 partein
383 4979 464 5038 allent
477 4989 649 5053 argumenta.
920 4953 946 5017 Ῐ)
959 4979 1053 5043 tiores,
1068 4986 1096 5033 et
1109 4976 1198 5048 palato
1210 4976 1352 5048 gratioms,
1365 4981 1414 5028 aut
1427 4968 1577 5054 stomacho.
1594 4967 1676 5026 Unde
1689 4971 1752 5023 ler-

136 4995 912 5124 Tanaembiccoronidislocosubjicinmpauoulacnens.
956 5046 1144 5129 tulliannsflde
1163 5045 1269 5129 cibariis
1289 5045 1423 5127 loquens,
1443 5048 1560 5114 gratiora
1581 5050 1609 5097 et
1627 5038 1753 5122 esculen-

100 5120 146 5191 pla
170 5122 361 5194 quorumdem
381 5122 581 5180 monachorum
596 5123 642 5195 qui
664 5122 699 5179 ob
713 5129 902 5194 contemptum
956 5127 1027 5174 tiora
1043 5127 1185 5200 conjungit
1199 5117 1271 5243 ψὸ.
1286 5117 1318 5171 de
1333 5119 1438 5186 lisuino
1459 5129 1481 5168 c.
1495 5117 1536 5179 til.
1553 5115 1586 5168 Ei
1600 5115 1636 5168 D.
1652 5112 1754 5166 Hiero-

100 5200 129 5246 et
140 5193 322 5251 violationem
335 5193 651 5267 regularisabstineutiae
660 5194 902 5264 tumacarnibus,
956 5204 1058 5261 nymus
1073 5187 1275 5259 inepistoaad
1295 5185 1496 5242 Eustochium:
1518 5188 1619 5241 Asini
1640 5188 1753 5237 etesiu-
1797 5207 1801 5216 ·
1881 5221 1887 5230 .

99 5266 286 5332 temerino,
307 5280 419 5338 gravem
438 5265 682 5323 animadversionis
697 5264 797 5320 divinar
811 5260 904 5320 iiiidt-
957 5260 1111 5315 lentioribus
1134 5261 1199 5316 ciliis
1221 5259 1360 5314 obstinere.
1383 5257 1480 5314 Cicero
1503 5255 1599 5340 itidem
1621 5253 1754 5325 adjective
1831 5286 1840 5305 .

99 5343 176 5391 cmm
198 5336 387 5402 incurrerunt3
408 5345 440 5393 ut
462 5338 504 5394 liis
526 5336 647 5394 deterriti
668 5335 822 5407 religiosius
839 5350 901 5391 eain
957 5331 1043 5388 sumit
1057 5331 1205 5399 assistente,
1218 5330 1283 5386 diim
1298 5332 1337 5386 ait
1356 5350 1363 5384 ε
1381 5330 1484 5397 Elipere
1503 5343 1538 5383 cc
1551 5344 1597 5410 iis,
1619 5340 1678 5395 price
1692 5330 1754 5406 sient

101 5405 290 5465 nicenemus.
305 5410 338 5463 B.
353 5408 416 5466 Ode
428 5410 533 5480 primns
547 5406 632 5464 abbas
644 5406 831 5463 Cluuiacensis
846 5407 900 5462 duo
956 5404 1086 5458 esculenta
1098 5404 1165 5473 (bib.
1177 5418 1198 5459 u
1210 5402 1312 5459 deNut.
1324 5400 1420 5469 Dion),
1431 5399 1517 5466 idest,
1529 5413 1586 5484 esui
1594 5403 1668 5469 apta.
1680 5398 1755 5451 Hinc

102 5491 196 5535 resera
206 5480 342 5538 terribilia
352 5481 450 5535 loanni
464 5480 597 5551 discipulo
610 5493 672 5544 suo,
684 5478 731 5550 qui
745 5478 804 5548 ejus
815 5477 900 5533 sitam
955 5474 1131 5545 proverbium
1152 5494 1158 5529 :
1180 5473 1276 5529 Omnia
1297 5474 1429 5528 ascedente
1449 5471 1568 5526 obsessis.
1592 5473 1613 5524 ti
1628 5469 1752 5524 Gieeco:

103 5551 276 5624 eouscupsit,
297 5551 422 5622 exempla
436 5551 530 5607 retulit
543 5551 571 5606 iii
588 5550 662 5606 liunc
673 5549 787 5605 niodum
803 5549 902 5620 (Apud
956 5547 1052 5598 ἅπαντα
1068 5545 1151 5628 βρωτὰ
1166 5548 1220 5606 τοῖς
1237 5543 1465 5627 πολιορκουμένοις,
1482 5540 1555 5625 quod
1570 5538 1650 5622 valde
1663 5536 1754 5592 larne-

102 5619 215 5677 Surium
224 5628 288 5679 tem.
301 5624 350 5690 Vl,
361 5623 537 5685 lidecumb,
549 5623 596 5678 lib.
607 5636 646 5677 rii
660 5624 730 5677 litu
739 5624 769 5676 a.
781 5620 901 5678 odilonis
955 5615 1014 5672 licis
1036 5624 1064 5673 et
1081 5616 1169 5674 inedia
1188 5630 1297 5688 pressis,
1320 5623 1349 5672 et
1367 5614 1457 5671 solent
1470 5612 1517 5670 diu
1531 5612 1648 5680 obsessi,
1662 5607 1754 5664 nuilus

100 5704 164 5762 cup.
178 5698 219 5765 2).
229 5698 281 5751 Per
292 5693 338 5749 les
349 5694 417 5755 dics,
427 5693 525 5765 inquit,
535 5695 589 5749 duc
599 5694 701 5758 {ratres
713 5693 857 5747 admodum
864 5707 902 5746 re
954 5703 1010 5744 non
1024 5688 1112 5746 suavis
1127 5688 1163 5745 sit
1176 5688 1263 5745 cibus.

95 5767 213 5832 pintus
225 5767 352 5821 muuicti
360 5769 446 5821 morte
456 5770 529 5828 sunt,
539 5780 593 5821 iton
607 5769 697 5819 temen
709 5764 799 5819 eodem
810 5763 851 5818 cel
868 5763 901 5817 ic
