3848 6158
128 245 181 299 'tau

445 242 615 299 coxistis
634 242 705 299 t'lti.
723 274 760 285 -
778 244 822 300 DE
841 244 1103 303 eutuctexxtuus
1121 247 1184 303 SEU
1205 246 1470 311 eotsstxttsts.

1733 260 1790 317 'tsb

128 367 323 435 desolationis,
336 368 411 441 quod
428 369 536 427 steterit
557 369 585 425 in
599 368 659 427 loco
684 378 776 427 saneto
795 384 845 442 per
857 368 968 437 illudit
985 373 1056 430 turis
1070 373 1163 447 colligi
1179 374 1261 443 solet,
1277 377 1325 435 sed
1340 378 1490 437 manifestis
1505 380 1708 453 seripturarum
1727 388 1785 439 tes-

128 462 306 521 simulacrum
321 464 398 521 loris
411 463 485 537 quod
495 464 674 537 ierosolymis
687 463 714 520 in
735 464 839 537 templo
854 462 928 537 posi-

131 564 190 614 tum
207 558 332 629 legimus,
347 559 483 615 etiterum
501 567 573 615 stare
585 557 684 615 haheat
696 558 724 615 in
747 557 867 616 Ecclesia
880 574 930 631 per

128 650 273 709 adrentum
283 652 442 710 antichristi
457 653 571 725 (Dauid.
583 656 640 723 ixl:
652 653 752 727 illaque
761 652 856 710 omnia
867 667 929 726 quae

129 744 157 801 in
171 747 322 819 Evangelio
342 757 494 819 sequuntur
511 749 619 817 (sietttit.
637 748 738 821 xxxv),
753 762 815 820 quac
829 755 857 803 et
870 747 926 803 im·

130 838 204 911 pista
229 849 293 897 ante
318 841 502 914 captivitatem
526 842 764 916 ierosolymorum
775 850 804 898 et
829 842 859 897 in
874 841 928 898 line

130 934 226 990 mundi
240 936 318 991 istius
326 937 511 1011 intelliguntur
522 938 668 1010 implenda.
680 940 709 994 s·
720 936 821 1009 quibus
830 944 925 993 neutra

130 1026 222 1097 opinio
244 1029 388 1103 impugnat
402 1033 493 1102 aliam,
511 1048 562 1089 nec
584 1040 744 1105 sequentem
758 1030 832 1104 prior
845 1030 927 1087 intel-

131 1120 219 1178 lectus
237 1134 360 1181 evacuat.

446 1262 566 1319 CAPUT
584 1264 619 1317 V.

130 1381 209 1448 Qttod
217 1388 355 1454 preposito
367 1389 479 1457 quaestio
497 1389 567 1441 iuter
581 1387 628 1439 illu
643 1401 703 1456 qtue
717 1384 802 1439 medie
815 1383 929 1439 isturicie

394 1463 456 1511 stuet
468 1456 563 1512 <teuent
574 1458 669 1525 ucetiri.

164 1592 200 1647 Et
212 1590 319 1649 idcirco
331 1593 469 1666 proposita
483 1608 499 1649 a
513 1592 590 1649 robis
604 1593 732 1667 quaestio,
742 1592 806 1648 licet
815 1605 870 1647 non
883 1606 929 1647 sn-

131 1682 166 1741 tis
179 1683 301 1742 rideatur
314 1701 365 1742 nec
381 1685 538 1758 frequenter
551 1686 621 1741 inter
635 1684 764 1741 homines
783 1680 928 1750 ventilata,

129 1794 181 1837 nec
193 1780 264 1852 apud
281 1780 413 1852 plurimos
423 1789 524 1853 pateat,
539 1787 567 1837 et
583 1796 619 1836 ex
638 1778 691 1835 hoc
706 1780 764 1851 ipso
789 1779 861 1851 apud
875 1777 926 1833 uli-

129 1888 197 1947 quos
207 1890 237 1930 ea
251 1890 312 1946 quae
326 1874 495 1949 proferemus
507 1873 775 1931 iorsitaarideantur
784 1870 925 1945 ambigam

128 1966 165 2023 ila
187 1967 319 2024 debemus
340 1975 467 2027 nostram
485 1977 639 2041 temperare
660 1966 832 2034 sententiam,
857 1982 927 2039 quo·

128 2062 205 2119 niam
226 2062 288 2117 iulei
298 2064 438 2120 Trinitatis
449 2064 514 2119 nihil
530 2064 709 2136 praejudicant
729 2072 760 2120 ut
780 2062 851 2119 inter
880 2062 928 2118 illa

132 2154 286 2211 habeantur
300 2172 363 2229 quae
375 2158 464 2214 medie
477 2166 541 2214 sunt
552 2157 678 2224 tenenda,
691 2172 859 2230 quamquam
872 2173 929 2212 nou

133 2248 181 2305 tali
199 2250 326 2322 opinione
346 2252 432 2324 qualis
452 2252 651 2325 suspicionibus
663 2260 769 2308 tantum
783 2252 929 2325 et'conjee-

983 462 1106 521 timoniis
1119 465 1212 522 omnia
1231 468 1450 541 comprobentur.

1344 566 1468 623 CAPUT
1485 567 1534 623 tl.

1092 654 1169 723 Quod
1189 656 1259 712 nihii
1279 674 1297 711 n
1311 660 1363 714 lieu
1374 660 1477 716 saeelum
1491 668 1614 715 erectum
1630 662 1678 715 sit.

1018 754 1031 781 ²
1045 747 1125 805 Absit
1149 765 1234 822 ergo,
1257 760 1288 809 ut
1302 755 1393 810 Deum
1417 753 1568 827 quidquam
1588 769 1694 811 creasse
1718 770 1786 811 con-

984 837 1110 899 liteamur
1132 844 1206 917 quod
1227 847 1441 905 substantialiter
1461 850 1565 905 malum
1593 850 1651 915 sit,
1678 848 1787 907 dicento

983 934 1122 1009 scriptura
1143 956 1150 992 ε
1171 940 1266 998 timetur
1281 958 1342 1011 quer
1366 944 1430 1009 feurit
1452 946 1532 1012 iteres,
1550 944 1617 997 imuu
1631 946 1695 997 seriel
1710 942 1788 997 ruide

985 1028 996 1101 (
1005 1031 1100 1087 Gerus.
1116 1032 1145 1103 t).
1158 1026 1172 1063 ¹³
1184 1032 1211 1089 Si
1223 1033 1297 1089 euim
1311 1050 1325 1089 a
1340 1037 1395 1090 ileo
1406 1036 1474 1091 tales
1489 1036 1535 1090 isti
1552 1036 1635 1091 creati
1655 1044 1729 1106 sunt,
1744 1036 1785 1091 rel

983 1123 1017 1180 ad
1027 1123 1161 1193 bociacti,
1174 1134 1204 1179 ut
1212 1126 1263 1181 hos
1274 1127 1489 1199 nralititegredus
1500 1136 1622 1198 teneant,
1637 1145 1668 1185 ac
1676 1145 1788 1202 semper

983 1214 1188 1287 deceptionibus
1200 1227 1227 1273 et
1236 1218 1325 1274 ruinis
1335 1217 1477 1275 hominum
1491 1229 1598 1282 racem,
1611 1230 1708 1277 contra
1720 1236 1787 1294 pror·

984 1308 1065 1368 dicitu
1089 1311 1238 1385 Scripturtc
1263 1316 1445 1382 senteutiam,
1469 1314 1662 1371 infamabimus
1684 1320 1786 1381 Deuur,

985 1404 1061 1460 reiut
1079 1415 1231 1463 creatorem
1253 1416 1334 1480 atque
1356 1408 1524 1467 inventorem
1546 1409 1695 1477 maiorum,
1711 1406 1785 1478 quod

983 1496 1086 1554 scilicet
1106 1500 1235 1571 pessinras
1247 1502 1400 1559 voluntates
1411 1512 1564 1559 aenaturas
1578 1503 1635 1575 ipse
1654 1500 1786 1559 condide-

983 1590 1030 1659 rit,
1045 1590 1079 1648 ad
1094 1591 1147 1649 hoo
1161 1608 1207 1651 eas
1225 1611 1329 1663 creans,
1352 1604 1382 1652 ut
1393 1612 1502 1669 semper
1515 1597 1544 1651 in
1559 1594 1677 1667 nequitia
1692 1610 1784 1667 perse·

984 1692 1108 1742 verantes
1121 1701 1273 1760 numquam
1287 1690 1402 1745 transire
1422 1690 1525 1762 possint
1549 1689 1577 1745 in
1595 1690 1676 1745 boum
1690 1686 1787 1744 voiun-

941 1778 1045 1871 Btatis
1071 1778 1211 1837 allectum.
1242 1786 1319 1838 ilnuc
1347 1783 1427 1857 igitur
1454 1783 1587 1839 rationem
1620 1780 1784 1840 diversitatis

981 1870 1074 1943 banjos,
1089 1874 1234 1931 traditione
1248 1880 1359 1933 Puteum
1368 1877 1402 1934 de
1415 1885 1571 1934 sanctarum
1580 1877 1783 1949 Scripturamm

981 1965 1068 2034 fonte,
1082 1970 1265 2041 percepimus.

1280 2065 1404 2123 CAPUT
1424 2068 1487 2123 t'li.

1091 2161 1129 2214 ile
1139 2160 1440 2232 initiopriuequtiumu,
1452 2178 1497 2218 seu
1505 2166 1678 2233 perrecturum.

1021 2252 1115 2308 einte
1138 2252 1326 2310 conditionem
1341 2254 1423 2327 hujus
1447 2255 1565 2313 risibiles
1582 2261 1714 2311 creatura
1734 2252 1790 2327 spi-

678 2370 805 2427 restitui
823 2371 937 2426 GAZAEI
956 2369 1237 2427 colitisstaittt's.

130 2481 183 2541 cet,
199 2490 235 2530 an
257 2474 423 2532 abominatio
442 2474 642 2534 desolationisa
658 2475 771 2533 Daniele
785 2476 926 2549 praedicta,

130 2545 213 2603 inerit
235 2546 346 2617 impieta
362 2548 415 2604 sub
433 2548 568 2606 Antiocho
587 2562 649 2619 rege
672 2548 811 2621 llpipliane
830 2550 926 2616 dicto,

129 2634 165 2675 an
173 2618 225 2675 sub
238 2618 300 2673 Tito
314 2620 488 2689 imperatore,
517 2630 545 2677 et
562 2619 820 2691 Hierosolymorum
837 2627 926 2675 rasta-

130 2690 215 2757 tione,
235 2706 296 2764 quac
310 2690 411 2747 Christi
433 2700 552 2748 mortem
567 2694 692 2763 proxime
707 2700 799 2747 secuta
812 2698 868 2755 est;
891 2704 926 2745 an

130 2760 242 2819 demum
256 2762 307 2818 sub
329 2761 485 2818 antichristi
505 2762 692 2835 persecutione
706 2760 863 2835 implenda;
886 2760 926 2842 uel

131 2848 193 2905 quae
206 2835 243 2890 sit
257 2833 301 2890 illa
313 2834 478 2890 abominatio
491 2835 677 2892 desolationis.
702 2837 761 2960 qua
775 2833 809 2890 de
830 2846 860 2887 re
871 2830 932 2887 ude

133 2908 277 2977 opiniones
296 2906 385 2962 varias
407 2906 479 2979 apud
497 2908 672 2975 Jattsenium,
697 2904 888 2963 haldonatum
904 2913 931 2959 et

133 2977 201 3036 alios
213 2980 381 3050 interpretes.

169 3059 183 3087 ⁸
202 3052 279 3122 saepo
298 3050 350 3106 hoc
363 3048 480 3108 inculcat
499 3049 723 3123 Sjlugustiaus,
745 3048 848 3105 nullam
869 3060 928 3102 esse

131 3130 259 3179 naturam
276 3124 390 3190 malam,
406 3121 494 3191 idest,
506 3123 609 3179 nullam
621 3128 776 3177 creaturam
799 3118 928 3175 substan·

130 3193 228 3251 sialiter
250 3193 363 3261 nraiam,
386 3193 435 3250 sed
457 3194 547 3250 onrnia
570 3210 629 3251 esse
648 3193 733 3249 honri.
751 3191 800 3273 Cui
817 3203 931 3245 consen-

133 3264 204 3323 tiunt
216 3281 312 3322 omnes
321 3266 572 3337 nostrmreligionis
583 3273 719 3325 auctores,
743 3278 788 3335 qur
804 3274 929 3315 commu·

130 3337 203 3395 uitcr
224 3345 401 3393 exsecrantur
423 3339 603 3405 Marcionem,
616 3334 807 3399 bianichmum,
820 3338 847 3387 et
860 3330 928 3387 alios
942 3314 964 3377 C

131 3417 236 3467 veteres
248 3408 392 3466 haereticos
403 3430 409 3465 ε
421 3410 466 3479 qui
475 3408 530 3464 duo
542 3409 681 3481 principia,
696 3407 772 3477 quasi
784 3403 853 3459 duos
863 3402 929 3460 deos

133 3480 287 3547 finxerunt,
304 3496 389 3536 unum
405 3482 519 3544 bonum,
536 3474 929 3547 bonorumauctore1n;altc-

141 3567 205 3607 rum
217 3552 331 3619 malum,
342 3562 484 3609 attetorem
499 3554 680 3610 malmorum.
722 3620 729 3632 .

171 3624 184 3659 Β
199 3625 259 3692 isti,
274 3640 371 3695 nempe
386 3634 479 3681 natura
494 3641 542 3682 sua
554 3625 629 3693 maii,
642 3623 811 3696 principatus
839 3625 866 3673 et
879 3632 928 3690 po·

136 3701 260 3762 testantes,
283 3695 309 3752 id
325 3705 376 3760 cst,
403 3700 513 3770 spiritus
532 3697 566 3755 de
581 3712 701 3769 quorum
717 3694 807 3762 initio,
821 3697 931 3754 nauus,

134 3766 307 3835 conditione,
336 3765 421 3834 lapsu,
439 3771 576 3842 proposita
593 3769 718 3841 superius
732 3765 808 3837 (erip.
831 3765 857 3830 ²3¹
871 3760 931 3816 haeo

132 3839 246 3907 qtttcsiio
258 3859 263 3893 :
276 3840 350 3895 earu
359 3845 434 3895 ietuiu
442 3844 586 3896 diturst'ius
599 3832 931 3909 rrtrth'quoruruspiritum?

133 3912 177 3965 siu
187 3911 224 3964 ud
236 3914 283 3965 leur
295 3916 437 3981 protestatus
454 3914 514 3966 iiius
527 3927 545 3963 u
556 3914 664 3963 iloruiuo
677 3907 797 3961 eoreditus
808 3919 862 3957 esso
873 3917 931 3959 cru-

133 3982 249 4036 eieruiuur
263 3991 312 4045 est,
324 3988 351 4035 ul
360 3983 401 4035 iu's
409 3988 501 4034 urouuu
512 3982 640 4033 iteruiuem
652 3976 783 4045 gradibus
795 3978 876 4039 utqttc
890 3986 932 4023 or-

133 4052 243 4107 dinibus
253 4054 421 4107 uu'litmnut?
429 4051 478 4105 Cui
489 4048 637 4119 qttmstioni
649 4044 795 4115 respondet
809 4043 931 4112 primum

133 4120 186 4178 hoc
196 4126 295 4205 eapite,
313 4138 346 4177 ex
358 4129 430 4176 certa
446 4121 507 4177 iidei
518 4118 677 4176 delinitione
692 4123 720 4170 et
732 4114 930 4184 scripturorum

131 4202 306 4255 auctoretate,
325 4193 434 4261 angelos
448 4208 544 4248 omues
555 4191 610 4247 sive
621 4190 759 4263 spiritusa
774 4188 834 4241 Deo
854 4200 933 4242 crea-

131 4272 179 4319 tos
202 4279 261 4317 esse
287 4263 387 4329 honere,
406 4279 462 4319 non
476 4264 581 4330 malost
595 4278 645 4319 nec
668 4259 702 4316 ad
716 4259 820 4315 malum
839 4257 931 4324 linem,

133 4348 235 4402 nempe
251 4341 283 4388 ut
294 4348 402 4403 semper
420 4335 448 4390 iu
461 4336 582 4407 nequitia
604 4329 859 4405 perseverarentrei
883 4329 932 4385 ho·

135 4403 223 4459 mirus
245 4404 454 4475 adipeccandum
468 4407 648 4464 sollicitarent
671 4408 766 4461 :ileus
780 4403 854 4459 enim
875 4416 931 4458 non

134 4482 176 4529 est
192 4484 289 4531 rtrtetor
303 4477 450 4545 maiorum,
477 4480 629 4536 sednmuiu
657 4493 718 4548 quar
746 4478 831 4543 sccii,
862 4476 931 4531 bonu

131 4551 196 4601 steret
210 4549 287 4602 lubic>
298 4550 401 4615 (Gerus.
417 4552 450 4619 r).
466 4554 550 4607 i'orro
561 4566 617 4605 nou
631 4556 736 4604 taxatum
746 4547 858 4619 angelos
870 4548 933 4604 heu-

133 4623 187 4683 tos‚
212 4622 403 4676 verumetiam
419 4621 560 4677 daemones
584 4621 612 4674 in
635 4620 717 4690 gratia
740 4618 928 4689 justificante,

981 2477 1101 2602 gurdiae
1114 2479 1233 2551 Spiritus
1245 2480 1338 2538 Sancti
1351 2489 1457 2537 creatos
1468 2496 1538 2537 esse.
1560 2485 1597 2538 Ι).
1614 2479 1788 2553 Augustinus

992 2550 1052 2606 rbro
1070 2549 1235 2607 duodecimo
1259 2551 1294 2606 dc
1307 2552 1384 2606 (livit.
1398 2552 1449 2607 Dei
1464 2569 1493 2607 cn
1514 2553 1550 2607 ito
1565 2569 1639 2609 nono
1654 2574 1661 2609 :
1686 2556 1786 2610 dertare-

982 2619 1047 2675 eiuut
1061 2625 1109 2684 cst,
1118 2622 1219 2692 iuquit,
1235 2638 1267 2675 ue
1276 2623 1401 2676 euituttus
1414 2623 1481 2677 taum
1497 2569 1624 2677 internum
1632 2625 1785 2691 stragularum

981 2704 1033 2744 tenu
1046 2694 1122 2755 sanctu
1133 2693 1197 2751 ‚sed
1207 2696 1259 2747 Dete)
1268 2698 1398 2746 rnatu-uu
1412 2710 1466 2748 esse
1484 2694 1618 2748 ereduiur.
1633 2695 1697 2748 serra
1717 2695 1786 2747 enirn

983 2766 1008 2813 ei
1026 2764 1082 2828 ipsi
1086 2765 1157 2830 [ercii
1167 2765 1236 2825 siret,
1247 2764 1376 2832 quomado
1389 2764 1437 2817 iliu
1455 2780 1505 2819 rtou
1517 2780 1573 2818 esu
1581 2766 1652 2831 strete
1664 2764 1787 2817 dicetur?

988 2832 1073 2886 Porro
1091 2836 1156 2903 quiu
1166 2835 1242 2900 firetu
1251 2839 1304 2893 cst.
1318 2837 1411 2887 aeleram
1428 2850 1489 2889 eum
1503 2836 1568 2905 ipsis
1579 2836 1655 2901 foetu
1673 2838 1728 2897 esi,
1750 2848 1787 2887 ott

984 2904 1041 2957 se'ree
1051 2904 1098 2957 illu
1112 2905 1226 2970 fecerunt
1238 2907 1337 2974 petits?
1346 2904 1399 2960 Seri
1412 2906 1437 2959 si
1450 2922 1508 2960 terem
1524 2907 1599 2975 qna,
1611 2920 1663 2959 arou
1676 2904 1787 2959 dubriam

982 2975 1056 3043 quod
1068 2974 1103 3029 ub
1117 2977 1163 3029 iilo
1176 2977 1251 3042 uerte
1263 2977 1312 3037 sit,
1326 2992 1342 3029 u
1354 2991 1406 3045 apuu
1416 2982 1442 3029 et
1455 2980 1521 3045 tirsi:
1535 2978 1668 3045 suumque
1680 2982 1709 3029 ut
1720 2976 1790 3041 fiscii

981 3050 1059 3109 suut,
1073 3049 1098 3101 ei
1115 3064 1130 3100 u
1143 3064 1194 3117 epten
1207 3048 1277 3114 [ιιιῑί
1290 3052 1361 3109 steret,
1377 3064 1466 3103 ttltttu'e
1481 3064 1540 3102 caeru
1560 3064 1612 3118 qun
1627 3049 1697 3114 [iterii
1707 3052 1785 3107 steret,

982 3118 1786 3188 eeriiuescruut:cuqteesuutt'stiubillu-turesurzietutediscreti,

982 3190 1055 3257 qua-u
1070 3190 1100 3243 bi
1112 3192 1141 3244 iu
1154 3191 1245 3245 refutem
1254 3192 1388 3244 iuuentute
1403 3192 1470 3245 botru
1479 3194 1647 3250 uertreseruut.
1662 3192 1704 3244 iiii
1710 3188 1745 3242 ub
1754 3204 1786 3243 eu

983 3260 1127 3328 deficientia
1138 3265 1236 3316 rrrrrtuli
1242 3266 1315 3322 steret,
1329 3262 1399 3316 taretin
1409 3264 1508 3317 scilieet
1518 3264 1660 3322 reatumque,
1671 3261 1718 3314 hoe
1728 3262 1786 3329 ipso

983 3347 1036 3399 qaeu
1049 3348 1066 3386 u
1075 3333 1314 3401 taumrie-uerrunt,
1328 3349 1345 3385 u
1356 3348 1407 3402 quo
1420 3350 1471 3389 utu
1483 3335 1641 3402 sinistimus
1656 3336 1682 3386 si
1692 3336 1787 3400 utiquc

984 3402 1140 3459 reiecisseul.

1019 3474 1160 3547 ertrrgelos
1171 3482 1235 3531 aule
1254 3476 1388 3533 mundum
1405 3476 1480 3533 hunc
1507 3490 1671 3547 corporeum
1695 3472 1788 3529 rondi-

981 3552 1026 3602 tos
1040 3544 1139 3614 inisse,
1158 3555 1258 3618 prater
1270 3547 1344 3603 hunc.
1358 3548 1496 3616 abbatem,
1509 3547 1610 3618 opinati
1626 3554 1690 3603 sunt
1701 3544 1786 3600 etium

987 3618 1031 3674 alii
1058 3635 1153 3746 graues
1176 3627 1310 3687 auctores,
1326 3629 1354 3676 et
1370 3618 1427 3677 iere
1452 3620 1541 3677 Grmei
1559 3635 1656 3675 onmes
1682 3638 1688 3673 :
1714 3616 1787 3673 trude

987 3690 1018 3745 i).
1039 3691 1158 3748 Tromas
1171 3692 1201 3763 (ι
1210 3708 1273 3762 pur.
1289 3710 1316 3761 q.
1333 3698 1413 3761 eum.
1427 3693 1453 3763 3)
1471 3690 1679 3747 irancdicitessc
1690 3689 1786 3745 doceto-

986 3777 1049 3818 rum
1064 3764 1227 3821 Grnecorum
1242 3764 1416 3820 sententiam.
1438 3764 1589 3834 Gregorius
1601 3762 1787 3818 Nazianzenus

985 3835 1106 3891 oratione
1116 3844 1151 3893 tl
1164 3836 1232 3893 dicit
1244 3837 1329 3891 ileum
1342 3837 1461 3908 primum
1479 3834 1646 3913 excogitasse
1658 3833 1785 3903 angelos,

985 3914 1013 3961 et
1038 3907 1162 3964 coelestes
1199 3907 1328 3973 uirtutes,
1353 3906 1464 3977 ejusque
1499 3904 1692 3970 cogitationem
1719 3916 1788 3982 opus

988 3974 1083 4033 inisse.
1097 3980 1214 4035 Basilius
1230 3977 1327 4034 homil
1343 3985 1352 4031 1
1372 3978 1399 4033 in
1423 3981 1612 4033 tiexoemeron
1627 3974 1694 4030 dicit
1707 3974 1791 4053 spirt-

986 4047 1075 4102 tuales
1098 4058 1125 4105 et
1149 4049 1298 4105 invisibiles
1314 4058 1441 4106 naturas.
1469 4046 1607 4101 ratiorumr
1630 4045 1654 4098 ri
1671 4056 1790 4098 maxime

1006 4115 1116 4173 rtcditas
1153 4129 1215 4174 autc
1252 4120 1387 4173 sartandum
1424 4116 1567 4173 exstitisse.
1601 4118 1790 4170 ilamasccnus

987 4130 1037 4241 itu.
1051 4202 1073 4243 11
1090 4188 1210 4245 Orthoei.
1223 4187 1270 4243 lid.
1289 4205 1347 4259 cup.
1375 4186 1568 4244 crementiam
1582 4186 1706 4257 Gregorii
1731 4187 1788 4241 Na-

985 4258 1107 4317 zianzeni
1119 4260 1325 4328 commendans,
1341 4258 1430 4315 eidem
1447 4276 1476 4316 se
1487 4257 1619 4315 accedere
1632 4256 1786 4328 prolitetur⁴

988 4332 1011 4383 E
1025 4331 1129 4389 Latinis
1142 4332 1215 4388 idem
1227 4333 1326 4388 sentire
1347 4330 1472 4388 ridentur
1484 4334 1518 4387 [l.
1535 4330 1701 4386 Aurbrosius
1721 4328 1766 4384 lib.
1784 4348 1793 4384 :

987 4402 1121 4460 tlexaem.
1135 4420 1195 4476 cap.
1208 4411 1240 4460 5:
1255 4406 1366 4473 streuui,
1381 4403 1478 4477 inquit,
1491 4404 1688 4461 elorrrumtiurus
1702 4406 1728 4456 et
1739 4416 1789 4471 po·

986 4478 1103 4540 testulus,
1130 4480 1181 4533 etsi
1194 4478 1343 4547 uliqtuuuin
1361 4482 1503 4548 cupierunt.
1518 4481 1596 4535 eruut
1617 4480 1706 4531 tremere
1725 4473 1789 4543 jerus

986 4548 1095 4614 quere-rulo
1110 4550 1152 4605 bec
1165 4551 1281 4606 neretulus
1304 4554 1343 4605 est
1358 4553 1460 4617 futtilis.
1477 4553 1513 4607 Ι).
1535 4548 1724 4619 llierouymus
1739 4587 1747 4613 ,
1761 4544 1789 4599 iu

985 4633 1046 4689 esp.
1063 4622 1165 4693 tcpist.
1181 4622 1216 4679 ad
1231 4624 1345 4678 Titum:
1368 4625 1422 4679 Sec
1435 4624 1535 4686 millio,
1552 4620 1650 4691 inquit,
1670 4618 1788 4672 lloltlillm

132 4702 181 4745 seu
206 4699 313 4760 gratum
336 4690 455 4749 iaciente
476 4693 599 4750 conditos
618 4690 711 4757 luisse,
738 4705 771 4744 cx
784 4690 930 4815 Scripturas
944 4709 971 4771 D
985 4694 1072 4747 reostri
1085 4697 1209 4765 tenuioris
1222 4696 1388 4764 complentur
1398 4710 1542 4752 eternorum.
1557 4692 1708 4770 trituraretur
1720 4690 1787 4739 tem·

133 4762 295 4818 auctoritate
313 4772 341 4819 ct
369 4766 416 4820 SS.
440 4770 550 4821 i’atrum
575 4761 709 4819 sententia
725 4776 838 4830 compro
858 4770 929 4816 atur.
983 4776 1062 4829 preren.
1078 4769 1409 4836 quarumquesenatuum
1422 4767 1539 4829 eripiam
1551 4758 1788 4827 [ausencius-uu-

133 4830 272 4900 Scriptura
285 4833 311 4887 id
326 4834 427 4891 indicat
441 4836 517 4893 isaiae
529 4850 583 4892 xxv
596 4855 602 4889 :
620 4834 754 4900 Qetomodo
766 4832 886 4887 cecidisti
898 4835 933 4888 eie

134 4902 208 4967 ffl'llb
225 4906 352 4971 Lucifer.
368 4911 417 4977 qiu
444 4925 522 4963 mettre
548 4906 706 4962 oruehur's?
732 4907 766 4959 st
788 4902 932 4959 Ezechielis

132 4987 215 5028 xt'llt
237 4992 243 5027 :
260 4977 393 5042 i'erseusus
407 4983 506 5047 suisit'u
519 4980 613 5035 riicbus
634 4976 796 5031 corruiturus
809 4978 873 5029 lette.
897 4977 933 5031 tlt

132 5059 240 5111 rursus,
256 5048 355 5103 illutus
367 5054 513 5120 supiertliu.
529 5056 554 5106 et
568 5052 703 5119 peruectus
718 5049 809 5102 eiecere
823 5050 851 5101 iu
862 5047 932 5101 eleli-

131 5118 182 5171 ce'e's
209 5120 336 5189 paruulus
358 5122 406 5175 lui
428 5125 522 5189 suisti,
552 5124 646 5176 Patres
662 5118 734 5174 idem
754 5118 929 5174 coniirmaut.

131 5188 162 5244 S.
176 5190 311 5247 Antonius
323 5192 394 5262 opud
407 5192 590 5248 htlramasium
607 5211 613 5245 :
633 5194 686 5246 iiee
693 5194 823 5261 uriarum,
832 5190 931 5262 iuquit,

131 5260 257 5315 debemus
271 5266 402 5319 tractatibus
419 5268 540 5334 usfiqete,
553 5264 623 5317 rtileil
636 5267 719 5318 barrem
734 5266 839 5331 secisse,
863 5264 933 5333 quaed

131 5333 233 5387 muleeat
248 5338 294 5399 sil,
308 5354 354 5391 uec
368 5339 471 5406 athejas
485 5336 653 5390 instituturus
664 5336 813 5391 clarmontem
828 5338 935 5406 etupe'sse

130 5406 285 5475 prinicipium
297 5412 458 5477 peruersitas
466 5411 529 5468 istu.
540 5424 593 5462 arou
603 5413 717 5472 nutteue,
728 5410 776 5463 sed
785 5410 933 5465 coleritatis·

134 5478 174 5529 est
186 5480 291 5531 eittruu.
307 5483 372 5535 illem
380 5484 482 5543 etenim,
501 5486 532 5534 ut
539 5484 627 5550 poteo
639 5485 692 5537 ileo
705 5482 817 5541 eortditi.
829 5498 863 5535 ear
871 5494 935 5550 pro-

129 5549 193 5617 prin
201 5552 297 5604 metetis
309 5552 422 5607 ‹eruite-io
433 5553 470 5606 uel
485 5557 572 5606 terrers
582 5553 698 5607 rtuacde
708 5553 789 5618 melu,
802 5553 892 5621 ibique
902 5552 933 5604 iu

131 5623 199 5674 cuni
207 5622 331 5675 sor-dilus
341 5624 474 5677 euluututi
483 5624 644 5692 qeerttilitutr's
657 5625 756 5695 impius
770 5625 930 5680 eortstituere

129 5692 268 5757 suillarum
278 5698 358 5763 utque
367 5696 492 5749 atteieersu
504 5695 577 5748 melu
584 5710 742 5751 cummanere
753 5712 806 5753 uon
813 5699 927 5758 eessuut,

986 4833 1052 4885 dum
1061 4841 1110 4896 est,
1119 4840 1148 4890 e'u
1160 4840 1258 4905 quitus
1271 4837 1371 4903 rrrrqeii
1383 4836 1484 4895 simoni,
1495 4831 1700 4898 ‹tarrrrtuutioaeq
1717 4832 1793 4883 etrie-

987 4904 1063 4969 rique
1076 4907 1185 4959 ordines
1203 4912 1253 4962 ileo
1264 4906 1434 4959 sentierunt!
1452 4902 1575 4975 Denique
1583 4900 1702 4959 isidorus
1718 4900 1766 4956 lib.
1782 4917 1790 4956 r

987 4970 1022 5025 de
1030 4974 1225 5031 Summoiiono
1238 4976 1325 5043 capite
1332 4973 1495 5031 duodecimo
1507 4980 1595 5033 :sinte
1604 4991 1706 5031 orreruru
1714 4990 1789 5029 ereu-

987 5046 1078 5101 terrena
1084 5047 1182 5100 metendi
1192 5048 1278 5101 ereerti
1289 5050 1353 5101 suaet
1363 5048 1461 5116 eruqeii.
1477 5050 1563 5106 Porro
1574 5050 1606 5103 il.
1621 5046 1791 5119 hangustinus

988 5114 1036 5169 lib.
1045 5131 1078 5172 xt
1088 5115 1122 5171 dc
1135 5116 1214 5173 Ciris.
1230 5134 1291 5189 cap.
1304 5124 1338 5174 33
1352 5120 1533 5191 quaestionem
1546 5119 1617 5175 hanc
1627 5119 1701 5173 velut
1711 5119 1788 5175 anci-

987 5186 1073 5258 pitem
1086 5195 1113 5245 et
1127 5189 1354 5259 problematicam
1368 5191 1394 5247 in
1404 5191 1493 5248 medio
1509 5192 1639 5263 relinquit
1650 5210 1656 5245 :
1667 5194 1738 5246 utrm
1748 5195 1790 5247 to·

987 5276 1056 5324 strete,
1074 5259 1174 5331 inquit,
1187 5264 1295 5333 arriperes
1312 5270 1416 5319 surrectus
1429 5268 1459 5320 iu
1472 5266 1636 5321 subiiuu‘bus
1647 5264 1707 5319 cerii
1717 5264 1791 5321 sedi·

989 5332 1048 5395 bees,
1073 5350 1125 5389 arou
1147 5336 1253 5406 quidem
1279 5339 1331 5391 ileo
1345 5338 1558 5403 meteremus
1576 5342 1665 5393 termam
1688 5338 1721 5393 de
1738 5352 1789 5393 suu

987 5410 1149 5475 sempiterno
1162 5413 1188 5463 rt
1197 5424 1259 5463 reru
1270 5408 1402 5475 felicitate
1408 5424 1511 5467 seueros
1523 5417 1549 5467 et
1559 5415 1641 5466 corios
1650 5425 1704 5465 esse
1715 5426 1790 5467 aterno

988 5479 1119 5547 umbiqut.
1131 5482 1267 5536 Caeterum
1275 5482 1357 5550 longe
1367 5480 1543 5552 probabilior,
1553 5483 1639 5537 immo
1650 5482 1790 5539 icreeerta

987 5560 1113 5606 censetur
1141 5552 1258 5607 aliorum
1288 5553 1398 5608 Parrum
1419 5554 1553 5611 sententia
1577 5552 1791 5612 communitera

986 5619 1123 5695 theologis
1134 5632 1252 5696 recepta,
1268 5624 1379 5694 angelos
1393 5624 1520 5683 videlicet
1542 5628 1631 5698 primo
1647 5627 1690 5685 die
1707 5626 1792 5685 simui

983 5708 1047 5749 num
1063 5696 1134 5751 coelo
1160 5705 1188 5751 et
1207 5706 1277 5753 terra
1299 5696 1382 5754 inisse
1402 5705 1508 5755 creatos
1532 5703 1598 5770 (Lib.
1623 5716 1633 5757 t
1657 5698 1790 5759 harecurt.

130 5776 165 5817 ue
174 5766 303 5835 pristinis
317 5782 408 5822 eorum
420 5767 528 5821 salibus
541 5766 724 5823 srtcecdumus.
740 5772 775 5824 D.
790 5769 929 5839 Hierony·
984 5782 1044 5836 cup.
1054 5770 1191 5840 Fiuuiter,
1202 5772 1246 5826 tit.
1258 5772 1402 5827 desttrumu
1425 5774 1498 5827 Tria.
1511 5778 1537 5828 et
1550 5774 1604 5843 fide
1615 5775 1713 5837 eatis).
1722 5771 1792 5822 Pro·

130 5847 195 5893 mus
208 5835 237 5891 in
251 5854 314 5912 cap.
338 5854 356 5893 u
370 5841 434 5895 ose.
448 5837 588 5894 dutuones
598 5838 692 5895 scribit
708 5839 737 5896 in
750 5854 847 5913 magna
868 5839 928 5912 pin·
984 5838 1067 5899 batur
1095 5842 1186 5913 primo
1212 5845 1378 5900 auctoritate
1404 5843 1561 5916 scripturn.
1588 5846 1739 5901 certost:
1761 5840 1792 5893 bt
