3848 6158
130 232 182 287 523
668 221 809 278 tortitiis
827 220 978 276 cassidili
997 219 1230 276 contritores
1729 217 1783 272 524

129 355 172 412 rel
190 354 314 412 maxime
338 358 493 425 opportuna
512 348 649 406 habentur
668 356 695 405 et
708 362 839 420 congrua,
854 345 929 420 quod
943 349 970 414 Α
984 343 1063 402 luerit
1084 344 1119 402 ad
1136 341 1305 402 monendum
1328 339 1426 397 babilis
1446 339 1569 396 materiae
1583 337 1706 411 levisque
1731 354 1785 394 na·

129 465 187 507 non
213 449 305 507 solum
330 447 384 506 sint
408 447 579 520 aliquatenus
603 444 709 513 mollia,
738 459 876 518 parvoque
902 450 930 499 et
982 446 1051 497 turae
1073 439 1137 499 sint.
1170 441 1261 510 dique
1279 435 1316 492 ita
1336 441 1472 507 praecepto
1493 433 1567 490 senis
1597 431 1712 489 tandem
1736 447 1786 488 su-

129 559 212 617 operc
227 550 452 616 preparenturer
475 539 575 613 pretio,
588 544 683 611 utpote
702 537 804 611 passim
826 552 929 611 papyro
984 550 1046 592 mus
1064 533 1099 590 ad
1126 533 1344 608 degustationem
1372 530 1462 588 somni
1486 544 1603 586 onerosa
1636 528 1785 601 compositi

129 646 287 711 emergente
297 639 368 709 per⁸
383 633 438 691 Nili
450 632 574 690 fluminis
584 631 665 704 ripas,
680 647 764 704 quam
775 631 875 704 cuique
884 646 931 688 ro·
984 629 1086 703 quiete,
1105 635 1162 687 tam
1180 627 1291 703 digestae
1314 626 1467 683 collationis
1481 623 1645 681 inflammati
1669 622 1787 697 gaudio,

130 733 196 790 lenti
209 733 239 788 in
259 745 341 788 usum
363 741 504 787 assumere
528 741 612 784 nemo
631 723 774 800 prohibeat
791 724 929 794 desecare,
983 722 1253 797 qnamrepromlssae
1274 721 1474 795 disputationis
1497 718 1704 792 exspectatione
1722 734 1788 777 sus·

130 823 178 883 sed
201 824 284 881 etiam
305 822 379 896 quod
398 821 434 880 ad
452 820 660 889 recessendum,
677 834 725 877 seu
739 833 802 876 cum
821 833 930 876 neeesse
984 817 1071 890 pensi.
1457 821 1460 829 '

676 936 804 993 ALMRDI
823 935 936 992 GAZAEI
954 933 1232 992 COMMENTARIUS.

166 1046 390 1121 ⁸NilusAEgypti
404 1044 501 1103 Murius
514 1045 660 1126 (Plinicsl.
683 1049 820 1115 vcop.9,·
834 1044 934 1102 Strabo
986 1050 1041 1110 tur,
1071 1059 1103 1099 ex
1126 1043 1185 1169 ipsc
1207 1049 1305 1098 trunco
1329 1037 1436 1114 nangis
1458 1044 1565 1107 texum,
1589 1053 1623 1095 er
1649 1037 1720 1096 libro
1735 1053 1788 1096 seu

133 1122 152 1175 l.
181 1135 267 1188 xv113
282 1122 347 1177 Gen.
362 1122 408 1186 ιι).
421 1125 450 1173 et
461 1131 561 1173 unuse
581 1113 733 1187 majoribus
755 1116 841 1172 totius
859 1115 934 1171 orbis
986 1114 1087 1171 cortice
1104 1123 1132 1170 te
1143 1131 1169 1183 a,
1184 1120 1299 1186 tegetes,
1316 1121 1415 1178 restes,
1445 1109 1576 1183 stragula,
1593 1110 1673 1168 iunes
1720 1110 1789 1168 alia·

131 1192 233 1261 iiuriis,
252 1189 446 1262 aquibusdam
460 1186 551 1245 Gihcu
571 1186 673 1256 dictus,
695 1194 801 1257 septem
827 1185 932 1242 babens
1005 1182 1590 1259 uenujusmodi.1sxhocicemtrurioa
1615 1199 1649 1255 pa
1700 1190 1789 1239 antur

132 1263 200 1318 ostia
224 1261 324 1333 quibus
345 1274 375 1315 se
404 1265 536 1315 exonerat
562 1257 590 1313 in
615 1270 689 1313 mare
714 1257 883 1331 AEgyptium,
905 1265 932 1313 et
986 1264 1088 1312 carta)
1104 1272 1154 1313 acu
1180 1256 1274 1314 divisae
1292 1255 1321 1311 in
1339 1263 1489 1328 praetenues
1503 1260 1531 1309 et
1548 1253 1694 1311 latissimas
1708 1253 1789 1328 phyi-

132 1340 238 1404 partem
264 1331 373 1404 AEgypti
395 1329 551 1386 inferiorem
576 1329 672 1386 dextra
690 1327 809 1401 laeuaque
831 1328 933 1386 divisus
986 1327 1050 1383 liras
1062 1343 1124 1410 quac
1137 1343 1169 1384 eo
1187 1327 1314 1385 meliores
1329 1335 1408 1383 erant
1420 1341 1475 1399 quo
1487 1323 1585 1382 mediae
1601 1340 1705 1398 papyro
1718 1340 1789 1398 prc-

131 1403 260 1476 amplexu
280 1418 331 1458 suo
354 1402 392 1458 ita
414 1399 581 1458 determinat
594 1409 627 1456 ut
648 1399 824 1472 'triquetram
850 1406 933 1457 terrae
987 1399 1157 1472 pinqurores,
1167 1415 1229 1472 quae
1241 1398 1277 1454 ab
1290 1397 1372 1470 hujus
1384 1396 1492 1455 fruticis
1508 1396 1692 1469 appellatione
1702 1397 1789 1453 etiam

132 1474 250 1546 liguram
263 1471 374 1530 efficiat.
396 1472 479 1530 Unde
492 1481 520 1528 ct
533 1472 643 1529 Deliam
665 1471 824 1553 abGraecae
836 1469 932 1528 litterae
1005 1470 1081 1542 apyri
1094 1485 1197 1527 nomen
1223 1484 1286 1526 acce
1305 1476 1397 1537 erunt,
1418 1469 1517 1542 qrribus
1541 1476 1645 1526 veteres
1662 1467 1699 1525 ad
1717 1468 1790 1526 scri·

131 1545 309 1602 similitudine
319 1550 492 1600 vocaverunt.
507 1545 593 1599 Porro
611 1556 738 1623 papyrus,
758 1541 846 1624 Plinio
862 1548 932 1598 teste
986 1485 1109 1598 &ndum
1127 1541 1168 1597 usi
1181 1550 1254 1597 suut.
1300 1549 1374 1597 ostsa
1390 1556 1454 1596 vcro
1473 1540 1502 1596 id
1520 1555 1606 1613 genus
1626 1538 1728 1597 chartae
1743 1538 1790 1596 in-

132 1618 207 1686 (tte.
219 1630 280 1672 xrrr
290 1631 349 1686 cop.
366 1619 422 1683 til,
434 1613 579 1671 arbuscula
587 1621 629 1669 est
638 1627 773 1694 praecipue
784 1612 931 1694 rn‘AEgypti
984 1620 1096 1668 rentum
1116 1621 1157 1668 est
1190 1628 1227 1668 uo
1246 1627 1320 1668 nune
1332 1611 1434 1695 passim
1448 1611 1581 1668 mortales
1592 1618 1723 1679 utuntur;
1740 1612 1789 1667 lit·

132 1687 298 1813 psslnstribps
324 1700 447 1812 rsssccnsg
473 1683 824 1828 aruwi'zscrssrnulliptirdlgldl
838 1685 931 1810 ⁰alrpuis
985 1697 1037 1754 que
1056 1699 1087 1765 ex
1101 1627 1218 1810 linltnpriiis
1237 1683 1370 1810 {imglis
1386 1691 1414 1740 et
1436 1682 1615 1740 nibilominus
1636 1683 1788 1756 pristinum

132 1773 331 1829 urcvagaaes
361 1771 486 1839 gnome
556 1771 628 1838 rgru
674 1770 722 1810 ar
819 1770 837 1810 u
884 1770 931 1810 ra·
985 1769 1131 1827 papyrrno
1164 1769 1316 1811 enreme.

131 1829 193 1885 chia
207 1844 264 1885 non
280 1828 397 1885 excedit.
413 1826 567 1886 Radicibus
579 1827 677 1884 mcclae
697 1840 747 1897 prc
760 1824 833 1899 ligno
847 1834 931 1883 utun-

562 2088 955 2192 courArro
990 2089 1360 2238 sucurre

650 2277 729 2351 Quae
748 2276 798 2340 est
814 2270 963 2342 secunda
981 2272 1115 2342 abbatis
1130 2271 1262 2361 Moysis.

815 2397 858 2450 DE
876 2396 1096 2452 niscasrtonn.

374 2620 495 2678 CAPUT
520 2619 683 2678 PRIMUM.
945 2624 1107 2695 Bgressus,
1134 2621 1219 2678 linem
1254 2626 1357 2678 nostrae
1388 2617 1564 2691 disputationi
1600 2615 1688 2689 dedit,
1717 2633 1792 2677 con·

165 2717 318 2788 Degustato
340 2714 431 2788 itaque
448 2714 584 2772 matutino
604 2729 714 2788 sopore,
744 2730 809 2773 cum
836 2725 931 2774 ortum
984 2731 1085 2790 gruum
1106 2715 1243 2773 credimus
1264 2715 1325 2788 ejus
1346 2713 1534 2772 excellentiam
1560 2715 1675 2771 Petrum
1697 2714 1792 2789 primo

130 2808 323 2866 insistendem
342 2808 423 2866 nobis
442 2809 573 2867 claruisse
597 2808 760 2882 gaudentes,
778 2812 930 2884 repromis·
984 2811 1147 2885 consignare
1173 2809 1328 2879 sententiis,
1353 2816 1383 2866 ut
1394 2824 1459 2866 cum
1479 2808 1597 2883 patuerit
1609 2807 1678 2881 quid
1691 2806 1728 2866 de
1743 2809 1791 2868 ilia

129 2918 188 2960 sam
214 2903 399 2961 narrationem
418 2918 561 2976 reposcere
582 2903 773 2975 coepissemus,
797 2912 810 2940 ⁸
832 2904 931 2963 beatus
984 2904 1119 2962 senserint
1141 2904 1183 2962 rei
1205 2903 1441 2977 pronuntiaverint
1459 2903 1581 2976 majorca
1604 2902 1701 2975 nosci,
1727 2911 1792 2963 tum

130 2997 239 3068 Moyses
253 2997 291 3051 ita
313 3011 429 3052 exorsus
439 2997 582 3053 est:Cum
597 2995 705 3052 videam
714 3012 767 3054 vos
780 2999 849 3054 tanti
862 2999 932 3056 desi·
986 2998 1099 3069 prolatis
1124 3005 1194 3079 tamt
1213 2998 1334 3071 antiquis
1349 2997 1504 3055 multorum
1524 3012 1609 3072 quam
1629 2997 1793 3057 recentibus

129 3088 198 3144 dorii
220 3088 318 3145 ardore
343 3087 510 3158 flammatos,
533 3097 565 3144 ut
580 3104 615 3145 nc
626 3088 717 3161 ipsum
740 3091 853 3164 quidem
868 3109 930 3166 par·
985 3091 1111 3150 minisei
1124 3091 1232 3151 casibus
1244 3094 1302 3166 qui,
1318 3107 1368 3166 prc
1387 3107 1421 3151 ec
1436 3091 1512 3165 quod
1527 3093 1622 3151 minus
1642 3107 1703 3150 eam
1724 3091 1790 3152 fure·

130 3180 275 3237 vissimum
300 3180 400 3254 quietis
422 3191 611 3250 momentum,
626 3183 701 3257 quod
715 3185 829 3257 spiritali
844 3187 930 3245 colla·
985 3192 1049 3243 rant
1072 3185 1201 3256 assecuti,
1230 3185 1384 3259 pernicioso
1410 3183 1508 3259 delecti
1542 3193 1609 3244 suut
1638 3186 1734 3260 lapsu,
1757 3186 1790 3245 in

51 3303 52 3306 κ
130 3274 200 3331 iloni
220 3274 392 3346 subtrahens,
409 3273 552 3335 refectioni
568 3279 660 3335 carnis
684 3279 837 3339 malueram
849 3281 932 3356 depu-
986 3287 1117 3353 quantum
1137 3295 1294 3353 possumus,
1318 3278 1450 3336 utilitates
1466 3276 1564 3353 eiuset
1577 3278 1725 3336 commoda
1745 3294 1792 3338 re·

131 3376 199 3440 tare,
218 3368 253 3427 ad
264 3371 388 3442 requiem
402 3371 513 3430 credam
532 3373 615 3430 vestrl
630 3375 754 3448 corporis
769 3375 929 3450 proiecisse,
984 3380 1136 3431 tractemus
1152 3373 1271 3447 :quibus
1280 3372 1410 3431 discussis
1420 3372 1790 3446 quemadmodumexcclere

131 3465 199 3523 mihi
224 3481 333 3540 quoque
348 3465 421 3525 hunc
439 3476 561 3526 vescum
586 3471 771 3529 consideranti
796 3473 930 3531 fervorem
984 3485 1045 3527 eam
1060 3478 1143 3543 atque
1154 3478 1279 3544 expetere
1295 3470 1457 3539 debeamus,
1471 3469 1673 3529 considerantes
1691 3470 1790 3529 meriti

130 3559 287 3618 sollicitudo
304 3560 391 3634 major
405 3561 549 3619 incumbit.
562 3564 679 3620 Necesse
697 3572 739 3622 est
758 3566 930 3625 enimetiam
984 3565 1044 3638 eius
1066 3574 1094 3623 et
1113 3565 1209 3638 gratiae
1242 3565 1360 3638 pondus,
1381 3564 1518 3622 efficacius
1540 3564 1716 3623 instruamur.
1736 3568 1792 3623 Est

132 3668 175 3710 me
187 3653 216 3709 ln
227 3651 407 3725 persolvendo
417 3653 522 3723 debito,
538 3663 615 3712 tanto
626 3656 761 3729 majorem
777 3658 932 3719 denotionis
985 3659 1060 3717 enim
1079 3676 1136 3716 non
1155 3659 1303 3717 mediocris
1315 3658 1443 3733 quaedam
1459 3659 1556 3728 virtus,
1578 3674 1630 3717 nec
1648 3673 1712 3731 quae
1736 3658 1791 3718 bu·

133 3762 229 3805 curam
244 3762 351 3820 gerere,
366 3756 470 3821 quanto
484 3764 538 3807 vos
550 3750 681 3808 attentius
704 3751 781 3810 rideo
798 3751 869 3812 illud
882 3769 932 3812 er·
984 3770 1067 3812 mana
1091 3754 1193 3828 passim
1216 3754 1306 3811 valeat
1340 3752 1473 3811 industria
1503 3749 1705 3825 comprehendi,
1733 3754 1790 3812 nisi

88 3868 92 3875 ·
131 3850 232 3915 petere,
256 3841 406 3899 meandum
430 3842 506 3901 iiiam
535 3843 699 3903 sententiam
720 3839 757 3898 :i
780 3848 813 3905 Si
832 3848 932 3905 sederis
985 3849 1081 3909 divino
1106 3848 1189 3907 fuerit
1212 3863 1327 3905 munere
1353 3848 1494 3921 gratiaque
1513 3846 1618 3905 collata.
1641 3844 1812 3919 Siquidem-

133 3949 235 3990 coenore
258 3935 295 3990 cd
312 3950 431 3992 mensam
442 3939 573 4010 potentis,
595 3939 730 4010 sapienter
743 3941 932 4014 inteilr'peqrtae
985 3944 1058 4002 inter
1077 3944 1249 4002 nobilissima
1263 3943 1381 4015 Spiritus
1406 3942 1493 3999 sancti
1519 3941 1604 4008 dona,
1617 3939 1689 3996 banc
1713 3956 1790 4014 quc·

135 4033 309 4102 opporrumr
320 4031 380 4096 tibi,
392 4035 418 4088 et
430 4034 546 4090 immitte
555 4047 667 4090 monum
675 4038 760 4099 mam,
771 4037 855 4092 scens
867 4039 933 4108 puio
948 4046 971 4111 c
985 4053 1038 4112 que
1050 4039 1087 4095 ita
1104 4037 1221 4112 legimus
1230 4036 1264 4094 ab
1284 4036 1418 4110 Apostoio
1442 4034 1582 4093 numerari
1599 4054 1606 4092 :
1627 4035 1690 4091 Alii
1701 4035 1791 4093 detur

131 4125 201 4179 talio
222 4127 326 4195 oportet
340 4131 366 4182 te
380 4143 537 4200 prosperare
565 4127 651 4199 (Prot.
667 4143 746 4185 xxm
763 4144 812 4187 aec.
834 4130 930 4199 Lxx).
982 4148 1034 4204 per
1058 4135 1188 4205 spiritum
1202 4148 1287 4189 sermo
1313 4133 1478 4203 sapientie!
1499 4130 1550 4186 olii
1561 4129 1627 4201 fides
1647 4131 1675 4184 ia
1697 4130 1791 4187 cedern

132 4217 323 4288 Quamobrem
340 4217 376 4276 de
398 4220 472 4278 bono
493 4220 670 4279 discretionis
694 4223 807 4296 eJusque
830 4223 932 4281 virtute
985 4228 1103 4296 spiritc3
1123 4227 1175 4281 ciii
1185 4227 1279 4296 pratia
1298 4227 1448 4281 sonitatum
1464 4226 1493 4279 in
1506 4239 1560 4280 uno
1572 4223 1673 4294 spiritu
1691 4223 1714 4289 (1
1727 4223 1788 4280 eor.
1835 4236 1838 4241 ·

131 4308 243 4379 dicturi,
273 4309 302 4364 iu
326 4325 409 4382 quam
433 4329 525 4372 sermo
544 4321 687 4372 nocturne
705 4316 861 4375 collationis
892 4317 933 4373 in·
984 4318 1053 4390 ιιι).
1082 4321 1117 4375 Et
1141 4329 1311 4392 postpauca
1338 4328 1379 4375 :⁰
1409 4320 1470 4376 Alii
1490 4319 1615 4375 discretio
1638 4318 1791 4389 spirituum

680 4432 809 4490 anunm
828 4434 940 4493 ornan
959 4407 1236 4493 comminutus.

168 4529 265 4584 ⁸Maec
277 4528 395 4588 secuoda
408 4531 517 4614 collatio
536 4533 644 4619 abbatis
657 4537 780 4610 Moysis:
793 4539 872 4612 cujus
889 4542 934 4598 iti·
1022 4552 1034 4580 ⁰
1059 4546 1140 4599 Dona
1165 4542 1282 4616 Spiritus
1308 4543 1407 4613 sancti,
1417 4558 1466 4601 seu
1490 4542 1591 4617 gratias
1604 4558 1675 4616 quas
1683 4540 1791 4601 ¹vocant

131 4600 197 4658 dem
215 4614 354 4686 summam
371 4602 482 4661 Pbcuus
498 4620 590 4678 pauore
605 4607 695 4665 uerbis
713 4610 872 4684 complexus
891 4622 934 4670 est
987 4614 1070 4688 gratis
1084 4614 1172 4684 datas,
1185 4615 1218 4672 ab
1236 4615 1369 4687 dpcstolo
1380 4624 1408 4673 et
1419 4630 1453 4671 ex
1467 4615 1599 4688 apostolo
1621 4615 1665 4672 bic
1688 4628 1790 4672 recen·

133 4672 255 4777 (eparcus
268 4671 379 4731 Bibliii·
397 4677 430 4735 G·
452 4678 524 4759 liii).
985 4688 1053 4745 sitas
1064 4687 1172 4759 egregie
1183 4687 1300 4759 expiicat
1313 4688 1349 4742 D.
1360 4686 1482 4744 Thomas
1493 4695 1552 4744 tam
1567 4686 1596 4743 in
1615 4694 1792 4749 commenta·

193 4749 235 4827 lta
245 4745 396 4805 secundum
412 4762 568 4834 rersrocem
580 4749 662 4808 Lxx
681 4754 784 4826 interp.
800 4753 932 4829 vulgatus
985 4758 1037 4825 rio,
1072 4774 1135 4815 uam
1159 4757 1314 4826 insumma
1333 4756 1496 4831 Theologica
1512 4763 1572 4825 (le
1593 4776 1621 4830 p.
1639 4763 1690 4813 112
1703 4774 1734 4812 o.
1750 4757 1789 4829 4),

132 4831 198 4901 vero
213 4832 272 4872 ste:
288 4817 399 4884 &tando
421 4821 521 4877 sedeas
534 4826 566 4906 ut
579 4825 699 4881 wenedos
718 4841 778 4881 cem
792 4829 929 4910 sprincipe,
987 4843 1035 4900 per
1051 4774 1245 4886 discretionem
1266 4829 1416 4901 spirituum
1432 4827 1587 4902 intelligens
1599 4828 1789 4902 coguitionem

130 4888 932 4976 delrpentcrottendequaeopporttssuntantetncrcmtuom,
987 4899 1079 4958 cordis
1098 4900 1212 4957 humani
1229 4908 1258 4956 et
1271 4908 1439 4957 secretorum
1458 4900 1527 4974 ejus.
1543 4900 1620 4959 Sicut
1632 4901 1723 4968 enim,
1744 4900 1789 4956 in-

131 4962 254 5040 etstotue
263 4958 381 5038 cultrum
393 4979 422 5018 en
437 4971 611 5048 perteretuo,
625 4975 678 5025 etc.
694 4969 932 5041 Cujussenteutiae
985 4971 1054 5043 quit,
1081 4970 1224 5046 prophetia
1247 4969 1327 5028 datur
1339 4970 1374 5028 ad
1395 4972 1586 5044 cognoscenda
1608 4979 1637 5027 et
1651 4969 1790 5028 manifes-

132 5044 207 5111 varra
218 5035 353 5111 expositio
368 5039 426 5113 turn
440 5037 565 5117 litteralis
578 5047 608 5094 et
620 5053 761 5121 germana,
782 5047 843 5098 tum
857 5057 932 5115 mys-
983 5044 1066 5101 tanda
1089 5042 1180 5101 futura
1203 5042 1388 5125 contingentia
1408 5057 1469 5127 quae
1491 5043 1577 5100 soiius
1598 5042 1653 5098 Dei
1676 5049 1720 5099 est
1738 5057 1790 5098 ec-

133 5101 390 5186 trcaetosprrrtuairs
408 5118 424 5159 a
440 5107 567 5163 Patribus
584 5118 750 5192 proponitur
768 5114 851 5193 {Vide
865 5115 930 5170 ilel-
983 5129 1122 5186 gnoscere,
1148 5115 1187 5171 ita
1199 5113 1329 5172 discretio
1352 5113 1498 5186 spirituum
1527 5115 1561 5171 ad
1585 5112 1790 5171 mauiiestanda

131 5187 204 5227 mum
222 5189 253 5228 sn
266 5172 437 5257 Adoptotp.
455 5176 491 5247 2).
508 5180 641 5249 Mystrcus
656 5189 728 5239 inter
740 5182 808 5239 alros
824 5192 867 5240 est
885 5183 929 5240 bic
983 5186 1090 5242 occulta
1103 5186 1228 5242 cordium
1241 5199 1304 5258 quse
1317 5184 1479 5243 solusDeus
1490 5193 1630 5242 scrutatur
1648 5203 1655 5241 :
1676 5191 1707 5241 ut
1730 5184 1788 5241 sci·

130 5255 227 5298 sensus
236 5255 453 5328 qucmsequnur
463 5249 576 5329 Auctor,
597 5265 652 5323 quc
667 5252 749 5310 docet
762 5253 928 5325 magistmm
983 5256 1047 5313 licet
1061 5256 1146 5313 bomo
1158 5257 1312 5314 discernere
1326 5257 1478 5330 possitouo
1498 5256 1597 5329 spiritu
1613 5255 1713 5329 aliquis
1723 5270 1789 5311 mo·

130 5317 208 5367 tanto
234 5326 332 5394 mayorr
361 5316 547 5398 sollicitudine
578 5320 722 5394 discipulis
758 5322 927 5394 satisfacere,
981 5336 1077 5384 reatus
1093 5326 1128 5384 ad
1149 5327 1318 5400 loquendum
1342 5337 1369 5385 et
1393 5327 1576 5400 operandum,
1637 5335 1664 5383 ta
1687 5332 1790 5382 rrtrurn

131 5390 247 5466 quanto·
267 5399 411 5512 mffcrem⁸
421 5387 680 5472 rllcrunrlervorem
694 5400 722 5449 et
744 5394 926 5479 attentionem
941 5363 995 5454 Ds
1014 5398 1079 5454 iritu
1091 5397 1243 5464 charitatis,
1259 5400 1300 5456 rel
1315 5398 1511 5472 invidia,juxta
1522 5399 1593 5456 iilud
1628 5399 1708 5454 ioan.
1726 5410 1764 5452 ιν
1780 5415 1789 5452 r

130 5469 190 5536 esse
203 5469 295 5513 anima
317 5463 434 5514 vertent,
444 5462 491 5541 §rc
503 5469 588 5518 stram
609 5462 696 5520 ierme
708 5466 744 5520 D.
761 5465 926 5528 Ambrosius
1006 5470 1069 5525 olite
1078 5472 1153 5525 omni
1161 5472 1394 5541 spiritaiercdere,
1412 5473 1459 5528 scd
1465 5472 1582 5553 prolate
1594 5471 1707 5542 spirim
1719 5471 1791 5524 sies

82 5591 84 5594 ¹
130 5524 295 5609 ¹¹.b·¹.⁰ffi⁰·
309 5529 788 5616 cap.22h1ncprobatreierendam
799 5538 925 5609 matiam,
981 5543 1034 5596 Deo
1044 5542 1110 5596 sint
1126 5542 1212 5598 Paulo
1227 5542 1310 5599 latius
1322 5557 1431 5599 sumere
1447 5543 1556 5599 videtur
1567 5546 1602 5599 D.
1617 5539 1792 5598 Ambrosius

129 5610 154 5651 rr
173 5612 235 5668 quis
251 5597 286 5654 ab
306 5597 398 5671 aliquo
420 5599 582 5661 beneficium
599 5615 748 5676 acceperit,
768 5613 796 5663 et
814 5607 929 5667 imitan-
980 5610 1049 5668 dum
1064 5613 1118 5668 ait:
1131 5616 1261 5670 Discretio
1270 5615 1428 5686 spirituum,
1441 5614 1657 5684 utinteliiputst
1666 5612 1789 5683 Μαί,

129 5666 195 5723 dam
209 5669 289 5752 nobis
305 5678 433 5755 naturam
457 5682 689 5749 terrarumque
707 5688 866 5751 susceptum
883 5697 927 5738 se·
981 5682 1175 5751 orroddicitur,
1189 5702 1225 5739 on
1238 5687 1356 5757 spirius
1370 5689 1459 5743 sancti
1470 5687 1506 5741 sit
1519 5684 1717 5741 cnmrmdoni.
1733 5685 1789 5741 La·

128 5752 193 5794 men
209 5740 424 5824 multiplicatiora
444 5743 513 5800 solet
525 5761 642 5805 numero
658 5746 772 5807 reddere
784 5767 868 5825 quam
885 5770 929 5811 ac·
981 5754 1088 5813 tissime
1102 5772 1166 5814 vero
1176 5756 1284 5812 hieaccl
1304 5756 1326 5812 it
1340 5755 1425 5812 abbas
1434 5755 1599 5839 prejudicio
1609 5754 1788 5838 discretiori&

127 5819 241 5882 celitti-
981 5840 1063 5901 quam
1078 5828 1227 5918 Apostolus
1240 5773 1332 5898 (seir.
1345 5831 1376 5899 r)
1386 5835 1469 5885 vocat
1475 5826 1673 5886 discretionem
1682 5827 1789 5886 baaru
