3848 6158
191 191 241 250 sii
513 234 518 244 ,
867 175 1004 234 ieiunis
1022 173 1174 232 cissiiiii
1356 155 1359 163 '
1800 168 1855 225 sii

190 309 325 384 tuncjam
338 306 506 382 conspiciens
523 320 647 380 serpere,
665 303 708 362 sel
726 316 902 361 emersurum
916 301 988 358 inter
1004 303 1123 372 Aaptos
1136 296 1171 355 ad
1185 294 1390 370 perceptionem
1403 291 1530 367 perfecte
1547 291 1698 351 curationis
1711 290 1845 352 inveniat.

189 403 353 473 monachos,
367 411 461 459 saneto
476 401 578 475 Spiritu
592 398 738 466 reidante,
755 393 935 468 prospiciens,
950 409 994 451 sa·
1047 390 1119 466 Quid
1136 397 1178 448 est
1192 388 1267 463 quod
1280 402 1372 481 roges,
1394 386 1533 460 hpostole,
1545 391 1576 442 ut
1590 384 1617 440 iii
1635 400 1691 458 quc
1704 383 1850 443 abundent

190 498 325 557 luteribus
336 505 537 572 praceptorum
547 508 663 551 suorum
673 489 879 548 medicamentis
891 505 995 562 praeie-
1047 485 1136 559 magis
1149 485 1252 542 scilicet
1264 484 1293 540 in
1306 481 1448 550 charitate,
1463 479 1497 537 de
1512 496 1566 553 qua
1580 480 1706 552 superius
1718 478 1829 539 dixeras
1843 504 1851 539 i

190 595 254 652 nire
266 591 385 651 festinat.
408 587 700 649 Thessalonicensibus
719 585 794 643 enim
816 584 948 656 scnhens,
966 592 995 641 et
1047 585 1086 638 De
1099 581 1230 635 eduntote
1243 583 1334 634 eutem
1348 576 1534 645 trater-nitatis
1545 590 1597 630 non
1609 589 1710 630 necesse
1720 575 1852 633 babemus

190 686 283 760 primo
296 693 327 742 ut
338 683 517 758 peiitissimus
531 679 645 754 quidam
659 677 850 753 perfectusque
859 677 994 746 medicus,
1047 673 1162 731 scribae
1175 672 1270 730 vobis?
1282 674 1318 728 Et
1331 668 1398 742 quid
1411 683 1521 725 necesse
1535 674 1616 724 estut
1633 666 1709 724 dicas
1723 667 1764 726 eis
1778 687 1786 723 ι
1800 672 1851 728 ite

192 778 205 810 ⁸
228 774 416 832 infirmitatem
439 778 633 844 susceptorum
658 767 758 826 hianda
781 767 893 841 lenique
919 764 995 826 serbi
1049 781 1144 838 gamus
1158 769 1248 820 autern
1262 779 1307 819 iios
1320 767 1350 818 ut
1369 761 1511 818 abundetis
1525 762 1623 830 manis,
1639 759 1687 831 qui
1701 774 1785 832 super
1798 759 1853 818 hac

191 866 330 924 curatione
339 864 507 934 fomentans,
515 877 547 921 ac
556 862 589 920 de
598 860 733 919 charitate
741 859 888 933 incipiens,
895 874 996 934 eosque
1048 874 1079 918 rs
1093 875 1128 915 ne
1143 855 1226 915 scribi
1240 855 1352 931 quidem
1363 855 1412 913 sibi
1430 853 1530 927 aliquid
1543 852 1687 926 indigent?
1699 869 1765 911 cuin
1777 869 1853 929 prte-

192 960 223 1016 in
236 973 267 1016 ea
280 965 357 1030 parte
372 955 542 1026 collaudans,
557 970 701 1030 quousque
721 953 821 1012 lethale
840 954 939 1011 vulnus
955 952 996 1010 le·
1049 953 1145 1011 sertim
1166 960 1194 1010 et
1213 949 1314 1009 inieras
1338 966 1449 1008 causam
1472 948 1509 1006 ob
1529 962 1613 1021 qnam
1636 947 1689 1006 hoc
1710 947 1770 1022 ipso
1791 964 1855 1008 non

193 1052 273 1110 uiore
286 1050 410 1110 remedio
428 1051 582 1118 delinitum,
600 1049 723 1122 deposita
735 1046 853 1106 tumoris
872 1047 997 1120 indigna·
1051 1054 1157 1120 egeant,
1178 1045 1272 1104 diceus
1289 1064 1295 1100 :
1313 1047 1370 1117 ipsi
1383 1047 1454 1100 enim
1468 1059 1512 1100 eos
1527 1060 1544 1099 a
1561 1048 1614 1101 Deo
1634 1044 1707 1101 docti
1725 1046 1802 1110 estis,
1818 1050 1852 1104 ut

192 1146 278 1218 tione,
299 1145 408 1205 facilius
432 1145 614 1202 medicamina
635 1143 784 1201 austeriora
801 1142 940 1212 sustineat,
959 1140 997 1198 ita
1051 1141 1175 1212 diligatis
1194 1142 1306 1196 invicem
1328 1159 1336 1195 ε
1357 1139 1471 1197 tertium
1489 1152 1598 1211 quoquo
1620 1136 1710 1211 majus
1724 1137 1855 1226 adjicias,

194 1241 234 1299 ait
247 1259 255 1296 ε
269 1245 308 1298 De
321 1242 454 1297 eduntote
471 1244 562 1297 cunm
575 1241 761 1309 fraternitatis
772 1255 826 1294 nori
837 1252 939 1294 incesse
953 1238 999 1292 bo
1052 1235 1127 1311 quod
1136 1252 1192 1293 noii
1201 1235 1318 1292 soluma
1328 1237 1386 1292 Deo
1396 1233 1485 1292 edocti
1499 1232 1563 1302 sint,
1573 1248 1670 1291 iesum
1681 1233 1766 1290 etiam
1777 1248 1857 1294 com·

196 1334 286 1391 derum
301 1335 414 1390 seribere
427 1334 511 1390 eoba.
527 1336 585 1406 ipsi
597 1336 667 1390 enim
681 1336 762 1390 alico
780 1333 864 1390 edocti
877 1333 950 1396 estis,
966 1336 1000 1386 ut
1051 1327 1143 1402 pleaut
1155 1343 1236 1402 opere
1248 1342 1310 1402 quae
1323 1325 1475 1385 docentur?
1489 1328 1594 1383 Etenim
1604 1327 1698 1395 facitis
1711 1326 1794 1391 iliud,
1807 1325 1857 1385 in-

195 1427 448 1498 diligutisinuicem.
462 1429 568 1485 Etenim
578 1428 671 1495 tacitis
682 1427 789 1482 iiludin
799 1426 999 1492 monstratore
1053 1421 1124 1496 quit,
1138 1437 1196 1479 iion
1216 1420 1244 1478 in
1261 1436 1317 1478 uno
1335 1428 1442 1477 tantum
1461 1419 1502 1475 iel
1517 1419 1636 1490 duobus,
1651 1417 1700 1476 sed
1718 1421 1750 1476 in
1764 1436 1856 1480 mauce

195 1521 226 1576 in
239 1522 365 1577 uniuersa
376 1521 533 1578 Macedonia
548 1522 572 1589 (1
584 1522 673 1576 Thess.
688 1524 742 1587 iv).
757 1519 897 1576 Praemisit
909 1517 999 1574 laudis
1052 1517 1166 1585 tratres,
1179 1531 1230 1571 nec
1244 1513 1271 1571 iii
1285 1521 1391 1571 vestros
1408 1510 1600 1569 tautummodo
1615 1513 1689 1569 ciiies
1705 1512 1749 1595 vel
1761 1520 1858 1586 notos,

195 1612 321 1672 fomenta
336 1614 419 1684 lenia,
433 1613 497 1670 fecit
512 1628 608 1670 coium
624 1629 703 1670 aures
714 1611 749 1670 ad
764 1627 859 1669 curam
873 1610 1000 1668 salutans
1054 1609 1103 1666 scil
1117 1612 1146 1664 in
1160 1611 1285 1664 uniuersa
1298 1607 1477 1665 Macedonia?
1490 1607 1538 1663 llio
1549 1607 1629 1679 igitur
1645 1606 1769 1677 tandem,
1782 1606 1850 1680 quid

197 1705 273 1764 atrbi
288 1704 409 1778 placidas
427 1714 454 1762 et
468 1714 583 1778 paratas.
604 1707 728 1761 Rursum
746 1702 827 1761 insert
843 1722 850 1759 z
864 1706 1001 1773 coeamus
1016 1714 1041 1777 Β
1055 1711 1097 1761 est
1116 1702 1190 1776 quod
1207 1711 1350 1775 tantopere
1369 1702 1421 1760 hoc
1436 1701 1599 1776 praemittis?
1616 1703 1721 1758 lterum
1740 1699 1826 1760 iniert
1847 1722 1854 1759 :

198 1804 289 1856 autem
301 1815 357 1866 vos,
375 1800 490 1869 tratres,
509 1804 542 1854 ut
563 1799 705 1855 abundetis
719 1800 815 1868 maes.
839 1793 939 1854 Adhuc
954 1811 1001 1854 eos
1054 1798 1187 1867 Rogamus
1201 1801 1290 1853 auten
1303 1811 1358 1861 eos,
1372 1795 1485 1864 tratres,
1501 1801 1532 1852 ut
1549 1786 1690 1853 abundetis
1702 1796 1801 1866 magis.
1821 1797 1857 1852 Et

199 1892 299 1953 blanda
310 1892 458 1951 uerborum
469 1892 579 1951 lenitate
591 1891 741 1963 demulcet,
756 1905 791 1948 ne
805 1889 874 1948 torte
884 1888 1002 1948 neeilum
1055 1891 1102 1949 iiii
1114 1889 1261 1964 aliquando
1274 1889 1303 1948 in
1316 1889 1343 1948 id
1354 1888 1428 1963 quod
1441 1889 1508 1947 olim
1521 1889 1695 1961 moliebatur,
1707 1888 1832 1964 erumpit
1847 1910 1854 1948 :

751 2083 878 2140 thRDl
897 2083 1010 2142 GttAEt
1029 2081 1309 2140 COMMENTARIUS.

202 2253 339 2326 optimum
353 2259 381 2308 et
393 2266 523 2327 perquam
541 2251 727 2309 necessarium
745 2251 908 2322 remedium,
925 2252 999 2326 quod
1056 2268 1191 2309 manuum
1211 2250 1302 2308 omnis
1313 2251 1435 2324 operatio
1453 2249 1614 2325 intelligitur
1631 2250 1667 2309 de
1681 2267 1737 2324 quo
1751 2251 1860 2328 aliquis

202 2339 236 2381 eii
253 2322 442 2398 apostolorum
463 2322 587 2381 docmina
601 2330 628 2379 et
648 2322 773 2394 exemplo
790 2332 944 2395 acceptum,
962 2323 999 2406 ab
1053 2322 1124 2380 licite
1145 2323 1246 2379 iictum
1265 2331 1354 2395 potest
1369 2322 1477 2379 lucrari.
1497 2321 1653 2380 Secundum
1671 2331 1766 2382 autem
1779 2323 1860 2453 ιιΙιιοι

203 2396 320 2468 antiquis
343 2392 443 2451 deinde
463 2395 590 2451 Patribus
612 2402 640 2450 et
664 2393 825 2464 monachis,
847 2404 1000 2466 praesertim
1054 2393 1262 2467 opus'manuale
1276 2392 1465 2450 ordiunturad
1485 2393 1573 2450 otium
1586 2393 1745 2462 tollendum,
1764 2412 1797 2453 ve
1820 2393 1859 2454 ad

202 2468 346 2541 AEgyptiis,
359 2473 490 2539 perpetuo
505 2482 556 2521 usu
570 2475 597 2522 et
609 2464 798 2522 observatione
811 2473 958 2535 retentum,
973 2473 1001 2523 et
1053 2464 1142 2521 camis
1158 2465 1380 2530 macerationem,
1395 2480 1451 2520 uon
1465 2464 1536 2521 cedit
1546 2464 1597 2522 suh
1608 2465 1769 2522 necessitate
1784 2482 1859 2540 prae·

202 2545 365 2609 usurpatum
376 2537 836 2603 commemorattlioncoen.dePoii
856 2537 951 2592 erlih.
963 2551 1000 2606 ii,
1054 2534 1125 2607 cepti
1145 2534 1298 2592 secundum
1317 2551 1346 2592 se
1364 2535 1575 2603 consideratum,
1594 2537 1657 2607 quia
1676 2536 1773 2594 multis
1792 2537 1863 2598 aliis

203 2624 226 2667 o.
243 2615 276 2679 ις
291 2615 348 2676 ht,
361 2625 389 2678 q.
406 2614 468 2675 187,
481 2625 508 2663 a.
528 2612 564 2675 t).
581 2611 621 2663 Ac
636 2607 758 2679 primum
768 2623 822 2680 quo
852 2605 887 2663 ad
895 2607 1001 2665 dochi·
1054 2606 1147 2663 modis
1165 2614 1257 2680 potest
1278 2606 1318 2663 iel
1339 2622 1404 2663 caro
1424 2607 1569 2675 macerari,
1593 2606 1633 2662 tel
1657 2606 1741 2664 etiem
1765 2608 1856 2669 otium

202 2695 268 2737 nam
283 2680 391 2744 attinet,
410 2685 544 2760 praeoepta
559 2678 684 2751 Apostoli
696 2693 730 2735 eii
749 2687 865 2750 unaque
879 2679 1000 2751 Epistola
1056 2677 1127 2746 tolli,
1141 2692 1223 2760 quam
1239 2693 1370 2761 peropus
1385 2678 1521 2734 manuale.
1538 2679 1691 2734 Maceratur
1702 2679 1777 2736 enim
1788 2695 1855 2739 aero

121 2753 135 2817 j
203 2750 239 2808 ad
259 2749 512 2808 Thessalonicenses
532 2749 688 2822 desumpta,
707 2757 768 2807 tum
786 2749 814 2806 in
831 2749 883 2806 hoe
901 2750 998 2823 capite,
1056 2763 1106 2820 pei
1118 2748 1219 2821 jejunia
1236 2756 1265 2804 et
1277 2749 1391 2822 vigilias,
1414 2757 1441 2805 et
1452 2749 1540 2806 otium
1555 2747 1660 2805 tollitur
1679 2764 1727 2822 por
1740 2749 1861 2809 medita·

204 2830 265 2950 tissm
281 2821 343 2878 aliis
357 2820 533 2946 {equentibus
546 2819 687 2949 diligenter
706 2819 844 2904 expendit,
860 2828 888 2878 et
901 2836 1000 2877 mone·
1055 2818 1147 2875 hones
1165 2827 1321 2876 sanctarum
1341 2821 1545 2891 Scripturarum
1565 2829 1592 2876 ot
1614 2818 1709 2878 leudes
1729 2820 1854 2881 divinas·

205 2893 265 2952 cis
308 2908 357 2949 eeu
370 2892 419 2947 ieri
443 2890 592 2948 rationes

205 2908 333 3021 omnissus
346 2961 508 3020 Christianis
522 2960 557 3018 ab
570 2962 702 3034 Apostolo
722 2960 820 3018 tradita
832 2961 897 3027 sint,
914 2970 941 3018 et
954 2975 1001 3019 sm
1057 2975 1140 3033 opera
1159 2961 1306 3031 manualia,
1328 2963 1399 3019 sicut
1417 2978 1467 3025 neo
1481 2963 1640 3032 secularem
1661 2963 1714 3020 nisi
1734 2962 1808 3022 forte
1820 2962 1859 3024 ed

205 3033 343 3091 cularibus
356 3032 467 3105 perinde
486 3049 519 3089 ac
533 3032 668 3105 religiosis
681 3033 855 3089 conveniant.
868 3032 915 3091 Ad
927 3032 1041 3128 cujusc
1058 3028 1112 3088 hoc
1128 3047 1176 3103 per
1191 3039 1292 3114 statuta
1311 3034 1352 3090 sui
1366 3032 1470 3091 ordinis
1481 3033 1647 3115 obligentur,
1665 3034 1736 3091 sicut
1753 3034 1859 3094 Hiero·

207 3104 424 3176 explicationem,
444 3112 542 3174 praeter
559 3118 665 3175 eaquae
681 3103 746 3160 alius
766 3103 800 3161 de
819 3103 870 3161 hac
884 3119 913 3160 re
931 3103 1005 3161 dicta
1058 3118 1158 3174 nymus
1177 3101 1242 3159 dicit
1262 3105 1299 3161 iii-
1310 3105 1424 3176 epistola
1442 3104 1477 3162 ad
1496 3108 1643 3161 Rusticum
1663 3104 1856 3164 monachum:

207 3183 283 3242 sunt,
296 3171 448 3231 notandum
467 3190 500 3229 eii
513 3176 547 3230 D.
561 3176 678 3245 Ttioma,
693 3173 769 3246 quod
783 3174 1006 3232 labormanualis
1058 3175 1092 3229 AE
1128 3175 1249 3245 ptiorum
1275 3175 1440 3233 monasteria
1465 3175 1539 3232 hunc
1564 3183 1659 3233 tenent
1678 3191 1795 3246 morem,
1826 3184 1861 3235 nt

207 3255 329 3319 quatuor
348 3261 381 3302 eii
402 3243 491 3301 causis
512 3244 670 3317 suscipitur,
692 3254 721 3302 et
743 3244 776 3303 ad
799 3254 918 3319 quatuor
937 3246 1007 3328 tices
1058 3189 1165 3302 nemim
1179 3247 1282 3328 alisque
1295 3262 1378 3319 opere
1391 3255 1438 3304 aut
1452 3247 1543 3304 labore
1556 3247 1714 3318 suscipient,
1728 3263 1787 3330 non
1798 3256 1860 3306 tam

208 3316 380 3374 ordinatur:
408 3316 510 3385 Primo,
532 3315 628 3388 iuquit,
647 3326 675 3374 et
715 3316 879 3389 rincipaliter
901 3316 938 3374 ed
962 3333 1006 3374 vi-
1079 3324 1171 3389 ropter
1181 3326 1269 3375 victus
1278 3319 1469 3375 necessitatem
1481 3334 1564 3389 quam
1578 3325 1688 3402 propter
1698 3333 1798 3376 animae
1810 3334 1861 3376 sa·

207 3396 284 3446 ctum
298 3386 490 3460 quarendum,
509 3388 581 3445 uude
597 3333 808 3459 primodiomiui
823 3388 926 3446 dictum
941 3395 1004 3445 est:
1058 3331 1161 3455 Putem,
1187 3405 1221 3446 ne
1246 3399 1378 3461 vagentur
1399 3389 1558 3462 perniciosis
1579 3389 1802 3471 cogitatiouihiu.
1826 3392 1859 3447 ln

209 3463 239 3516 ln
248 3461 345 3516 sudore
356 3461 447 3515 outtus
458 3461 501 3515 tui
511 3462 621 3516 vesceris
631 3476 704 3530 pane
717 3465 773 3521 tuo.
785 3458 910 3516 Secundo
922 3458 956 3515 ad
969 3458 1007 3515 iii·
1061 3468 1193 3530 quantum
1208 3475 1271 3516 vero
1293 3476 1363 3532 opus
1382 3461 1508 3517 manuale
1528 3459 1671 3516 ordinatur
1689 3459 1724 3518 ad
1743 3460 1861 3518 eleemo-

209 3529 326 3586 taudum
346 3531 445 3597 otium,
465 3546 498 3586 eii
512 3547 567 3602 quo
585 3533 671 3587 multu
688 3532 761 3587 mala
778 3531 917 3597 orientum
934 3528 1007 3587 unde
1060 3544 1143 3602 synas
1156 3529 1303 3599 iaciendas,
1317 3547 1374 3588 non
1392 3531 1464 3588 cadit
1475 3531 1528 3588 suh
1541 3530 1700 3588 necessitate
1716 3533 1859 3604 praecepti,

209 3599 309 3657 dicitur
319 3600 474 3656 Ecclesiast.
485 3616 589 3657 iiiiiiiii
601 3617 608 3654 ε
620 3604 699 3658 Mitte
707 3618 811 3658 seruum
822 3605 900 3657 tuum
909 3603 940 3656 in
1060 3600 1112 3656 nisi
1126 3599 1198 3657 forte
1218 3617 1251 3658 eo
1266 3618 1342 3671 casu,
1359 3603 1387 3658 iii
1401 3618 1455 3675 quo
1473 3603 1533 3675 quis
1547 3602 1752 3676 eleemosynam
1768 3600 1863 3662 fecere

209 3673 350 3735 rationem,
360 3672 474 3725 mattam
484 3674 555 3727 enim
565 3672 702 3727 malitiam
710 3673 800 3728 demit
808 3674 938 3727 otiositas.
970 3687 1009 3729 er·
1061 3677 1209 3740 teneretur,
1232 3681 1259 3729 et
1275 3689 1331 3730 non
1345 3682 1437 3745 posset
1457 3673 1645 3740 sinehabere,
1666 3673 1738 3731 unde
1752 3690 1864 3758 paupe·

210 3741 248 3797 tio
276 3740 310 3798 ad
329 3741 556 3813 concupiscentiae
577 3741 799 3809 refrenationem,
823 3743 852 3799 iii
893 3750 1008 3799 uantum
1061 3741 1139 3798 ribus
1153 3743 1319 3800 subveniret.
1342 3746 1373 3799 lii
1388 3759 1444 3816 quo
1463 3761 1529 3802 casii
1539 3745 1725 3818 obligarentur
1736 3746 1864 3805 similiter

210 3828 260 3885 por
271 3813 323 3869 hoc
332 3821 603 3886 maceraturcorpus.
614 3813 696 3871 Uude
706 3829 730 3870 ii
741 3815 776 3871 ad
789 3758 913 3870 Corinai.
925 3828 955 3870 vi
970 3812 1009 3871 di·
1062 3813 1179 3885 religiosi
1191 3823 1219 3871 et
1230 3816 1375 3872 saeculares
1386 3816 1420 3897 ad
1429 3832 1513 3889 opera
1526 3816 1663 3873 manualia
1677 3817 1861 3900 exsequenda.

212 3884 283 3941 citur
301 3887 353 3942 :lii
368 3885 514 3949 laboribus,
532 3889 561 3940 in
571 3886 696 3956 jejuniis,
715 3888 745 3941 in
756 3886 867 3955 eipitiis,
883 3888 912 3940 in
924 3887 1009 3941 casti·
1063 3886 1202 3941 Hactenus
1212 3886 1518 3960 Doctorilngelicus,ea
1528 3888 1660 3944 doctrinae
1671 3888 1865 3959 perspicuitate

211 3960 277 4011 tute.
298 3957 405 4028 Quarto
426 3955 569 4013 ordiuatur
589 3957 624 4014 ad
647 3956 832 4029 eleemosynas
857 3954 1007 4012 iaciendas.
1063 3963 1091 4012 et
1109 3955 1256 4025 soliditate,
1281 3966 1313 4014 ut
1335 3958 1403 4014 uiliil
1424 3959 1524 4015 clarius
1546 3967 1572 4015 et
1592 3959 1769 4030 enucleatius,
1792 3958 1863 4018 nihil

211 4026 294 4084 Unde
307 4027 409 4084 dicitur
422 4026 456 4083 ad
471 4027 570 4099 Ephes.
585 4044 617 4085 iv
631 4046 638 4084 i
654 4028 1011 4098 petracoricensium
1063 4027 1147 4083 etiam
1166 4029 1319 4086 accuratius
1332 4039 1359 4085 et
1373 4028 1540 4101 adpraesens
1559 4031 1713 4086 institutum
1726 4028 1761 4086 de
1776 4045 1864 4104 opere

211 4100 331 4168 furetur,
347 4100 434 4169 meeis
447 4105 537 4155 autem
550 4100 680 4155 laborato
728 4100 799 4155 ande
809 4100 932 4155 manibus
942 4101 1009 4163 suis,
1064 4100 1183 4155 manuali
1198 4099 1431 4158 accommodatius
1444 4100 1497 4158 diei
1513 4102 1608 4173 possit.

214 4171 287 4240 qnod
306 4171 402 4226 teiam
414 4175 463 4235 est,
477 4172 617 4227 atiabeut
630 4188 668 4227 un
713 4173 1011 4227 tribuatueoessitatem
1099 4172 1191 4226 alloii
1210 4171 1443 4241 pretermittenda
1462 4172 1571 4229 videtur
1584 4173 1706 4230 Ciaconii
1719 4172 1866 4232 annotatio

211 4244 339 4311 patienti.
353 4243 495 4311 Quatenus
505 4258 570 4315 ergo
587 4242 665 4300 labor
676 4243 809 4301 manualis
821 4241 963 4300 ordinatur
977 4238 1011 4298 ed
1064 4238 1099 4297 de
1111 4239 1161 4296 hac
1173 4256 1239 4297 voce
1252 4245 1375 4313 suscepti.
1391 4243 1541 4314 Susceptus,
1555 4244 1652 4316 inquit,
1665 4251 1741 4302 uocct
1753 4246 1866 4303 dumib-

215 4310 318 4365 victum
332 4311 521 4381 quaerendum,
537 4313 612 4370 cadit
625 4314 677 4371 sub
693 4314 854 4371 necessitate
872 4311 1011 4384 praecepti,
1064 4326 1116 4366 nus
1130 4317 1251 4380 aeratos,
1270 4329 1336 4383 quos
1353 4315 1470 4370 medicus
1489 4317 1621 4372 curandus
1634 4320 1759 4388 suscepit.
1779 4317 1826 4373 Sic
1839 4319 1865 4374 is

215 4388 298 4452 prout
319 4382 486 4437 necessarius
507 4392 549 4438 est
567 4383 602 4438 ad
628 4399 694 4440 enm
715 4384 810 4439 linem.
828 4387 864 4440 Et
882 4383 944 4441 ideo
964 4382 1010 4456 qui
1065 4382 1869 4459 quiAmbrosiinominecircumferturiiicup.stipendiati

215 4465 272 4505 nou
290 4448 372 4506 hehet
386 4450 495 4507 aliunde
514 4451 587 4507 unde
604 4452 695 4509 vivere
713 4455 811 4535 possit,
829 4461 937 4510 tenetur
948 4468 1011 4509 ma·
1025 4457 1050 4520 [i
1065 4453 1710 4529 Corinth:Quis,inquit,medicorumnoncrpuit

215 4519 297 4575 nibus
311 4522 428 4590 operari,
445 4521 641 4603 cuiuscumque
660 4521 825 4579 conditionis
842 4524 887 4579 sit.
905 4527 941 4579 Et
958 4522 1011 4580 hoc
1064 4537 1143 4578 suum
1152 4526 1330 4594 negligentias
1337 4533 1538 4593 sciscitantem,
1548 4546 1651 4586 nesure
1660 4530 1867 4586 nudiunasiin

216 4588 370 4662 significant
384 4591 464 4647 verba
476 4593 600 4663 Apostoli
613 4590 726 4648 dicentis
740 4611 747 4646 :
762 4595 815 4661 Qui
827 4610 879 4649 non
888 4595 946 4649 uult
955 4610 1011 4665 ope·
1063 4596 1121 4650 sine
1129 4596 1222 4661 [ructu
1233 4603 1388 4655 remanent?
1397 4601 1425 4656 S.
1443 4601 1600 4656 Ambrosius
1612 4617 1691 4657 serm.
1704 4605 1738 4655 ιι
1752 4621 1758 4657 :
1771 4602 1805 4658 Si
1815 4614 1866 4656 ms·

215 4663 285 4725 rari,
300 4663 512 4730 necmondaeete
527 4663 603 4735 quasi
617 4663 718 4721 diceret
732 4683 738 4720 :
752 4679 783 4720 ca
796 4665 1010 4722 necessitatete·
1066 4665 1155 4720 dicum
1177 4669 1331 4725 animarum
1354 4677 1509 4727 nostrarum
1530 4673 1647 4741 fideliter
1669 4674 1867 4738 armeniensi

215 4740 297 4791 uetur
313 4733 373 4806 quis
386 4732 450 4791 ado
471 4735 604 4792 erendum
622 4735 763 4805 manibus,
783 4751 836 4809 qua
850 4744 959 4794 tenetur
977 4735 1013 4793 ad
1063 4742 1200 4808 precepta
1213 4741 1280 4810 ejas,
1296 4746 1435 4811 tamquam
1448 4746 1564 4813 suseepti
1578 4745 1676 4808 moun,
1691 4745 1803 4799 minime
1818 4741 1868 4799 di-

216 4803 438 4863 manducandum
449 4751 560 4879 disempe
571 4816 600 4864 ut
610 4807 695 4864 vitam
703 4813 858 4875 sustentet).
869 4810 905 4864 Et
916 4806 1013 4865 eadem
1066 4825 1233 4879 spanumus.
1254 4816 1291 4869 Et
1313 4814 1495 4869 tertullianus
1509 4815 1637 4870 adiiersus
1658 4815 1870 4872 Valentinianus

216 4878 288 4935 ratio
302 4885 343 4935 est
359 4877 392 4934 de
406 4878 461 4936 illis
475 4878 522 4951 qui
537 4894 593 4935 non
605 4877 708 4935 hahent
720 4878 788 4936 alias
801 4878 874 4937 unde
886 4879 958 4935 licite
972 4879 1013 4936 ii·
1067 4881 1144 4951 (Gap.
1168 4884 1212 4950 te)
1235 4900 1241 4938 :
1256 4886 1308 4939 Hic
1328 4886 1433 4955 opinor,
1448 4886 1496 4940 iile
1512 4891 1660 4956 susceptam
1674 4888 1826 4956 confimiat,
1841 4887 1869 4942 et

217 4964 281 5005 vere
297 4949 410 5020 possint.
430 4952 492 5006 Non
506 4949 578 5006 eniui
596 4949 754 5023 intelligitur
767 4949 864 5025 aliquis
877 4966 958 5025 posse
972 4948 1011 5007 la·
1066 4952 1868 5077 omnibusi'np'uriispussioniseepuinnotdiieebantureti'ttm

217 5033 280 5076 cere
291 5019 364 5089 quod
374 5035 428 5076 uon
439 5020 510 5078 licite
521 5020 609 5079 tacere
619 5030 719 5094 potest.
731 5021 813 5081 Unde
828 5022 1014 5095 etApostolus
1066 5026 1183 5093 suseepti
1204 5028 1310 5082 cientes
1332 5042 1397 5096 quos
1417 5031 1531 5097 patroni
1548 5029 1660 5084 tuendos
1683 5031 1866 5099 siisoeperant.

217 5105 275 5146 non
288 5088 424 5146 invenitur
441 5106 510 5163 opus
523 5107 654 5150 manuum
667 5094 836 5221 precepisse,
851 5094 903 5152 iiisi
916 5093 951 5151 ad
964 5109 1012 5150 ex·
1065 5095 1173 5152 Seruius
1183 5097 1308 5153 AEnndos
1318 5113 1360 5165 vi,
1367 5098 1404 5152 ad
1410 5096 1491 5154 iilud.
1503 5099 1559 5155 Aut
1568 5101 1648 5166 fraus
1657 5098 1873 5162 innescclienti',

218 5159 384 5217 cludendum
405 5170 547 5232 peceatum
566 5178 662 5219 eorum
681 5181 727 5237 qui
746 5166 837 5223 ilicitu
851 5167 952 5223 victum
969 5179 1013 5221 ee·
1070 5166 1146 5229 Vult,
1154 5168 1253 5237 inquit,
1264 5167 1377 5238 iiitetiipi
1382 5172 1615 5239 pronunciatores,
1625 5174 1676 5241 qui
1681 5172 1797 5241 patroni
1803 5172 1875 5226 sunt

218 5230 372 5303 quirehant.
388 5233 454 5288 Haec
465 5234 494 5288 S.
509 5233 630 5291 Thomas
646 5237 736 5306 paucis
751 5236 920 5293 intermediis
931 5237 1013 5293 omis-
1066 5238 1214 5301 clientium,
1232 5256 1298 5308 quos
1313 5257 1383 5296 nuno
1398 5247 1531 5311 susceptos
1546 5258 1681 5297 coeamus.
1698 5243 1870 5312 Augustinus

219 5302 267 5358 sis.
284 5304 324 5357 Ae
339 5301 435 5360 deinde
455 5311 517 5376 post
533 5320 618 5376 pauca
632 5304 724 5363 subdit
739 5328 745 5363 :
762 5306 906 5364 Sciendum
919 5315 1013 5364 tamen
1066 5311 1145 5380 epist.
1163 5315 1199 5366 59
1221 5310 1327 5381 (Gottat.
1343 5317 1360 5367 t
1378 5328 1438 5383 cap.
1456 5315 1499 5378 lo)
1516 5333 1522 5369 :
1545 5316 1617 5369 Turia
1630 5317 1702 5370 enim
1716 5314 1867 5377 amistites,

219 5371 293 5445 quod
305 5373 445 5446 subopere
457 5375 575 5431 manueli
588 5377 774 5460 intelliguntur
783 5378 876 5433 omnia
893 5377 1013 5436 humana
1065 5381 1138 5436 uelut
1150 5382 1285 5447 amancii,
1300 5389 1432 5454 susceptos
1452 5399 1522 5448 suos,
1536 5401 1587 5455 per
1600 5401 1698 5442 manus
1712 5385 1870 5454 impositis·

220 5441 312 5501 atteia
326 5460 357 5501 ei
378 5445 476 5518 quihus
494 5446 619 5505 homines
642 5447 717 5505 licite
737 5448 841 5504 victum
860 5449 1012 5520 lucrantur,
1065 5467 1126 5506 neu
1143 5454 1397 5510 misericordissimae
1411 5456 1536 5523 offerunt
1550 5459 1689 5527 potestati.
1708 5457 1744 5512 Et
1758 5455 1807 5510 ille
1820 5456 1873 5528 psi

220 5514 276 5571 sive
289 5514 429 5586 manibus,
441 5518 496 5574 sire
512 5518 636 5591 pedibus,
649 5519 706 5577 sive
719 5519 754 5576 lin
774 5535 807 5575 ua
819 5519 895 5578 fiant.
912 5520 944 5577 Vi
965 5519 1013 5578 iles
1065 5523 1139 5577 inter
1152 5525 1302 5593 Augustini
1314 5542 1395 5597 opero
1408 5527 1458 5582 sub
1475 5527 1533 5596 ejus
1552 5531 1660 5583 nomine
1675 5527 1821 5591 delitescit,
1840 5526 1871 5582 iii

220 5586 304 5670 enim,
322 5595 350 5644 et
365 5604 499 5672 cursores,
514 5597 543 5647 et
561 5590 607 5647 elii
623 5535 781 5673 hujusmodi
795 5589 829 5648 de
849 5607 899 5649 suo
920 5535 1013 5674 lagois
1067 5595 1212 5662 Qeiastion.
1235 5599 1298 5652 noui
1318 5603 1344 5652 et
1364 5602 1460 5654 ueteris
1481 5601 1651 5664 Testamenti,
1666 5606 1764 5671 quast.
1790 5600 1872 5654 10²:

220 5666 351 5726 viventes,
367 5660 558 5735 intelliguntur
574 5661 607 5720 de
626 5662 752 5733 oporibus
765 5677 897 5719 manuum
911 5677 1010 5720 visere.
1065 5666 1205 5737 Numquid
1213 5670 1394 5725 simulantia
1405 5673 1442 5727 sit
1450 5670 1605 5735 adeooutm,
1615 5672 1871 5742 animemceptiiiii

220 5728 291 5803 Quia
301 5732 376 5789 euim
390 5747 488 5792 maniis
499 5741 539 5792 est
551 5749 682 5808 organum
693 5748 871 5806 organorum,
884 5749 933 5808 per
944 5748 1014 5807 opus
1066 5751 1146 5796 suum
1153 5740 1395 5811 pronuntiabitur?
1404 5742 1564 5800 innodes
1573 5744 1806 5801 transemirus
1819 5742 1874 5800 :la

612 2900 703 2964 aptat3
729 2892 794 2948 licet
817 2891 1001 2949 communiter
1055 2897 1083 2946 et
1097 2891 1158 2947 idco
1172 2898 1283 2962 propter
1296 2891 1345 2947 lias
1359 2907 1456 2948 causas
1471 2891 1590 2964 religiosi
1605 2906 1661 2948 non
1678 2899 1809 2950 tenemur
1819 2866 1859 2953 ad
