3824 6164
118 223 170 279 98¹1
659 213 802 273 iuturus
819 216 974 277 cassiam
991 216 1236 275 cantationis.
1725 222 1782 279 988

112 334 234 403 'tristitia
242 348 317 407 suut,
326 349 351 399 at
358 345 450 399 uinum
457 342 545 397 bibare
555 342 597 396 luis
604 343 692 411 quiin
699 342 838 399 doloribus
845 346 920 412 suut,
935 346 962 411 Α
977 357 1070 400 rerum
1087 349 1196 399 constat
1224 355 1284 399 esso
1305 339 1469 399 doctrinam.
1492 340 1564 397 Nam
1585 348 1633 396 aut
1659 341 1704 399 ille
1731 346 1782 417 qui

119 443 150 494 ut
163 438 355 494 obliviscantur
365 436 550 507 paupertatis,
568 439 594 490 et
607 433 731 489 dolorum
743 448 853 491 suorum
867 451 922 491 nau
975 435 1056 493 dooet
1075 436 1213 509 inexperta
1232 432 1440 497 commendans,
1452 448 1521 490 vano
1543 432 1696 491 verborum
1711 451 1783 496 sono

120 532 291 587 meminerint
299 530 415 600 amptius
429 530 517 595 (Prou.
528 528 628 597 xxxi),
642 524 671 583 id
681 534 733 595 est,
747 526 791 585 his
810 528 857 600 qui
872 544 921 601 pro
975 526 1109 586 instruero
1130 528 1226 585 nititur
1246 528 1422 595 auditorem3
1438 535 1487 583 aut
1506 534 1579 584 certo
1602 542 1723 601 nequam
1750 546 1782 588 ao

120 622 289 697 paenitudine
312 630 424 679 actuum
441 622 619 694 pristinorum
639 636 761 678 moerore
773 630 856 694 atque
871 623 922 679 tri·
977 621 1049 679 vitiis
1067 622 1184 679 refertus
1200 621 1309 679 auditor
1329 620 1475 678 salutarem
1495 619 1627 693 spiritalis
1645 621 1699 678 uiri
1721 639 1783 683 san·

121 719 195 775 stitia
208 716 410 789 deprimuntur,
431 714 558 789 spiritalis
571 716 692 774 solentiae
703 716 922 789 jucunditatem,
976 723 1105 788 eumque
1126 715 1282 773 dmtrinsm
1304 714 1433 772 obturato
1446 712 1529 771 eorde
1543 729 1599 771 non
1617 715 1782 788 recipitne

121 808 195 866 uelut
206 812 300 865 uinum
319 808 392 881 quod
411 811 531 881 latificat
544 825 588 865 aar
604 812 720 865 boniatis
736 812 823 878 (Psal.
842 814 923 881 cnr),
977 811 1076 885 quibus
1094 810 1195 867 dicitur
1215 825 1264 885 per
1278 809 1452 882 prophetam,
1467 816 1479 845 ⁰
1492 811 1664 865 meatum
1680 816 1720 866 est
1737 827 1781 868 aar

122 902 267 961 affluenter
287 902 438 973 infundite,
456 918 556 976 eosque
575 904 700 961 salutaris
720 903 794 961 verbi
812 906 923 977 crapula
975 906 1072 977 propoli
1083 905 1176 976 buius,
1187 911 1213 962 et
1223 906 1337 963 auribus
1348 907 1470 976 amana
1480 904 1636 969 audieruut,
1651 909 1679 960 at
1692 908 1782 965 oeulos

121 995 255 1063 refovete,
268 1011 302 1053 ae
315 993 508 1069 fortejugitata
519 998 648 1057 moemrls
667 1014 699 1055 ao
718 998 811 1055 lethali
827 998 927 1070 despe-
978 1016 1040 1057 mas
1059 1001 1260 1069 eornlusaruut,
1275 1000 1416 1071 mannua
1432 999 1544 1054 cidamt
1557 999 1726 1066 mutusne,
1757 1008 1783 1058 et

123 1090 230 1147 ratione
241 1090 370 1159 demersi,
388 1092 585 1149 abundantiore
604 1093 797 1149 absorbeantur
811 1095 925 1149 tristitia
980 1096 1159 1153 auribustuis
1173 1096 1298 1160 audiaut,
1309 1094 1781 1165 etjcordciutellsaautatoouaertau·

123 1192 174 1258 qui
184 1188 317 1259 ejusmodi
327 1194 392 1244 earet
402 1188 438 1257 (ll
449 1190 509 1246 Gor.
526 1192 573 1261 rr).
589 1192 632 1245 De
642 1188 695 1245 illis
707 1205 772 1246 vero
782 1191 828 1262 qui
842 1190 871 1246 in
884 1198 928 1248 te·
981 1192 1038 1253 tur,
1055 1192 1081 1244 et
1093 1202 1187 1245 sanem
1200 1189 1259 1244 illos
1271 1186 1356 1260 (leuia
1369 1190 1422 1253 vr).

122 1296 189 1353 pore
200 1296 232 1335 ae
244 1280 407 1353 negligentia
416 1281 569 1353 constituti,
579 1282 655 1339 nullo
669 1282 759 1340 cordis
770 1284 813 1341 sui
827 1283 923 1340 doloro

123 1372 293 1442 mordentur,
306 1374 343 1431 ita
352 1374 471 1432 dieitur:
486 1380 565 1445 Nam,
576 1385 589 1412 ⁸
600 1380 651 1448 qui
664 1380 755 1433 suauis
768 1382 793 1434 et
806 1381 863 1433 sine
876 1379 923 1434 da-
1264 1355 1381 1411 CAPUT
1398 1353 1490 1409 xlx*

121 1467 177 1523 lure
197 1472 246 1532 est,
267 1470 296 1522 iu
309 1472 425 1538 egestate
439 1471 495 1525 erit
515 1472 602 1541 [Prau.
625 1472 701 1543 xxi).
723 1473 831 1543 Quanta
845 1480 923 1543 potes
1299 1514 1305 1527 .
1368 1515 1375 1527 .
1418 1514 1424 1525 .
1465 1514 1471 1525 .
1507 1527 1513 1541 ,
1550 1511 1556 1524 .
1688 1514 1694 1523 .
1743 1514 1749 1525 .

124 1560 205 1635 igitur
222 1563 347 1618 muuone
367 1561 457 1619 devita
476 1571 556 1620 utne
574 1556 653 1621 canae
667 1564 760 1638 gloriae
773 1580 866 1621 amore
879 1563 925 1621 do·
1010 1516 1086 1585 Qum
1096 1512 1599 1654 plmmqwffgfflfflsmm
1609 1512 1745 1578 mmm

128 1662 235 1718 tentus,
256 1654 328 1711 illius
349 1671 432 1729 quem
457 1658 592 1730 propheta
616 1658 766 1727 collaudat,
790 1658 926 1730 partioeps

123 1762 184 1805 esse
200 1763 259 1804 non
284 1750 382 1821 possis,
400 1754 451 1822 aui
464 1755 608 1823 pensaram
626 1767 704 1808 suam
722 1769 776 1809 nore
795 1752 872 1807 dedit
890 1751 963 1814 adB
1014 1737 1254 1817 dNonnumquam
1275 1752 1367 1800 tamen
1388 1738 1586 1815 dispensatoris
1610 1740 1697 1796 nostri
1717 1741 1779 1808 Dei,

130 1856 240 1896 usuram
253 1842 335 1913 (Psoi.
349 1849 418 1909 mv).
433 1844 533 1901 Omnis
546 1846 620 1902 enirn
637 1846 681 1918 qui
692 1846 799 1917 eloquia
818 1845 869 1900 Dei
884 1842 929 1913 (de
982 1846 1128 1915 auianum
1140 1843 1258 1897 leomims
1271 1840 1427 1895 uuttsaluaa
1443 1838 1514 1909 llari,
1528 1836 1604 1895 etad
1620 1837 1780 1905 unanimum

131 1933 229 2007 qulbus
246 1935 347 1992 dieitur
371 1938 452 2009 (Paul.
476 1940 531 2010 xi),
549 1942 667 2010 Eloquia
690 1942 799 1997 Domini
824 1940 929 2009 eloquia
982 1939 1105 1993 ueritatis
1119 1937 1217 1991 venire.
1230 1936 1254 1999 (l
1272 1935 1341 1989 tim.
1353 1928 1543 2005 11),munilloa
1552 1926 1780 1987 liberalitatem

125 2033 212 2091 casta,
232 2034 376 2099 arpentum
394 2033 454 2101 iane
468 2036 668 2101 euaminutum,
680 2033 824 2103 palatum
838 2035 927 2093 terra,
982 2030 1086 2089 ooditur
1096 2027 1159 2085 atis
1173 2027 1219 2100 qui
1231 2025 1373 2099 iudignum
1382 2022 1613 2097 eepraedloationl
1625 2022 1780 2095 evaugelioe

127 2128 275 2193 purgatum
293 2126 455 2197 septuptum)
471 2125 599 2183 humanae
613 2125 701 2182 laudis
712 2140 805 2181 amore
816 2124 926 2195 dispen-
981 2119 1184 2195 reprehensibili
1212 2119 1421 2177 conversatione
1445 2116 1582 2190 praebuit,
1623 2132 1674 2189 pro
1700 2114 1782 2175 saluto

126 2222 179 2284 sat,
199 2217 341 2288 pecuniam
361 2233 439 2273 suam
457 2228 551 2291 erogat
569 2219 604 2275 ad
623 2234 748 2288 usuram,
763 2233 820 2274 non
834 2216 925 2273 sulum
981 2215 1133 2271 multorum
1149 2212 1280 2286 spiritalis
1296 2210 1428 2268 doetrinae
1447 2210 1563 2283 gratiam
1589 2216 1778 2282 oomeauatur.

126 2309 200 2367 nulla
219 2327 269 2384 pro
289 2311 339 2367 hao
361 2310 440 2368 laude
464 2312 593 2384 prumia,
618 2312 666 2369 sed
687 2312 771 2367 etiam
792 2310 925 2383 supplicia
979 2308 1083 2380 Quibus
1095 2314 1188 2363 autem
1209 2305 1300 2363 modis
1316 2304 1397 2362 etiam
1413 2303 1585 2360 charismata
1612 2302 1780 2360 curationum

126 2406 284 2463 meriturus.
298 2406 342 2463 Ob
360 2406 413 2464 lloe
432 2406 505 2463 enirn
527 2406 669 2477 pecuniam
693 2405 805 2461 Domini
828 2404 924 2459 maluit
978 2401 1011 2459 ad
1022 2399 1196 2473 expellendos
1205 2399 1371 2456 dromonesa
1386 2396 1507 2453 Domino
1516 2395 1780 2465 concedantur,cun

127 2500 287 2571 profligare,
302 2506 334 2556 ut
345 2515 378 2555 ex
397 2515 428 2557 ea
444 2500 623 2571 temporalem
639 2505 851 2570 consequeretur
869 2496 925 2568 lpse
978 2507 1094 2566 sequens
1106 2499 1148 2548 est
1160 2499 1190 2549 ut
1203 2490 1285 2549 simili
1304 2489 1490 2563 disputatione
1514 2488 1686 2561 pandamus,
1700 2504 1780 2563 quam

65 2636 72 2649 .
128 2592 293 2671 mercedem,
308 2610 365 2649 non
379 2602 410 2650 ut
427 2594 574 2662 Dominus,
588 2593 805 2665 sieutsoriptum
818 2598 925 2660 est,ca·
980 2592 1174 2658 consurgentes
1196 2584 1232 2641 ad
1248 2582 1426 2641 reiectionem
1447 2583 1476 2639 in
1496 2598 1642 2655 vesperam
1666 2598 1781 2641 emerue-

126 2688 212 2751 uiens,
227 2690 354 2759 reciperet
367 2688 439 2760 quod
452 2694 578 2745 suumest
589 2704 649 2744 aum
662 2688 841 2754 muratduea
853 2688 925 2749 xlx).
981 2695 1054 2748 mus,
1078 2679 1142 2752 quia
1165 2678 1301 2736 citicaeius
1314 2694 1423 2750 semper
1436 2677 1519 2734 eorde
1532 2677 1691 2751 coneipitur
1708 2676 1780 2751 quill·

390 2783 512 2839 CAPUT
529 2784 634 2839 xvlll.
977 2775 1046 2847 quid
1059 2776 1160 2832 sensim
1172 2784 1201 2832 et
1211 2775 1313 2847 absque
1331 2774 1415 2831 nimio
1435 2774 1530 2831 labore
1542 2776 1673 2848 eorporis
1682 2774 1780 2833 uuna

129 2874 231 2941 Quibrse
241 2874 274 2929 da
286 2878 374 2930 oausrs
387 2878 540 2945 spiritualis
553 2876 677 2931 doctrina
690 2876 862 2941 inctructuosa
878 2876 923 2929 sit.
978 2874 1033 2924 tur.

162 2958 301 3022 Duabusb
320 2974 412 3021 autem
426 2982 457 3021 ex
480 2968 570 3023 causis
579 2965 744 3021 inellleaeem
764 2965 925 3033 spiritalium

669 3116 798 3171 aarum
817 3116 932 3173 GAZAEI
950 3114 1229 3172 communiamus.

128 3252 179 3299 mo,
191 3238 264 3302 solis,
276 3251 336 3305 petat
354 3237 582 3299 sternumentum,
596 3239 704 3306 gaudiis
712 3240 858 3295 celestibus
869 3246 925 3295 tota
943 3248 965 3312 C
980 3242 1082 3297 doctori
1095 3241 1204 3295 cabum
1211 3256 1263 3310 pro
1274 3242 1365 3309 pratia
1380 3239 1511 3293 tribuitur
1522 3239 1670 3301 auditoris,
1683 3246 1780 3309 etsape

127 3311 213 3362 marte
227 3308 393 3371 iulurreutcs,
402 3310 489 3377 juata
499 3324 557 3363 eum
570 3312 620 3379 qui
632 3311 706 3364 diait
718 3328 727 3365 :
739 3313 855 3380 ll'cpacit
867 3328 927 3366 con·
977 3312 1230 3382 propterauditaris
1238 3310 1523 3380 culpamsubtrabitut
1532 3324 1620 3364 sermo
1631 3311 1740 3365 dactmi
1749 3312 1780 3364 lu

126 3380 211 3435 solari
222 3381 315 3433 anima
327 3394 400 3447 snca3
418 3396 518 3435 manos
531 3382 577 3447 sui
594 3383 654 3449 Dei,
676 3385 702 3436 et
712 3382 856 3437 delectatus
867 3398 927 3437 sum
981 3386 1022 3438 liis
1034 3398 1097 3451 arao
1110 3398 1171 3453 aua
1188 3382 1303 3436 ubertim
1315 3382 1449 3451 prumam
1463 3381 1564 3445 doctor,
1577 3382 1656 3435 nulla
1671 3382 1781 3435 narbone

128 3451 210 3517 (Psoi.
228 3448 341 3521 anxur).
355 3452 429 3514 ltem,
444 3454 511 3507 Date
522 3454 634 3507 siceram
651 3454 822 3508 maronibus
836 3457 926 3519 (Prae.
980 3469 1007 3509 se
1018 3454 1122 3523 afferat,
1136 3469 1169 3507 uc
1182 3454 1298 3519 sortasse
1312 3468 1362 3506 reon
1373 3466 1423 3522 pro
1435 3468 1495 3514 sua,
1511 3452 1562 3507 sect
1574 3468 1628 3523 pra
1647 3452 1780 3507 auditoris

128 3526 207 3585 xxa),
220 3529 273 3574 ete.
288 3524 338 3575 His
347 3524 397 3590 aui
407 3538 457 3591 pra
484 3524 629 3577 artitudine
637 3529 744 3578 actuum
750 3527 928 3595 pristiuonrm
980 3527 1081 3595 aratia,
1093 3524 1151 3591 aius
1168 3524 1305 3593 repleatur·
1317 3524 1424 3591 lingum
1437 3528 1462 3577 ct
1473 3525 1503 3576 in
1514 3524 1557 3578 itis
1565 3524 1725 3593 auadootor
1733 3527 1781 3579 ste·

128 3593 323 3657 marareatqua
329 3592 442 3645 tristitia
471 3596 929 3663 alrimuntur,spiritualissoientia
981 3597 1069 3650 rilitcr
1079 3595 1154 3657 dieii,
1165 3595 1275 3649 ariditas
1286 3598 1505 3658 nonsucccuseat,
1520 3609 1554 3648 nc
1563 3595 1683 3660 sortasse
1695 3594 1781 3649 docto-

126 3660 523 3730 jscauuditatemnelutciaum,
535 3664 607 3730 quad
616 3664 734 3731 latificat
746 3680 790 3718 cor
802 3666 927 3728 bominis,
980 3668 1020 3720 ris
1030 3667 1135 3733 linqua,
1147 3680 1199 3718 non
1208 3679 1325 3734 prosata,
1336 3664 1383 3719 scd
1391 3680 1442 3733 pro
1451 3665 1582 3719 auditores
1592 3666 1780 3733 reprobatione

129 3730 276 3798 affluenter
294 3730 452 3797 infundis,-
470 3746 562 3801 cosque
575 3733 705 3786 striaturis
718 3736 794 3788 car-bi
819 3735 928 3805 crapula
982 3741 1121 3805 conuscat.
1138 3738 1190 3789 Pro
1208 3736 1343 3789 aetdr'toris
1355 3751 1470 3805 reamque
1487 3736 1576 3803 pratia
1593 3734 1677 3787 datter
1691 3734 1776 3790 bonus

127 3801 257 3868 resoietc5
266 3815 300 3855 ue
311 3801 382 3866 farte
390 3802 512 3872 jesuitate
523 3804 678 3858 maroristic
686 3805 737 3858 tuli
746 3805 928 3875 deauratam
981 3808 1061 3861 ctiam
1077 3807 1157 3860 malis
1169 3820 1254 3859 sermo
1264 3805 1428 3867 doctoribus,
1444 3808 1510 3861 sicut
1519 3808 1662 3874 patuerunt
1674 3804 1776 3859 Picari-

127 3872 252 3938 demersi,
267 3874 463 3929 abundantiore
474 3875 589 3929 tristitia
600 3875 801 3929 absorbeantur.
980 3880 1041 3932 sais
1046 3880 1184 3947 suppletura
1194 3878 1275 3931 cerba
1282 3877 1494 3947 praedicationis,
1502 3876 1533 3929 dc
1541 3875 1637 3945 auibus
1646 3878 1777 3945 scriptum

162 3952 176 3980 ⁸
185 3944 265 4015 l'ulg.
279 3966 285 3999 :
299 3946 479 4015 Omnispiacr
491 3960 594 4016 semper
602 3948 631 4000 iu
640 3950 764 4014 calutate.
981 3953 1021 4003 est
1034 3948 1141 4019 (dtattlr.
1158 3954 1251 4016 xxrrr)
1264 3967 1272 4004 τ
1286 3950 1383 4005 Ocurria
1396 3964 1459 4017 erpo
1473 3962 1643 4017 altarumque
1657 3947 1780 4001 diacrint

164 4008 178 4047 ὓ
194 4017 323 4073 Doctrina
342 4016 541 4087 predicationis
559 4016 665 4081 duabus
679 4032 715 4073 cn
736 4017 824 4073 causis
837 4016 926 4073 reddi·
981 4021 1053 4075 cobis
1064 4022 1165 4074 scrutate
1174 4021 1298 4086 uisitata,
1309 4020 1452 4074 secretarium
1464 4034 1525 4073 cau
1535 4034 1615 4089 opera
1629 4034 1720 4072 aurem
1733 4033 1780 4073 no-

130 4096 176 4143 tur
187 4086 274 4144 inanis
291 4094 317 4143 et
332 4086 456 4143 ineliioax
472 4106 478 4140 ι
496 4092 524 4143 1⁰
547 4102 578 4143 er
594 4096 670 4159 parte
683 4103 731 4143 seu
749 4088 815 4144 vitio
829 4089 928 4160 praedi·
982 4091 1028 4145 lita
1038 4092 1144 4157 saccum
1152 4096 1264 4160 propter
1277 4092 1431 4145 arelitarum
1444 4106 1505 4145 cero
1517 4090 1731 4160 reprolationcm
1741 4090 1779 4144 bo

128 4158 244 4226 catorls3
257 4167 287 4216 2⁰
302 4174 334 4215 en
349 4159 426 4231 eulpa
438 4158 605 4215 auditorum.
619 4159 680 4215 Vid.
691 4159 746 4215 dir.
761 4160 927 4232 Gregorium
981 4164 1025 4217 nis
1036 4164 1115 4216 etiarm
1131 4162 1281 4217 doctoribus
1293 4176 1378 4215 sermo
1395 4161 1780 4223 subtrabitur,smuart1aa

130 4229 226 4285 homil.
244 4234 275 4285 lt
291 4230 318 4285 in
333 4230 488 4301 Evangelia.
981 4234 1088 4287 abiciam
1111 4238 1204 4287 contra
1226 4233 1350 4287 lsraelem
1367 4252 1375 4286 ε
1390 4235 1523 4301 Liuianum
1545 4237 1622 4286 tuam
1647 4232 1778 4286 adbarerc

165 4304 177 4333 ⁰
191 4301 271 4371 Apud
287 4302 383 4356 lsaiam
399 4300 498 4369 legitur
517 4305 649 4357 :Meam
668 4317 710 4356 car
727 4304 823 4372 paruuli
835 4303 925 4372 hujus.
980 4304 1079 4369 turciam
1091 4304 1186 4373 perlato
1199 4308 1252 4367 tuo,
1266 4310 1292 4357 ct
1302 4306 1355 4358 cris
1367 4310 1466 4365 mactus,
1481 4318 1528 4358 rrae
1541 4306 1625 4373 attasi
1637 4306 1680 4357 cir
1690 4302 1777 4372 objcer-

130 4372 304 4441 Septuaginta
312 4373 623 4427 autcmtranstulerunt:
638 4376 808 4428 &meatum
817 4376 873 4429 sice
885 4376 926 4427 in·
981 4390 1058 4442 pares,
1078 4377 1143 4443 arcia
1155 4374 1248 4428 damea·
1267 4390 1429 4445 earaspreraus
1442 4375 1547 4445 (Eunu.
1571 4373 1634 4441 ιιι).
1650 4376 1777 4443 Aliquan-

130 4445 280 4495 crassatum
293 4446 331 4494 eet
351 4456 395 4495 car
406 4444 502 4510 papirii
521 4443 612 4510 buires.
633 4444 709 4510 Quod
721 4458 749 4497 ea
767 4446 853 4511 secere
871 4460 928 4499 aon·
981 4444 1016 4499 da
1027 4446 1677 4515 aretemscrmaproedicationisproptertetrosque
1688 4446 1774 4505 riatur,

128 4510 201 4571 silio,
215 4526 249 4564 ne
259 4511 380 4577 perutiles,
396 4512 450 4590 brac
461 4511 536 4581 aprtd
548 4514 647 4565 isaiam
660 4514 787 4581 leacutes,
800 4520 928 4584 putarant
980 4516 1241 4585 aliquandoproptcr
1250 4522 1375 4587 tetrosque
1383 4518 1563 4571 utbtrabt'tur.
1574 4519 1689 4587 Propter
1697 4520 1775 4569 utras·

128 4586 213 4639 Deum
234 4587 368 4635 auctorem
390 4582 471 4650 lupus
502 4585 694 4637 ennarrationes.
723 4583 828 4640 Dicitur
853 4585 926 4640 caim
981 4602 1032 4655 aas
1044 4588 1115 4641 cuim
1133 4586 1225 4651 datur,
1240 4589 1490 4643 sicutctieinu'cocc
1507 4586 1773 4657 Pauloapuclt'ort'n·

130 4654 206 4709 Deus
219 4666 353 4709 excaeoare
362 4659 408 4707 aut
417 4652 555 4721 indurare,
570 4669 624 4708 uon
639 4652 711 4734 quod
722 4655 869 4709 caecitatem
880 4664 927 4711 aut
941 4641 966 4703 D
982 4660 1051 4712 tuias
1072 4658 1171 4711 dieitur·
1185 4674 1194 4711 .·
1210 4660 1300 4717 Nolite
1313 4642 1427 4726 timere,⁴
1436 4658 1485 4714 sed
1506 4660 1624 4727 loquere.
1647 4660 1680 4713 Et
1694 4654 1773 4726 paulo

130 4723 259 4781 duritiam
274 4724 418 4791 immittat,
433 4724 481 4780 sed
495 4725 559 4797 qula
577 4723 678 4781 deserit
699 4724 773 4795 prius
792 4726 925 4796 desertus,
977 4734 1037 4799 past
1054 4730 1142 4797 :Quia
1153 4730 1270 4800 papulus
1290 4728 1392 4785 multus
1411 4734 1450 4784 cst
1466 4728 1540 4783 ruini
1551 4732 1580 4784 iu
1595 4731 1647 4784 bera
1663 4728 1771 4782 uditate.

129 4803 158 4854 et
171 4811 226 4851 nou
237 4796 392 4879 suppeditat
403 4795 530 4869 gratiam,
540 4811 592 4869 qua
602 4796 748 4851 destitutus
762 4796 846 4853 homo
858 4812 927 4869 prae-
979 4803 1091 4870 Propter
1101 4804 1226 4870 utrasque
1240 4816 1300 4854 cero
1311 4801 1488 4863 subtrabitur,
1503 4803 1576 4855 sirici
1588 4801 1652 4855 ticli
1662 4796 1774 4855 mcsrdos

129 4882 193 4939 ceps
205 4868 260 4922 ruit
269 4883 296 4922 rn
309 4868 395 4924 multa
404 4876 528 4939 peecata,
539 4869 632 4943 sicque
641 4867 769 4940 paulatim
783 4867 926 4926 induratur
980 4876 1125 4941 etprauam
1134 4871 1251 4941 filiarum
1258 4874 1379 4941 oopnocit
1392 4875 1536 4934 actionem,
1545 4872 1690 4941 etdr'anaua
1698 4873 1775 4925 incre·

129 4945 158 4994 et
165 4946 331 5077 degpaep‘dffi
332 4954 391 5062 {usoe
393 4939 463 5065 egisrfcg
464 4948 497 5064 :itt
500 4941 676 5068 ‘legemem
735 5012 759 5067 Ἡ
795 5019 805 5067 t
856 5011 923 5068 dm
976 4944 1096 5068 partionis
1109 4944 1294 4999 naneaercuit
1312 4957 1409 4998 uocem.
1427 4942 1773 5015 llaeoDregoriusetaua

554 5028 602 5067 lun
677 5027 740 5067 umr
762 5027 893 5068 uaranu
977 5028 1005 5069 se
1025 5028 1136 5069 uunur.

130 5080 163 5136 D.
181 5078 327 5151 Gregorius
339 5094 417 5135 xxxa
433 5080 580 5139 Moralium
594 5098 654 5154 cap.
665 5088 717 5140 35:
733 5084 922 5156 Sapalnquit,
1006 5028 1025 5085 q
