3824 6164
131 210 197 263 tuat
673 197 815 255 ioannis
833 196 986 253 cassiani
1004 195 1249 253 COLLATIONES.
1722 193 1795 247 i028

130 327 275 388 himmede
291 342 320 384 se
339 331 442 382 asserat
461 321 666 395 lerosolymam
679 319 887 388 conscendisse,
903 329 934 377 ut
947 328 974 389 Α
987 283 1074 378 edicat:
1086 312 1323 390 Quoniamineus
1331 316 1449 376 diffusus
1456 315 1530 373 estin
1538 313 1667 372 cordibus
1678 315 1787 381 nestris,
1862 364 1868 374 .

129 440 194 481 cum
216 421 273 479 suis
295 417 462 492 coapostolis
482 414 673 488 Evangeiium,
697 414 771 487 qued
795 415 932 489 gentibus,
987 414 1189 488 perspiritum
1210 421 1338 469 sanctum
1361 412 1407 484 qui
1436 410 1542 466 habitat
1565 410 1594 465 in
1617 407 1710 464 nobis.
1736 408 1791 476 Qui

129 518 265 577 revelante
275 524 303 573 et
314 521 480 587 cooperante
491 511 624 579 Domino,
639 509 814 582 praedicabat,
827 517 941 566 secreta
986 509 1080 577 etiam,
1093 525 1158 564 cum
1172 508 1329 581 ignoremus
1338 504 1404 579 quid
1416 504 1563 562 debeamus
1575 518 1663 570 erare,
1679 512 1689 538 ⁰
1703 505 1792 558 inter·

129 612 329 670 examinatione
344 607 480 665 conferret
497 606 600 677 (delet.
617 608 673 675 11)?
686 608 739 661 Per
752 602 827 677 qued
841 611 933 659 esten-
983 606 1069 676 pellet
1075 621 1127 675 pre
1138 605 1215 659 nobis
1226 600 1370 674 genitibus
1381 600 1616 657 inenarrabilibus.
1629 599 1684 665 Qui
1697 601 1791 652 aiaton

130 705 205 763 ditur
217 719 273 760 nen
285 702 375 758 selein
389 699 596 757 unanimitatem
609 706 690 771 atque
701 696 875 755 concordiam
886 711 935 768 per
986 702 1123 754 coutetur
1136 699 1227 762 cerdo,
1242 700 1293 753 scit
1303 696 1371 768 quid
1387 696 1519 752 maderet
1533 694 1658 765 spiritus,
1671 695 1738 762 quie
1752 707 1793 748 se-

129 797 188 855 haec
202 803 335 869 praecepta
350 793 462 861 serrari,
481 807 578 848 rernm
599 791 682 848 etiam
700 798 813 847 cunctas
833 788 934 846 diaboli
987 788 1105 848 cundum
1118 794 1203 848 Deum
1216 791 1336 862 postulet
1350 805 1401 861 pre
1417 791 1517 844 mactis
1531 790 1620 853 (Rem.
1637 789 1720 852 viii).

129 889 297 948 adversantis
315 887 429 945 insidias
452 894 480 943 et
496 885 656 943 illusionum
672 885 731 958 ejus
747 885 859 958 laqueos
878 898 933 939 non
1061 896 1065 903 ·
1281 885 1401 941 CAPUT
1419 884 1494 939 xiv.

128 985 230 1043 timeri.
1211 985 1249 1038 ile
1263 981 1394 1050 preditus
1411 978 1564 1034 charitatis.

420 1074 542 1130 CAPUT
560 1073 640 1129 xiii.
1023 1078 1103 1135 iiiam
1117 1077 1232 1150 igiturd
1252 1076 1488 1146 charitatemque
1506 1071 1607 1130 dicitur
1620 1070 1702 1144 ἀγάπη
1723 1089 1791 1146 pos·

128 1170 335 1241 medibardus
347 1185 400 1224 ιιοιι
411 1170 496 1224 selum
511 1182 553 1222 res
568 1168 633 1236 Dei,
646 1165 786 1221 sedetiam
799 1169 869 1222 Dure
882 1166 928 1221 sit.
984 1171 1061 1229 sibile
1079 1179 1122 1228 esi
1135 1170 1265 1227 omnihus
1279 1168 1415 1237 exhibere,
1436 1166 1470 1224 de
1485 1182 1539 1240 qua
1553 1164 1651 1222 beatus
1667 1169 1792 1238 Apim.

163 1267 288 1338 Denique
305 1266 334 1321 in
348 1273 456 1320 tantum
471 1263 560 1318 virtus
575 1260 716 1318 charitatis
729 1261 877 1329 extollitur,
898 1268 930 1317 ut
983 1265 1027 1322 ius
1047 1284 1054 1318 :
1076 1267 1146 1334 Ergo
1166 1264 1231 1319 dum
1250 1268 1352 1334 tempus
1371 1249 1507 1323 hebemus,
1531 1258 1631 1332 inquit,
1650 1275 1795 1330 operemur

127 1360 297 1419 eamhealus
308 1360 428 1415 ioannes
439 1355 588 1429 Apostolus
600 1355 778 1413 ⁸nenseium
790 1371 851 1412 rem
864 1356 929 1426 Dei,
987 1359 1083 1414 benum
1097 1358 1135 1412 ed
1146 1372 1246 1421 omnes,
1267 1357 1384 1412 mecime
1397 1359 1486 1410 auten
1498 1353 1536 1408 eci
1554 1354 1713 1410 demesticos
1726 1354 1793 1424 fidei

127 1452 176 1513 sed
201 1453 282 1509 etiarn
309 1455 399 1507 Deum
425 1465 484 1506 esse
506 1449 682 1521 pronuntiet,
709 1448 800 1506 dicens
827 1468 834 1505 :
862 1453 931 1506 Deis
986 1449 1086 1523 (Geloi
1102 1449 1152 1519 ιι).
1171 1450 1239 1520 Quae
1255 1447 1404 1504 intantum
1422 1444 1551 1502 omnibus
1569 1452 1612 1501 est
1623 1445 1795 1517 generaliter

128 1548 247 1603 chemicis
262 1549 314 1613 est3
327 1549 352 1600 et
371 1547 421 1614 qui
432 1549 523 1599 menet
536 1545 566 1598 iii
579 1544 722 1613 ctoritate,
738 1545 767 1598 i'n
778 1546 831 1599 Dee
842 1546 932 1599 menet
984 1540 1148 1611 exhibenda,
1167 1549 1198 1597 ut
1210 1556 1270 1598 eam
1288 1539 1372 1597 etiam
1387 1538 1506 1595 inimicis
1520 1537 1649 1595 nostrisa
1665 1540 1789 1599 Domino

129 1644 155 1696 et
166 1643 236 1696 aas
247 1639 277 1693 iii
289 1653 317 1693 ee
330 1637 353 1709 (i
364 1641 441 1694 Jeen.
458 1644 512 1706 iri.
529 1638 602 1693 iiam
615 1651 702 1710 usque
715 1635 784 1693 adeo
798 1636 872 1692 iiiam
885 1637 932 1693 di·
981 1636 1130 1710 jubeamur
1148 1633 1314 1708 impendere.
1332 1635 1403 1691 Nam
1423 1633 1548 1704 diligite,
1573 1632 1672 1705 inquit,
1693 1636 1790 1689 mimi·

128 1735 221 1792 vinam
238 1749 296 1790 esse
318 1732 512 1805 perspicimus,
531 1739 561 1788 ut
581 1729 646 1787 iilud
666 1730 794 1803 Apostoli
813 1728 931 1787 manife-
947 1741 972 1805 Β
986 1737 1136 1788 cesuestres
1148 1728 1306 1803 (stauai).
1318 1725 1785 1796 ⁸driheoieautemddestaffectie,

129 1828 247 1886 ctissime
260 1827 351 1899 rigere
364 1826 514 1903 sentiamus
528 1825 557 1882 in
570 1824 661 1893 nobis,
675 1829 804 1897 queniam
817 1825 933 1881 chorites
986 1812 1081 1899 paucis
1099 1822 1261 1891 admodum,
1284 1832 1311 1880 et
1330 1821 1372 1879 his
1391 1823 1438 1895 qui
1461 1821 1502 1878 vei
1524 1821 1655 1893 parilitate
1675 1837 1783 1878 merum

130 1923 180 1979 Dei
195 1921 300 1992 diffuse
314 1925 352 1975 est
366 1923 394 1974 in
411 1921 536 1977 cordibus
550 1922 651 1976 uestris
666 1935 716 1991 per
730 1922 857 1990 spiritum
871 1933 934 1973 seii-
986 1917 1027 1974 rel
1047 1916 1177 1973 virtutum
1190 1917 1319 1973 societate
1333 1915 1447 1972 connexi
1461 1922 1537 1982 sunt,
1553 1913 1701 1984 exhibetur,
1721 1913 1784 1970 lieet

130 2019 201 2071 ctum
210 2018 260 2086 qui
269 2015 373 2070 habitet
383 2017 411 2068 in
420 2014 493 2069 nobis
504 2016 590 2082 (hem.
602 2013 644 2085 v).
656 2011 737 2081 Quod
747 2011 800 2068 tale
810 2019 861 2074 est,
870 2026 901 2067 ac
910 2010 933 2066 si
986 2011 1067 2067 eham
1088 2011 1145 2082 ipsa
1162 2009 1290 2067 diathesis
1310 2009 1426 2066 multam
1444 2008 1473 2064 in
1485 2023 1515 2065 sc
1536 2005 1720 2064 differentiam
1737 2006 1788 2063 ba-

678 2191 808 2246 Atiam
826 2191 939 2246 GAZAEi
958 2189 1236 2246 COMMENTARIUS.

165 2368 178 2395 ⁸
191 2358 337 2428 Quomodo
350 2357 466 2415 charitas
479 2366 506 2413 et
516 2372 561 2413 res
571 2356 635 2424 Dei,
649 2355 738 2426 idest,
751 2354 854 2412 denum
869 2357 928 2423 Dei,
984 2355 1139 2413 inchoatam
1155 2355 1184 2411 in
1200 2353 1280 2411 nobis
1293 2353 1438 2425 jnstitiam,
1454 2352 1618 2410 charitatem
1631 2359 1786 2424 presertim

131 2438 158 2485 et
173 2433 248 2486 Dens
262 2445 320 2486 esse
334 2429 450 2496 dicatur,
465 2438 496 2485 nt
509 2443 575 2485 sane
589 2428 732 2499 intelligas,
747 2427 857 2484 adverte
873 2428 932 2499 pri·
984 2442 1043 2484 esse
1062 2435 1215 2498 provectam
1226 2426 1371 2508 justitiam,
1387 2424 1551 2482 charitatem
1564 2424 1718 2498 perlectam
1731 2439 1788 2482 asse

131 2515 180 2557 nie
199 2501 349 2557 secundum
364 2516 455 2557 sacras
473 2500 531 2556 Seii
552 2508 627 2555 toras
640 2514 697 2554 nen
710 2513 769 2554 eam
785 2498 874 2555 selum
886 2497 929 2562 di·
1003 2496 1131 2554 erfectam
1147 2496 1291 2568 justitiam.
1309 2497 1392 2568 Atqui
1413 2496 1473 2554 liaec
1487 2496 1657 2551 incrementa
1672 2511 1729 2551 nen
1741 2511 1787 2552 ea-

131 2570 276 2626 lectionem
294 2587 345 2641 qua
361 2588 410 2626 nes
426 2573 512 2628 [teum
529 2516 679 2642 diligimus,
695 2569 742 2625 sed
758 2569 834 2625 iiiam
848 2569 931 2624 etiam
984 2513 1054 2625 Sunt
1067 2568 1097 2623 in
1111 2566 1270 2624 charitatem
1289 2567 1449 2635 increatam,
1468 2573 1613 2623 uinctum
1630 2575 1685 2634 est,
1700 2581 1789 2650 neque

130 2657 184 2712 qua
205 2658 256 2698 nos
279 2641 365 2712 diligit
389 2644 473 2710 Deus,
495 2642 625 2712 appellari
648 2641 809 2697 charitatem
827 2659 832 2694 :
853 2641 932 2698 com-
985 2654 1017 2695 ea
1027 2638 1134 2713 justitia
1148 2647 1242 2694 nostra
1255 2646 1308 2706 est,
1325 2639 1454 2710 quajusti
1471 2637 1579 2709 proprie
1594 2645 1622 2693 et
1637 2636 1790 2695 formaliter

130 2714 250 2782 mandet,
266 2715 303 2769 ait
317 2713 473 2786 Apostolus,
493 2714 652 2769 cleritatem
667 2727 745 2768 suem
759 2716 831 2769 Deru
842 2713 872 2766 iii
883 2727 931 2766 ne-
984 2710 1162 2766 neminemur
1173 2718 1200 2766 et
1211 2709 1307 2765 simus.
1321 2709 1469 2781 Aptissime
1480 2710 1571 2780 itaque
1586 2711 1623 2764 D.
1634 2709 1789 2767 Bernartius

132 2785 172 2839 bis
181 2800 228 2840 seu
237 2801 366 2855 erpnims.
381 2786 465 2840 Rem.
476 2799 507 2853 v,
518 2793 562 2840 et:
576 2787 686 2855 Propter
696 2786 808 2838 nimiam
818 2783 932 2838 chamle
984 2781 1065 2852 epist.
1084 2788 1113 2837 lt
1128 2780 1195 2836 etin
1208 2779 1260 2835 line
1272 2780 1334 2835 iibri
1349 2781 1383 2836 de
1394 2780 1532 2850 diligende
1548 2783 1608 2835 Deo
1622 2799 1629 2834 ι
1643 2784 1730 2849 timu,
1743 2780 1787 2835 in-

131 2858 182 2909 tem
192 2872 280 2923 suom,
291 2874 345 2926 que
355 2858 509 2911 dilectrices
520 2861 597 2913 Deus.
611 2855 710 2925 Ephes.
721 2869 758 2910 ιι.
770 2852 839 2908 ilind
848 2853 932 2907 etiam
984 2851 1053 2921 quit,
1069 2852 1171 2905 dicium
1189 2851 1306 2905 chemicis
1318 2855 1344 2905 et
1357 2855 1426 2907 Deru
1440 2856 1466 2905 et
1479 2853 1529 2907 Dei
1541 2851 1659 2917 denum
1673 2851 1790 2908 cenaeos

131 2925 204 2994 qued
216 2928 318 2981 Paulus
328 2927 365 2980 ait
376 2929 461 2980 Rem.
473 2941 530 2980 viii
545 2947 550 2981 :
564 2928 629 2992 Quis
639 2940 686 2978 nes
696 2924 861 2992 superedita
873 2922 932 2975 che
984 2923 1055 2975 enim
1070 2921 1118 2975 dut
1137 2921 1307 2989 charitatem,
1324 2923 1491 2976 substantiae
1511 2923 1717 2977 accumulem.

129 2997 213 3050 ritate
227 2999 294 3051 Dei?
312 3011 327 3048 a
343 2993 506 3064 quibusdam
519 2995 554 3050 de
566 2994 761 3062 charitateque
776 3005 827 3044 nos
838 2990 932 3045 dilexit
1019 2992 1033 3028 ¹³
1053 2992 1154 3046 Parum
1174 2991 1271 3046 absum
1285 3000 1316 3047 ut
1330 2992 1419 3049 dicam
1444 3011 1450 3046 ε
1471 2997 1560 3049 huns
1582 2994 1681 3047 estbic
1693 3008 1787 3061 seriae,

129 3066 217 3126 Deus,
231 3065 267 3117 ab
281 3063 341 3118 aliis
355 3064 389 3118 de
404 3062 534 3117 charitate
548 3077 599 3142 qua
612 3076 665 3116 nos
679 3064 768 3116 Deum
782 3060 929 3131 diligimus,
985 3067 1010 3118 et
1019 3065 1081 3132 quis
1088 3062 1471 3134 potesteumsustiiiereiieeii.
1480 3063 1541 3135 v1)?
1550 3064 1707 3134 improprie
1716 3064 1788 3119 enim

129 3133 271 3204 accipitur.
290 3135 413 3202 Utraque
431 3131 503 3184 enim
519 3134 569 3187 Dei
583 3130 702 3186 charitas
718 3130 869 3186 rectissime
884 3147 932 3202 ap
985 3132 1145 3199 admodum,
1157 3132 1460 3205 nedicamincongrue,
1471 3140 1668 3202 καταιρητικῶς,
1678 3136 1788 3206 exponit

166 3203 261 3265 ilatum
275 3203 329 3263 iiia,
342 3201 404 3282 qnia
417 3201 465 3271 ipsi
477 3203 537 3256 Deo
549 3201 660 3266 intima,
674 3201 761 3256 immo
771 3201 828 3273 ipse
841 3204 929 3270 Densi
946 3186 969 3250 C
985 3203 1057 3260 iliam
1070 3203 1232 3259 sententiam
1243 3204 1366 3274 Apostoli
1380 3223 1386 3259 :
1400 3206 1525 3261 chorites
1535 3207 1586 3261 Dei
1594 3206 1699 3274 diffuse
1710 3210 1749 3261 est
1758 3207 1786 3260 in

151 3288 201 3340 aec,
223 3273 288 3345 quia
302 3272 336 3328 ab
358 3287 416 3343 ipse
430 3269 529 3328 donata
545 3280 572 3328 et
584 3271 691 3328 coliata.
706 3270 787 3328 Unde
801 3281 829 3328 et
844 3287 887 3327 res
905 3282 932 3328 et
986 3277 1109 3330 cordibus
1120 3277 1230 3342 nusum,
1243 3274 1277 3330 de
1288 3275 1418 3331 charitate
1432 3276 1561 3331 increata.
1577 3277 1645 3348 Quis
1657 3276 1728 3333 enim
1744 3276 1785 3332 rel

130 3344 235 3402 denum
250 3344 306 3400 [lei.
328 3345 449 3399 Rursum
464 3350 555 3398 autem
570 3343 628 3414 ipsa
643 3343 759 3399 charitas
775 3358 829 3426 qua
842 3342 932 3416 diligi·
985 3345 1023 3402 ita
1047 3344 1184 3416 loquetur,
1209 3346 1250 3400 uel
1272 3345 1386 3402 libenter
1409 3346 1477 3403 iilud
1500 3346 1604 3410 audiat,
1626 3346 1786 3404 charitatem

130 3424 176 3473 tur
194 3416 303 3473 anobis
317 3418 402 3482 Dens,
423 3412 554 3485 duplexa
573 3414 708 3486 theologis
727 3414 904 3480 distinguitur
922 3435 929 3470 :
986 3416 1146 3485 increatam,
1166 3415 1192 3472 id
1206 3425 1257 3485 est,
1270 3417 1399 3488 Spiritum
1411 3426 1547 3484 sanctum,
1558 3417 1677 3475 diffundi
1691 3420 1789 3475 incer·

130 3487 261 3554 increata,
278 3502 338 3559 quae
354 3489 492 3552 Deusest,
512 3483 850 3557 dequaJeannes:Deus
867 3487 931 3541 cbe-
985 3486 1065 3544 dibus
1082 3487 1183 3543 nostris
1198 3502 1246 3558 per
1264 3489 1396 3560 Spiritum
1418 3496 1560 3556 sanctum,
1601 3490 1627 3545 ui
1648 3489 1729 3546 datus
1747 3497 1787 3546 est

131 3561 201 3613 ritas
222 3563 275 3622 est;
295 3566 323 3611 et
341 3565 441 3621 creata,
460 3555 494 3611 de
518 3570 571 3626 qua
594 3557 693 3612 Paulus
714 3556 844 3628 loquitur,
867 3572 931 3612 cnm
984 3558 1082 3614 nobis?
1097 3559 1144 3613 ubi
1157 3556 1303 3615 manifesta
1315 3568 1357 3616 est
1372 3567 1501 3616 etcrassa
1514 3504 1676 3632 tantillegia.
1688 3561 1788 3618 hielius

131 3643 192 3685 eam
210 3627 277 3683 dicit
295 3629 325 3680 iii
339 3627 463 3680 cordibus
477 3629 575 3681 nestris
589 3627 719 3696 diffusum
736 3629 931 3697 perspiritum
986 3628 1078 3701 itaque
1092 3631 1127 3684 D.
1141 3629 1314 3699 Augustinus
1326 3631 1371 3685 lib.
1385 3629 1420 3687 de
1438 3633 1538 3702 Spiritu
1550 3641 1578 3688 et
1589 3632 1691 3688 Littera
1709 3633 1784 3702 (Cep.

131 3703 264 3762 sunctum,
276 3699 325 3767 qui
335 3697 415 3751 dutus
425 3701 464 3751 cst
474 3697 552 3750 nobis
567 3697 589 3768 (l
602 3700 679 3753 Jeen.
692 3703 744 3763 iv).
762 3699 878 3752 Necesse
891 3706 932 3754 est
985 3700 1028 3772 82)
1042 3720 1048 3753 :
1061 3701 1194 3767 Charites,
1203 3700 1301 3770 inquit,
1312 3702 1440 3757 iieidime
1449 3703 1612 3773 estdipnedi'
1618 3704 1648 3756 in
1657 3703 1784 3757 cordibus

131 3770 205 3825 enim
220 3769 271 3825 alia
286 3768 320 3823 sit
336 3783 351 3823 a
370 3767 470 3839 Spiritu
486 3774 589 3834 sancte,
604 3782 687 3839 quam
700 3767 756 3839 ipse
770 3767 888 3837 Spiritus
903 3769 930 3823 in
985 3773 1095 3838 nestris,
1106 3786 1159 3824 iren
1172 3787 1226 3840 que
1237 3786 1285 3825 ries
1297 3775 1353 3842 ipse
1363 3773 1465 3841 diripit,
1480 3775 1526 3830 sed
1534 3789 1586 3844 que
1599 3787 1646 3826 nes
1657 3774 1727 3839 fucit
1737 3774 1779 3828 cii·

131 3839 215 3896 corda
229 3847 321 3896 nestra
334 3837 474 3894 diffundit.
487 3839 573 3894 Perre
586 3839 714 3910 Magister
726 3839 930 3895 Sententiarum
986 3843 1092 3898 lectores
1106 3856 1182 3907 suem
1195 3843 1263 3896 sicae
1270 3842 1382 3912 justitie
1395 3847 1445 3901 Dei
1454 3846 1525 3901 dicte
1536 3849 1571 3899 est
1582 3859 1634 3913 mio
1649 3845 1710 3899 'inti‘
1721 3844 1779 3913 ejus

131 3911 201 4041 girh.
211 3926 222 3967 1
231 3913 349 3991 sentent.
360 3911 426 3992 dist.
437 3909 489 3981 tt),
502 3924 534 3964 ee
545 3908 617 3982 quod
628 3924 787 3982 persuasum
797 3908 932 3966 haberete
984 3928 1092 3968 munere
1104 3914 1240 3980 epumur,
1252 3918 1279 3968 et
1287 3916 1398 3970 Domini
1407 3917 1481 3971 seius
1491 3933 1544 3987 que
1554 3930 1600 3971 ires
1608 3861 1693 3972 selues
1704 3917 1782 3983 feeit,

151 3983 280 4054 cripturis
303 3984 432 4053 Spiritum
454 3987 580 4036 sanctum
599 3988 759 4051 praesentem
774 3979 881 4047 adesse,
905 3990 933 4038 et
986 3989 1011 4040 et
1024 3984 1089 4054 fides
1104 3984 1206 4039 Christi
1220 4001 1275 4055 que
1292 4001 1340 4041 ries
1351 3986 1442 4055 fideles
1456 3990 1534 4056 fecit.

131 4053 345 4111 substantialiter
367 4067 462 4107 eornm
481 4051 562 4107 cerda
581 4051 733 4108 inhabitare
748 4067 816 4177 ques
830 4053 932 4108 sancti·
1021 4054 1163 4181 reginus
1176 4064 1286 4112 sanctus
1299 4056 1418 4128 postulat
1430 4057 1488 4114 sive
1504 4057 1660 4129 interpellat
1671 4073 1722 4129 pre
1734 4072 1786 4114 ne-

130 4125 204 4193 ficat,
222 4123 654 4182 nenexistimaiitnecessarinm
669 4122 930 4179 essenluinchari·
985 4123 1058 4191 bis,i
1091 4132 1142 4191 est,
1161 4127 1549 4197 postularenesdocet,uteii

131 4196 437 4262 tatishabitum3immo
446 4210 509 4251 vero
518 4194 621 4250 nuliam
630 4210 688 4251 esse
698 4195 802 4251 censuit
811 4203 932 4251 creatam
985 4197 1074 4252 stinus
1084 4200 1184 4255 (fruct.
1199 4201 1256 4253 eie
1268 4202 1343 4254 Jeen.
1356 4203 1383 4253 et
1392 4202 1470 4270 epist.
1483 4205 1537 4267 at).
1550 4146 1612 4270 δυο
1625 4199 1710 4257 mode
1721 4200 1788 4256 dixit

131 4268 303 4335 charitatem,
320 4267 448 4339 inquam
464 4275 619 4338 competere
633 4274 723 4338 posset
743 4281 774 4321 ea
792 4265 932 4337 dignitatis
985 4266 1109 4324 Christus
1122 4268 1253 4338 apostolis
1271 4286 1278 4323 :
1293 4272 1353 4327 Neu
1366 4273 1430 4325 estis
1444 4287 1488 4328 ees
1503 4273 1551 4343 qui
1571 4274 1726 4342 ieqiiimim',
1742 4271 1788 4327 sed

132 4339 334 4394 commendatio
345 4352 406 4407 quae
419 4337 520 4408 passim
530 4337 660 4393 tribuitur
669 4337 806 4403 charitati,
818 4347 848 4392 ut
878 4336 931 4393 ued
985 4340 1104 4409 Spiritus
1112 4342 1203 4395 Petris
1212 4343 1295 4395 uestri
1304 4344 1352 4411 qui
1364 4342 1481 4412 loquitur
1494 4346 1523 4398 iii
1534 4344 1611 4398 nobis
1624 4344 1762 4415 (dietihx
1778 4382 1785 4396 .

132 4423 247 4464 manens
258 4409 285 4461 in
298 4408 430 4461 charitate
442 4408 470 4460 in
482 4410 541 4462 Dee
555 4416 674 4474 maneat,
688 4416 715 4463 et
728 4410 818 4464 Deum
832 4407 866 4462 ha
886 4415 932 4463 eat
985 4410 1021 4464 Et
1035 4409 1185 4483 Apostolus
1203 4428 1209 4463 :
1223 4413 1299 4466 Misit
1313 4414 1381 4468 Deus
1392 4416 1519 4484 spiritum
1532 4416 1601 4471 Filii
1610 4418 1656 4470 sui
1667 4418 1698 4470 iri
1709 4429 1752 4468 cer

131 4479 159 4534 iu
173 4493 202 4533 se
216 4486 370 4531 manentem
386 4493 393 4528 z
409 4474 487 4556 qued·
497 4475 613 4533 charitas
631 4476 775 4533 transferat
795 4478 828 4533 de
842 4487 932 4534 morte
985 4486 1076 4535 matre
1090 4481 1248 4536 elementem
1264 4501 1271 4536 ε
1292 4483 1379 4553 Abba,
1394 4487 1475 4540 Peter
1494 4487 1600 4555 (Geiet.
1620 4486 1675 4557 iv),
1693 4484 1721 4540 id
1735 4493 1784 4549 est,

132 4547 166 4605 ad
181 4548 282 4616 ritam3
296 4546 370 4617 quod
385 4546 435 4601 Dei
449 4545 532 4614 filies,
547 4548 620 4619 quod
635 4549 767 4619 templum
781 4548 844 4616 Dei,
857 4548 929 4619 qued
944 4557 969 4620 Ι)
985 4553 1102 4607 ciamare
1118 4566 1167 4607 nos
1181 4551 1336 4610 facientem.
1426 4581 1429 4587 ⁴

131 4620 233 4678 Christi
253 4617 376 4674 membra
394 4617 551 4684 constituat,
565 4617 637 4689 qnod
657 4618 796 4674 bominem
811 4619 930 4674 arctissi·
1021 4610 1157 4692 ἀἈγάπη,
1169 4623 1272 4680 Graecis
1281 4641 1369 4692 amor,
1382 4625 1492 4683 dileetio
1504 4633 1530 4682 et
1543 4625 1778 4683 charitasdicitur.

132 4709 177 4750 me
192 4697 251 4749 Deo
263 4690 421 4765 cenJungat,
437 4703 576 4816 unumque
590 4705 661 4772 9⁰¹³.
674 4689 720 4745 iiio
735 4690 859 4762 spiritum
873 4689 932 4746 effi·
985 4693 1058 4750 iiinc
1071 4693 1254 4751 Tertullianus
1270 4696 1311 4766 (iu
1331 4699 1354 4753 A
1377 4700 1500 4769 elegetice
1514 4714 1574 4769 cop.
1592 4706 1619 4764 3)
1636 4717 1643 4753 :
1660 4701 1779 4762 Vocatur,

132 4765 192 4820 ciat.
206 4767 283 4830 iiaec,
298 4763 423 4834 inquam,
433 4769 514 4832 atque
536 4761 677 4817 assimilia
689 4777 752 4817 cum
766 4761 845 4836 lenge
858 4770 932 4818 tran·
986 4765 1084 4837 inquit,
1100 4781 1193 4836 upupa,
1211 4767 1241 4821 id
1255 4769 1327 4837 quod
1360 4770 1447 4825 iicetie
1462 4785 1543 4840 penes
1558 4773 1669 4826 Letiiies
1681 4773 1726 4824 esi.
1748 4768 1783 4822 m

131 4835 261 4892 scendere
273 4835 448 4891 arbitraretur
458 4840 562 4916 ¹creatae
574 4832 714 4890 charitatis
728 4834 795 4902 vim,
810 4834 931 4918 dignita-
985 4838 1021 4891 D.
1035 4836 1185 4908 Cyprianus
1198 4837 1243 4892 lib.
1260 4854 1294 4896 ιιι
1307 4839 1340 4896 ad
1356 4841 1499 4909 Quirinum
1514 4859 1522 4894 ε
1538 4842 1664 4912 Aqopen,
1679 4847 1707 4897 et
1717 4839 1785 4895 dile·

131 4913 199 4976 tem,
229 4915 348 4960 creatam
368 4904 477 4960 sustulit
493 4904 664 4972 charitatem,
679 4905 824 4977 docuitque
844 4921 852 4961 ι
873 4921 931 4962 sam
986 4909 1097 4962 ctionem
1114 4909 1264 4975 (ieiunum
1283 4912 1406 4979 religiose
1428 4917 1453 4966 et
1470 4914 1587 4980 firmiter
1602 4912 1785 4968 eaereeiidom

132 4975 293 5056 charitatem
313 4989 371 5028 esse
387 4975 520 5045 Spiritum
534 4987 669 5046 sanctum,
682 4994 737 5034 nen
750 4986 842 5034 autem
856 4923 932 5033 labi·
985 4978 1066 5050 Apud
1081 4986 1184 5035 veteres
1197 4981 1352 5038 chistianus
1368 4997 1453 5056 agape
1466 4982 1610 5038 dicebatur
1624 5000 1705 5040 cinna
1716 4997 1786 5053 quae·

131 5055 192 5104 tum
217 5044 335 5117 aliquem
359 5053 491 5128 creatum,
515 5047 607 5117 quales
634 5057 697 5104 sunt
721 5049 832 5106 habitus
856 5048 930 5118 fidei,
985 5047 1784 5126 dam,siueconviviolum,quepauperesdiehusdominicis

131 5119 188 5192 spei
203 5126 418 5189 caeterarumque
439 5124 580 5174 virtutum.
601 5120 639 5174 At
653 5118 711 5175 liaec
724 5120 848 5194 Magistri
866 5135 932 5177 sen·
985 5128 1013 5177 et
1028 5118 1134 5177 festivis
1148 5122 1360 5195 excipiebantur.
1375 5130 1416 5182 De
1428 5138 1482 5195 qua
1494 5124 1555 5181 ride
1567 5126 1662 5183 collat.
1676 5130 1709 5182 tt
1722 5137 1781 5194 cap.

131 5192 214 5248 tentia
224 5191 283 5265 jam
296 5206 310 5245 e
325 5189 423 5246 scholis
437 5189 548 5262 explosa
562 5198 603 5246 est
618 5189 656 5264 (S.
672 5194 762 5248 Them.
777 5197 827 5246 2=2
842 5208 869 5261 q.
885 5198 930 5259 aa,
988 5198 1031 5249 tt.

131 5269 184 5320 ert.
207 5273 240 5333 ις
257 5264 382 5321 Bellerm.
407 5263 455 5317 lib.
480 5277 491 5318 1
510 5263 543 5317 de
565 5263 661 5320 Gratia
682 5279 740 5334 cep.
757 5264 795 5343 9),
815 5261 933 5343 illudque
1019 5265 1188 5321 ‘Diatiiesis
1206 5266 1282 5339 plura
1301 5267 1385 5323 hahet
1404 5266 1565 5342 significata,
1584 5283 1708 5340 quorum
1726 5265 1787 5324 lites

130 5345 204 5392 certe
218 5336 371 5402 definitum,
387 5333 548 5390 charitatem
560 5351 613 5408 qua
627 5337 704 5389 Deus
716 5332 796 5388 nobis
812 5332 932 5402 diligitur
984 5336 1133 5407 praecipua,
1148 5334 1272 5403 affectus,
1287 5339 1343 5395 sive
1362 5337 1483 5407 affectio,
1505 5339 1633 5405 morbus,
1654 5337 1788 5403 conditio,

131 5421 190 5463 esse
210 5408 367 5479 qualitatem
388 5421 435 5461 seo
457 5404 581 5461 habiturn
603 5404 751 5478 quemdam
766 5410 888 5458 creatum
904 5412 931 5460 et
983 5407 1066 5474 ratio,
1083 5414 1289 5475 testamentum,
1302 5409 1374 5481 qued
1387 5409 1548 5466 etdiatheca
1560 5410 1673 5467 dicitnr.
1692 5409 1788 5465 Sunii·
1824 5444 1826 5448 ι

132 5477 263 5544 infusum,
279 5480 324 5550 qui
344 5486 372 5546 et
390 5476 476 5532 virtus
489 5477 535 5546 sit,
550 5484 578 5532 et
591 5484 678 5533 mater
692 5476 833 5542 virtutum,
847 5482 874 5531 ot
887 5492 931 5533 res
983 5484 1030 5533 tur
1041 5488 1134 5534 autem
1146 5477 1191 5535 hic
1204 5495 1252 5550 pre
1265 5479 1375 5549 affectu,
1387 5481 1580 5563 propensione,
1597 5498 1646 5538 seu
1659 5478 1788 5552 peculiari

131 5548 188 5605 sive
203 5547 306 5602 donum
321 5549 372 5603 Dei
395 5549 532 5604 verissime
553 5548 712 5621 appelletur.
734 5547 872 5621 Siquidem
892 5550 928 5604 D.
984 5547 1145 5618 dilectione,
1179 5566 1232 5623 qua
1257 5552 1457 5625 conjunctiores
1482 5569 1538 5626 prae
1568 5553 1675 5609 caeteris
1698 5549 1790 5624 magis

131 5617 299 5692 Augustinus
309 5620 336 5672 in
343 5617 422 5689 epist.
432 5619 465 5674 ad
476 5621 674 5692 Hieronymum
684 5620 840 5676 charitatem
851 5619 931 5675 docet
984 5621 1201 5690 complectimur,
1217 5624 1244 5678 in
1260 5639 1312 5695 qna
1330 5632 1372 5680 tot
1391 5631 1455 5681 sunt
1472 5624 1572 5708 gradus
1607 5633 1655 5681 not
1668 5620 1790 5695 benjun·

131 5705 224 5748 reram
243 5703 286 5743 ma
325 5703 425 5757 amque
443 5704 501 5745 esse
519 5691 658 5747 virtutem.
673 5694 708 5747 Et
719 5691 766 5747 lib.
780 5692 814 5748 de
829 5693 929 5746 Natura
985 5691 1106 5748 etionum
1123 5701 1150 5748 et
1161 5694 1393 5754 necessitudinum
1407 5711 1512 5769 species
1526 5705 1554 5753 et
1567 5696 1595 5754 di
1617 5695 1745 5766 erendae,
1759 5701 1790 5752 nt

120 5771 150 5820 et
163 5761 261 5823 Gratia
274 5704 352 5834 (ΞΡ,
370 5757 427 5830 70),
444 5757 509 5816 dicit
522 5760 685 5818 charitatem
699 5759 854 5816 inchoatam
871 5773 931 5815 esse
985 5759 1033 5818 hic
1042 5761 1205 5821 deciaratm.

1572 4129 1632 4186 enit
1643 4132 1680 4185 b.
1694 4131 1787 4212 Angu-
