3848 6158
68 248 136 302 {005
484 234 654 294 coenatio
673 236 730 293 XV.
750 265 787 277 —
805 236 850 291 DE
869 234 1142 293 cuiuisttxtttiu's
1160 235 1296 293 Divitiis
1656 242 1723 296 (006

64 384 115 426 uec
134 382 244 439 semper
262 363 429 432 necessaria,
450 379 501 420 uec
520 363 650 419 omuibus
667 361 866 419 conceduntur.
882 363 1023 436 Aquitur.
1040 364 1113 419 Nam
1126 362 1209 417 etiam
1227 376 1291 418 cum
1305 360 1339 418 ad
1358 363 1468 418 Patrem
1489 377 1614 419 remeans
1634 363 1719 434 quod·

63 473 77 500 ⁸
89 461 237 518 Humum
247 468 287 516 0⁸1
298 475 364 532 ²¹6⁰
375 457 500 515 0¹1¹¹¹i¹¹m
512 456 794 530 mitssiffliftutumr
808 457 865 529 ilDa
920 465 999 534 dam,
1022 476 1051 524 ut
1075 467 1112 523 ita
1133 464 1266 535 dixerim,
1289 465 1418 523 conderet
1436 473 1647 534 testamentum,
1668 465 1722 523 boc

64 564 107 612 est
120 553 238 611 ccelesiis
250 549 355 609 editicii
370 550 558 607 firmissimum
573 548 794 617 tundamentum,
808 549 866 622 ipss
919 567 1064 641 discipulis
1081 567 1224 640 dmpqupt
1244 589 1251 625 :
1271 570 1442 633 Mandatum,
1461 569 1560 643 inquit,
1573 585 1670 625 ,mum
1689 570 1722 625 de

64 659 107 707 θεῖ
127 648 231 706 dmum
246 645 387 721 imprium
408 654 490 718 ΜΝ
510 643 687 717 magnificum
708 644 865 700 smmi&
919 673 1482 746 cobis,nidilipatisinuicem(loan.xiiil.
1494 675 1721 746 statimquesub·

63 748 118 801 ista
138 742 241 799 etenim
264 741 390 798 universa
403 738 534 795 miracula
549 753 612 812 quae
627 737 752 794 Christus
767 752 868 809 opera·
915 771 1018 845 junxit,
1033 776 1064 830 In
1079 774 1127 832 ,wc
1139 779 1294 844 mmm
1307 791 1395 831 omnes
1409 779 1476 847 quia
1490 779 1546 832 mn.
1558 779 1621 832 ems
1638 776 1722 832 dim..

62 846 110 894 tus
130 845 182 902 est,
198 835 258 891 siue
279 833 402 906 periculo
424 831 549 889 elationis
568 839 686 899 exercet,
705 829 752 903 qui
770 829 867 934 mitem
916 875 981 944 pun
1002 877 1027 930 ω.
1037 875 1203 930 dilectionem
1217 875 1363 932 labuuitis
1377 877 1547 933 adinvicem·
1562 880 1626 934 Non
1639 876 1677 932 m
1700 877 1722 933 si

64 930 229 996 Dominum,
243 943 298 983 uon
313 925 480 983 sublimitate
493 925 648 999 signorum,
661 923 710 980 sed
725 924 865 996 patientiae
937 917 989 989 ,¹
1123 980 1130 991 ‚
1446 981 1473 993 Η
1588 981 1635 992 ,,
1679 914 1688 944 ’

63 1031 146 1095 atque
160 1019 323 1077 humilitatis
336 1020 437 1076 virtute
454 1026 583 1076 sectatur.
599 1018 652 1089 Qui
667 1032 732 1075 xero
746 1017 869 1073 immuu-
921 993 996 1090 wm
1007 986 1093 1092 ‚atque
1104 988 1219 1092 v¹nf¹¹⁰f¹
1231 980 1359 1037 ⁸¹m¹¹¹t⁰¹
1375 979 1498 1093 fefffmss‘
1512 980 1560 1037 sed
1572 997 1594 1036 ⁵¹
1610 979 1721 1054 ⁶¹3⁰³¹¹¹

62 1115 104 1173 dis
118 1113 258 1185 spiritibus
279 1114 430 1186 impetam,
445 1119 494 1170 au,
505 1111 697 1185 languenfibm
718 1111 868 1167 mmmm
920 1078 1097 1136 directionem
1108 1079 1143 1136 ad
1157 1094 1274 1136 invicem
1292 1079 1452 1149 habueritis,
1465 1097 1547 1154 quam
1562 1090 1666 1138 certum
1681 1089 1722 1138 est

62 1207 135 1265 dona
149 1206 288 1293 conferre²
301 1214 348 1263 aut
366 1205 478 1279 aliquod
496 1205 607 1279 siguum
621 1205 746 1261 mirabile
758 1204 867 1277 populis
920 1182 971 1239 ”5⁸5
983 1183 1063 1240 mim
1077 1191 1159 1255 ΜΗΘ
1170 1182 1288 1252 humiles
1301 1198 1410 1240 δθῐνῦῐθ
1423 1199 1481 1239 1¹⁰ss
1496 1198 1585 1254 P⁰⁵⁸⁰n
1601 1186 1724 1254 Quium·

60 1301 143 1373 gestit
165 1299 325 1368 ostendere,
351 1297 476 1370 quamtis
500 1299 529 1354 iu
551 1296 782 1355 ostentationibus
807 1295 864 1353 suis
918 1293 1145 1358 ticinumquem
1166 1284 1317 1342 monachos
1334 1284 1436 1357 probos
1452 1299 1503 1341 uec
1521 1283 1620 1339 morbo
1640 1299 1721 1339 ceuc-

56 1391 159 1449 Gliristi
174 1392 282 1448 invocet
300 1406 413 1460 nomeu,
432 1399 525 1446 tauien
538 1389 641 1445 alienus
653 1405 670 1445 a
683 1388 792 1446 Christo
809 1397 862 1458 est,
917 1382 1006 1440 doxiae
1025 1399 1124 1440 vacuos
1143 1383 1231 1441 nostri
1247 1383 1366 1455 majores
1383 1398 1442 1439 esse
1456 1381 1592 1450 dixerunt,
1615 1381 1661 1454 qui
1677 1396 1719 1438 sc·
1807 1461 1809 1465 Ι

61 1482 124 1557 quia
143 1483 303 1540 humilitatis
315 1483 484 1556 ‚magistrum
504 1480 619 1554 superba
637 1490 730 1537 mente
749 1496 806 1537 uon
819 1495 864 1537 se·
917 1480 1051 1552 metipsos
1066 1473 1079 1510 ¹³
1097 1479 1247 1536 exorcistas
1264 1494 1357 1536 coram
1371 1478 1527 1536 homiuibus
1545 1478 1719 1551 profitentur,

610 1622 740 1678 ALARDl
758 1622 872 1679 uxzAEt
891 1620 1171 1678 COMMENTARIUS.

62 1752 171 1806 minime
185 1750 395 1821 pertrahentur,
415 1750 588 1817 mortiterum
606 1749 713 1818 quidem
733 1739 773 1804 es‘t
792 1750 864 1818 quod
877 1753 901 1816 Β
916 1748 1043 1805 cietateni
1053 1747 1193 1820 justorum
1212 1755 1239 1803 et
1253 1746 1413 1815 impiorum,
1433 1744 1509 1802 bisce
1524 1745 1632 1802 duabus
1646 1746 1720 1803 notis

63 1821 167 1885 bibunt,
183 1823 289 1877 sednon
301 1824 338 1877 eis
349 1821 462 1876 nocebit.
477 1821 532 1887 Qui
541 1822 643 1889 quoties
651 1821 790 1890 prosimos
800 1834 863 1876 suos
916 1828 945 1876 ct
958 1819 1041 1874 veluti
1054 1819 1176 1885 tesseris,
1187 1817 1342 1874 bumilitate
1355 1825 1382 1874 et
1394 1817 1532 1889 superbia,
1546 1817 1719 1888 potissimum

62 1892 94 1946 in
106 1893 170 1946 beno
179 1894 402 1962 opmeintirmaii
411 1891 589 1960 conspicienti,
598 1890 707 1945 dumeis
719 1893 864 1946 totaoirtu-
914 1905 930 1946 a
944 1905 973 1945 se
989 1888 1105 1945 invicem
1120 1889 1258 1961 distingui.

63 1962 485 2030 teconcnnunt,cteacmplosuoe
495 1961 864 2030 operationisillorumuitam
949 1954 1126 2030 ¹’'E’topnitu,
1145 1960 1238 2024 idest,
1258 1958 1362 2030 adjuro.
1383 1958 1467 2016 Unde
1481 1958 1622 2014 exorcistae
1640 1957 1718 2029 adju·

62 2032 191 2085 roborant
210 2034 319 2100 :quiin
327 2034 441 2101 propria
452 2033 553 2085 actione
564 2031 695 2095 titubant,
708 2032 775 2101 quid
786 2033 864 2087 aliud
914 2038 1027 2101 ratores,
1043 2031 1090 2103 qui
1111 2030 1269 2086 immundos
1287 2030 1399 2100 spiritus
1413 2045 1445 2086 ei
1461 2029 1579 2086 obsessis
1593 2044 1640 2085 seu
1655 2044 1718 2100 pos·

61 2102 179 2168 factum,
199 2103 254 2157 nisi
269 2116 349 2171 super
367 2117 450 2170 apros
465 2116 562 2156 nunus
579 2103 730 2170 imponunt,
752 2107 783 2157 ut
801 2102 864 2158 beru
914 2102 995 2159 sessis
1013 2101 1173 2172 corporibus
1188 2115 1237 2171 per
1249 2116 1351 2156 nomeu
1371 2100 1484 2155 Domini
1503 2098 1655 2170 adjurando
1669 2115 1719 2155 ex-

62 2172 201 2226 babeaut?
220 2174 284 2240 Qua
295 2174 425 2226 nimirum
442 2172 583 2234 miracula,
601 2177 703 2242 quanto
715 2174 862 2243 spiritalia,
933 2173 1028 2227 ellunt.
1046 2176 1088 2228 De
1106 2170 1206 2241 quibus
1220 2174 1254 2227 D.
1275 2172 1443 2243 Augustinus
1457 2170 1505 2225 lib.
1523 2186 1544 2226 x
1555 2170 1590 2226 de
1603 2169 1717 2225 Ciuitate

61 2246 139 2298 tanto
152 2243 264 2297 meliora
275 2248 348 2305 suut,
363 2248 465 2313 quanto
481 2258 530 2314 per
543 2244 598 2297 bec
610 2257 664 2298 non
677 2258 798 2313 corpora
816 2244 864 2299 sed
914 2187 990 2314 ἴση).
1006 2247 1052 2309 22)
1068 2263 1074 2296 :
1095 2246 1176 2305 Vera,
1192 2241 1288 2313 iuquit,
1301 2243 1402 2313 pietate
1416 2242 1535 2297 domines
1548 2242 1599 2296 Dei
1611 2256 1716 2295 ameum

61 2315 161 2368 anime
171 2316 348 2369 suscitantur.
362 2315 529 2384 lloec'ltaque
541 2314 628 2382 siqua,
643 2314 746 2381 (ratres
761 2314 863 2369 charu-
912 2313 1717 2384 potestatemimmicum,controriamqucpietutieaiorcizando

61 2385 134 2447 muti,
149 2389 256 2439 auctore
270 2387 332 2447 Deo,
345 2387 372 2439 si
380 2385 474 2452 cultis,
489 2386 592 2453 (antu.
608 2387 652 2441 Eu
665 2385 722 2438 illis
733 2386 803 2439 enim
813 2400 862 2439 eai-
913 2384 1034 2454 ejiciunt,
1047 2400 1101 2440 non
1113 2384 1257 2455 placando.
1280 2385 1339 2439 Hoc
1356 2383 1502 2455 signiticari
1518 2381 1586 2439 dicit
1605 2382 1716 2438 Dillio·

61 2456 205 2509 tertoribus
215 2457 302 2524 sipiiis
312 2456 429 2509 obtineri
440 2458 498 2510 nita
511 2455 546 2508 ab
554 2455 609 2509 neec
624 2455 797 2524 operantibus
810 2470 863 2510 non
913 2470 1047 2527 ronymus
1071 2470 1119 2524 per
1141 2453 1275 2511 infantem
1299 2454 1376 2509 illum
1400 2454 1446 2525 qui
1470 2452 1544 2523 apud
1564 2453 1664 2509 isaiam
1682 2453 1716 2510 de

59 2526 142 2580 balet.
166 2527 234 2583 Nam
254 2528 403 2596 corporalia
423 2527 475 2580 illa
495 2526 628 2580 miracula
646 2525 789 2580 ostendunt
808 2527 862 2580 ali·
913 2523 1050 2582 t‘oramiue
1062 2535 1147 2608 petrae
1159 2524 1303 2581 colubrum
1316 2523 1511 2581 manueducit.
1525 2526 1610 2580 Porro
1623 2531 1716 2579 notau-

60 2597 171 2666 quando
182 2598 361 2659 sanctitatem,
375 2596 422 2651 secl
433 2612 486 2652 uon
497 2597 613 2664 faciunt.
630 2598 692 2651 lloec
705 2611 766 2651 uero
817 2599 862 2651 ‘ri-
913 2594 981 2652 dum
992 2597 1051 2667 jam
1064 2595 1126 2651 inde
1144 2594 1178 2650 ab
1198 2596 1275 2651 initio
1296 2595 1435 2666 duplicem
1455 2595 1482 2650 in
1497 2594 1617 2650 Ecclesia
1632 2592 1716 2650 tuisse

60 2667 139 2730 talia,
149 2669 325 2737 quatientia
335 2672 430 2730 mente,
441 2668 637 2722 uirtutemm'toe
646 2683 699 2721 non
708 2610 861 2731 cerumar,
913 2674 1079 2738 potestatem
1092 2665 1207 2737 pellendi
1223 2664 1378 2732 daemones,
1396 2674 1423 2721 et
1438 2665 1552 2735 proinde
1566 2664 1621 2720 duo
1635 2680 1714 2720 exor-

58 2736 109 2793 scd
122 2739 237 2806 famant.
253 2740 304 2794 illa
322 2738 418 2793 trabem
432 2744 458 2793 et
472 2738 542 2792 mali
549 2741 664 2808 possum
678 2740 760 2793 :uns
771 2743 862 2793 antem
915 2737 1045 2793 cistarum
1060 2750 1158 2809 genera
1173 2756 1180 2792 ι
1193 2736 1308 2792 alteram
1323 2735 1389 2792 solis
1403 2736 1508 2792 clericis
1524 2751 1572 2790 seu
1589 2734 1715 2790 eeclesia·

55 2809 170 2879 putrui
186 2811 242 2863 nisi
260 2809 322 2864 boni
337 2825 391 2864 non
404 2812 527 2879 possunt.
549 2808 637 2866 Nolite
657 2823 729 2877 erqo,
749 2810 861 2874 trenes,
915 2807 990 2863 stieis
1015 2808 1137 2878 personis
1161 2808 1410 2874 communicatam,
1433 2821 1481 2877 per
1507 2805 1717 2861 ecclesiasticam

10 2870 14 2893 '
57 2893 152 2934 amare
161 2882 241 2947 siqua
253 2896 313 2949 que
321 2884 436 2949 possunt
445 2896 504 2935 cum
515 2879 636 2948 reprobis
645 2879 741 2933 liabcri
748 2894 861 2933 commu·
915 2876 1038 2934 videlicet
1055 2878 1261 2933 ordinationem
1277 2896 1283 2932 :
1300 2877 1371 2933 unde
1387 2877 1459 2933 iuter
1472 2876 1593 2932 minores
1606 2875 1717 2933 ordines

57 2949 120 3009 nia,
132 2948 178 3001 sed
192 2950 246 3001 liaec
258 2964 317 3016 quoe
330 2950 408 3003 modo
420 2950 550 3010 dirimis,
562 2950 702 3004 claritatis
715 2954 795 3019 atque
804 2952 862 3020 pie·
916 2948 1013 3005 tertius
1034 2947 1136 3005 dicitur
1149 2948 1358 3011 exorcistarum,
1381 2947 1450 3004 ordo
1469 2963 1535 3003 sane
1554 2946 1668 3002 celebris
1688 2955 1716 3004 et

59 3018 862 3089 tati'smiranilaamate,qucstantosecuriorasunt,quonto
916 3019 1019 3090 passim
1036 3019 1109 3090 apud
1129 3021 1224 3075 Patres
1237 3017 1408 3085 decantatus,
1424 3034 1456 3074 ex
1478 3033 1534 3100 quo
1551 3018 1632 3073 etiam
1653 3016 1715 3074 tidei

58 3089 174 3150 condia,
190 3087 260 3142 etde
273 3088 370 3156 quibus
384 3088 460 3158 apud
471 3089 613 3144 Dominum
627 3090 755 3158 eomajor
766 3091 802 3144 sit
816 3105 862 3144 re·
916 3099 1020 3146 nostrae
1052 3089 1192 3146 vanuum
1225 3096 1322 3144 eontra
1354 3089 1524 3145 adversarios
1558 3089 1716 3160 frequenter

58 3158 186 3221 tributio,
199 3158 272 3227 quod
284 3158 358 3239 apud
372 3159 488 3214 domines
502 3159 589 3213 minor
600 3162 639 3214 est
646 3159 741 3226 alarin.
756 3161 863 3217 liunus·
877 3134 900 3198 C
916 3168 1052 3228 astruunt,
1065 3169 1096 3216 ut
1107 3162 1230 3216 lustinus
1242 3161 1268 3215 iu
1283 3159 1397 3232 Dialogo
1411 3176 1475 3215 cum
1484 3160 1639 3231 Tryphone,
1651 3162 1717 3215 Ter-

58 3244 115 3302 que
130 3231 166 3282 D.
183 3229 343 3300 Gregorius.
915 3230 1046 3287 tullianus
1066 3229 1101 3287 ad
1127 3231 1286 3302 Scapulam,
1312 3231 1470 3286 Lactmtius
1495 3231 1542 3285 lib.
1571 3245 1595 3287 it
1622 3229 1713 3286 Diviu.

98 3299 193 3354 'Tria
210 3298 369 3355 humilitatis
387 3298 491 3370 elogia,
509 3313 595 3370 eaque
613 3298 750 3371 praecipua
772 3299 864 3372 paucis
917 3303 1055 3367 Institut,
1087 3302 1239 3372 Cyprianus
1268 3301 1296 3355 in
1319 3301 1399 3369 epist.
1425 3300 1460 3355 ad
1490 3301 1713 3366 Demetrianum;

57 3369 151 3426 verbis
163 3369 322 3436 complexus
336 3378 397 3427 est:
416 3375 444 3426 t⁰
456 3368 530 3441 quod
542 3370 577 3425 sit
592 3379 678 3425 mater
690 3381 716 3426 et
731 3371 863 3443 magistra
916 3372 1029 3427 alteram
1044 3371 1127 3427 etiam
1139 3371 1212 3426 laicis
1226 3369 1392 3434 bominibus,
1406 3371 1463 3425 sive
1475 3370 1522 3441 qui
1536 3371 1610 3425 nullo
1622 3371 1716 3426 ordine

59 3440 189 3497 omnium
201 3440 343 3497 virtutum.
361 3444 402 3498 lta
415 3442 444 3497 S.
462 3440 610 3512 Gregorius
622 3455 701 3497 xxiii
716 3442 863 3498 Moralium
917 3441 1017 3498 initiati
1031 3449 1105 3511 sunt,
1117 3456 1295 3498 communem
1308 3459 1314 3495 ι
1326 3455 1388 3512 quae
1398 3440 1506 3512 quidem
1517 3439 1606 3496 adliuc
1616 3440 1716 3512 duplex

57 3512 137 3585 (cap.
155 3511 197 3583 1³)
210 3530 217 3565 :
234 3513 305 3568 Vera
319 3512 441 3567 electrina
452 3512 642 3576 bumilitatem,
657 3528 718 3582 qna
730 3516 863 3583 meqistra
917 3519 959 3569 est
978 3535 985 3570 :
1008 3513 1092 3571 altera
1108 3511 1253 3585 generalis,
1272 3513 1380 3584 qualem
1395 3513 1423 3567 iu
1442 3512 1508 3583 ipsis
1520 3511 1650 3568 Ecclesiae
1664 3513 1717 3584 pri-

59 3586 101 3639 est
110 3583 238 3651 omnium,
248 3587 388 3654 materque
398 3585 542 3644 uirtutum,
552 3586 577 3638 et
589 3584 719 3654 loquendo
727 3585 823 3649 dume,
837 3588 863 3640 et
916 3583 1033 3641 mordiis
1046 3593 1206 3640 consecutos
1223 3598 1281 3639 esse
1300 3590 1407 3638 constat
1421 3583 1563 3654 plerosque
1576 3582 1670 3639 tideles
1683 3599 1717 3640 ex

59 3654 174 3709 niumm
196 3659 306 3711 careatur
324 3655 473 3722 ostendum
494 3657 526 3709 nt
543 3670 601 3708 eam
620 3654 697 3724 apud
715 3656 861 3726 dismpulos
915 3654 960 3711 illa
979 3655 1095 3726 generali
1113 3654 1211 3713 Christi
1230 3655 1410 3726 promissione
1432 3673 1441 3710 .·
1461 3656 1546 3723 Siqua
1564 3659 1654 3709 autem
1674 3672 1715 3710 eas

59 3726 187 3780 ueritatis
203 3726 266 3796 pius
285 3727 408 3796 operibus
423 3742 506 3797 quam
522 3726 688 3780 sennonteus
708 3727 747 3782 clo
804 3731 858 3782 tur.
914 3726 1716 3796 quiueamertntiacscquentur:inmmtrumeouoemonta

59 3798 94 3850 2⁰
107 3794 187 3865 Quod
198 3796 234 3853 sit
245 3798 361 3853 coelestis
372 3805 400 3853 et
415 3795 563 3869 spiritualis
575 3795 686 3852 aediticii
699 3795 747 3852 iun
767 3813 861 3853 amen·
914 3798 1022 3868 ejicient
1035 3797 1129 3870 (Marc.
1143 3803 1208 3865 xvi)
1227 3814 1233 3850 :
1248 3812 1310 3868 qum
1323 3795 1428 3851 tamdiu
1442 3795 1471 3850 iu
1483 3794 1600 3849 Ecclesia
1621 3795 1715 3865 viguit,

60 3872 132 3922 tuin.
146 3870 186 3922 De
199 3883 254 3939 quo
266 3876 364 3937 praeter
375 3865 502 3935 alia-quae
512 3864 575 3918 aiibi
588 3866 762 3935 protulimus,
773 3867 859 3938 Chry·
914 3869 1044 3938 quamdiu
1059 3869 1093 3925 ad
1107 3869 1173 3925 fidei
1194 3867 1419 3939 propagationem
1434 3876 1462 3921 et
1478 3864 1715 3921 confirmationem

57 3945 200 3993 sostomus
220 3938 246 3991 iu
266 3936 396 3992 Genesim
412 3934 520 3998 (llomii.
544 3937 579 3986 et
595 3950 602 3986 :
626 3934 728 4002 Ubique
750 3936 859 3990 modum
913 3937 969 3992 visa
978 3948 1020 3994 est
1028 3940 1179 3994 necessaria
1191 3958 1197 3992 :
1210 3938 1282 3994 uude
1294 3946 1322 3994 et
1332 3936 1515 3994 Tertullianus
1526 3936 1621 3992 scribit
1632 3936 1715 3992 etiarn

57 4020 205 4068 armemus,
217 4014 240 4060 et
252 4008 326 4060 bonis
335 4005 458 4075 operibus
467 4003 568 4057 nostris
577 4002 767 4066 numilitatem,
780 4008 861 4073 quasi
913 4019 929 4060 a
941 4007 1074 4062 militibus
1084 4008 1225 4064 daemones
1234 4007 1317 4064 tuisse
1328 4008 1464 4076 erputsos,
1475 4017 1503 4062 et
1513 4016 1640 4077 parentes
1650 4007 1714 4062 soli·

55 4079 269 4148 mandamentum
279 4077 476 4137 substinemus,
485 4078 609 4127 utsecure
616 4073 728 4128 uirtutes
736 4089 861 4143 superea·
913 4082 957 4132 tos
966 4077 1119 4132 exorcizare
1129 4077 1199 4131 tilios
1208 4092 1273 4132 suos
1283 4078 1331 4149 (De
1341 4079 1400 4133 Cor.
1408 4078 1466 4131 mil.
1477 4093 1537 4146 cap.
1548 4083 1558 4131 t
1568 4083 1592 4141 t,
1602 4078 1635 4130 ile
1646 4077 1713 4132 ldol.

56 4153 165 4207 struere
182 4147 328 4200 ualeamus.
346 4145 439 4200 Virtus
455 4145 524 4198 enim
539 4158 592 4197 non
610 4147 659 4206 est,
678 4145 733 4199 nisi
750 4145 861 4214 coniun-
914 4161 972 4229 cup.
996 4151 1054 4214 it),
1070 4147 1123 4201 alia
1142 4146 1276 4217 specialis,
1297 4161 1358 4229 quae
1379 4146 1543 4272 quibusdam
1563 4147 1589 4201 in
1607 4146 1629 4201 si
1670 4163 1714 4202 uni

55 4224 132 4276 mani
144 4214 860 4282 trabentiumilitatem.Quiliacsundamcntumrecte
913 4217 1022 4273 eximiae
1044 4217 1209 4283 sanctitatis,
1235 4216 1277 4272 vel
1301 4233 1330 4272 iu
1356 4232 1381 4273 aa
1400 4216 1563 4273 iiicatiouem
1586 4217 1714 4275 Eccesiae

51 4290 164 4363 jecerit,
173 4289 272 4358 poterit
281 4289 443 4357 inquantum
451 4286 861 4343 uolueritaltitudincmstructu
914 4302 946 4343 ex
960 4287 1089 4359 peculiari
1104 4287 1177 4344 douo
1190 4287 1288 4344 collata
1300 4285 1367 4356 fuit3
1383 4287 1456 4360 quod
1474 4287 1577 4345 donum
1594 4292 1714 4361 Aposto-

53 4376 121 4417 ram
132 4362 256 4414 accitare.
268 4361 330 4414 Hac
339 4357 604 4429 estineapuqnabili‘s
614 4359 713 4424 turrice
722 4359 862 4415 ducemne
913 4357 957 4414 lus
971 4357 1041 4415 inter
1057 4359 1108 4415 alia
1121 4358 1193 4415 dona
1209 4359 1323 4430 Spiritus
1335 4359 1431 4427 sancti,
1445 4374 1493 4416 seu
1510 4360 1611 4429 gratias
1626 4360 1713 4434 gratio

55 4432 178 4488 eontinet
189 4430 343 4499 editicium,
358 4445 411 4484 non
424 4431 513 4484 sinens
526 4431 625 4500 ipsum,
638 4430 679 4484 uel
689 4445 707 4484 a
719 4434 860 4486 uentorum
913 4428 1008 4497 datas,
1029 4439 1059 4487 ut
1077 4429 1207 4498 diximus,
1224 4430 1275 4487 sub
1289 4430 1375 4503 gratia
1388 4429 1536 4487 sanitatum
1551 4440 1598 4487 aut
1613 4430 1712 4503 ope'ra-

53 4501 197 4565 oioleatiu,
211 4502 252 4555 uel
267 4501 440 4555 sisimbrium
454 4503 565 4570 impetu,
580 4501 621 4554 net
638 4517 656 4553 a
672 4503 817 4572 spirituum
830 4505 861 4558 ni
874 4521 899 4584 D
914 4501 990 4557 tione
1009 4502 1142 4558 virtutum
1163 4500 1370 4573 comprehendit
1383 4502 1406 4574 (Ι
1425 4503 1484 4559 tor.
1504 4509 1584 4570 xxii).
1609 4506 1670 4574 Quo
1686 4503 1713 4559 in

56 4572 144 4642 dejici
150 4591 158 4639 ;
176 4572 223 4626 sed
235 4574 356 4627 omnibus
376 4571 489 4626 insidiis
501 4573 664 4625 inaccessum
674 4573 744 4639 tacit
757 4577 783 4628 et
795 4575 860 4629 iniri·
913 4587 1012 4644 genere
1032 4572 1156 4629 maxime
1175 4574 1332 4631 claruerunt
1350 4572 1460 4645 plurimi
1479 4574 1564 4628 sancti
1587 4574 1709 4627 annalio-

54 4647 150 4705 crum,
166 4645 247 4713 quusi
259 4660 294 4698 ea
307 4644 452 4698 minante
466 4643 635 4696 oortstm'ctum
648 4647 723 4697 esset.
739 4646 776 4698 D.
796 4646 860 4700 Ber·
912 4653 989 4710 retae,
1005 4645 1131 4717 quamvis
1150 4643 1221 4713 laici,
1239 4646 1369 4712 nulloque
1383 4644 1480 4700 ordine
1497 4644 1599 4698 Decies.
1615 4656 1712 4696 couse-

54 4712 163 4771 nardus
173 4716 200 4768 iu
209 4713 501 4770 eamdemsenteutiam
512 4711 559 4767 lib.
571 4710 605 4767 de
615 4713 857 4770 Cousideratione:
913 4715 993 4781 crati,
1006 4723 1034 4772 et
1046 4716 1072 4771 in
1091 4716 1133 4771 bis
1147 4716 1295 4784 Antonius,
1315 4714 1416 4769 Paulus
1429 4713 1555 4782 simplex,
1574 4710 1706 4776 Hilariou,

54 4786 272 4843 Preticsissimus
288 4785 402 4850 fundus,
422 4785 504 4839 banus
520 4783 626 4851 {aridus
642 4788 691 4846 est,
710 4783 860 4849 inmittas,
915 4794 943 4841 et
955 4779 1010 4842 alii.
1022 4788 1101 4842 Tales
1111 4794 1192 4840 erant
1203 4786 1241 4840 ilii
1256 4783 1396 4848 monachi,
1406 4782 1439 4838 de
1449 4780 1602 4850 quibusliic
1613 4781 1712 4853 agitur,

51 4857 86 4913 in
103 4869 248 4924 quaomne
263 4854 404 4923 oedifinum
418 4856 561 4924 spirituale
572 4857 753 4909 constructum
767 4858 860 4911 crescit
914 4856 960 4929 qui
980 4857 1034 4912 boc
1053 4855 1127 4911 douo
1149 4863 1176 4910 et
1190 4855 1288 4909 virtute
1311 4852 1481 4908 exorcizandi
1496 4852 1530 4909 ad
1548 4853 1709 4909 ostentatio-

53 4926 230 4994 s'ntemplum
241 4928 363 4979 saiictum
372 4927 403 4978 in
411 4928 533 4981 Donino.
544 4931 574 4980 3⁰
584 4923 664 4994 Quod
676 4924 711 4981 sit
737 4925 860 4997 roprium
913 4942 978 4983 nem
1002 4934 1028 4982 et
1050 4927 1160 4981 inanem
1182 4925 1299 4996 gloriam
1324 4922 1439 4978 subiude
1462 4923 1659 4991 abutebantur;
1686 4935 1713 4982 et

52 5005 86 5054 et
102 4996 278 5067 magnificum
292 4994 396 5051 darium
412 4996 566 5052 Salvatoris.
583 4997 652 5052 iiiuc
664 4998 699 5051 D.
714 4941 862 5068 gregorius
914 4996 1111 5055 exorcistarum
1126 5011 1237 5063 munus,
1252 4995 1360 5051 tametsi
1378 4994 1447 5063 laici,
1461 5011 1554 5052 eoram
1572 4996 1630 5052 aliis
1646 5011 1712 5066 pro-

52 5067 862 5139 xxxivttoratium:omnianumilitamctriusertproptcr
915 5067 1071 5135 litebautur,
1087 5066 1213 5136 ultroque
1233 5066 1402 5133 exercebant,
1424 5075 1454 5122 ut
1468 5067 1624 5138 opinionem
1645 5081 1712 5140 seu-

53 5154 146 5213 qinom
152 5140 235 5193 solum
241 5140 370 5194 umacier
377 5138 534 5201 docendam,
541 5140 682 5208 isquirine
688 5140 862 5195 aestimatione
914 5140 1015 5196 utitatis
1029 5146 1211 5196 venarentur:
1230 5154 1397 5210 quamquam
1412 5137 1479 5193 nihil
1494 5147 1565 5193 vetat
1578 5135 1712 5209 quosdam

51 5224 176 5278 maanus
191 5215 239 5273 est,
254 5227 338 5282 usqne
349 5210 386 5265 ad
394 5212 546 5281 passionem
556 5211 644 5276 sacac
657 5214 696 5264 est
705 5225 820 5282 paruus,
833 5219 862 5266 et
914 5225 947 5266 ex
966 5211 1033 5282 ipsis
1049 5208 1135 5267 tuisse
1149 5209 1261 5271 elericos
1273 5219 1301 5265 et
1316 5208 1456 5265 ordinibus
1469 5209 1604 5273 initiatos;
1619 5222 1712 5263 cume

52 5295 122 5352 cap.
142 5281 263 5353 sequenti
279 5299 286 5335 :
302 5283 378 5338 Sicut
389 5281 618 5336 euidentissimum
631 5283 806 5351 reproborum
821 5284 861 5337 si·
915 5279 1023 5338 diverso
1041 5282 1090 5338 viri
1106 5280 1193 5338 sancti
1221 5290 1251 5337 ut
1269 5280 1373 5336 dictum
1390 5288 1441 5346 est,
1464 5281 1518 5336 lion
1532 5279 1653 5335 maxime
1666 5294 1710 5334 re·

52 5368 149 5483 aum
162 5353 287 5423 superbia
303 5357 351 5416 est,
369 5355 409 5408 ita
428 5358 534 5409 econtra
552 5352 692 5408 liumiii'tas
709 5355 859 5410 electarum.
915 5351 1041 5425 lugerent
1054 5353 1105 5409 nisi
1119 5353 1159 5409 vel
1176 5322 1317 5419 abaritate,
1332 5351 1374 5407 vei
1391 5352 1561 5424 precantium
1575 5351 1710 5420 importu-

100 5439 129 5477 m
143 5438 206 5492 erqa
224 5440 307 5494 quain
320 5426 434 5494 quisque
445 5425 542 5480 babeat
555 5426 731 5494 cognoscitur,
743 5426 794 5481 sub
806 5441 860 5496 quo
914 5424 1000 5480 nitate
1018 5424 1118 5488 coacti,
1133 5424 1169 5480 ob
1184 5440 1279 5481 causas
1298 5438 1379 5495 supra
1401 5422 1548 5492 explicatas
1571 5423 1649 5490 (Gap.
1672 5422 1709 5494 2).

52 5496 227 5564 repemilitet
237 5497 383 5551 inuenitur.
400 5498 591 5567 Unusquisque
599 5497 670 5551 enim
678 5498 759 5566 quasi
771 5511 861 5565 quem-
914 5496 955 5551 lta
964 5502 1075 5551 sauctus
1086 5495 1249 5551 Benedictus
1259 5507 1469 5566 energumenam
1480 5492 1513 5547 ad
1525 5508 1553 5548 se
1565 5492 1713 5549 adductam

53 5565 126 5623 dem
145 5567 253 5620 titulum
271 5570 364 5636 portat
381 5568 476 5637 operis,
498 5582 551 5638 quo
573 5569 654 5637 (amic
671 5567 793 5622 ostendat
810 5567 859 5622 sub
914 5565 948 5623 ad
971 5569 1000 5624 S.
1022 5566 1179 5637 Remigium
1200 5565 1316 5630 remisit,
1336 5573 1367 5621 ut
1385 5563 1481 5619 scribit
1499 5565 1663 5621 Hiucmarus
1683 5565 1712 5621 iu

55 5635 140 5708 cuijus
154 5640 252 5692 saciet
261 5641 395 5708 potestate
405 5640 526 5693 rectoris.
542 5637 645 5694 Similia
660 5638 743 5695 liabet
755 5640 790 5693 D.
805 5641 862 5694 Au·
914 5636 997 5711 hujus
1009 5639 1079 5695 liita.
1094 5637 1139 5694 Sic
1152 5638 1179 5693 S.
1196 5636 1360 5693 Laurentius
1370 5637 1387 5692 J
1390 5635 1550 5704 ustiniauus,
1562 5636 1713 5709 patriarcba

55 5707 187 5837 ffixsu'uus
210 5724 265 5764 xiv
283 5709 318 5764 de
337 5709 450 5765 Ciritme
476 5707 524 5766 Dei
546 5708 621 5781 (cap.
644 5710 694 5777 tel,
714 5708 760 5767 ubi
782 5708 862 5766 docet
914 5710 1045 5780 Venetus,
1059 5716 1211 5794 rogatusut
1223 5707 1711 5780 daemouemamuliereexpelteret:

80 5792 131 5834 uas
151 5778 285 5849 civitates,
299 5778 352 5837 Dei
367 5778 492 5839 videlicet
511 5787 539 5837 et
552 5779 663 5851 diaboli,
677 5782 730 5839 boc
745 5789 796 5853 est,
815 5796 861 5838 so·
915 5782 954 5841 m
969 5784 1080 5855 petatis,
1095 5781 1195 5855 iuquit,
1210 5797 1291 5846 amc,
1306 5782 1378 5852 quod
1388 5784 1520 5853 prestare
1531 5795 1585 5835 iren
1595 5790 1712 5848 possum.
