3848 6158
148 318 201 373 397
316 286 318 293 .
425 320 470 374 DE
489 319 726 382 coen'oelotttllt
746 327 870 386 insutu.
891 329 954 385 tls.
975 330 1020 385 tll.
1038 355 1074 370 -
1093 329 1137 383 DE
1155 326 1289 384 srlllltb
1310 328 1528 386 CENODOXlAE.
1750 304 1801 391 b98

146 444 239 518 Moysi
249 444 375 502 omnium
387 454 546 505 sanctorum
556 465 666 509 summo
679 451 808 512 dixissem
816 470 861 513 me
872 456 949 528 argri-
962 459 989 523 Α
1004 454 1039 512 de
1061 454 1192 512 conllictu
1217 463 1379 527 superatum
1411 456 1535 529 protinus
1567 455 1702 530 aufugisse
1733 473 1801 515 con-

145 539 243 598 tudiue
257 539 360 598 acediae
380 539 508 599 hesterno
526 543 570 600 die
589 546 748 617 grauissime
771 547 857 607 tuisse
880 565 949 606 con-
1003 548 1109 620 spexit:
1136 546 1187 604 nisi
1210 546 1246 604 de
1276 556 1386 620 caetero,
1415 550 1564 607 commissa
1596 551 1800 624 congressione,

147 632 264 703 fectum,
288 649 339 690 nec
358 633 395 690 ab
415 650 447 692 ca
468 636 592 708 potuisse
614 637 681 696 alias
703 640 824 711 liberari,
849 641 899 698 nisi
914 641 948 700 ad
1002 657 1057 698 non
1072 641 1226 700 desertione
1239 643 1324 711 cellar,
1337 644 1378 701 vel
1399 644 1489 702 somni
1504 652 1625 717 torpore,
1644 645 1800 719 ingruentes

146 727 275 786 abbatem
289 727 405 785 Paulum
418 731 543 802 protinus
554 733 755 803 cucurrissem3
769 735 825 806 ille,
837 737 899 792 Non
909 743 946 806 te,
981 744 1083 793 ·aestus
1093 736 1152 808 ejus
1159 734 1193 792 ad
1208 736 1305 793 homnr
1318 738 1464 811 evaporare
1474 740 1614 809 malueris,
1627 739 1799 799 sedtoleran·

146 822 194 891 ait,
213 821 249 879 ab
260 838 291 880 ea
306 822 445 892 liberasti;
459 823 507 881 sed
521 825 610 897 magis
620 827 643 883 ei
658 837 685 885 te
697 828 820 886 deditum
833 846 865 888 ac
878 830 948 888 sub·
1000 829 1037 887 tia
1050 831 1140 902 potius
1150 838 1177 887 et
1189 830 1318 888 conllietu
1332 830 1457 890 didiceris
1468 831 1645 905 triumphare.
1657 832 1738 891 Unde
1749 849 1800 890 er·

146 915 235 974 dinam
251 915 402 990 praelruisti.
421 917 537 974 Gravius
550 919 622 975 enim
638 930 674 991 te,
691 929 721 977 ut
734 921 901 979 desertorem
915 939 947 980 ac
1000 923 1150 995 perimente
1158 923 1304 996 probatum
1317 926 1485 983 estracediae
1495 926 1729 999 impugnationem
1741 943 1797 984 non

145 1008 308 1084 fugitivum,
328 1008 455 1083 deinceps
480 1010 642 1069 adversariis
663 1013 842 1087 impugnabit,
864 1031 946 1088 quem
999 1014 1160 1074 declinando
1180 1015 1351 1089 fugiendam,
1366 1017 1413 1075 sed
1433 1018 1583 1077 resistendo
1605 1021 1795 1093 superandam.

696 1140 821 1197 autent
840 1141 953 1197 GAZAEl
971 1141 1247 1199 conuenientes

146 1254 279 1310 ctoritate
286 1253 430 1325 praeditus.
445 1257 536 1325 Atque
551 1252 626 1310 hunc
642 1256 766 1329 Moysen,
780 1271 837 1313 non
851 1256 945 1326 alium,
996 1273 1121 1329 purpnare
1133 1257 1307 1326 lassitudine,
1319 1258 1482 1322 sedenibus,
1494 1263 1526 1314 ut
1538 1260 1757 1331 superpatietern
1770 1278 1797 1320 se

146 1323 200 1381 troc
217 1324 279 1381 loco
296 1324 480 1454 designatum,
494 1325 659 1407 utcredam,
678 1326 721 1383 his
733 1327 885 1385 rationibus
899 1336 947 1384 aut
999 1331 1137 1393 recitarent,
1145 1329 1317 1399 persuadere.
1332 1332 1506 1388 Vr'nciatur·et
1516 1331 1724 1401 bictpronnuso
1733 1349 1797 1403 pec·

145 1396 310 1468 conjecturis
330 1412 346 1452 a
365 1396 467 1455 ducor:
492 1412 612 1468 primum
635 1397 709 1468 quod
728 1398 808 1469 paulo
821 1400 947 1470 superius
999 1403 1263 1465 cotornmrnemerin,
1272 1402 1514 1473 credaturabopere
1524 1418 1661 1467 manuum,
1669 1405 1798 1460 trabatur

146 1467 222 1538 (Cap.
237 1472 294 1536 ²2),
312 1466 347 1524 de
363 1466 504 1524 monachis
518 1467 614 1540 Libyae
628 1469 769 1540 speciatim
787 1469 947 1526 meminerit
999 1474 1182 1540 afuturorum
1195 1473 1320 1528 bonorum
1329 1476 1433 1528 interno
1443 1476 1611 1543 mediatione,
1622 1475 1796 1545 adstonsque,

144 1543 262 1606 Auctor,
277 1539 355 1612 quasi
369 1538 403 1596 de
421 1537 464 1594 liis
477 1538 649 1611 peculiariter
662 1547 789 1609 acturus,
809 1549 870 1597 tum
882 1542 944 1613 quia
998 1547 1030 1599 ut
1045 1546 1172 1606 conuenit,
1188 1546 1390 1613 interrogetur:
1407 1548 1456 1602 liic
1471 1546 1558 1608 nobis,
1570 1561 1584 1600 o
1597 1551 1636 1610 tu,
1651 1550 1757 1602 remisso
1772 1554 1797 1603 et

145 1609 237 1666 collat.
251 1616 267 1664 7
280 1626 305 1667 c.
317 1615 353 1667 tt
368 1604 483 1682 Moysen
493 1626 558 1667 cum
569 1608 653 1666 Paulo
665 1610 711 1668 illo
723 1610 831 1678 abbate,
845 1611 944 1685 dequo
998 1613 1135 1678 dissolute,
1147 1617 1208 1684 ques
1216 1620 1241 1671 te
1250 1616 1430 1685 nebegenuit,
1442 1621 1490 1672 aut
1502 1619 1552 1687 qui
1559 1622 1732 1687 surrtuepotes
1743 1622 1794 1682 turi,

145 1695 227 1752 supra
244 1681 318 1752 (Gap.
340 1679 398 1752 tt),
422 1689 453 1737 ut
466 1680 554 1738 eidem
575 1690 714 1739 eoaetaneo
733 1681 838 1764 sibique
848 1682 944 1740 itidem
998 1687 1076 1755 quine
1088 1689 1113 1739 te
1125 1690 1322 1756 oppugnantes,
1333 1687 1374 1743 uei
1385 1689 1796 1757 quesitintersectortuusillle

145 1759 385 1824 contemporaneo,
411 1751 448 1808 ita
464 1753 606 1825 conjungit
619 1752 711 1810 diceus
725 1773 730 1808 :
752 1756 833 1824 Cusus
845 1757 886 1809 rei
895 1772 944 1811 no-
996 1771 1057 1812 cero
1070 1759 1305 1826 percunctantibus
1317 1760 1359 1812 ita
1369 1759 1548 1828 respoudeat:
1563 1760 1617 1826 Qui
1626 1748 1797 1829 miba'perso

145 1826 384 1895 deusquoqnetcm
442 1825 447 1837 ⁴
502 1827 569 1881 satis
579 1825 944 1896 euiderrscorrtr'pitetaperta
997 1827 1125 1882 titudinis
1134 1829 1248 1898 quietem
1261 1829 1368 1892 cedunt,
1380 1845 1440 1884 eum
1449 1830 1491 1884 lris
1500 1845 1556 1884 uno
1565 1829 1643 1898 daeo.
1655 1833 1686 1886 ln
1695 1831 1737 1885 bis
1748 1848 1796 1886 aar·

143 1895 278 1964 probctio,
299 1898 329 1951 in
341 1896 376 1950 ub
412 1899 437 1951 te
450 1897 534 1951 Panlo
548 1902 573 1951 et
594 1900 693 1965 Mopse,
713 1899 762 1979 qui
782 1898 945 1954 babitabant
998 1902 1050 1953 tem
1062 1901 1111 1969 qui
1123 1915 1183 1953 uere
1195 1898 1344 1954 obedientes
1355 1907 1431 1964 suunt,
1444 1917 1497 1955 non
1514 1900 1596 1956 babeo
1607 1902 1655 1956 ubi
1668 1906 1747 1971 coput
1755 1919 1796 1958 re·

145 1967 230 2022 locum
238 1967 492 2037 bmmsolitudinis,
502 1975 573 2034 etc.;
586 1974 646 2022 tum
657 1965 777 2040 demque
808 1967 942 2026 uiaetiam
997 1970 1101 2024 clinem.
1124 1970 1188 2036 Quia
1215 1971 1283 2024 milri
1308 1985 1403 2026 nemen
1425 1971 1556 2026 dederunt
1578 1973 1705 2042 piurima
1722 1979 1793 2029 sunt.

145 2036 317 2094 sozomenus
342 2037 559 2118 Moysen-illum
585 2037 722 2119 Libycum
740 1984 823 2096 Penio
850 2038 941 2096 abbati
997 2041 1136 2096 Interdum
1149 2043 1218 2096 caim
1231 2041 1543 2104 imonibditasanimm
1559 2043 1793 2112 quondopueeero
1880 2103 1882 2108 ,

144 2121 159 2162 s
196 2106 332 2165 chranum
344 2116 371 2166 et
383 2117 553 2165 coaetaneum
565 2107 641 2178 facul,
656 2119 759 2167 etcum
775 2110 836 2166 aliis
851 2126 943 2167 mona
957 2096 981 2159 Β
994 2113 1218 2167 imminuamus
1228 2110 1352 2181 quadam
1366 2116 1446 2181 atque
1456 2112 1550 2166 oblivio
1563 2113 1716 2174 celestium,
1727 2130 1796 2168 norr-

181 2178 187 2190 '
212 2178 941 2253 Libyaemmponit.lithnicquidembloysitribuenda
993 2183 1502 2252 numpucmetiamimmensolaborum
1514 2183 1680 2251 magnitudo.
1692 2183 1795 2253 stirpes

146 2248 232 2304 etiam
245 2249 449 2321 uideturprimo
462 2253 576 2316 collatio,
593 2268 653 2322 pute
667 2256 707 2308 cst
719 2253 753 2308 de
766 2255 889 2308 monachi
898 2255 941 2309 in·
993 2269 1053 2309 uero
1064 2270 1127 2309 meon
1136 2254 1252 2310 locorum
1265 2255 1426 2308 mutationes
1436 2259 1509 2320 sunt,
1525 2269 1585 2323 quie
1596 2269 1697 2308 mecum
1705 2258 1794 2380 ffunt:

147 2323 266 2376 tentione
276 2337 308 2377 ac
320 2325 382 2393 fine,
395 2327 421 2378 et
432 2324 546 2379 secunde
558 2324 592 2378 de
604 2323 771 2379 discretione.
992 2325 1170 2381 inobedientia
1183 2325 1338 2396 spiritualis
1350 2327 1450 2396 patris,
1465 2327 1559 2393 (uiuri
1568 2325 1673 2394 judicii
1688 2342 1703 2380 o
1721 2326 1794 2392 lirin,

181 2391 281 2447 ³Huic
290 2393 432 2450 sententiae
444 2393 605 2466 astipulatur
616 2403 644 2451 et
656 2397 692 2451 D.
713 2394 844 2464 Thomas,
860 2411 941 2452 eam·
993 2412 1196 2466 nonnumquam
1205 2412 1266 2452 nero
1278 2398 1358 2452 etiem
1370 2393 1546 2467 professionis
1554 2396 1699 2452 derelictio.
1712 2400 1794 2452 Porro

145 2477 197 2535 que
221 2462 317 2534 insigni
337 2465 533 2522 commentario
556 2467 593 2522 ita
616 2466 744 2537 explanat
760 2470 830 2533 (2·2,
846 2483 873 2537 p.
894 2472 938 2532 35,
995 2467 1795 2539 aduersariremeoe,aquibusnuncninctusteneor,psalmo-

146 2537 200 2589 art.
217 2539 262 2601 ¹)··
274 2537 413 2591 Peccatum
429 2544 533 2608 semper
547 2542 587 2592 ost
606 2538 777 2607 iupierrdurn,
796 2539 941 2594 secundum
993 2539 1041 2595 dia
1052 2541 1261 2610 operimonnum
1271 2538 1419 2609 corpunctc,
1432 2541 1575 2619 memeque
1582 2542 1719 2595 memoria.
1732 2541 1795 2607 Quae

145 2605 215 2661 iliud
226 2607 409 2662 Ecclesiasticr‘
416 2622 487 2664 m:
502 2609 587 2676 Quasi
595 2624 613 2663 o
621 2610 692 2676 lane
700 2609 802 2664 colubri
811 2611 877 2678 stipe
884 2626 940 2681 pec
993 2625 1054 2665 nero
1068 2626 1110 2664 me
1119 2612 1228 2680 penitus
1240 2614 1326 2677 necin,
1337 2611 1423 2664 oratio
1435 2614 1473 2665 eet
1487 2611 1618 2679 adjuncta
1637 2611 1794 2677 futurorum

145 2679 941 2750 cotum·sedimpupuotrirpeccutiquandoqucestoincendu
995 2680 1123 2736 bonorum
1143 2683 1304 2751 pbmissimoe
1322 2681 1388 2751 spei.
1406 2681 1447 2736 lta
1466 2679 1614 2737 climacus.
1635 2680 1747 2736 Accedit
1768 2691 1795 2738 ct

144 2749 282 2817 luctando,
303 2750 464 2820 quandoque
482 2752 649 2806 rosistmdo:
668 2751 799 2820 {rupendo
819 2752 938 2822 quidem,
994 2750 1151 2808 Bernardus
1171 2751 1199 2807 in
1222 2766 1348 2808 sermone
1370 2756 1402 2807 12
1423 2766 1506 2824 super
1526 2751 1652 2809 candoe:
1674 2752 1739 2808 Corn
1758 2756 1793 2815 te,
1883 2768 1887 2773 ’

145 2821 252 2889 medo
271 2823 396 2876 continua
415 2823 542 2890 cogitatio
560 2827 641 2891 auget
674 2825 757 2878 monti
768 2824 938 2888 inseruitum,
994 2820 1092 2894 inquit,
1117 2827 1231 2893 torpore,
1253 2823 1358 2889 acedia,
1378 2823 1420 2876 cel
1438 2823 1516 2879 toedio
1536 2824 1607 2891 affici
1624 2825 1718 2885 sentis,
1740 2824 1797 2877 noli

144 2893 212 2946 suut
225 2895 266 2947 est
279 2893 393 2947 iurantia
405 2911 413 2946 :
426 2894 497 2947 unde
508 2892 629 2949 deciturl
664 2909 702 2949 or.
714 2908 746 2950 vr
757 2913 765 2948 :
776 2896 871 2963 Fugite
884 2896 941 2962 sor·
992 2898 1104 2964 propte-r
1118 2909 1149 2948 ee
1158 2893 1295 2963 diffidere,
1308 2897 1357 2948 aut
1371 2893 1497 2949 desistam
1515 2911 1534 2949 o
1546 2894 1636 2949 studio
1643 2894 1793 2965 spirituali,

143 2963 304 3019 amotionem
313 2982 320 3030 ;
330 2964 476 3020 resmtendo
486 2968 585 3028 eutem,
599 2966 707 3035 punrrdo
718 2967 844 3036 cogitatio
853 2982 941 3035 perse·
993 2964 1039 3020 sed
1047 2964 1173 3034 juvantes
1189 2967 1295 3035 require
1306 2980 1427 3034 mortum,
1441 2965 1515 3019 trabi
1523 2969 1548 3019 te
1557 2966 1705 3032 obsecrans
1717 2979 1796 3035 sporu-

144 3048 241 3089 emaus
250 3036 321 3090 tollit
334 3037 494 3091 incendiorum
500 3039 613 3106 peccati,
627 3036 698 3106 quod
709 3039 873 3107 prouenitcar
888 3038 940 3092 oli·
993 3049 1030 3091 soe
1052 3036 1187 3106 exemptor
1215 3035 1296 3092 donec
1317 3035 1403 3091 denuo
1426 3037 1572 3091 suscitomc
1593 3038 1683 3104 prona
1703 3037 1794 3103 scotus

144 3120 200 3175 quo
221 3107 274 3161 leui
297 3108 518 3177 apprcberrsione3
539 3110 565 3162 ct
583 3107 630 3162 boo
644 3110 774 3176 contingit
786 3109 816 3162 in
835 3108 939 3172 acedia,
991 3108 1153 3177 promptior,
1165 3106 1334 3176 alacriorque
1343 3122 1448 3170 currus,
1459 3108 1581 3162 etdmns:
1595 3108 1675 3162 Viam
1684 3107 1794 3162 monde

142 3178 327 3247 quinquertio
343 3180 432 3247 magis
446 3179 592 3247 cogitamus
607 3178 726 3233 debonis
739 3179 940 3248 spiritualibus,
995 3183 1084 3233 torum
1094 3181 1199 3233 tuorum
1214 3181 1329 3247 cucurri,
1340 3194 1400 3234 cum
1412 3178 1538 3234 dilatasti
1552 3193 1595 3234 cor
1606 3193 1693 3233 meum
1709 3179 1792 3245 (Psol.

141 3251 321 3316 tontomogis
334 3251 410 3304 nobis
420 3249 557 3320 placentin
568 3249 729 3312 redduntur,
741 3265 776 3303 ear
794 3264 845 3318 quo
858 3252 942 3304 cessat
995 3251 1103 3313 cretur)
1126 3248 1244 3303 Etelibi:
1259 3249 1328 3303 Cum
1337 3251 1486 3318 intemperie,
1498 3251 1612 3304 tristitia
1622 3249 1745 3319 implebit
1752 3265 1795 3304 cor

140 3320 250 3375 aceriid
262 3321 326 3375 ltaec
336 3321 364 3375 S.
376 3322 507 3376 Tlromas.
517 3319 590 3375 Huic
600 3319 735 3377 doctrinae
748 3317 942 3375 acceditiuan·
995 3323 1086 3384 tuum;
1101 3319 1147 3373 sed
1157 3321 1182 3374 si
1192 3322 1382 3389 perseveraris,
1394 3321 1510 3374 tristitia
1523 3325 1571 3375 tua
1586 3323 1752 3376 concertetur
1765 3323 1794 3375 in

140 3405 191 3446 nes
217 3390 361 3455 climacus,
385 3391 429 3447 ubi
455 3390 489 3447 de
503 3390 596 3446 acedia
620 3389 729 3447 disserit
750 3390 856 3458 (Gradu
875 3391 939 3516 lig:
995 3389 1137 3460 goudium.
1154 3391 1226 3445 lunc
1243 3392 1313 3445 mrim
1322 3391 1488 3460 purgabitur
1499 3391 1622 3461 affectus,
1633 3395 1660 3447 et
1670 3393 1793 3447 uoluntas

141 3462 262 3545 Accdria,
277 3461 374 3534 iuquit,
384 3462 906 3546 maaimeternporeoioierrtielucent.Ni
924 3463 944 3517 it
961 3461 1235 3544 Crenouabitumrel
1241 3462 1334 3545 potius
1343 3477 1412 3544 nouo
1422 3462 1575 3546 creabitars
1587 3466 1618 3517 ut
1631 3465 1723 3517 omnio
1734 3478 1794 3533 puae

140 3534 944 3677 mlirlbiibi’diiib‘i'itibbildti!
993 3548 1083 3660 titt
1096 3532 1718 3661 iustinitiliibltiiil'iibdffwml
1736 3551 1794 3591 Μ

141 3751 314 3766 -u———u

598 3862 833 3959 nunna
875 3796 1330 3959 emendemus,

767 4026 808 4080 DE
826 4025 949 4081 seleuse
966 4027 1167 4082 CENODOXIAE.

841 4167 1097 4183 ψ

816 4279 938 4337 CAPUT
956 4279 1117 4337 PRIMUM.

172 4396 186 4428 ⁸
205 4389 361 4464 Septimum
382 4388 461 4447 nobis
477 4395 615 4447 certamen
633 4396 674 4446 est
690 4396 786 4447 contra
809 4387 937 4461 spiritum
991 4384 1149 4445 cenodoxiis
1167 4388 1259 4459 (quam
1278 4400 1329 4443 nos
1354 4399 1450 4442 ranam
1473 4385 1529 4443 sive
1546 4384 1657 4443 inanem
1677 4383 1790 4458 gloriam

687 4516 817 4572 autent
834 4516 946 4599 GdZAEl
964 4513 1244 4572 conuenientes.

173 4628 189 4658 ⁸
202 4624 257 4681 Cur
277 4623 465 4688 cenodoxiam,
481 4639 531 4680 seu
551 4623 660 4679 inanem
678 4621 802 4694 gloriam,
820 4623 938 4694 septimo
992 4629 1106 4694 quenter
1117 4623 1228 4678 inanem
1242 4620 1369 4692 gloriam,
1385 4634 1447 4694 quar
1465 4618 1622 4676 immediate
1635 4616 1669 4672 alr
1682 4633 1712 4673 ea
1731 4617 1791 4672 ori-

138 4695 203 4751 loeo
215 4697 244 4750 in
260 4695 354 4751 ordine
367 4695 524 4767 capitalium
543 4694 671 4751 vitiorum
686 4691 835 4761 collocarit,
852 4693 937 4749 ratio·
991 4700 1046 4759 tur,
1061 4693 1139 4764 ponit
1153 4692 1272 4764 primum
1285 4692 1380 4748 sitium
1389 4691 1501 4762 capitale
1513 4691 1581 4761 (Lib.
1592 4702 1669 4744 xxxi
1679 4687 1789 4746 Marci„

136 4781 205 4822 nem
222 4766 381 4821 nonnullam
394 4766 510 4837 ipsemet
523 4764 603 4822 aliert
616 4767 721 4820 Auctor
734 4764 825 4819 collat.
842 4769 858 4818 i
877 4778 935 4834 cap.
991 4780 1013 4819 c.
1032 4767 1062 4820 tl
1076 4783 1084 4829 ;
1099 4765 1128 4820 S.
1147 4765 1331 4831 Thamari-2,
1346 4778 1371 4831 q.
1396 4765 1439 4825 8⁴,
1453 4765 1507 4840 art.
1523 4765 1551 4821 4,
1567 4764 1592 4838 et
1603 4761 1664 4836 Μ,
1680 4771 1707 4823 q.
1727 4757 1789 4816 lsi,

138 4843 186 4904 to,
195 4836 272 4909 qued
282 4839 427 4892 cenodouia
437 4854 564 4907 magnam
575 4837 672 4892 babeat
681 4837 851 4903 affinitatem,
860 4838 936 4905 etpe·
991 4850 1018 4889 u.
1034 4835 1072 4906 4).
1084 4834 1128 4890 Sic
1142 4835 1255 4889 enimet
1268 4832 1320 4887 hoc
1333 4826 1640 4910 ordinevrtraceprtelra
1653 4831 1787 4882 recenset:

136 4910 268 4964 nitorem
278 4907 774 4978 quamdamcormeatonemetcopulam
783 4918 974 4981 urmsupenp
992 4906 1086 4962 Badra
1096 4907 1183 4960 omnis
1196 4901 1311 4957 modest
1322 4901 1560 4985 superbiaPremae
1570 4912 1628 4980 ejus
1637 4897 1735 4952 soboles
1747 4912 1789 4981 se-

137 4981 196 5043 bia,
210 4994 272 5049 pute
283 4984 414 5049 postremo
425 4981 478 5035 ioco
488 4982 610 5051 ponitur,
624 4983 655 5033 ut
665 4979 813 5033 srenissimo
822 4981 847 5032 et
861 4992 939 5046 supc-
989 4979 1064 5047 ptem
1070 4977 1201 5029 nimirum
1207 4972 1373 5043 principalia
1381 4973 1451 5025 eitra
1458 4970 1491 5025 de
1498 4969 1687 5054 iacuerulentn
1696 4969 1789 5053 radice

135 5051 255 5107 membres
275 5054 376 5106 cunctis
399 5054 542 5106 immunior
562 5052 656 5106 bestia.
679 5048 837 5106 caumata
855 5049 936 5110 enim,
989 5040 1694 5117 meraunmnscttioet:inauspicatissimum,
1706 5043 1789 5096 trist-r·

134 5120 234 5205 inquit,
256 5124 434 5177 ennbmuntin
453 5123 585 5193 superbiae
606 5123 729 5189 fomitem
742 5121 826 5190 parit.
842 5118 895 5174 Sed
903 5120 938 5174 ob
992 5111 1789 5196 tio,onaritic,uentrisingtueies,lusurbrl.Quemordinem

135 5194 193 5248 uilis
208 5195 341 5249 sonaritiis
352 5195 461 5264 penitus
481 5194 620 5255 dissidmrt,
633 5207 680 5246 nec
700 5192 788 5247 simili
800 5206 860 5245 cum
881 5190 937 5244 illis
991 5189 1079 5261 magis
1089 5186 1186 5258 probat
1195 5202 1224 5244 se
1244 5184 1319 5243 uitur
1339 5201 1374 5243 ue
1384 5187 1504 5242 ioannes
1515 5185 1653 5241 Clrmaous
1665 5197 1722 5240 snae
1730 5185 1788 5240 Sea·

134 5266 262 5319 societate
276 5265 455 5333 federantur.
468 5265 606 5334 Siquidem
620 5279 672 5318 non
686 5263 771 5318 solum
785 5263 890 5316 nullom
903 5277 937 5316 ea
987 5257 1024 5322 lue
1040 5261 1123 5332 gradu
1144 5265 1191 5327 ²¹3
1213 5201 1259 5314 uiri
1273 5257 1307 5314 de
1337 5257 1479 5314 'nodoxia
1494 5253 1619 5340 similiter
1633 5253 1785 5312 disserens:

132 5336 191 5390 tilis
201 5339 363 5391 occasionem
375 5352 430 5391 sua
447 5337 623 5405 permotionis
635 5336 782 5405 accipiunt,
796 5333 843 5389 sed
854 5334 937 5387 etiem
989 5329 1087 5395 Solent,
1102 5330 1197 5401 inquit,
1209 5331 1348 5400 plerique,
1361 5330 1425 5384 dum
1436 5329 1469 5384 de
1480 5330 1553 5383 uitiis
1565 5328 1717 5411 dusputmt,
1728 5329 1787 5383 inn-

131 5409 270 5462 contrario
287 5408 365 5462 modo
385 5412 465 5478 atque
487 5409 579 5463 ordine
600 5407 774 5462 suscitantur.
790 5406 858 5461 Nem
881 5402 936 5460 illis
988 5417 1048 5457 nem
1070 5403 1185 5471 pierium
1202 5417 1320 5457 seersum
1338 5401 1489 5469 diffinirec
1502 5400 1644 5469 superbae:
1671 5400 1741 5454 urrdc
1763 5405 1788 5454 ct

130 5478 245 5540 metiris,
257 5479 311 5534 bac
320 5480 500 5535 treberuentius
511 5481 686 5548 sensificant,
700 5482 726 5534 et
735 5479 842 5533 illorum
852 5481 936 5532 morte
988 5479 1043 5529 octo
1057 5489 1112 5529 esse
1118 5473 1285 5545 principalia
1295 5476 1320 5527 et
1331 5473 1468 5554 primaria
1479 5472 1547 5555 uitia
1559 5472 1662 5526 dicunt.
1681 5471 1788 5551 Theolo-

129 5551 257 5604 uiunains
279 5552 418 5620 pullulent
436 5555 466 5606 at
485 5566 519 5605 uc
538 5552 710 5606 succrescunt.
733 5552 772 5606 lta
789 5547 933 5608 cassianus
986 5560 1035 5614 pus
1046 5561 1105 5600 uero
1116 5547 1255 5615 Gregorius
1266 5543 1724 5614 aliiqueplurumtdoctoresseptem
1733 5544 1787 5594 usto

129 5621 203 5686 (bib.
218 5634 265 5674 xrr
277 5623 366 5677 instit.
380 5639 402 5678 c.
420 5627 454 5688 t).
467 5569 522 5678 {ed
533 5620 671 5693 haneejus
682 5619 931 5684 ratiocinationem,
985 5631 1041 5673 csse
1054 5616 1226 5672 tradiderunt
1236 5635 1245 5670 :
1257 5630 1322 5685 puos
1335 5631 1380 5684 epo
1392 5616 1510 5670 masiano
1522 5629 1627 5697 sequior.
1641 5614 1705 5680 Quis
1716 5613 1787 5692 enim

128 5706 196 5765 quen
212 5701 352 5748 nausearet
366 5692 538 5762 difficultate,
553 5691 728 5749 commodius
742 5705 792 5747 suo
803 5690 864 5746 loeo
878 5689 932 5745 dis·
984 5689 1094 5743 tuorem
1112 5687 1224 5756 ploriem
1237 5687 1345 5750 decicit,
1360 5690 1387 5741 et
1405 5686 1533 5756 superbus
1555 5686 1634 5764 snut?
1652 5682 1792 5737 llaerlle.

127 5761 291 5819 cutiendam
308 5772 336 5819 et
354 5762 565 5832 examinandam
582 5761 774 5834 relinquimus.
794 5763 880 5817 Porro
894 5762 930 5816 D.
984 5760 1037 5831 Qui
1052 5758 1162 5829 quidem
1175 5773 1233 5814 nou
1247 5757 1334 5814 alium
1348 5772 1441 5831 uuam
1461 5757 1638 5828 megasium
1650 5755 1822 5820 maestum,

128 5833 295 5919 Gregorius,
309 5834 368 5905 qui,
383 5835 480 5906 utJam
489 5835 587 5907 sepius
597 5831 701 5889 dietum
712 5839 765 5901 est,
775 5829 931 5905 superbiam
977 5828 1148 5905 'pontificem
1155 5832 1247 5889 Rom.
1257 5827 1484 5904 nrriusnomuirs
1493 5813 1835 5911 piumummu'tuesluts

127 5913 208 5981 pnnrt
217 5905 344 5980 reginam
360 5912 388 5962 et
401 5913 518 5962 matrem
531 5903 655 5963 omnium
670 5902 811 5977 sidorum,
831 5918 930 5966 conse·
984 5903 1073 5967 mulo
1087 5903 1194 5966 matre
1204 5897 1593 5971 mmm-,mm
1608 5881 1777 5946 gesimam
1786 5881 1850 5926 esu.
