3848 6158
130 242 180 297 l8l
514 241 684 300 eustatio
703 244 723 298 Ι.
742 273 779 285 -·
797 244 840 298 bt:
859 244 1011 302 bustelli
1033 248 1242 305 lNTENTlOb'E
1262 252 1306 306 ΛΕ
1325 253 1413 308 fisa.
1736 263 1793 318 tet

129 379 199 422 sane
212 362 340 420 volumus
362 371 427 420 ante
442 365 550 431 omnia,
568 376 624 424 tam
642 367 739 423 harum
759 368 936 427 collationum
951 377 978 439 Λ
991 374 1238 447 constituti,atque
1257 376 1291 432 ab
1304 377 1496 434 universorum
1509 380 1671 437 mortalium
1683 398 1797 441 consor·

130 473 219 532 qnam
252 456 428 530 superiorum
458 460 626 517 voluminum
648 462 845 532 praemonitum
878 478 938 520 esse
991 467 1029 521 tio
1049 469 1184 538 separati,
1208 477 1236 525 et
1263 484 1311 540 per
1334 470 1387 526 lioc
1412 472 1643 529 illuminationem
1664 490 1795 532 sensuum

128 552 279 620 lectorem,
288 559 320 606 ut
338 551 426 624 siqua
439 551 508 609 torte
520 554 548 608 in
560 553 603 610 bis
617 563 766 627 prostatus
778 556 820 613 sui
833 564 861 613 et
870 572 937 630 pro·
992 559 1180 632 possidentes,
1193 563 1411 634 contemplantur
1425 565 1465 621 vel
1478 567 1678 638 proloquuntur
1690 584 1720 624 ea
1733 585 1795 642 quae

127 644 216 719 positi
228 643 375 718 qualitate,
386 646 444 701 sire
456 662 507 718 pro
525 661 577 704 usu
591 656 619 704 et
631 649 838 707 conversatione
858 665 937 707 com-
990 655 1137 726 inexpertis
1151 664 1231 728 atque
1250 656 1394 713 ineruditis
1408 673 1458 729 pro
1472 658 1632 716 conditione
1647 667 1674 717 et
1688 661 1796 718 medio-

128 737 223 806 muni,
240 736 282 792 rel
296 736 473 810 impossibilia
490 741 625 812 putaverit
636 757 711 812 esse,
726 743 769 799 vel
781 742 865 813 dura,
880 760 937 801 non
990 748 1084 804 oritate
1097 749 1303 806 consuetudinis
1317 766 1374 807 suar
1387 752 1569 824 impossibilia
1585 751 1699 810 forsitan
1719 755 1798 813 vide-

128 830 328 889 easecundum
344 845 401 888 suae
412 830 548 890 facultatis
567 834 729 907 modulum,
744 840 757 869 ³
772 839 820 895 sed
838 853 936 895 secun-
990 841 1101 898 buntur.
1128 846 1170 898 De
1196 844 1293 915 quibus
1319 854 1414 902 tamen
1432 847 1454 902 si
1480 848 1540 918 quis
1565 847 1681 904 voluerit
1705 864 1796 907 veram

128 926 200 984 dum
213 925 377 1000 dignitatem
397 935 425 983 et
438 926 633 1000 perlectionem
654 931 825 1003 loquentium
839 933 935 989 metis·
990 933 1111 1005 preferre
1125 936 1301 1003 sententiani,
1314 946 1340 994 et
1355 946 1450 995 utrum
1473 940 1583 1013 impleri
1595 950 1712 1012 queant,
1725 941 1797 999 desi·

129 1026 187 1089 tur,
202 1032 324 1090 quorum
337 1017 414 1091 prius
425 1018 548 1076 studium
563 1028 644 1092 atquc
658 1021 829 1093 propositum
843 1030 936 1080 mente
988 1026 1067 1094 derat
1088 1029 1215 1099 experiri,
1239 1027 1349 1084 festinet
1384 1031 1457 1101 prius
1488 1047 1584 1089 eorum
1622 1035 1794 1106 propositum

130 1110 431 1183 concipiat,quovere
444 1114 548 1168 mortui
563 1112 629 1170 huic
640 1116 842 1172 conversationi
853 1131 935 1172 mun·
989 1120 1072 1175 simili
1094 1118 1184 1176 studio
1213 1128 1240 1176 et
1267 1124 1472 1178 conversatione
1496 1123 1649 1196 suscipere,
1674 1136 1703 1182 et
1729 1136 1795 1186 tunc

129 1202 212 1260 danae
232 1202 314 1261 nullis
335 1201 480 1261 affectibus
500 1214 646 1277 parentum
668 1207 834 1279 carnalium,
854 1211 937 1267 nullis
989 1212 1104 1268 demum
1123 1228 1185 1285 qum
1204 1229 1284 1285 supra
1299 1212 1457 1270 facultatem
1477 1215 1600 1271 bominis
1620 1218 1795 1288 ridebantur,

131 1305 248 1355 actuum
257 1295 429 1355 saecularium
437 1299 555 1356 nexibus
570 1300 735 1375 obligantur.
743 1302 849 1362 Deinde
863 1304 936 1361 loco·
990 1307 1144 1362 nonsolum
1160 1307 1310 1378 possibilia,
1321 1323 1414 1364 reruni
1428 1309 1510 1365 etiam
1525 1310 1686 1366 suavissima
1703 1311 1802 1383 depre-

133 1406 200 1448 rum
222 1406 333 1465 quoque
355 1392 384 1447 in
400 1391 500 1464 quibus
523 1403 741 1462 commorantur,
763 1397 936 1454 considerent
991 1399 1101 1456 liendet.
1117 1399 1170 1457 Sed
1185 1402 1323 1473 nuucjam
1335 1401 1370 1458 ad
1384 1401 1542 1459 collationes
1561 1417 1661 1460 eorum
1675 1411 1703 1458 et
1715 1403 1794 1459 insti-

133 1484 294 1558 qualitptem
316 1501 370 1557 que
384 1487 445 1555 [ili.
469 1486 548 1558 qnia]
572 1488 600 1543 in
619 1488 764 1546 solitudine
787 1490 936 1548 vastissima
991 1502 1049 1551 tuta
1063 1510 1249 1566 properemus.
1335 1483 1340 1503 '

688 1615 818 1673 stanni
837 1618 950 1674 GAZAEl
967 1619 1248 1676 COMMENTARIUS.

134 1716 261 1800 (ineram
273 1717 398 1802 linguam
417 1719 499 1803 tuisse
518 1737 675 1779 conversos.
687 1725 757 1779 Nam
776 1733 804 1780 et
818 1726 846 1780 in
860 1725 975 1794 Vati-B
992 1727 1052 1784 illos
1065 1728 1143 1784 miris
1165 1728 1291 1786 laudibus
1311 1729 1462 1785 extollens:
1480 1731 1568 1792 Nihil,
1590 1728 1694 1800 inquit,
1711 1731 1744 1784 ite
1762 1733 1796 1787 iis

131 1802 202 1846 cana
216 1789 379 1873 bibliotheca
390 1793 548 1848 collationes
564 1792 669 1865 aliquot
686 1803 713 1849 et
727 1802 790 1850 octo
806 1797 938 1867 posterio·
994 1800 1083 1855 dicam
1093 1802 1142 1870 qui
1154 1803 1323 1856 secretissimi
1331 1802 1439 1870 penitas
1453 1801 1488 1855 ab
1502 1803 1576 1855 anrii
1586 1801 1722 1855 hominnm
1735 1816 1795 1855 con·

59 1896 74 1917 1
134 1875 179 1918 res
198 1859 409 1943 institutionum
429 1862 512 1920 libros
528 1864 557 1919 in
571 1865 699 1921 Graccum
724 1881 870 1923 conversos
890 1884 940 1924 ex·
993 1876 1094 1940 spectu,
1102 1886 1172 1940 pane
1183 1872 1238 1927 solo
1252 1876 1277 1926 ct
1285 1888 1357 1942 aqua
1371 1874 1495 1937 torriculi,
1507 1872 1701 1927 desertissimas
1711 1877 1797 1928 terras

135 1931 314 1992 stare-scribit
326 1933 473 1990 ciaconius
485 1937 736 2006 (incoeptasset),
749 1935 795 1993 sed
806 1952 839 1992 eo
851 1939 940 2020 potius
994 1943 1120 2009 incolunt,
1135 1944 1306 2010 perfruentes
1316 1943 1444 2011 colloquio
1454 1945 1512 2005 Dei,
1523 1945 1651 2012 cuipuris
1664 1944 1797 1998 noctitibus

87 2048 94 2055 .
137 2003 165 2058 in
184 2003 380 2086 compendium
400 2002 526 2061 redactos
550 2021 633 2078 quam
658 2008 760 2080 integre
784 2005 907 2066 redditos
931 2026 938 2065 ε
995 2011 1167 2078 inhoescriiot,
1181 2016 1207 2065 ct
1220 2013 1798 2082 ey'iispiilclira'tadiritscoriteitiplutioricbca-

135 2073 292 2148 cujusmodi
319 2075 414 2147 iecisse
430 2075 537 2132 videtur
559 2075 687 2143 Photius,
704 2078 750 2149 qui
771 2093 827 2134 non
850 2080 940 2149 plures
995 2083 1182 2150 circinique
1195 2084 1252 2135 nisi·
1262 2086 1413 2135 sanctornm
1428 2084 1562 2137 intellecta
1574 2087 1679 2152 percipi
1689 2100 1740 2138 aon
1749 2100 1797 2153 po-

137 2159 226 2216 quam
239 2145 361 2203 dumam
368 2153 425 2203 tres
435 2145 594 2204 collationes
606 2152 942 2217 commemoratiPliott'its
995 2157 1055 2207 test.
1068 2154 1101 2207 Et
1111 2150 1181 2207 iulia
1190 2173 1195 2207 :
1205 2154 1260 2207 llos
1270 2157 1326 2205 tam
1338 2153 1467 2205 caecitatis
1473 2154 1618 2219 fastipi'uoi
1632 2157 1795 2216 sanctitatis,

141 2231 165 2271 c.
185 2223 235 2273 177
248 2217 395 2282 sectatu).
409 2220 414 2229 ’
995 2226 1040 2277 cni
1051 2238 1105 2277 non
1116 2239 1166 2276 sua
1176 2226 1267 2292 sporttc
1277 2223 1434 2275 mirandum
1444 2227 1469 2275 ct
1480 2222 1667 2276 honorandum
1677 2224 1793 2286 ridetur,

178 2289 192 2319 ¹¹
222 2287 294 2343 Huic
308 2286 367 2343 loco
392 2286 530 2360 aptissime
555 2296 688 2344 consonat
710 2292 744 2345 D.
775 2291 942 2357 Augustinus
994 2292 1317 2349 orationenostrarideri
1332 2293 1380 2360 qai
1390 2294 1497 2361 potest?

141 2354 191 2413 lib.
206 2372 219 2414 ι
234 2356 269 2414 ds
281 2357 404 2415 Moribus
421 2359 551 2415 Ecclesiae
564 2374 624 2430 cap.
642 2363 687 2428 sl,
698 2360 744 2415 ubi
762 2361 942 2419 anachoretas

615 2616 868 2722 COLLA
876 2624 956 2723 TI
955 2622 1004 2724 Ο
1040 2622 1321 2739 PRIMA,

685 2780 763 2854 Quae
779 2784 829 2844 est
845 2779 958 2867 prima
973 2778 1105 2847 abbatis
1123 2780 1253 2865 lloysis.

671 2918 712 2969 DE
735 2918 879 2970 nonnulii
902 2918 1096 2970 tutantibus
1121 2919 1162 2969 tu
1189 2918 1273 2969 Flh'E.

381 3171 500 3230 CAPUT
537 3173 698 3229 Pthllihl.
958 3173 1095 3240 ctissimi
1113 3179 1217 3244 patres,
1238 3180 1266 3228 et
1285 3165 1435 3227 l’omnium
1457 3180 1616 3228 sanctorum
1637 3171 1799 3228 morabatur

144 3267 184 3321 lie
198 3264 362 3321 babdahonc
382 3266 497 3335 Septici,
514 3270 539 3320 et
552 3266 690 3335 proposito
709 3265 814 3320 obbatis
829 3267 940 3334 Mopse.
995 3265 1136 3339 perfectio,
1151 3266 1298 3322 abbatem‘
1314 3268 1439 3339 hloysen,
1454 3265 1501 3336 qui
1519 3265 1631 3322 suarius
1653 3265 1801 3322 interillos

181 3357 274 3413 (ὶιιιιι1
293 3357 319 3413 in
333 3355 542 3430 eremuscythi,
557 3355 603 3412 ubi
626 3355 824 3413 monachorum
841 3356 944 3437 proba·
997 3357 1121 3429 egregios
1145 3345 1258 3412 lloresd
1280 3373 1337 3413 non
1357 3358 1447 3414 solum
1471 3357 1585 3427 actuali,
1610 3359 1802 3415 verumetiam

693 3480 820 3536 ALARDl
840 3479 950 3537 GAZAEl
970 3479 1251 3536 continuitatis.

192 3591 257 3646 ¹lta
284 3586 460 3661 manuscripti
479 3587 609 3662 plerique.
632 3592 670 3646 At
695 3592 729 3645 l).
756 3590 893 3646 Antonius
917 3596 945 3645 et
997 3587 1045 3645 sed
1063 3603 1113 3660 pro
1128 3587 1232 3644 ratione
1254 3603 1285 3643 ac
1309 3587 1485 3659 dispositione
1498 3587 1631 3646 librorum
1673 3605 1723 3646 uos
1737 3598 1803 3646 tunc

144 3659 228 3717 editio
254 3660 435 3727 basileensis,
450 3668 478 3717 ct
501 3661 546 3717 alii
562 3678 569 3715 :
584 3665 616 3720 ln
636 3677 720 3718 nemo
739 3662 865 3731 Scythia.
883 3659 945 3717 Fuit
997 3666 1093 3716 nactus
1115 3660 1153 3715 sit
1173 3661 1271 3740 uraca
1282 3660 1430 3740 translatos
1446 3668 1472 3716 et
1487 3661 1514 3715 in
1530 3605 1726 3733 compendium
1740 3661 1803 3718 red·

145 3731 206 3788 hacc
227 3746 351 3798 eremus,
379 3731 483 3788 utalibi
497 3732 601 3790 dictum
618 3741 673 3801 cst,
687 3733 716 3789 in
736 3734 853 3806 AEqypto
865 3732 944 3803 jini
996 3739 1085 3796 actos,
1101 3738 1130 3786 ut
1142 3746 1266 3802 superins
1281 3729 1428 3786 indicatum
1443 3739 1494 3798 est,
1511 3732 1550 3787 vel
1561 3740 1643 3804 proiit
1662 3732 1803 3788 memoriae

144 3804 266 3860 lilaream
282 3801 384 3871 lacum,
399 3817 498 3874 magna
510 3805 558 3860 SS.
571 3807 684 3861 Patrum
702 3802 852 3875 frequentia
861 3800 945 3858 nobi‹
998 3801 1067 3904 lecJa
1081 3800 1256 3882 inhaeserunt.
1418 3871 1424 3882 .
1498 3871 1503 3882 Ι
1760 3871 1766 3882 ⁴

145 3873 237 3940 litata,
258 3872 406 3947 eademque
432 3872 505 3928 varie
524 3880 693 3943 nuncupata.
716 3875 787 3928 llam
809 3881 837 3929 et
849 3873 944 3929 scetis.
1064 3873 1136 3928 Scite
1148 3871 1175 3927 iii
1198 3871 1375 3928 hunclocum
1395 3872 1539 3927 ciaconius
1558 3869 1617 3926 haec
1638 3878 1803 3926 annotavitr

144 3943 265 4014 Scetica,
282 3944 405 4023 Section,
424 3944 560 4009 Scetiaca,
582 3949 611 3996 et
628 3941 771 4009 Scythica,
793 3942 947 4012 Scythiam,
1003 3943 1154 3997 ltreoretico
1169 3945 1225 3997 cita
1237 3958 1268 3997 ee
1279 3944 1379 3997 dicitur
1390 3959 1450 4012 quie
1468 3944 1496 3996 in
1508 3941 1725 4010 coiitcmplatione
1740 3957 1806 3996 cort·

144 4014 308 4120 Scythiotica
320 4011 480 4070 inscribitur
490 4012 608 4077 (socrat.
619 4010 666 4064 lib.
680 4023 710 4064 iv
723 4011 797 4065 Hist.
812 4025 836 4065 e.
848 4014 893 4075 8).
923 4076 927 4083 .
1002 4015 1086 4078 sistit,
1103 4018 1134 4067 ut
1147 4014 1262 4068 actualis
1276 4016 1305 4067 in
1321 4016 1431 4068 intime.
1447 4014 1575 4068 Catinam
1586 4012 1744 4066 iriomnibus
1754 4028 1806 4067 ec-

202 4086 351 4143 Ciaconius
367 4090 396 4138 et
418 4081 465 4137 alii
487 4080 581 4153 legunt
600 4080 716 4138 :Omnis
734 4080 949 4136 commorabatur
1004 4083 1073 4135 cusis
1085 4083 1217 4137 codicibus
1228 4084 1538 4171 ritioseantelcqebaiiir
1550 4101 1558 4134 r
1570 4083 1695 4163 Tlieorico
1707 4084 1807 4138 virtute

143 4159 413 4281 pezfefiffishlosen.
435 4222 505 4279 Cum
528 4230 619 4280 autem
643 4229 698 4279 tres
723 4221 805 4294 hujus
831 4219 950 4278 nominis
1004 4151 1806 4293 mma‘limirlitittfgriltqmeioltegreilissagiiliiimggsinosshreg·

145 4295 322 4355 anachoreta>
333 4293 474 4349 sanctitate
487 4293 605 4351 celebres
626 4301 825 4359 memorentur,
846 4292 951 4350 utalias
1006 4296 1128 4348 cesserint.
1141 4294 1307 4349 l'itcaatcm
1316 4293 1807 4362 practicaettbearcttca[requescet

146 4365 311 4424 monuimus
330 4362 400 4432 (Lib.
413 4380 431 4421 x
446 4368 511 4421 bist.
521 4381 543 4422 c.
554 4366 637 4435 uit),
649 4365 768 4438 Libycus
786 4363 834 4421 ille
845 4363 892 4435 qui
905 4378 950 4420 so·
1006 4363 1259 4434 apudpliiloseplios
1271 4365 1369 4418 mentio
1385 4366 1486 4429 (Aust.
1501 4365 1548 4420 lib.
1564 4379 1575 4419 i
1591 4364 1680 4421 Ethie.
1703 4381 1726 4421 c.
1737 4371 1765 4429 5,
1781 4371 1807 4423 et

145 4440 191 4497 lus
215 4437 343 4495 Cassimm
369 4444 521 4493 eoaetaneus
546 4435 612 4518 tuit²
639 4436 753 4495 omnino
776 4434 887 4492 videtur
907 4432 950 4490 hic
1007 4435 1055 4488 lib.
1069 4449 1101 4489 ix
1116 4449 1139 4489 c.
1154 4438 1192 4502 a).
1207 4435 1294 4492 Cicera
1307 4434 1345 4489 ad
1361 4436 1576 4491 stammana
1591 4452 1598 4489 :
1612 4436 1750 4504 Quaenam,
1762 4440 1806 4493 in·

150 4508 327 4581 designatus:
340 4507 417 4580 cujus
429 4507 510 4565 etiam
524 4508 626 4578 Moysis
646 4514 674 4562 et
692 4506 809 4580 geminae
827 4505 951 4562 collatio-
1005 4507 1081 4576 quit,
1098 4510 1175 4561 tanta
1187 4508 1367 4563 controuersia
1379 4512 1419 4562 est
1433 4507 1584 4564 Dicaearcho
1604 4508 1743 4573 familiari
1762 4514 1807 4564 hio

149 4580 192 4636 uis
206 4595 271 4636 cum
292 4577 389 4635 eodem
402 4577 501 4635 habitae
512 4577 636 4633 meminit
649 4576 763 4634 Photius
780 4577 809 4633 in
821 4576 950 4634 Cassiano
1004 4592 1063 4632 cum
1077 4577 1253 4649 Theophrasto
1262 4579 1348 4633 amieo
1362 4594 1428 4641 meo,
1440 4579 1526 4632 tuille
1538 4583 1601 4633 trias
1612 4577 1656 4629 rbi
1672 4579 1806 4648 πρακτικὸν

148 4650 192 4707 his
205 4651 291 4706 verbis
306 4652 365 4718 (Ec
379 4651 498 4705 versione
510 4651 542 4705 P.
555 4647 671 4704 Andreae
691 4649 775 4704 scotti
783 4653 793 4713 i
809 4664 816 4702 τ
833 4651 951 4704 Tertiiim
1005 4647 1070 4718 βίον,
1079 4649 1110 4704 id
1121 4654 1171 4713 est,
1181 4652 1330 4720 practicam
1339 4652 1423 4704 eitam
1435 4648 1637 4718 lonpeomnibas
1646 4653 1807 4716 anteponat;

150 4722 192 4777 liis
206 4722 365 4791 adjunctam
380 4721 498 4776 libellum
508 4720 637 4788 lecimus,
651 4733 727 4787 wem
737 4735 755 4772 a
769 4718 884 4775 emtam
892 4721 950 4790 epi-
1003 4719 1048 4775 hic
1057 4725 1148 4776 autem
1157 4716 1712 4791 rbitemperassetcst,contcrnpiatiaam.
1724 4719 1808 4785 Apud

153 4865 262 4918 cattobii
275 4878 356 4918 eausa
368 4867 393 4916 et
408 4861 513 4930 lteqitloe
522 4860 577 4915 ilic
582 4860 756 4930 priusmissae
766 4860 880 4927 Ιιιιιιιιιι
1008 4863 1178 4915 theoreticam
1186 4862 1273 4913 citam
1281 4859 1419 4925 desiqnari
1428 4857 1597 4935 rmtissimum
1611 4857 1659 4935 est.
1672 4856 1726 4909 llas
1735 4871 1809 4914 ceses

151 4933 261 5006 quidem
271 4934 374 4989 libellas
386 4934 434 4995 iis,
447 4931 577 5002 quosjam
585 4931 814 4993 erumnaeimus,
822 4930 951 4985 usumin
1008 4930 1150 4987 cinnamis
1162 4930 1251 4984 (ti-cce
1261 4928 1381 4996 sempsit,
1392 4930 1417 4981 et
1427 4925 1510 4979 iatius
1518 4923 1662 5000 eaphcacit
1674 4926 1763 4983 collat.
1775 4934 1809 4984 1⁴

151 5009 200 5061 cst.
214 5007 297 5060 Docet
314 5005 424 5059 enimin
442 5004 541 5073 primis
563 4999 631 5071 quid
654 4999 779 5055 ducatio
797 5001 848 5066 sit;
859 5000 955 5056 deinde
1008 5014 1068 5067 cap.
1087 5005 1111 5052 ι.
1123 4998 1190 5052 Haec
1203 4997 1315 5077 quidem
1329 4994 1482 5078 ciaconius.
1502 4993 1556 5076 Sed
1570 4995 1639 5051 hona
1659 4996 1717 5054 c‘us
1730 4998 1809 5056 venia

152 5093 202 5148 que
223 5077 354 5147 majoram
369 5090 428 5129 eam
438 5088 493 5129 csse
510 5073 613 5128 oeteis
634 5071 792 5134 iirtutihrs,
815 5074 870 5126 tunt
885 5071 956 5127 unde
1009 5083 1065 5124 non
1079 5075 1120 5122 cst
1134 5082 1183 5123 cur
1193 5068 1370 5148 theonemut
1381 5073 1475 5123 vitiose
1484 5074 1645 5148 scnptaupro
1658 5014 1808 5129 cleirano

152 5150 297 5251 timi
313 5145 488 5272 iiiiii
498 5144 565 5270 ,ty
578 5141 787 5269 iim-¹³¹³
797 5142 957 5267 iiim
1010 5136 1811 5267 ittilttltttiill‘studebitisil*

153 5219 502 5360 ᾔξιειΐιῖηξὲιῖιηῖῃιιιιιὼὲι
515 5230 571 5343 ιιξι
587 5228 958 5366 iiidffniffmprroldditm
1011 5289 1043 5339 ut
1053 5251 1144 5338 callet.
1162 5286 1195 5337 19
1209 5295 1267 5362 cap.
1281 5224 1374 5348 &pubi
1394 5280 1547 5364 theoricam
1560 5224 1640 5335 Βοιαὶ
1659 5227 1812 5364 sublimia:

154 5365 229 5416 terea
241 5362 303 5430 quis
313 5373 406 5430 scepsis
418 5373 450 5413 ac
464 5359 528 5428 finis
542 5372 633 5414 eciam
652 5370 706 5412 esse
720 5355 814 5411 debeat
832 5370 881 5425 pai
891 5354 956 5408 relt-
1010 5363 1076 5420 tem,
1096 5359 1122 5408 et
1134 5367 1197 5424 cap.
1212 5350 1371 5423 ueyusdemi
1384 5350 1431 5409 ubi
1447 5352 1595 5409 theoricam
1608 5361 1771 5424 puritatem,
1784 5364 1813 5413 et

157 5434 293 5501 aiosorum
312 5430 547 5486 eneratattonibus
565 5426 961 5499 pecuniosissimum
1012 5440 1106 5482 rursus
1118 5423 1210 5480 collat.
1225 5428 1259 5478 aa
1275 5428 1371 5550 caXA,
1384 5423 1430 5505 ubi
1441 5423 1591 5481 theoricam
1611 5427 1737 5482 nominat
1755 5425 1812 5482 cla·

177 5497 959 5557 uemdamcirtutibusadmirandisciriimitadocentemin·
1012 5496 1136 5562 ritatem3
1148 5494 1234 5552 sedet
1246 5509 1298 5566 apu
1333 5496 1366 5550 Ι).
1381 5495 1579 5569 Hieronymum
1596 5494 1625 5550 in
1638 5511 1697 5566 cap.
1715 5497 1814 5552 iirlia·

159 5517 243 5636 gerit,
252 5578 282 5629 ut
291 5574 358 5643 ipsis
369 5587 473 5651 quoque
491 5571 615 5644 operibus
627 5570 659 5626 eb
672 5571 758 5626 oculos
765 5568 960 5641 propemodum
1012 5575 1126 5624 mentat.
1142 5566 1265 5623 Hieram.
1281 5565 1328 5622 ubi
1342 5563 1376 5622 de
1388 5565 1506 5624 theorica
1515 5567 1632 5639 puritate
1645 5565 1700 5635 agit
1714 5563 1812 5621 iisdem

152 4795 225 4864 scopi
232 4798 319 4847 morte
332 4793 472 4861 inscripsit
484 4790 561 4846 iilius
572 4789 682 4843 coeimhii
696 4788 868 4853 moderatori,
877 4791 953 4928 effi
1005 4791 1171 4848 christianos
1195 4807 1257 4845 earo
1277 4793 1306 4843 in
1331 4791 1440 4845 Martha
1465 4792 1490 4840 et
1512 4786 1600 4840 Maria
1619 4787 1766 4850 practicam
1783 4792 1810 4842 et

882 4900 890 4914 ·
934 4891 993 4954 -b

160 5645 269 5699 statutis
288 5645 417 5713 deamata
428 5659 479 5700 sua
500 5645 637 5725 confirmet
653 5641 792 5713 (Quinque
803 5643 856 5697 ista
867 5640 959 5766 comta
1013 5653 1082 5721 pene
1095 5638 1192 5704 serbis,
1203 5636 1302 5710 quibus
1320 5636 1481 5720 ,Cassianus
1492 5638 1553 5718 loco
1567 5636 1623 5715 jain
1639 5632 1812 5716 dicto.·Quid

160 5716 417 5782 aestimentiam).
430 5716 498 5772 llaec
511 5713 626 5770 Photius
640 5711 674 5770 dc
688 5711 743 5769 hec
751 5713 847 5785 Moyse
860 5710 895 5766 ab
1011 5724 1020 5763 ι
1040 5716 1096 5765 itur
1110 5709 1200 5767 obstat
1212 5725 1267 5784 quo
1288 5723 1379 5766 minus
1395 5709 1515 5766 theorica
1528 5714 1581 5762 vita
1594 5701 1649 5759 dici
1665 5709 1760 5780 possit,
1782 5706 1813 5754 ut

157 5782 272 5859 eiusque
291 5784 493 5858 collationibus,
519 5783 626 5842 condes
650 5782 778 5856 quidem,
791 5790 819 5840 et
829 5778 957 5851 conium
1044 5778 1133 5838 eoiica
1154 5781 1270 5856 puritas,
1286 5782 1357 5840 etei
1371 5780 1497 5840 sumitur
1511 5785 1605 5834 nmen
1625 5771 1759 5830 theorica,
1772 5764 1815 5821 tel
