3848 6158
133 245 187 301 7⁶5
451 239 623 298 centana
642 241 712 296 vm.
732 270 768 281 -
786 241 830 295 nn
850 239 1109 296 enrnurearmos
1127 240 1189 295 sna
1210 240 1476 299 eornsmnnes.
1739 252 1791 306 raa

132 368 174 425 rel
188 366 262 441 quod
281 366 305 422 ei
321 363 385 422 addi
407 373 469 437 post
489 364 551 422 lraec
563 371 718 437 oporteret,
731 363 753 420 si
765 363 793 419 in
807 362 854 420 illo
864 370 936 419 statu
950 365 977 429 Α
992 362 1118 420 haeretica
1142 364 1249 421 insania
1273 362 1462 438 proteruntur,
1473 367 1579 426 dicente
1605 371 1790 432 Ecclesiaste:

133 475 167 517 ac
189 459 377 533 dispositione,
398 473 452 529 qna
472 457 508 514 ab
524 459 582 530 ipso
601 465 692 515 creata
713 464 777 514 suut
796 457 933 525 universa,
988 466 1002 501 t
1022 467 1139 536 Capanei
1154 470 1282 538 quonian
1302 471 1466 541 emmaque
1486 473 1551 541 tecit
1564 478 1634 532 Deus
1650 476 1685 530 ab
1698 479 1788 546 initio,

134 554 315 613 mansissent.
331 557 365 611 Et
376 553 478 637 idcirco
493 553 521 610 in
538 568 585 611 eos
599 553 646 627 qui
660 561 723 610 ante
734 553 834 626 legem,
846 552 934 609 immo

133 662 196 711 ante
210 652 354 722 diluvium,
367 661 558 725 peccaverunt,
570 652 646 726 justu
658 652 764 726 judicio
777 654 867 709 Deum
882 651 938 708 ani·

132 748 312 806 madvertisse
324 747 512 820 probabimus,
528 747 590 820 quia
605 757 618 784 ⁸
632 747 795 822 transgressi
821 756 935 804 natura·

133 843 188 900 lem
203 844 304 917 legem,
319 843 377 901 sine
388 843 442 901 nlla
453 851 613 900 meruerunt
635 842 812 900 exeusmione
832 841 933 914 puniri.

133 940 145 974 ¹³
159 941 215 994 Nee
229 938 256 993 in
268 937 379 994 illorum
391 937 544 994 incidemus
558 936 741 1010 blasphemias
754 934 933 993 calumniam·

132 1046 196 1104 que,
220 1031 266 1104 qui
294 1031 452 1104 ignorantes
470 1031 543 1088 hanc
565 1031 699 1089 rationem
727 1029 859 1102 derogant
876 1031 934 1086 Deo

132 1123 232 1181 veteris
245 1127 424 1197 Testamenti,
439 1141 472 1183 ao
486 1125 661 1183 detrahentes
672 1132 774 1183 nostrae
787 1122 851 1181 fidei
865 1123 936 1181 sub-

131 1226 333 1291 sannantesque
347 1219 527 1292 respondent:
541 1220 564 1290 3⁰
577 1217 649 1291 Quid
663 1233 728 1290 ergo
748 1216 849 1290 placuit
874 1219 936 1274 Deo

133 1319 242 1381 nostro,
257 1319 289 1368 ut
302 1319 365 1383 post
389 1321 430 1370 tot
444 1327 583 1368 annorum
604 1311 689 1368 millia
709 1311 796 1383 legem
818 1306 936 1365 voluerit

989 572 1049 640 ipsu
1062 576 1141 627 aunt
1153 574 1182 626 in
1190 576 1329 628 retentum.
1342 575 1430 646 Super
1438 577 1487 631 iilo
1498 593 1551 632 non
1563 583 1601 634 est
1614 581 1687 650 quod
1696 581 1786 636 adda·

990 678 1045 743 tur,
1063 679 1088 730 et
1104 676 1138 730 ab
1153 678 1208 731 illis
1222 692 1276 732 non
1299 682 1337 734 est
1363 680 1436 749 quod
1450 684 1595 749 animatur
1617 682 1718 754 (Eccle.
1735 698 1786 748 ιιι,

988 790 1042 831 sec.
1062 777 1167 844 Lxx).
1181 778 1218 834 Et
1232 777 1345 848 idcirco,
1366 789 1377 816 ⁰
1398 782 1482 837 iustis
1503 799 1556 838 non
1572 787 1610 839 est
1625 785 1669 840 lea
1686 790 1788 856 posita,

988 875 1099 945 irritastis
1112 880 1202 931 autem
1214 880 1239 932 et
1254 893 1308 934 non
1318 879 1446 944 subditis,
1462 884 1552 952 impiis
1562 888 1587 938 et
1593 886 1788 956 peecatoribus,

988 975 1153 1030 saeratiset
1162 978 1353 1054 contaminatis
1363 981 1459 1044 (liin.
1471 984 1500 1047 ι).
1509 981 1549 1038 llli
1559 997 1677 1055 namque
1688 983 1788 1041 haben·

989 1078 1030 1128 tes
1040 1073 1172 1131 naturalis
1185 1083 1267 1146 atque
1278 1075 1368 1133 insitae
1381 1076 1446 1150 legis
1457 1094 1552 1136 sanam
1560 1090 1642 1154 atque
1652 1084 1786 1156 integram

988 1171 1172 1243 disciplinam,
1190 1188 1362 1245 nequaquam
1382 1175 1440 1248 lege
1462 1176 1512 1233 hae
1527 1180 1692 1237 extrinsecus
1706 1181 1788 1238 adhi-

987 1269 1042 1327 bita
1055 1269 1205 1342 litterisque
1221 1270 1368 1343 descripta,
1384 1288 1500 1345 quaeque
1513 1275 1541 1330 in
1560 1275 1728 1349 adjutorium
1751 1280 1788 1337 illi

988 1367 1104 1424 naturali
1124 1365 1189 1424 data
1203 1375 1255 1437 est,
1267 1368 1433 1442 indigebant.
1453 1373 1494 1426 Ex
1505 1371 1604 1443 quibus
1611 1375 1782 1446 apertissima

131 1404 313 1478 promulgare,
333 1412 409 1461 tanta
423 1405 523 1462 saeeulu
542 1404 709 1477 passussine
723 1402 781 1475 lege
793 1401 934 1458 transiret
1034 1466 1040 1477 ,
1169 1466 1174 1476 Ι
1198 1467 1203 1477 Ι
1440 1467 1446 1479 ι

133 1498 213 1567 Quod
237 1499 260 1554 si
280 1506 374 1570 postea
394 1499 491 1555 melius
518 1497 620 1570 aliquid
643 1495 795 1566 adimit,
822 1503 937 1569 apparet
989 1475 1095 1522 ratione
1111 1465 1261 1538 colligitur,
1277 1481 1327 1523 nee
1340 1466 1429 1538 legem
1439 1475 1519 1524 istam
1533 1472 1719 1544 prescriptam
1740 1474 1787 1530 lit-

136 1591 241 1648 eumin
263 1590 413 1664 primordio
427 1589 524 1648 mundi
544 1590 674 1647 interiora
689 1590 730 1647 rel
745 1588 880 1646 deteriora
890 1604 935 1645 sa·
990 1565 1055 1622 ‘⁸¹5⁸
1067 1563 1102 1621 ab
1121 1564 1197 1622 i⁰i¹i⁰
1220 1563 1278 1621 ‘¹⁸¹5
1300 1564 1437 1633 d⁸b⁰i⁸⁸⁰r
1458 1575 1515 1623 0¹³¹
1526 1569 1601 1625 ⁸⁰5¹ss
1616 1569 1668 1626 *¹⁰⁰
1685 1587 1783 1644 snper-

133 1683 235 1756 puisse,
250 1693 277 1740 et
291 1691 353 1755 post
363 1683 422 1741 haec
433 1683 508 1740 velut
519 1680 863 1755 experimentis-edoctum,
878 1696 934 1738 cm·
990 1663 1077 1720 fluum
1091 1662 1149 1719 fiiri
1172 1670 1263 1720 Stante
1280 1661 1369 1720 ⁰th0
1391 1663 1508 1720 naturali
1531 1664 1590 1738 ¹08⁰
1602 1682 1654 1723 ¹1⁰⁰
1665 1667 1700 1724 ad
1714 1669 1786 1725 iuli·

132 1777 201 1850 pisse
213 1777 331 1835 rectiora
343 1777 510 1850 prospicere,
521 1793 553 1834 ac
564 1776 729 1849 principales
748 1775 973 1855 ordinationesg
989 1777 1069 1834 grum
1092 1761 1207 1833 Vi⁰¹f¹l⁶3
1223 1778 1275 1819 1¹⁰⁰
1292 1761 1475 1835 “antistiam
1496 1763 1692 1836 hirfeillffllem
1715 1766 1786 1826 iridi

131 1866 936 1940 suasinmetiusemendare.Qu0dtmm0nsaepraeseienriae
990 1868 1051 1917 ante
1066 1859 1132 1932 legis
1151 1859 1272 1932 potuisse
1292 1859 1457 1918 custodiam.
1478 1865 1539 1919 Non
1565 1862 1639 1920 enim
1660 1872 1785 1936 poterant

141 1967 216 2036 Lips.
232 1967 262 2020 in
274 1982 363 2035 marg.
375 1965 526 2037 sapientiae]
541 1964 591 2021 Dei
601 1964 709 2036 penitus
724 1964 870 2021 convenire
879 1979 936 2020 non
990 1958 1083 2015 audire
1094 1978 1100 2014 :
1111 1960 1787 2032 Quitepercnsseritindentercmmaaiilnmtunm,

133 2057 251 2129 poterit,
269 2071 322 2112 nec
335 2058 395 2114 sine
418 2057 521 2130 ingenti
535 2056 703 2130 blasphemia
715 2056 775 2115 haee
786 2057 820 2114 de
830 2058 889 2130 ipso
901 2056 937 2114 ah
988 2058 1078 2128 prebe
1091 2059 1135 2112 illi
1147 2062 1173 2113 et
1197 2058 1312 2114 alteram
1330 2059 1437 2129 (Mettis.
1453 2064 1493 2129 v),
1506 2053 1514 2091 ¹
1525 2060 1571 2132 qui
1589 2062 1710 2118 contenti
1732 2077 1788 2119 non

686 2200 812 2257 stanni
831 2201 942 2257 GhZAEl
961 2200 1240 2257 COMMENTARIUS.

169 2333 256 2389 ³Filii
275 2333 351 2414 Set-h,
368 2350 438 2405 quos
449 2334 495 2390 hio
516 2336 653 2407 praecipue
672 2344 808 2407 spectasse
828 2336 933 2393 ridetur
986 2346 1072 2408 usqne
1089 2338 1118 2392 S.
1137 2336 1267 2393 Thomas.
1284 2337 1418 2410 spectarit
1430 2347 1521 2394 autem
1537 2337 1582 2394 bie
1595 2345 1701 2395 Auctor
1715 2355 1787 2411 prae-

134 2409 250 2469 Auctor,
296 2403 427 2460 dieantur
455 2408 614 2478 transgressi
649 2405 736 2478 legem
770 2409 934 2474 naturalem,
988 2406 1065 2478 cipue
1079 2408 1226 2464 secundam
1248 2410 1383 2466 rationem
1396 2409 1520 2481 superius
1537 2410 1713 2482 assignatam,
1726 2427 1787 2483 quae

132 2475 242 2548 quando
268 2475 383 2546 ingressi
398 2485 465 2530 sunt
489 2476 524 2533 ad
549 2477 617 2533 illias
632 2475 794 2544 hominnm,
820 2478 847 2535 id
871 2487 932 2544 est,
989 2492 1021 2533 ex
1036 2478 1200 2549 perfectione
1212 2495 1295 2536 novae
1316 2480 1380 2551 legis
1391 2480 1519 2536 sumitur.

131 2561 229 2603 uxores
245 2546 296 2601 sibi
309 2560 341 2601 ex
356 2546 465 2602 liliahus
481 2548 546 2604 Criu
565 2546 719 2605 infidelibus
734 2556 762 2604 et
781 2548 934 2606 idololatris
1023 2537 1037 2580 d
1054 2550 1185 2621 Vulgatus
1200 2557 1308 2605 textus:
1329 2552 1421 2606 Didici
1434 2552 1505 2621 quad
1523 2554 1611 2607 omrria
1630 2569 1708 2622 opera
1727 2570 1788 2624 prece

132 2625 302 2689 aeceperunt.
318 2617 408 2673 Dictat
430 2618 503 2673 enim
527 2619 597 2674 ratio
620 2626 648 2674 et
666 2618 708 2674 lex
730 2621 864 2675 naturalis
878 2635 934 2676 non
987 2621 1053 2686 tecit
1063 2623 1133 2674 Deus
1145 2626 1311 2690 perseverent
1326 2624 1355 2675 in
1370 2627 1543 2691 perpetuum.
1570 2626 1628 2679 Non
1646 2640 1788 2691 passumus

131 2703 188 2747 esse
201 2703 265 2744 eum
284 2688 440 2744 hominibus
452 2688 565 2760 disparis
584 2689 676 2746 cultus
689 2697 717 2746 et
738 2690 888 2762 religionis,
906 2690 934 2747 id
989 2691 1027 2743 eis
1045 2691 1193 2759 numquam
1219 2691 1329 2758 addere,
1355 2707 1402 2747 nec
1415 2695 1535 2759 arescere,
1551 2709 1611 2761 pure
1625 2695 1690 2759 feeit
1706 2699 1786 2761 heus,

131 2767 182 2828 est,
197 2774 261 2815 cum
284 2758 441 2815 infidelibus
465 2760 672 2817 matrimonium
702 2760 932 2829 contrahendum,

130 2831 172 2888 ob
197 2831 347 2902 perieulum
374 2831 515 2901 apostasiae
536 2847 584 2888 sen
601 2830 761 2888 deiectionis
774 2830 808 2888 ad
820 2831 934 2889 inlideli·
988 2845 1044 2886 nun
1059 2847 1113 2887 uno
1129 2830 1213 2887 modo
1227 2830 1427 2888 abauctoribus
1437 2832 1592 2903 exponitur.
1607 2831 1661 2887 Sed
1676 2834 1709 2888 ad
1724 2850 1788 2905 pree

131 2911 215 2959 tatem
229 2901 456 2958 etidololntriam.
472 2903 551 2970 Quod
563 2903 646 2958 etium
661 2904 718 2974 lege
727 2905 847 2960 hlasaica
863 2903 936 2960 mul·
987 2911 1094 2958 sentem
1109 2902 1201 2958 locum
1224 2900 1367 2959 suffecerit
1386 2902 1445 2960 haec
1469 2907 1503 2958 υ.
1519 2902 1633 2959 Tlrnmae
1654 2906 1786 2974 expositio

132 2973 211 3030 toties
228 2971 395 3044 prohibitum
412 2971 694 3042 luitwardum,
713 2975 935 3047 Dart.v).Unde
989 2976 1061 3039 (1-2,
1086 2991 1113 3044 a.
1139 2979 1184 3041 98,
1203 2990 1231 3028 a.
1256 2977 1272 3029 i
1297 2975 1334 3029 ad
1348 2973 1375 3044 2)
1400 2994 1408 3029 ε
1432 2977 1519 3045 Opera
1545 2978 1594 3031 Dei
1614 2982 1787 3045 persa-mant

134 3044 240 3101 Esdras
266 3047 291 3111 (l
312 3045 393 3100 Esdr.
415 3049 465 3109 xx)
479 3045 606 3100 sacerdos
628 3044 784 3116 hujusmodi
809 3047 935 3119 conjugia
989 3046 1016 3098 in
1031 3049 1172 3108 retensum,
1192 3048 1300 3115 quasis
1312 3049 1383 3102 Deus
1393 3048 1469 3114 fecit,
1485 3049 1548 3100 utin
1560 3052 1786 3118 reternumpcrse·

132 3119 147 3172 J
152 3115 294 3172 udeeorum
317 3130 380 3171 cum
396 3115 552 3187 alienigenis
568 3115 633 3170 inita
646 3116 792 3188 separavit,
813 3117 936 3174 dissolvit
989 3121 1089 3180 emeret,
1113 3122 1138 3172 et
1152 3119 1207 3171 bac
1224 3122 1289 3171 sunt
1310 3133 1371 3187 pace
1398 3123 1462 3172 srrnt
1480 3119 1611 3188 praetecta.
1628 3121 1682 3173 Lea
1697 3125 1787 3174 curtem

130 3203 162 3244 ae
180 3184 294 3243 diremit
307 3187 390 3253 (l'ide
403 3188 478 3256 apud
489 3189 651 3244 Gratianum
663 3191 709 3254 28,
724 3193 787 3258 (pl,
811 3204 834 3243 c.
851 3189 933 3252 Care,
950 3161 972 3222 C
990 3192 1064 3241 netas
1091 3189 1251 3258 reprobatur
1273 3193 1390 3258 tempore
1406 3191 1582 3260 perfrictiones
1605 3193 1711 3258 arsitia,
1734 3207 1786 3245 raon

135 3264 192 3314 etc.
203 3259 247 3315 St'c
261 3258 353 3327 enim).
991 3261 1128 3327 tamqnam
1141 3260 1224 3320 neela,
1244 3259 1290 3313 sed
1304 3265 1442 3326 tamquam
1461 3264 1566 3329 irrptrnra
1581 3266 1605 3315 et
1623 3263 1726 3316 irentilis
1736 3278 1787 3331 pra

170 3322 184 3362 ¹³
210 3329 425 3385 Manichaeorum
441 3335 468 3383 et
488 3324 738 3396 biarcionisturum,
772 3329 819 3402 qui
845 3333 935 3386 Deum
990 3330 1041 3382 r'sto
1056 3334 1180 3399 tempore.
1194 3331 1264 3385 Dicit
1275 3331 1346 3383 enirn
1360 3331 1503 3398 Apostolus
1518 3332 1582 3386 ileb.
1600 3346 1646 3386 rin
1663 3349 1670 3385 :
1686 3336 1788 3402 Repara-

130 3408 271 3458 uuetorem
291 3401 388 3456 veteris
400 3397 576 3465 testamenti,
599 3400 686 3454 Deum
702 3399 806 3456 malum
821 3409 848 3456 et
861 3401 933 3474 prin·
990 3399 1061 3453 batia
1070 3400 1104 3471 sit
1113 3402 1213 3469 prioris
1226 3401 1693 3470 marrdatipraptcrinfir-ruitatcrnet
1703 3405 1786 3457 inibe-

131 3473 220 3545 eipem
251 3472 426 3527 tenebrarum
457 3467 692 3540 blasphemabant,
719 3479 747 3527 et
776 3471 933 3544 hujusmodi
988 3470 1136 3535 cillitatern,
1154 3471 1344 3539 quianibilad
1351 3472 1501 3540 perfeetum
1511 3472 1627 3526 ralduait
1641 3473 1694 3526 leae.
1708 3475 1743 3528 Et
1752 3472 1788 3529 ad

130 3542 335 3617 quaestiuneulis
358 3541 554 3614 suggillabant;
569 3547 599 3595 ut
623 3540 714 3598 videre
729 3550 771 3598 est
782 3543 853 3616 apud
869 3544 933 3614 Epi·
988 3539 1078 3596 Galat.
1095 3555 1134 3597 ιιι
1150 3542 1215 3598 :Ubi
1233 3544 1306 3596 rasit
1318 3543 1396 3611 fides,
1404 3542 1464 3612 jam
1474 3559 1526 3597 non
1537 3557 1628 3598 sumtis
1640 3545 1788 3615 subpeda-

132 3613 278 3688 phanium,
303 3616 498 3687 hirgnsttnnm,
520 3611 633 3668 elalius
656 3614 702 3686 qui
727 3613 761 3671 de
783 3613 932 3672 haeresibus
987 3628 1063 3681 aeae.

178 3686 184 3697 ι
1020 3692 1032 3720 3
1070 3683 1075 3695 ι
1330 3683 1336 3696 ι
1514 3684 1520 3696 ·
1569 3685 1602 3696 ¹·
1688 3687 1693 3697 ·

131 3694 332 3815 ⁸0¹2pizilrruelitsus
360 3754 518 3826 hujusmodi
538 3755 756 3813 Manichaeorum
778 3756 927 3813 cavillatio·
984 3683 1385 3827 (Gallaiqetitffielirgrfglllifflmm
1397 3684 1520 3756 Aposmh
1540 3684 1603 3741 ahbl
1624 3686 1786 3756 exphfflmm

131 3844 179 3886 nes
193 3839 219 3886 et
241 3827 425 3900 blasphemias
449 3830 478 3883 S.
491 3826 610 3882 'ihomas
633 3828 768 3898 triplicem
791 3828 931 3885 rationem
1022 3819 1099 3883 ‘hex
1114 3827 1224 3883 talionis
1234 3826 1337 3884 Judaeis
1351 3825 1414 3882 data
1429 3827 1515 3882 Exodi
1530 3841 1594 3881 rm:
1618 3828 1728 3881 Oculum
1736 3844 1787 3897 pro

132 3901 319 3974 assignationi
342 3914 374 3952 ex
394 3899 531 3967 Scriptura
543 3910 628 3966 quam
640 3911 671 3950 ex
698 3895 822 3953 Patribus
847 3899 931 3954 colle·
985 3899 1068 3962 oculo,
1091 3900 1197 3954 dariam
1208 3915 1261 3968 pru
1286 3898 1373 3963 dente,
1385 3898 1481 3969 pedem
1496 3913 1547 3968 pro
1564 3897 1642 3967 pede,
1662 3898 1784 3951 uetustio-

131 3980 215 4041 ctam,
234 3986 319 4043 quare.
337 3969 379 4022 lex
390 3982 460 4020 nora
477 3980 533 4019 non
556 3963 683 4044 debrierit
701 3965 759 4020 dari
775 3967 931 4037 aprincipio
985 3983 1102 4038 nempra
1117 3970 1268 4033 adustione,
1289 3970 1386 4025 eramus
1405 3985 1459 4051 pro
1472 3971 1591 4032 rralnere,
1609 3970 1717 4023 lironem
1735 3984 1786 4038 pro

132 4043 225 4101 mundi
238 4064 245 4102 :
271 4043 392 4107 errrrran
414 4037 507 4105 prima
530 4037 584 4095 est,
610 4037 803 4103 inquit,(·t-2,
817 4052 844 4104 p.
870 4043 931 4103 107,
987 4039 1080 4105 licere,
1109 4041 1216 4111 supple,
1238 4039 1345 4106 reddet,
1366 4055 1412 4111 qur
1432 4040 1548 4096 alterum
1571 4038 1677 4095 leserit.
1703 4042 1737 4094 lit
1759 4039 1786 4093 in

129 4119 184 4171 art,
200 4114 242 4185 a),
259 4113 326 4180 qnia
341 4109 384 4160 len
395 4121 473 4168 traua,
487 4106 556 4158 sient
566 4103 667 4158 dictum
680 4108 730 4166 est,
745 4107 933 4177 pnrrcmaliter
987 4107 1176 4176 Leviticu:Qui
1187 4113 1349 4179 irrogaverit
1359 4112 1493 4166 maarlam
1506 4114 1557 4166 ani
1569 4113 1665 4166 citriam
1679 4127 1786 4165 serenan

131 4192 170 4241 est
182 4185 275 4254 pratris
289 4180 406 4248 spiritns
422 4178 510 4230 serareti
521 4192 530 4227 :
544 4191 605 4245 pera
621 4175 791 4231 abundanter
802 4178 866 4232 dari
880 4194 936 4241 non
987 4180 1056 4232 nont
1068 4181 1142 4246 feeit,
1157 4182 1196 4234 sic
1209 4183 1255 4249 fiet
1267 4183 1292 4235 ei
1301 4199 1309 4234 :
1318 4183 1525 4252 fractarcrnpro
1535 4185 1670 4249 sructura,
1682 4185 1786 4237 oculum

130 4257 238 4322 debuit,
253 4256 398 4318 ariteprnnn
411 4247 626 4317 impedimentum
674 4249 744 4302 reati
763 4249 798 4303 ab
818 4250 934 4307 humana
984 4265 1035 4319 pre
1049 4250 1132 4313 acub,
1148 4251 1536 4320 dartemprodanterestitnet
1550 4256 1650 4325 (Leer't.
1665 4270 1742 4311 xxiv
1760 4259 1785 4309 et

131 4340 227 4396 periere
238 4322 384 4386 tolleretur,
399 4323 581 4374 eorrsermmata
595 4263 684 4374 ratperta
706 4322 775 4375 horre
784 4336 837 4391 per
855 4322 932 4379 Chri-
987 4320 1146 4392 aaran).
1173 4321 1235 4377 Fuit
1246 4329 1393 4378 autemea
1418 4324 1459 4379 lex
1485 4325 1588 4381 Judaeis
1609 4325 1708 4381 indicta
1729 4342 1785 4381 non

988 2764 1020 2814 ut
1045 2763 1175 2815 timeatur
1191 2759 1303 2831 (meres.
1319 2775 1366 2823 ιιι,
1381 2777 1431 2817 sec.
1448 2765 1551 2828 Lxx).
1574 2765 1641 2833 Quae
1656 2765 1787 2820 sententia

131 4401 216 4451 stara.
227 4394 302 4452 Unde
309 4393 410 4446 dicitnr
418 4392 529 4446 terranis
540 4406 582 4447 vu
592 4394 667 4450 :Non
690 4407 732 4445 um
746 4394 933 4463 erntSpin'tus
988 4400 1104 4463 propter·
1116 4392 1272 4460 vindictam,
1294 4402 1324 4450 ut
1341 4394 1468 4452 Pharisaei
1476 4412 1621 4523 serperent
1650 4397 1786 4468 interpre-

64 4458 77 4475 “
131 4468 225 4530 datas,
249 4469 313 4535 quia
331 4467 404 4519 iesus
418 4463 539 4541 nondam
552 4469 612 4519 erat
628 4464 802 4534 glorificatas.
816 4469 853 4522 m
865 4467 933 4522 hanc
986 4462 1125 4533 tabantur,
1136 4463 1183 4520 sed
1193 4473 1303 4548 propter
1309 4462 1473 4538 instillatam
1494 4467 1655 4539 pnetripliei
1670 4468 1786 4537 ratione,

130 4543 262 4595 satiarem
277 4537 422 4603 merariseste
435 4537 559 4602 assignat
569 4535 713 4604 Apostolus
724 4536 762 4590 od
777 4540 852 4592 itan.
870 4553 931 4602 vm,
948 4545 973 4608 1)
991 4539 1019 4589 1⁰
1040 4542 1071 4591 ut
1085 4536 1304 4610 essetjudierbus
1318 4546 1345 4593 et
1359 4539 1565 4612 magistratibus
1579 4539 1689 4610 regula,
1704 4556 1787 4610 quam

130 4613 179 4666 ubi
187 4614 331 4681 postquam
337 4604 808 4678 prr-(ernisrratdelepespiritusrita,
822 4609 934 4678 snbjrrn-
988 4617 1168 4678 sequerentur
1181 4609 1209 4664 in
1228 4610 1371 4681 puniendis
1385 4611 1558 4674 nocentibus,
1574 4625 1607 4663 ne
1622 4625 1712 4678 poerrae
1725 4626 1785 4664 mo·

131 4685 190 4753 pit:
204 4680 477 4745 DecesFilinmsnnnr
485 4676 933 4736 mittentinsimih'tndinerncumis
987 4676 1052 4734 dum
1075 4681 1237 4737 excederent
1252 4689 1299 4737 aut
1313 4679 1485 4762 negligerent,
1515 4679 1562 4733 sed
1586 4693 1635 4744 pro
1659 4692 1786 4731 mensura

128 4756 245 4824 peceati,
268 4753 300 4807 de
316 4755 423 4820 peceato
436 4748 577 4801 ‹tamrrncit
588 4750 726 4816 peccatam
741 4749 770 4801 in
792 4763 882 4812 comte,
902 4755 933 4806 ut
986 4747 1092 4821 injuriae
1117 4751 1200 4807 illatae
1216 4766 1279 4806 reos
1291 4758 1420 4822 punirent
1432 4749 1512 4816 (Vide
1525 4746 1713 4823 Mrrldonanin
1728 4762 1786 4800 mern

127 4826 289 4894 justificatio
309 4824 373 4890 lepis
396 4818 555 4889 impleretur
571 4820 600 4871 in
618 4818 703 4872 nobis.
726 4817 847 4874 Seminda
861 4823 933 4877 ratio
986 4821 1106 4891 Iocurnl;
1132 4825 1163 4875 2⁰
1188 4830 1219 4875 ut
1250 4820 1376 4873 homines
1401 4826 1477 4872 metu
1501 4828 1588 4884 poenae
1612 4822 1786 4882 contineret,

127 4898 220 4966 potest
234 4895 373 4961 assignari
385 4908 419 4946 ee
430 4891 593 4960 perfectione
608 4888 673 4957 lepis
691 4903 775 4942 noea.
791 4891 849 4945 Non
859 4893 930 4946 arim
985 4904 1020 4944 ne
1033 4891 1093 4944 aliis
1107 4904 1205 4944 manus
1219 4889 1359 4953 inferrent,
1374 4894 1401 4940 et
1420 4882 1492 4956 quod
1516 4883 1573 4966 pati¹
1586 4883 1704 4967 nollent,
1727 4885 1787 4943 aliis

130 4961 931 5035 alipra'dadperfeetumadducitur-statimeprineipiased
986 4974 1020 5015 ne
1046 4958 1186 5024 lacerent}
1219 4961 1249 5012 ³⁰
1273 4955 1307 5012 ad
1330 4954 1532 5028 reprimendam
1547 4972 1638 5012 nimiae
1659 4957 1785 5015 vindietae

130 5038 248 5109 quadam
265 5035 407 5105 temporali
420 5035 590 5087 successionis
602 5032 717 5097 ordine3
741 5032 812 5086 sinet
830 5033 931 5102 alipius
987 5029 1069 5084 etiam
1083 5027 1282 5110 apudjudicem
1294 5026 1490 5099 prosequendos
1504 5027 1690 5100 cupiditatem.
1703 5030 1785 5087 Unde

126 5112 207 5181 prius
232 5111 263 5185 pt
281 5123 358 5178 puer,
379 5110 404 5160 et
418 5103 587 5174 postmodam
602 5105 654 5157 cir.
670 5105 707 5158 Et
718 5103 789 5157 bane
802 5105 933 5159 rationem
988 5105 1158 5172 Augurinus
1172 5113 1226 5154 xrs
1236 5107 1329 5156 cantra
1345 5101 1475 5156 Faustum
1489 5101 1565 5171 (drap.
1582 5100 1624 5169 15)
1645 5104 1715 5156 :linc
1727 5105 1787 5170 pui-

129 5173 933 5250 assiprmtrlpostolnsadGaIatnu:Lenpadapapnsnoster
987 5171 1057 5239 dem,
1073 5170 1170 5242 inquit,
1198 5172 1236 5225 ad
1248 5173 1432 5243 repnmendus
1446 5175 1568 5240 pummm
1580 5171 1701 5225 ciliorum
1715 5173 1744 5225 in
1759 5187 1787 5228 se

130 5254 191 5321 suit
207 5255 235 5307 tn
253 5253 367 5313 Christo,
383 5253 414 5302 ut
427 5263 461 5302 en
472 5246 525 5315 fide
539 5245 731 5316 justificantem
755 5249 785 5300 ut
801 5246 849 5300 ubi
861 5248 933 5302 uenit
986 5244 1099 5299 intrices
1109 5244 1305 5300 sevientiumet
1316 5245 1503 5299 immoderatos
1514 5245 1618 5298 animas
1628 5245 1785 5316 itaproecep·

129 5324 207 5395 tdcs.
230 5324 292 5393 jam
306 5338 358 5376 eran
383 5334 475 5375 sirmas
496 5318 546 5373 sub
563 5318 722 5389 padagogo.
751 5320 841 5372 Tertia
862 5320 933 5373 ratic
987 5319 1044 5370 tum
1056 5320 1104 5371 est.
1123 5317 1187 5384 orris
1198 5317 1269 5370 enirn
1283 5317 1365 5385 sanie
1378 5319 1513 5371 corrtentns
1525 5320 1564 5371 est
1580 5319 1685 5369 tanturn
1697 5331 1787 5386 repen·

129 5398 247 5451 sumitur
259 5411 292 5450 ee
312 5396 359 5448 hec
371 5392 442 5462 quud
457 5391 501 5445 lec
511 5406 578 5446 noea
594 5395 633 5444 est
643 5391 687 5445 lec
700 5392 816 5459 pratr'ae3
832 5393 857 5446 et
871 5389 932 5445 ideo
986 5386 1193 5455 dererindicta,
1209 5392 1342 5458 quantum
1357 5403 1402 5442 aec
1437 5390 1460 5444 it
1470 5389 1600 5458 injuria?
1615 5390 1705 5444 Nonne
1717 5389 1785 5442 cide-

127 5469 217 5536 primo
226 5468 345 5537 oportent
354 5464 426 5535 prrod
439 5464 515 5517 humo
525 5463 726 5533 relinqueretur
742 5462 797 5516 sibi
810 5464 840 5517 in
856 5465 931 5517 statu
985 5474 1045 5514 mus
1058 5461 1150 5515 leuiter
1159 5461 1234 5514 tasas
1245 5461 1411 5514 hominesmo
1424 5461 1460 5514 iri
1468 5460 1659 5527 oadem,sitirc
1669 5461 1785 5526 sarrani-

130 5540 226 5593 ceteris
235 5540 312 5608 tegis,
328 5540 359 5590 nt
379 5536 555 5604 inprecatam
569 5533 772 5590 cadatdosaam
781 5535 930 5603 irrptrrnita-
983 5534 1158 5601 nernniepue
1167 5533 1284 5587 inomire
1294 5532 1532 5598 inmelisinirnici,
1543 5531 1614 5585 irride
1624 5532 1784 5585 satientur?

129 5613 182 5664 tem
201 5623 365 5679 cognoscens,
381 5611 575 5675 recognosceret
594 5620 622 5661 se
638 5606 730 5676 aratra
748 5605 879 5673 indigere.
895 5607 931 5661 iit
983 5602 1608 5672 Huicigiturimmoderatancinjustaendioni
1619 5603 1663 5657 len
1675 5602 1783 5672 justum

128 5680 198 5736 trane
214 5684 346 5737 rationein
361 5679 635 5749 assrprratilpustalas
644 5677 682 5732 ad
694 5680 770 5734 Rom.
782 5691 801 5731 v
813 5677 904 5730 dicein
920 5693 927 5728 :
982 5675 1090 5744 modum
1104 5677 1197 5744 figeres,
1218 5691 1327 5746 parram
1347 5674 1455 5730 talionis
1476 5677 1604 5738 instituit,
1628 5674 1675 5729 boc
1688 5677 1737 5734 est,
1752 5675 1783 5723 at

128 5754 186 5808 Lex
199 5752 375 5818 subintroiit,
391 5754 421 5805 ut
436 5749 589 5804 abundaret
610 5749 759 5815 delictumr
776 5748 826 5803 abi
838 5752 929 5802 autem
982 5748 1088 5817 anatem
1102 5749 1216 5818 peraque
1229 5744 1324 5802 intulit
1338 5745 1480 5817 injuriam,
1497 5748 1551 5802 tale
1564 5746 1731 5816 supplicium
1745 5754 1783 5791 re

128 5823 280 5880 abundauit
301 5824 437 5885 delictum,
456 5820 686 5890 superabundant
698 5822 836 5890 otor-utin.
854 5822 929 5876 Huc·
979 5818 1084 5888 pendat
1090 5836 1099 5888 ς
1110 5819 1182 5889 qaod
1188 5820 1345 5888 pontones,
1354 5818 1400 5874 sed
1415 5818 1490 5874 limes
1503 5819 1610 5886 furoris
1618 5818 1658 5871 est
1671 5813 1719 5866 :ut
1728 5819 1781 5860 non
