3848 6158
112 306 151 359 ab
312 358 320 365 ,
610 293 655 348 DE
674 290 916 349 COENOBlORUhl
934 291 1124 350 institutis
1142 292 1243 350 uesta
1261 295 1282 350 1.
1744 308 1778 363 gg

111 434 194 484 cante
208 443 215 482 :
231 425 388 482 'Habentes
401 425 493 477 actem
508 422 637 476 alimenta
649 424 674 475 ct
687 423 863 491 operimenta,
877 420 919 476 bis
932 422 960 486 Α
978 433 1029 490 pus
1050 417 1224 476 fraternitatis
1246 427 1365 490 tenetur,
1385 429 1433 479 aut
1445 422 1634 495 superfluum,
1655 396 1708 484 aut¹
1720 428 1776 485 ela·

112 523 233 577 carricati
244 523 327 575 simas
353 517 380 590 (l
399 519 467 574 Tim.
490 518 550 585 vr).
563 513 756 587 operimenta,
774 514 916 586 inquiens,

111 631 169 672 non
180 614 356 680 ambulante,
368 620 401 668 ut
412 611 439 666 in
454 607 618 682 quibusdam
638 607 744 664 Latinis
763 605 921 680 exemplari·

112 713 166 769 bus
180 725 237 766 non
255 707 364 782 proprie
380 706 547 772 continetur,
561 703 589 762 id
601 712 653 773 est,
665 719 727 776 quae
741 718 842 776 corpus
854 718 919 776 ope·

112 807 185 863 riant
197 810 322 872 tantum,
340 817 396 857 non
408 815 471 873 quae
485 799 603 856 amictus
623 798 710 870 gloria
724 795 917 855 blandiantur:

115 899 152 956 ita
166 897 242 966 vilia,
257 904 289 953 ut
304 894 379 951 nulla
397 892 502 950 coloris
522 891 564 947 rel
586 890 696 946 babitus
711 890 831 946 novitate
850 888 920 946 iuter

115 1002 231 1050 caeteros
247 990 328 1063 hujus
353 987 486 1061 propositi
509 984 582 1041 viros
605 984 755 1041 habeantur
778 982 918 1055 insignia:

114 1088 153 1141 ita
166 1083 295 1142 studiosis
314 1079 536 1139 accurationibus
548 1076 647 1146 aliena,
663 1085 693 1132 ut
706 1075 790 1132 nullis
809 1091 921 1133 rursum

115 1178 171 1234 sint
186 1175 320 1234 affectatis
333 1190 382 1247 per
393 1171 528 1229 incuriam
541 1169 669 1236 sordibus
681 1168 848 1226 decolorata.
864 1173 922 1227 Po-

114 1279 220 1327 stremo
233 1268 271 1325 sic
282 1266 317 1324 ab
331 1266 412 1339 hujus
423 1263 519 1322 mundi
529 1270 691 1339 separentur
703 1272 813 1329 ornatu,
828 1271 859 1319 ut
868 1261 922 1319 cul·

115 1365 158 1422 tui
176 1378 319 1421 servorum
337 1361 389 1418 Dei
409 1361 436 1416 iu
465 1357 595 1415 omnibus
615 1359 774 1414 eommunia
799 1373 921 1429 perseve-

972 513 1039 581 tum:
1048 520 1104 579 est,
1122 520 1150 569 et
1161 513 1196 569 ob
1213 513 1239 570 id
1251 515 1366 582 noxiam
1377 513 1558 591 judicandum
1568 526 1622 587 est,
1637 521 1777 594 magisque

972 605 1091 676 speciem
1110 606 1235 663 vanitatis
1255 623 1339 679 quam
1361 609 1467 666 virtutis
1495 619 1645 669 ostentans.
1672 617 1710 671 Et
1730 615 1778 674 id-

970 698 1042 755 circo
1065 697 1125 756 haec
1147 716 1210 772 quae
1233 717 1284 758 nec
1307 717 1323 758 a
1336 703 1482 773 ,veteribus
1504 708 1604 762 sanctis
1628 708 1674 780 qui
1697 708 1778 783 hujus

972 795 1149 867 professionis
1162 794 1340 854 fundamenta
1357 798 1498 870 jecerunt,
1512 817 1602 873 neque
1623 819 1638 858 a
1651 804 1777 863 Patribus

972 889 1060 944 nostri
1072 889 1217 960 temporis,
1227 891 1274 959 qui
1284 905 1381 947 eorum
1393 907 1440 964 per
1455 894 1640 952 successiones
1654 897 1778 959 instituta

973 997 1046 1038 nunc
1058 996 1143 1053 usque
1156 983 1327 1053 custodiunt,
1344 985 1442 1041 tradita
1456 986 1578 1044 videmus
1592 991 1729 1063 exempla,
1748 1002 1780 1050 ut

972 1074 1109 1146 superflua
1123 1083 1150 1131 et
1167 1075 1273 1131 inutilia
1288 1091 1339 1133 nos
1354 1092 1463 1151 quoque
1484 1096 1608 1138 resecare
1624 1087 1777 1144 conveniet.

974 1168 1189 1235 Quamobreme
1213 1169 1351 1227 cilicinam
1376 1180 1481 1230 restem
1506 1175 1579 1231 velut
1613 1179 1779 1254 circumspe-

974 1272 1048 1318 ctam
1060 1278 1076 1318 a
1088 1263 1193 1319 cunctis
1203 1272 1289 1336 atque
1309 1264 1468 1335 notabilem,
1481 1276 1509 1325 ct
1526 1284 1587 1340 quae
1601 1277 1632 1326 cx
1649 1272 1701 1329 boe
1719 1275 1779 1347 ipso

975 1370 1031 1411 bon
1052 1356 1141 1411 solum
1160 1356 1232 1412 nulla
1244 1357 1348 1429 spiritui
1361 1360 1448 1430 possit
1465 1363 1652 1420 emolumenta
1672 1368 1782 1424 confer·

115 1452 213 1515 tessal
228 1456 369 1530 Quidquid
386 1455 461 1512 enim
475 1453 548 1509 inter
571 1450 689 1508 famulos
710 1450 758 1507 Dei
780 1450 922 1523 praesumi·

118 1561 164 1608 tur
179 1550 214 1608 ab
228 1565 290 1621 ⁸uno
305 1549 346 1605 rel
365 1546 473 1620 paucis,
488 1561 539 1602 nec
551 1544 687 1601 catholice
699 1559 747 1617 per
766 1559 848 1600 ornne
858 1559 921 1600 cor-

975 1465 1021 1517 re,
1036 1449 1085 1506 sed
1105 1451 1190 1507 etiam
1211 1451 1334 1508 elationis
1353 1452 1496 1526 concipere
1517 1456 1681 1527 vanitatem,
1701 1476 1776 1532 qum·

976 1559 1029 1614 quc
1048 1542 1083 1601 ad
1097 1545 1241 1601 necessarii
1254 1548 1345 1619 operis
1359 1547 1537 1620 exercitium,
1559 1550 1587 1607 in
1610 1568 1665 1622 quo
1680 1570 1779 1611 mona·

674 1723 802 1779 stabat
821 1724 932 1780 Gaza}
954 1724 1232 1783 COMMENTARIUS.

157 1885 419 1960 'Vulgatatersioz
448 1885 582 1941 Habentes
611 1888 701 1939 autem
723 1885 870 1947 alimenta,
898 1889 924 1940 et
935 1889 964 1951 ,Β
980 1884 1084 1941 Deinde
1096 1901 1172 1954 vero,
1194 1894 1221 1942 et
1234 1886 1368 1968 praecipue
1378 1887 1405 1942 in
1420 1889 1530 1962 signum
1542 1889 1720 1962 poenitentiae,
1730 1908 1780 1951 sau

119 1963 352 2031 qrttbrrsteqamur
366 1961 389 2024 (l
403 1960 471 2013 Tim.
484 1958 544 2026 vr),
557 1955 653 2013 Graece
665 1957 843 2025 strategum,
857 1956 876 2011 i.
885 1964 925 2012 te·
979 1957 1014 2013 ad
1029 1956 1163 2038 agendam
1181 1957 1221 2012 vel
1241 1957 1444 2027 praedicandam
1463 1961 1665 2031 poenitentiam,
1677 1962 1712 2018 ad
1730 1964 1780 2020 Dei

119 2038 262 2104 gummis,
276 2046 324 2087 seu
338 2030 541 2097 integumenta3
557 2025 631 2097 quod
648 2027 727 2083 latius
744 2034 818 2097 patet
838 2041 925 2097 quam
980 2027 1129 2083 vindictam
1149 2029 1340 2095 avertendam,
1352 2028 1386 2084 ad
1399 2045 1509 2087 carnem
1528 2032 1731 2101 macerandum,
1747 2035 1783 2092 ad

120 2104 303 2170 vestimenta,
326 2108 358 2157 ut
376 2106 472 2156 notum
494 2106 543 2154 est.
560 2099 631 2153 Nam
655 2102 785 2168 σκέπασμα
800 2097 925 2170 generale
979 2098 1074 2154 nfundi
1088 2108 1276 2170 contemptum
1288 2099 1487 2171 designandum
1500 2122 1505 2155 :
1518 2118 1573 2175 quo
1584 2104 1667 2161 modo
1680 2106 1781 2174 David,

121 2173 290 2229 vocabulum
310 2179 353 2226 est
372 2167 603 2241 comprehendens
625 2184 683 2224 non
706 2171 796 2224 solum
818 2176 924 2236 restes,
979 2168 1089 2237 beliab,
1103 2171 1216 2236 loram,
1230 2169 1375 2236 Ninivitas,
1394 2171 1513 2243 plerique
1525 2175 1682 2246 prophetae,
1699 2185 1782 2250 atquc

124 2245 228 2316 quibus
242 2242 398 2309 induimur,
414 2241 463 2296 sed
482 2240 562 2295 ctiam
582 2239 766 2307 domicilium,
780 2239 840 2311 'quo
860 2238 928 2310 tegi·
980 2240 1024 2295 alii
1039 2240 1152 2308 ciliciis,
1167 2240 1223 2297 sive
1236 2240 1323 2295 sacris
1338 2241 1426 2298 induti
1448 2243 1584 2316 leguntur.
1608 2247 1732 2318 Denique
1746 2246 1781 2303 ad

124 2312 495 2385 muretprotegimur,junta
505 2310 567 2367 illud
578 2312 680 2366 ficales.
690 2307 926 2379 xrrr,quodbuic
980 2311 1138 2376 victoriam,
1160 2312 1352 2367 liberationem
1369 2314 1404 2369 ab
1431 2313 1571 2382 hostibus,
1596 2316 1703 2388 aliaque
1731 2318 1782 2375 Dei

120 2388 272 2441 sententiae
286 2383 410 2453 Apostoli
423 2381 566 2452 respondet
582 2401 588 2436 :
603 2385 718 2438 isitium
731 2384 794 2436 rita
811 2382 926 2436 leomiais
979 2380 1108 2438 beneficia
1124 2383 1304 2454 impetranda,
1322 2391 1352 2438 ut
1365 2384 1461 2441 luditb
1473 2402 1533 2458 cap.
1547 2401 1619 2454 vara,
1638 2397 1666 2444 et
1685 2390 1784 2448 Hester

119 2472 208 2526 «aqam,
217 2458 336 2524 etpaais,
348 2457 574 2516 attestimoniare,
584 2454 710 2508 etdomas
717 2458 859 2535 protegens
869 2457 927 2506 tur·-
981 2468 1040 2525 eap.
1057 2455 1103 2509 lV.
1126 2455 1176 2509 Est
1196 2462 1287 2509 autem
1308 2454 1507 2513 observandum
1522 2458 1596 2529 quod
1614 2459 1665 2515 etsi
1687 2475 1782 2518 saccus

118 2526 284 2598 pitadiaem.
307 2524 424 2581 Proinde
437 2525 529 2579 minus
549 2532 611 2591 apte
630 2525 665 2579 ah
680 2525 740 2580 aliis
760 2524 865 2578 latinis
885 2522 927 2578 in·
982 2540 1031 2595 pro
1045 2524 1134 2580 cilicio
1152 2524 1180 2579 in
1199 2525 1293 2580 multis
1307 2525 1457 2607 Scripturas
1475 2527 1542 2584 locis
1559 2538 1682 2586 sumatur
1694 2532 1783 2595 (unde

122 2597 289 2668 terpretibus
302 2595 441 2651 redditum
454 2594 545 2666 arguit
558 2594 703 2652 Cassianus
717 2614 722 2648 :
735 2596 867 2650 Habentes
877 2595 928 2649 ali·
982 2604 1009 2650 ct
1027 2596 1173 2651 Cassianus
1193 2596 1247 2651 hoc
1267 2597 1328 2651 loco
1349 2597 1417 2652 dicit
1431 2599 1562 2655 Ninivitas
1582 2601 1659 2657 cilicii
1679 2603 1784 2673 asperi·

122 2673 256 2724 meritust
276 2669 443 2722 vestimenta.
467 2665 549 2736 Quod
567 2665 677 2737 quidem
694 2681 788 2721 verum
804 2674 861 2729 est,
878 2679 928 2721 scu
983 2674 1037 2721 tate
1053 2666 1165 2733 relatos,
1177 2682 1247 2738 quos
1264 2668 1401 2736 Scriptura
1415 2669 1484 2726 dicit
1495 2671 1581 2726 saccis
1596 2673 1739 2740 indutos),
1754 2683 1784 2730 et

122 2739 181 2794 vim
196 2738 269 2794 vocis
284 2739 456 2810 meaiaparoe
470 2745 585 2820 spectes,
600 2753 648 2793 scu
661 2735 764 2792 morale
778 2736 928 2791 documen·
983 2735 1148 2809 ubicumque
1167 2736 1195 2791 in
1211 2738 1294 2792 veteri
1307 2739 1481 2796 Testamenta
1505 2741 1625 2797 cilicium
1645 2744 1727 2798 vertit
1743 2744 1785 2800 in-

124 2819 201 2875 tum,
217 2808 290 2882 quod
305 2809 358 2864 hoc
376 2808 496 2882 generali
508 2808 639 2864 vocabulo
655 2807 689 2863 de
709 2806 840 2863 industria
855 2805 928 2862 vide·
984 2816 1104 2879 terpres,
1128 2807 1263 2863 Hebraico
1289 2806 1422 2864 habeatur
1445 2827 1506 2874 sae,
1528 2811 1613 2867 dictio
1634 2815 1782 2871 Germanis

125 2891 173 2937 tur
189 2880 224 2936 ab
244 2879 378 2951 apostolo
399 2880 584 2945 insinuatum3
605 2879 679 2951 quod
698 2878 741 2933 bic
762 2878 796 2934 ab
809 2884 930 2934 Auctore
983 2879 1066 2935 etiam
1087 2877 1184 2934 usitata
1209 2877 1334 2945 funden
1363 2880 1468 2936 Graecis
1496 2889 1523 2935 et
1547 2883 1652 2939 Latinis
1683 2900 1784 2940 nomen

125 2952 290 3020 declaratur,
306 2958 334 3006 et
345 2966 361 3006 a
374 2953 408 3006 D.
424 2950 542 3012 Basilio,
555 2949 601 3006 ubi
614 2966 705 3022 supra.
719 2953 854 3006 Caeterum
865 2963 929 3005 cum
984 2951 1082 3014 σάκκος,
1096 2966 1186 3005 saccas
1197 2955 1381 3015 mutuatumt:
1397 2950 1462 3006 alibi
1475 2957 1566 3006 mmen
1585 2953 1710 3009 videntur
1727 2953 1786 3011 haec

125 3024 183 3079 illis
194 3022 283 3078 rerbis
302 3021 420 3078 voluerit
438 3021 586 3093 Apostolus
608 3037 639 3077 ea
656 3021 820 3077 nominatim
841 3019 930 3091 expri-
983 3036 1039 3076 non
1051 3020 1166 3077 obscure
1182 3021 1220 3076 ita
1234 3019 1376 3092 distingui,
1397 3021 1472 3092 quod
1486 3022 1606 3078 cilicium
1622 3024 1786 3083 intrinsecus

127 3109 212 3162 mere,
225 3092 427 3165 quaeomnibus
442 3093 470 3148 in
487 3092 647 3148 uuiversum
665 3091 823 3148 hominibus
836 3105 931 3147 neces-
985 3102 1013 3149 et
1036 3107 1119 3163 super
1144 3091 1249 3147 nudum
1274 3091 1452 3162 indueretur,
1479 3109 1560 3150 carisa
1582 3094 1740 3153 afflictionis
1757 3105 1787 3154 ct

124 3165 201 3221 saria
218 3171 297 3231 sunt,
315 3164 397 3234 idque
412 3162 571 3234 simpliciter
585 3171 613 3219 et
628 3163 766 3230 absolute,
779 3171 807 3219 et
824 3177 880 3217 non
896 3160 931 3218 ed
986 3163 1175 3219 macerationis
1189 3162 1300 3218 carnis:
1324 3178 1419 3220 saccus
1433 3180 1515 3232 rero,
1531 3173 1561 3221 ut
1583 3167 1640 3221 vilis
1654 3176 1681 3222 ct
1697 3168 1786 3226 sordi·
1840 3210 1845 3217 -

125 3243 222 3293 certos
239 3236 306 3290 fines
318 3234 467 3297 duntaxate
484 3233 511 3288 in
528 3234 628 3304 quibus
643 3234 717 3289 lraud
734 3233 815 3289 dubie
830 3231 929 3315 princi·
949 3233 1037 3322 Cdus
1051 3233 1175 3301 babitus,
1190 3234 1358 3290 extrinsecas
1378 3245 1530 3307 gestaretur
1542 3235 1676 3294 duntaxat
1695 3238 1785 3296 humi·

129 3321 198 3377 pem
210 3306 299 3361 locum
310 3304 432 3361 obtinent
445 3305 574 3359 alimenta
585 3312 613 3360 et
625 3304 786 3360 indumenta
803 3323 810 3357 ε
828 3303 931 3359 idcirco
986 3305 1070 3360 litatis
1093 3313 1120 3360 et
1145 3303 1314 3360 confusionis
1336 3322 1400 3377 ergo
1424 3309 1597 3378 :praesertim
1621 3325 1636 3364 a
1658 3310 1787 3383 principi·

128 3381 167 3434 D.
185 3377 369 3444 Hieronymus
384 3385 411 3432 et
425 3375 469 3431 alii
483 3390 673 3446 saepeunmero
690 3375 727 3431 ita
743 3375 836 3447 legunt
849 3382 876 3429 et
896 3373 932 3429 ci·
987 3376 1056 3441 bus,
1076 3383 1105 3431 et
1122 3375 1275 3431 illustribus
1286 3377 1411 3447 personis
1426 3398 1432 3432 ε
1449 3377 1521 3449 quod
1544 3378 1644 3450 duplici
1660 3383 1786 3453 exemplo

128 3457 216 3504 tant:
236 3449 367 3503 Habentes
384 3451 499 3511 emtam,
521 3451 548 3501 et
563 3449 705 3509 amatam,
728 3447 769 3500 ael
792 3447 932 3513 vestitam
987 3446 1096 3517 probari
1130 3448 1296 3502 otest.Nam
1311 3445 1419 3519 dercge
1435 3449 1579 3505 Aclrablv
1602 3453 1671 3521 fleg.
1687 3453 1788 3526 arlegi-

130 3519 221 3591 magis
231 3518 268 3575 ad
284 3528 404 3576 mentem
418 3517 561 3587 Apostoli,
577 3526 605 3574 et
620 3531 796 3572 communem
816 3516 933 3571 intellec·
988 3527 1033 3574 tur
1046 3462 1129 3589 quod
1142 3521 1246 3588 operuit
1258 3533 1365 3572 caraem
1378 3535 1454 3574 samm
1471 3522 1571 3583 cilicio,
1580 3522 1786 3594 ieiunavitque,

128 3588 935 3663 tum,quamadrimvocabuliGraeciattendentesltipe‘st.tt
990 3595 1017 3645 et
1029 3590 1157 3643 demisit
1167 3592 1196 3643 ia
1206 3605 1290 3650 sacco,
1303 3595 1329 3643 et
1338 3591 1486 3645 ambalat-it
1496 3591 1610 3647 demisso
1619 3598 1714 3664 capite.
1730 3595 1787 3653 Ubi

127 3663 361 3725 adHatstocbiam,
372 3662 452 3716 atlib.
463 3663 698 3716 inertissimam
712 3661 789 3741 epist.
799 3657 937 3724 26).Undc
990 3659 1066 3716 vides
1087 3668 1204 3732 quatuor
1225 3658 1315 3714 officia
1337 3661 1505 3731 poeuitentiae
1526 3664 1709 3733 particulatim
1733 3666 1788 3723 dis·

129 3735 218 3789 etiam
231 3732 354 3787 manarit
369 3732 415 3787 illa
431 3732 605 3802 consuetudo⁸
619 3731 647 3786 in
668 3731 802 3802 plerasque
823 3728 934 3802 religio·
989 3731 1082 3786 tincta.
1098 3730 1172 3786 Etde
1186 3733 1280 3785 loram
1296 3734 1333 3785 lV
1348 3734 1416 3803 fleg.
1431 3748 1462 3789 vr
1477 3751 1482 3787 :
1499 3734 1563 3790 Crem
1578 3737 1699 3790 scidisset
1709 3741 1789 3793 oesti-

130 3805 225 3869 nibus,
236 3811 269 3860 ut
282 3801 430 3874 professuri
440 3801 557 3872 religiosi
571 3802 638 3873 quid
647 3809 750 3872 petant,
763 3800 934 3871 interrogati,
989 3806 1080 3856 meato
1091 3817 1156 3865 aaa,
1175 3802 1245 3856 sidit
1257 3804 1343 3857 omnis
1355 3805 1469 3874 papirius
1484 3805 1598 3859 altarem
1611 3822 1662 3875 qao
1675 3810 1787 3865 restitus

131 3874 317 3947 respondeant
329 3891 337 3928 ε
350 3876 459 3935 eatam,
471 3877 497 3928 et
508 3875 807 3939 amictum(0assianas
823 3873 866 3927 lib.
886 3885 935 3926 vrt
990 3878 1050 3928 erat
1070 3874 1107 3928 ael
1128 3888 1251 3935 caraem,
1287 3872 1341 3929 uod
1352 3875 1386 3930 de
1400 3890 1479 3931 sacco
1494 3891 1628 3947 nusquam
1649 3879 1785 3949 reperies,

131 3965 156 4002 c.
177 3951 241 4013 29).
257 3947 307 4001 Est
323 3960 408 4027 porro
422 3944 466 4000 hic
482 3944 565 3999 etiam
587 3940 888 4014 observandum,quod
901 3954 936 3997 ex
989 3944 1091 4000 sedvel
1111 3943 1223 4012 operiri,
1241 3889 1283 4000 ved
1296 3943 1381 4013 indui,
1396 3946 1435 4002 acl
1458 3946 1596 4018 praecingi,
1617 3949 1732 4019 accingi,
1760 3959 1789 4006 et

43 4046 53 4063 ·
131 4017 188 4073 boc
205 4017 330 4072 Cassiam
347 4016 423 4081 loeo,
443 4024 470 4070 et
482 4014 541 4072 aliis
558 4013 721 4087 quibusdam
735 4014 851 4084 probant
868 4026 937 4066 non·
989 4014 1104 4079 similia,
1125 4029 1187 4086 quae
1201 4023 1231 4069 ut
1254 4014 1401 4086 plurimum
1425 4016 1594 4072 extrinsecus
1612 4018 1667 4071 fieri
1687 4018 1785 4074 solent.

133 4087 263 4144 nuliihos
279 4087 374 4154 libros,
386 4102 443 4142 noa
454 4087 561 4154 Graece,
576 4093 607 4141 ut
619 4083 730 4156 quidam
743 4083 843 4153 opinati
857 4089 935 4149 sunt,
990 4088 1076 4142 Porro
1091 4086 1120 4140 in
1137 4100 1209 4139 novo
1220 4087 1397 4140 Testamenta
1411 4089 1529 4141 loannes
1539 4087 1672 4157 Baptista,
1686 4088 1789 4156 primus

134 4158 188 4215 sed
200 4159 338 4214 [abucah
348 4173 382 4213 eo
392 4157 562 4228 conscriptos
571 4171 631 4213 esse
641 4157 757 4223 (ciacon.
768 4157 798 4209 in
811 4168 938 4224 saepem
991 4155 1155 4225 paenitentiae
1164 4156 1371 4225 praccoprimus
1385 4155 1641 4226 itidemcongruum
1657 4172 1790 4242 suaeprae·

135 4230 215 4300 sati.
229 4233 300 4287 Dum
312 4229 386 4286 enim
398 4229 471 4285 illam
480 4228 641 4285 sententiam
652 4226 777 4298 Apostoli
790 4225 888 4281 melius
903 4237 937 4278 er
991 4225 1122 4280 dicationi
1135 4225 1338 4291 vestimentum,
1354 4240 1452 4294 nempe
1467 4225 1598 4295 cilicium,
1610 4234 1641 4283 ut
1655 4239 1789 4298 poenrten-

135 4303 237 4359 Gracc
248 4301 277 4357 in
289 4301 419 4357 Latinum
429 4300 466 4356 ita
478 4300 545 4356 verti
558 4298 688 4365 ostendit,
699 4313 784 4370 quam
795 4304 825 4353 ut
837 4296 865 4350 in
878 4294 938 4366 qui·
991 4296 1038 4351 tiae
1049 4294 1221 4366 symbolum,
1234 4295 1371 4365 praefulit:
1384 4297 1501 4352 babebat
1520 4301 1589 4353 caim
1603 4302 1789 4361 vestimentum

135 4372 254 4429 busdam
268 4371 369 4428 Latinis
381 4371 583 4442 exemplaribus
594 4368 722 4437 babetur,
737 4368 810 4426 baud
821 4366 938 4423 obscure
991 4368 1024 4422 de
1033 4368 1098 4437 pitis
1108 4367 1279 4430 camelorum,
1290 4366 1618 4441 aitEvangelistalHattb
1637 4374 1789 4438 111).Unde

137 4443 244 4548 indicat
260 4459 290 4500 se
304 4443 403 4499 Latine
414 4443 549 4524 scribere,
564 4457 620 4497 non
632 4441 739 4497 Graece.
991 4446 1098 4494 constat
1116 4453 1166 4510 pro
1185 4437 1347 4505 vestimento
1359 4439 1400 4496 illi
1422 4438 1508 4496 fuisse
1528 4441 1648 4497 cilicium
1670 4441 1706 4500 de
1727 4445 1789 4517 pilis

118 4565 189 4643 ⁴sub
201 4514 575 4657 ffidanlifflapesreigtffidffidrdine
597 4582 808 4639 recensebimus.
825 4581 938 4662 Cuinre·
991 4589 1038 4636 aut
1050 4580 1169 4653 cujusvis
1182 4579 1322 4662 animalis;
1342 4581 1413 4638 sicut
1433 4582 1583 4654 Apostolus
1600 4584 1634 4640 ad
1657 4588 1789 4646 liebraeos

136 4657 257 4729 spondet
273 4664 384 4712 ocutus
410 4654 570 4711 humilitatis
590 4655 688 4724 gradus
709 4668 725 4708 a
741 4657 774 4707 l).
788 4650 937 4708 Benedicta
951 4634 976 4697 D
990 4650 1057 4707 dicit
1067 4651 1202 4722 quosdam
1215 4653 1382 4709 circumiisse
1395 4656 1424 4708 in
1437 4656 1551 4716 melotis,
1566 4657 1595 4709 in
1605 4658 1721 4727 pellibus
1742 4675 1789 4714 ca·

138 4729 295 4800 assignatus
314 4727 446 4784 :stataet
463 4723 852 4795 aqatmoaacbcs,aisiqaod
867 4737 939 4777 eoas·
989 4725 1089 4805 patna.
1104 4727 1145 4780 De
1162 4722 1262 4795 quibus
1278 4722 1359 4780 inira.
1378 4726 1486 4782 Horum
1503 4725 1740 4798 igiturexemplo,
1761 4735 1790 4786 et
1847 4770 1850 4777 ,

139 4802 232 4854 manis
250 4800 408 4854 monasterii
425 4799 544 4866 maala,
560 4799 601 4852 cet
619 4798 752 4867 majorum
766 4795 940 4850 mmrtaatar
993 4794 1092 4850 iisdem
1103 4795 1137 4851 de
1150 4793 1240 4849 causis
1251 4793 1373 4850 cilicium
1391 4794 1463 4852 inter
1476 4795 1660 4866 Christianos,
1675 4812 1790 4866 praeser-

140 4871 357 4942 eremplclcap.
376 4875 391 4923 t
407 4872 495 4938 flea).
510 4870 634 4938 ltemque
648 4867 701 4922 alia
722 4864 844 4937 eiusdem
864 4862 939 4920 baud
992 4864 1042 4921 tim
1060 4880 1124 4921 vero
1145 4864 1217 4920 inter
1233 4864 1382 4921 monachos
1401 4873 1429 4921 et
1448 4864 1590 4932 eremitas,
1607 4866 1705 4938 quovis
1721 4877 1790 4925 tem-

140 4941 284 4999 dissimilis
295 4940 427 4996 sententia
441 4958 447 4993 ε
460 4937 940 5019 Quodsiaepermissioacpatrisspi·
992 4951 1058 5007 pore
1076 4935 1129 4990 fuit
1152 4934 1383 5002 usitatissimum,
1404 4942 1436 4991 ut
1454 4942 1606 4991 constater
1626 4939 1660 4992 b.
1683 4938 1784 4998 Basilio

142 5013 254 5069 rituales
262 5006 937 5085 tit,presumptioaideputabitar,etoaaoeqloreae,
991 5022 1050 5077 cap.
1077 5011 1112 5060 69
1131 5005 1259 5076 Regula,
1284 5014 1311 5060 et
1327 5022 1360 5063 ex
1382 5005 1453 5061 Vitis
1471 5007 1648 5065 Sanctorum.
1671 5014 1709 5066 st
1728 5027 1784 5069 non

133 5102 188 5140 aon
203 5084 320 5140 mercedi
329 5085 405 5154 (cap.
422 5087 480 5147 49).
990 5076 1062 5133 idem
1075 5075 1156 5132 cilicii
1171 5090 1237 5131 usus
1254 5076 1327 5148 apud
1339 5090 1436 5132 omnes
1447 5075 1586 5134 fuit.Nam
1599 5081 1644 5137 alii
1662 5081 1714 5139 bac
1726 5085 1785 5141 sola

169 5155 319 5213 cCilicium
329 5154 360 5227 (a
371 5168 427 5226 quo
438 5152 543 5210 cilicina
555 5152 677 5221 restisla
688 5151 820 5208 Cilicibus
831 5149 939 5222 populis
991 5156 1065 5204 reste
1076 5147 1138 5203 tecti
1152 5154 1180 5202 et
1191 5146 1325 5214 contenti,
1346 5146 1453 5205 nullum
1467 5150 1552 5207 alium
1566 5150 1691 5210 habitum
1712 5164 1787 5213 erte-

130 5227 258 5292 dictum,
275 5225 347 5298 apud
361 5239 432 5298 qnos
451 5223 537 5281 cilicia
556 5223 676 5296 primum
694 5221 816 5278 confecta
829 5224 937 5293 (Varro
990 5219 1047 5276 rius
1066 5217 1265 5292 praeferebant:
1283 5220 1358 5302 quod
1372 5219 1416 5276 hic
1437 5236 1493 5278 non
1510 5222 1608 5296 probat
1624 5226 1785 5299 Cassianus,

131 5302 151 5355 t.
165 5314 190 5356 ιι
201 5299 453 5367 maenatcaap.
470 5293 623 5362 ff).Vestis
635 5291 793 5350 esthorrida
803 5301 831 5348 et
840 5306 937 5363 aspera
989 5299 1018 5347 et
1031 5290 1177 5347 monacbis
1193 5291 1325 5374 AEgyptris
1340 5306 1396 5347 non
1407 5291 1540 5363 placuisse
1553 5294 1620 5352 dicit
1630 5297 1666 5352 ob
1682 5298 1788 5371 pericu·

130 5386 165 5427 er
179 5370 241 5442 pilis
249 5368 430 5436 camelorum,
441 5364 633 5422 autbircorum
644 5362 936 5430 tonsilibuscontextae
990 5362 1048 5418 lum
1059 5360 1252 5418 ostentationrs
1270 5370 1298 5418 et
1312 5363 1400 5419 inanis
1411 5363 1505 5435 gloria
1519 5382 1526 5421 ε
1539 5373 1597 5422 tum
1612 5369 1677 5439 qaia
1695 5369 1788 5427 homi·

131 5443 214 5514 cuius
236 5438 365 5512 frequens
379 5445 408 5495 et
427 5436 568 5564 multiplex
592 5450 657 5491 usus
681 5435 710 5490 in
731 5434 816 5491 saeris
838 5433 937 5491 litteris
988 5448 1052 5489 nem
1065 5433 1202 5491 exercitiis
1215 5433 1384 5515 manualibus
1403 5434 1599 5508 minusaptum
1615 5450 1789 5512 promptum-

134 5518 348 5570 memoratores
371 5523 501 5565 commen
520 5515 590 5563 atur.
613 5507 738 5562 Primum
767 5505 795 5561 in
814 5504 889 5561 luctu
908 5513 938 5561 et
988 5521 1041 5577 que
1053 5503 1179 5562 redderet
1190 5523 1197 5558 :
1208 5504 1253 5560 alia
1265 5519 1328 5559 tero
1339 5505 1390 5562 sub
1402 5506 1787 5584 aliisrestihusoccultabant,

529 4528 594 4570 uam
613 4512 683 4568 inter
700 4511 764 4567 alias
783 4509 938 4566 selectiores
990 4510 1158 4566 camelorum
1179 4518 1354 4578 contextum;
1369 4525 1423 4567 non
1444 4521 1536 4568 autem
1559 4514 1658 4584 pellem
1672 4516 1788 4589 cameli,

135 5582 322 5710 deploratione
334 5580 433 5637 mortis
449 5587 496 5636 aut
512 5574 675 5634 calamitatis
689 5575 812 5648 alicujus.
831 5576 877 5632 Sic
890 5578 938 5632 Ja-
988 5581 1020 5631 ut
1032 5575 1120 5632 solent
1136 5591 1209 5632 nunc
1221 5575 1341 5647 religiosi
1355 5585 1383 5635 et
1397 5577 1436 5650 pii
1448 5577 1594 5635 Christiani
1609 5599 1616 5635 :
1638 5584 1712 5655 quod
1729 5583 1790 5640 nul·

137 5667 171 5708 co
200 5652 371 5736 patriarcba,
394 5651 450 5707 visa
469 5648 561 5706 tunica
579 5646 680 5774 ioseph
694 5646 741 5703 filii
757 5647 814 5714 sui,
833 5647 937 5718 primus
988 5646 1419 5718 latenusimprobandum,immo
1432 5649 1644 5708 saluberrimum
1653 5652 1789 5710 essesatis

136 5737 262 5781 ornatum
276 5722 392 5795 legitur,
413 5721 527 5778 indutas
542 5721 626 5776 cilicio
653 5734 736 5789 aperis
756 5720 843 5789 tiliam
859 5732 937 5773 mam
987 5716 1091 5773 indicat
1106 5723 1208 5775 Auctor
1219 5718 1271 5774 suh
1284 5717 1368 5775 linem
1381 5720 1489 5791 capitis.
1504 5720 1573 5777 Vide
1584 5722 1660 5793 plura
1678 5724 1713 5780 de
1732 5722 1788 5779 cili-

135 5797 219 5852 malto
231 5801 361 5865 tompme.
372 5794 442 5851 Gen.
458 5806 575 5850 xxxvia.
599 5792 634 5848 Et
652 5788 740 5846 David
759 5789 786 5844 in
802 5788 936 5862 exsequiis
988 5788 1032 5845 cio
1046 5796 1074 5845 et
1084 5797 1172 5847 amatu
1189 5789 1296 5847 cilicino
1314 5789 1342 5846 in
1360 5790 1433 5848 notis
1445 5790 1482 5849 ad
1495 5791 1593 5850 Cobet.
1609 5797 1640 5858 l,
1654 5809 1714 5864 cap.
1734 5793 1786 5849 ult.

132 5866 239 5922 abner.
248 5868 275 5922 ll
285 5870 352 5938 fleg.
365 5879 414 5922 art.
424 5860 655 5921 Ettlardochaeus
662 5861 708 5919 lib.
716 5863 814 5918 Hester
822 5875 932 5932 captu.
