3848 6158
145 314 195 370 aaa
720 313 726 324 ·
813 273 953 363 ioannis
972 306 1124 364 caniani
1746 309 1798 364 aaa

144 451 206 494 rum
231 435 411 509 processisse,
437 433 486 493 sed
502 432 539 490 ds
560 431 756 505 cappadocum
773 432 941 490 noverimus.
956 436 983 499 Α
996 431 1227 489 Tabennensiolas
1246 440 1356 488 tantum
1370 416 1511 489 silentium
1530 431 1564 488 ab
1578 431 1708 488 omnibus
1722 431 1799 489 exbi-

146 532 224 604 Quos
232 529 299 588 nulli
313 528 431 586 dubium
443 535 484 584 est
497 531 577 582 lnou
591 534 650 582 tam
660 524 791 598 spiritalis
807 526 940 583 exercita·
998 523 1088 591 betur,
1102 532 1134 581 ut
1147 540 1211 581 cum
1229 525 1361 581 inunum
1379 532 1456 581 tanta
1475 525 1658 581 numerositas
1677 523 1797 583 fratrum

142 624 227 681 tionis
239 639 331 691 causa,
346 637 429 695 quam
442 618 943 694 compescendae-superfluae,otiosae-
996 615 1157 673 relectionis
1180 617 1295 674 obtentu
1313 618 1484 687 consederit,
1506 617 1598 674 nullus
1620 634 1671 675 nec
1695 619 1800 676 mubre

141 733 194 790 que
206 715 438 776 contabulationis
447 715 545 788 gratia,
553 722 581 770 et
594 714 713 770 maxime
722 714 940 783 contentionum,
995 709 1108 782 quidem
1125 710 1224 767 audeat
1236 720 1335 783 praeter
1345 704 1445 777 euml
1459 710 1507 784 qui
1520 726 1577 767 susc
1590 708 1713 769 decaniae
1725 726 1800 785 prae·

142 829 205 884 quae
227 813 387 884 plerumque
409 809 501 868 solent
523 809 552 866 in
570 808 704 866 conviviis
730 795 869 882 generari,
888 806 942 865 boc
996 812 1047 862 est.
1061 804 1114 879 Qui
1127 812 1238 875 tamen,
1253 805 1352 879 siquid
1370 818 1476 863 mensae
1490 802 1670 878 superinferri
1688 806 1731 863 rel
1745 822 1798 864 au-

141 911 261 960 statuere
277 903 415 970 voluisse,
432 901 555 959 videntes
575 917 622 959 eas
642 902 722 959 aliter
744 900 817 974 apud
836 917 865 958 se
885 916 942 957 non
995 896 1058 954 lerri
1084 899 1269 956 necessarium
1296 913 1355 956 esse
1385 898 1549 972 perviderit,
1572 899 1665 956 sonitu
1689 900 1795 973 potiris,

142 1006 224 1065 posse
240 992 373 1050 cobiberi.
391 990 474 1064 Apud
492 992 634 1065 AEgyptios
648 993 723 1049 enim
732 1032 742 1063 ,
763 991 804 1048 rel
822 991 942 1048 maximo
995 1007 1080 1063 quam
1107 1007 1174 1049 voce
1200 992 1343 1066 significat.
1367 995 1380 1026 ⁰
1397 992 1539 1065 Tantaque
1563 992 1738 1051 vescentibus
1757 993 1797 1052 eis

689 1131 817 1186 Atanbt
835 1130 950 1186 GdZAEl
969 1128 1249 1201 COMMENTARIUS.

142 1259 251 1322 lineas,
276 1262 302 1314 et
322 1259 531 1314 communionem
550 1260 627 1328 petat
646 1258 681 1312 ut
703 1257 825 1312 omnilms
848 1271 898 1326 pro
915 1269 943 1311 se
998 1257 1179 1313 [luillielmum
1197 1257 1332 1329 abbatem)
1355 1260 1473 1332 graviter
1492 1256 1573 1315 redar
1592 1257 1633 1314 uit
1659 1255 1796 1330 quosdam

142 1334 228 1394 orori,
240 1334 271 1385 ut
284 1335 389 1385 auertat
399 1331 435 1384 ab
448 1331 507 1399 ipso
518 1334 587 1385 Deras
598 1331 724 1399 mutum
737 1329 871 1389 elationis,
886 1335 939 1383 etc.
997 1327 1148 1385 monachos
1165 1329 1206 1387 sui
1223 1329 1365 1400 temporis,
1379 1329 1456 1402 quod
1466 1327 1538 1386 bauo
1551 1273 1705 1402 religiosam
1714 1330 1798 1386 inati-

142 1403 228 1463 Iltsic
246 1404 352 1471 acceptu
364 1401 540 1456 benedictum
558 1401 730 1468 ingrediatur
742 1400 779 1454 ud
793 1399 940 1468 leucidum.
996 1399 1130 1455 tutionem
1145 1415 1160 1454 a
1175 1399 1327 1472 majoribus
1338 1410 1478 1472 acceptam
1493 1401 1600 1472 penitus
1612 1400 1795 1472 negligerent,

178 1477 190 1500 ¹
205 1472 361 1542 Utramque
381 1486 492 1527 cauum
505 1470 628 1526 lectionis
645 1484 731 1529 sacrat
743 1469 772 1527 in
790 1469 942 1527 menealn-
996 1477 1024 1527 et
1038 1484 1094 1529 uon
1113 1470 1164 1527 nisi
1181 1471 1256 1527 vanis
1270 1479 1296 1525 et
1317 1471 1412 1527 otiosis
1434 1471 1606 1527 sermonibus
1625 1470 1696 1526 inter
1709 1471 1797 1527 eden·

142 1541 286 1599 stituendae
305 1557 383 1613 aeque
397 1542 515 1613 probant
529 1549 556 1596 et
570 1542 765 1597 commendant
788 1542 896 1603 Patres,
912 1546 943 1594 ut
996 1539 1064 1596 dum
1078 1550 1214 1596 vacarent.
1231 1543 1407 1611 operantum,
1424 1541 1532 1613 inquit,
1545 1543 1678 1598 distamus
1691 1542 1726 1596 ab
1742 1544 1796 1606 liis,

142 1613 236 1670 ridere
248 1621 289 1667 est
304 1612 376 1683 apud
398 1614 638 1668 Turrecrematum
656 1617 772 1666 tractatu
784 1616 830 1665 lot
849 1610 942 1664 inite·
996 1614 1045 1680 qui
1053 1615 1083 1665 in
1096 1613 1189 1666 dubius
1198 1614 1311 1668 Antonii
1319 1615 1444 1668 mititem
1451 1614 1590 1667 manaem!
1605 1613 1745 1682 Siquidem
1753 1614 1800 1668 illi

142 1684 235 1756 gulam
245 1685 282 1738 D.
297 1681 450 1750 Benedicti,
464 1681 509 1737 ubi
523 1691 581 1736 tres
600 1681 721 1737 radones
735 1681 816 1752 buius
833 1680 942 1736 institu·
995 1698 1054 1736 cum
1067 1697 1095 1737 se
1119 1685 1232 1738 iasonem
1246 1698 1298 1753 per
1311 1688 1416 1753 tenipus
1435 1700 1470 1738 ea
1481 1684 1616 1738 claritate
1633 1686 1795 1749 emacuit,

142 1753 227 1810 tionis
243 1753 378 1825 assignat3
401 1752 450 1809 sed
463 1752 549 1822 prima
563 1759 593 1806 et
607 1750 726 1807 secunda
738 1750 774 1807 ad
790 1749 942 1834 spiritalem
996 1753 1115 1807 tantacll
1127 1756 1242 1808 inuicem
1252 1753 1486 1825 arraddatepanem
1496 1757 1653 1808 animasum
1731 1757 1737 1766 '
1759 1756 1767 1769 ‘

143 1823 365 1880 exerdtationem
378 1823 505 1879 videntur
522 1820 681 1878 relmsndae.
703 1821 791 1878 Prima
805 1822 889 1894 igitur
898 1836 941 1876 ra-
997 1824 1114 1886 bant,ut
1123 1826 1241 1896 corporis
1251 1826 1338 1879 cibum
1343 1828 1452 1895 muris
1461 1825 1548 1887 obliti,
1560 1825 1632 1879 dmm
1638 1841 1659 1895 p
1671 1839 1798 1895 eumque

141 1894 182 1950 tio
192 1902 234 1951 est
247 1935 255 1961 ,
269 1901 301 1950 ut
313 1894 382 1950 dum
394 1908 496 1964 eorpus
508 1892 640 1958 refimtur,
655 1891 765 1958 animus
779 1893 862 1948 etiam
872 1933 880 1961 ,
892 1906 941 1948 seu
995 1894 1333 1964 toacmjejunisuentribus,
1341 1896 1447 1951 sednon
1454 1896 1587 1951 mentibus
1603 1898 1794 1964 commeent.

142 1965 229 2022 homo
242 1964 356 2021 interior
371 1980 422 2021 suo
436 1963 515 2029 cibe,
531 1978 632 2035 nempe
646 1962 730 2019 verbo
746 1963 797 2019 Dei
809 1962 942 2019 autsalu·
993 1968 1030 2022 nt
1043 1966 1084 2019 bac
1096 1970 1160 2031 erae,
1167 1970 1254 2020 rectus
1273 1967 1355 2030 ordo,
1379 1967 1487 2036 quando
1499 1967 1705 2036 dignioriporti
1714 1968 1796 2036 prim

142 2037 196 2093 tari
213 2036 338 2092 doctriua
359 2045 486 2108 pascatur
500 2042 529 2090 st
550 2034 686 2090 reficiatur
707 2034 812 2106 (Sidon
844 2034 890 2089 lib.
907 2048 940 2090 ιν
994 2037 1197 2091 imeniiebutur.
1209 2039 1272 2092 llaec
1283 2051 1388 2091 summa
1401 2038 1535 2101 dumetae,
1550 2052 1611 2092 cum
1619 2038 1735 2106 amplius
1746 2052 1798 2092 eu·

144 2109 222 2178 epist.
237 2112 281 2174 9).
295 2108 356 2177 Qua
368 2106 402 2162 de
421 2121 451 2162 ra
468 2113 556 2162 exstat
568 2105 762 2189 perantiquum
779 2104 939 2176 Eutychiani
956 2081 1093 2169 Bmetut,
1108 2123 1168 2176 quo
1185 2107 1272 2177 maior
1284 2112 1352 2163 erut.
1374 2111 1437 2164 Hoec
1454 2109 1568 2177 deumne
1580 2123 1642 2161 seru
1657 2109 1795 2170 amadus.

143 2194 222 2250 papae
229 2181 379 2235 Decretum
390 2177 418 2233 in
432 2176 493 2233 lraec
505 2176 586 2233 verba
602 2192 610 2230 ι
625 2177 940 2240 Recrtetursocealectib,
995 2178 1043 2232 aedi
1055 2179 1171 2242 ocimu,
1190 2194 1305 2249 quanam
1317 2179 1449 2234 eduntote
1463 2179 1583 2235 dinatius
1602 2182 1721 2233 mutuus
1735 2183 1795 2242 est,

143 2255 175 2304 ut
185 2266 240 2305 non
253 2254 358 2305 tuntum
369 2249 502 2319 corporali
515 2248 582 2312 cibo,
596 2248 759 2302 immouerbi
766 2249 876 2302 caleatis
886 2246 942 2301 ali·
953 2304 961 2315 ,,
997 2252 1076 2303 taliata
1085 2250 1264 2304 sollicitudine
1272 2250 1503 2317 refocillabantur.
1514 2250 1595 2306 Nubis
1604 2252 1696 2303 autem
1708 2252 1798 2304 mnne

141 2327 230 2377 mento
243 2321 564 2387 mansuetasseresectns
574 2319 744 2388 prandeatur
756 2319 943 2388 (lnpoerdten-
995 2319 1129 2373 cauturus
1142 2321 1172 2373 in
1185 2336 1269 2373 unum
1282 2324 1292 2386 <
1301 2324 1333 2374 ut
1343 2321 1432 2374 cerdis
1444 2320 1569 2389 Apostoli
1578 2323 1656 2384 utar)
1663 2320 1725 2388 jam
1741 2334 1798 2374 noes

144 2393 205 2446 ticli
221 2396 297 2450 Rom.
316 2393 360 2446 tit.
375 2405 395 2446 v
408 2406 467 2461 cap.
481 2395 524 2457 a).
548 2389 681 2444 Eamdem
698 2388 783 2444 etiam
809 2387 943 2444 rationem
997 2389 1205 2443 estdomimcam
1218 2405 1319 2444 cunam
1334 2390 1498 2444 manducare
1510 2393 1537 2456 (l
1553 2391 1612 2445 Gor.
1621 2394 1671 2454 ιιι)
1683 2404 1799 2459 :ponera

142 2462 233 2534 tangit
242 2466 277 2518 D.
299 2460 467 2534 Augustinus
481 2460 511 2516 in
523 2459 797 2531 Regulaclericorum
808 2462 883 2528 (cap.
896 2462 940 2527 t),
997 2461 1095 2529 quippe
1107 2460 1234 2514 caelestem
1242 2460 1304 2528 jam
1319 2475 1373 2514 non
1386 2463 1426 2514 est
1440 2461 1639 2584 &requiram
1655 2475 1732 2514 nemo
1747 2460 1799 2530 qest

143 2533 190 2589 ubi
201 2533 240 2589 ait
253 2553 260 2589 ε
273 2535 338 2591 Cum
349 2533 474 2588 modun
488 2532 525 2586 ud
534 2545 664 2593 mensam,
678 2531 758 2585 donec
771 2529 835 2584 inde
844 2545 943 2600 usrpa-
997 2530 1399 2600 autumnatitdescuptuus,
1408 2532 1440 2585 ni
1465 2532 1470 2542 '
1488 2530 1521 2584 de
1532 2531 1721 2598 soluteuae'tur
1730 2532 1799 2587 ani·

143 2607 189 2669 tis,
200 2605 273 2675 quod
282 2605 356 2660 eoba
373 2603 516 2658 secundum
528 2601 745 2658 comuctudinem
762 2600 871 2669 legitur,
886 2602 944 2657 sine
996 2617 1104 2655 murum
1118 2619 1127 2655 r
1143 2600 1291 2671 sednupoe,
1304 2606 1332 2656 et
1350 2603 1431 2663 men,
1446 2605 1472 2655 cl
1484 2600 1799 2669 ombaproserunturs‘n

143 2677 262 2730 tumultu
271 2679 297 2730 et
308 2675 515 2730 mittentionibus
533 2674 640 2739 audite3
655 2688 703 2728 esec
714 2672 778 2727 sola
798 2673 889 2739 (cums
902 2687 944 2728 nr-
996 2677 1114 2728 uentum.
1128 2673 1203 2727 luter
1216 2672 1405 2741 prandendum
1419 2675 1551 2741 armatum
1562 2672 1654 2738 {omes
1667 2671 1795 2741 dapibus,

142 2751 219 2802 mant
229 2746 379 2810 etiamsed
388 2750 414 2800 ct
422 2761 500 2801 aures
509 2747 631 2800 esuriunt
637 2744 687 2799 Ilei
693 2744 811 2797 nubum
824 2743 944 2799 litSma·
996 2747 1103 2798 tantum
1113 2757 1192 2798 aures
1199 2747 1348 2813 pascemur
1356 2743 1516 2804 mmoribtu,
1527 2742 1623 2810 quibus
1633 2743 1798 2798 totust'nten·

142 2818 243 2889 ragdus
256 2817 343 2873 abbas
356 2819 404 2883 <ln
415 2816 547 2886 Regulam
557 2819 590 2871 b.
602 2814 711 2876 bened,
795 2813 851 2883 ul:
869 2813 942 2877 Ideo,
996 2820 1039 2869 tus
1051 2814 1161 2869 modum
1176 2817 1278 2868 neamus
1290 2815 1321 2868 in
1332 2812 1442 2868 ederedo.
1462 2815 1570 2869 lmemm
1591 2816 1681 2866 amma
1691 2813 1798 2879 ferculo

142 2888 241 2959 inquit,
252 2889 328 2943 lectio
339 2888 533 2942 comedentibus
546 2887 634 2939 minan
647 2899 701 2938 esse
718 2885 745 2948 (i
779 2890 822 2938 est
835 2882 941 2955 deesse)
995 2886 1105 2952 (omlis
1128 2900 1146 2938 a
1199 2889 1311 2947 uantur,
1328 2891 1380 2938 etc.
1396 2886 1464 2939 llaec
1481 2898 1537 2938 non
1550 2881 1644 2938 minus
1656 2883 1798 2953 eleganter

142 2974 196 3012 reon
208 2959 295 3020 debet,
317 2961 347 3010 ut
373 2958 481 3013 lectioni
503 2969 586 3010 acme
600 2954 775 3017 intendentes,
798 2954 943 3009 secundum
995 2968 1080 3024 quam
1100 2953 1135 3009 ad
1169 2969 1223 3011 unc
1237 2955 1329 3010 locum
1343 2955 1466 3025 apposite
1476 2956 1511 3008 Ι).
1523 2952 1689 3009 Bernardus.
1706 2956 1795 3011 Porro

143 3029 299 3097 Apostolum
314 3027 354 3097 (ll
377 3028 466 3081 Tuam.
481 3030 545 3092 ιιι),
558 3040 619 3079 cum
629 3025 734 3080 silentio
749 3039 848 3095 pamm
863 3040 942 3081 enum
994 3024 1064 3081 banc
1077 3039 1188 3081 canterma
1203 3039 1288 3081 samse
1301 3024 1427 3081 lectionis
1437 3025 1467 3080 in
1479 3038 1586 3092 mensa,
1601 3032 1633 3080 ut
1645 3023 1795 3096 potiorem,

142 3098 279 3153 comedant
291 3099 403 3165 mures.
417 3097 527 3167 Oportet
537 3098 618 3159 enim,
629 3096 941 3166 utsicutmrporaltcibo
994 3095 1137 3168 magisque
1158 3096 1360 3161 necessariam,
1379 3096 1514 3167 spirituali
1534 3095 1572 3151 illi
1588 3095 1794 3164 armcitationi,

140 3170 260 3239 reantur
272 3182 381 3239 coeptam
396 3167 563 3238 itaspuituli
571 3169 708 3236 redactur
715 3168 833 3221 animm.
843 3167 942 3223 Seden-
994 3182 1042 3223 seu
1054 3166 1243 3235 meditationi,
1257 3167 1301 3223 cui
1314 3167 1426 3222 enimus
1436 3175 1562 3249 tempore
1573 3164 1729 3222 relectionis
1737 3167 1796 3223 ιιιί-

143 3243 182 3294 tes
195 3255 257 3309 erpo
271 3239 308 3293 ud
317 3253 436 3294 mensum
449 3242 563 3302 tament,
574 3243 599 3293 et
609 3237 822 3306 teutoqsottdm
835 3241 861 3292 et
870 3240 944 3293 omni
995 3254 1046 3295 nus
1059 3237 1130 3295 solet
1143 3253 1203 3294 esse
1216 3238 1350 3303 idoneus,
1364 3245 1393 3293 et
1407 3253 1464 3293 non
1478 3237 1529 3293 nisi
1543 3252 1559 3292 a
1574 3235 1667 3309 paucis
1682 3243 1712 3291 et
1728 3252 1795 3309 per-

143 3316 266 3381 tempore,
277 3311 342 3366 dum
351 3311 423 3365 cibus
431 3313 557 3373 mittun
570 3310 846 3378 leuams3ututerque
854 3309 940 3373 domo,
994 3307 1316 3375 fectioribusadhibetur,
1340 3308 1440 3365 merito
1451 3306 1671 3380 anteponendam
1688 3310 1797 3366 Auctor

143 3386 170 3435 et
180 3383 296 3436 sotei-ior
312 3382 379 3443 cibo,
395 3386 421 3436 et
433 3381 633 3436 ercamserta
647 3381 697 3436 Dei
708 3381 845 3449 reddatur
856 3398 865 3433 ε
875 3381 943 3450 quia
996 3378 1122 3437 hocloco
1141 3380 1273 3448 insinuat,
1288 3380 1356 3436 dum
1367 3379 1405 3434 ait
1417 3379 1548 3436 lectiones
1562 3393 1653 3435 sacras
1666 3377 1797 3436 redelen-

142 3449 943 3579 mssmffgmp'ssssmwwffl'fiiws'ssssmff‘ism‘
958 3455 981 3520 c
996 3448 1227 3575 tibuscugatribus
1249 3451 1354 3507 recitari
1378 3449 1489 3518 solitas,
1508 3456 1640 3577 '³⁰⁹²AE
1659 3452 1796 3520 epin'tolie

142 3538 222 3649 ta.
242 3524 336 3648 „al
354 3523 574 3648 brill'aalii
591 3531 943 3673 laiaallalddail
995 3536 1554 3673 idanwilffideaiibildd
1651 3524 1797 3593 ‘illl'

141 3663 227 3719 munia
242 3663 422 3720 delectatione
441 3662 586 3730 ciborum,
611 3677 645 3717 ac
668 3668 739 3742 naurs
762 3660 827 3716 ands
847 3676 944 3719 eonse-
1030 3656 1128 3718 ιἨιιιι
1144 3670 1257 3733 apparet
1273 3678 1301 3717 in
1322 3679 1378 3718 uno
1389 3662 1534 3720 relectorio
1549 3661 1634 3719 luisse
1650 3661 1798 3721 distinctae

141 3734 287 3806 quentibus
299 3733 485 3790 abstrabatur.
500 3736 541 3789 lta
556 3736 589 3788 1).
602 3732 717 3789 Basilius
737 3731 877 3802 proposita
889 3732 943 3789 bae
996 3741 1024 3789 et
1034 3731 1133 3789 divisas
1144 3732 1263 3789 fratrum
1271 3732 1407 3799 decurias,
1421 3733 1477 3789 sive
1485 3734 1632 3801 decanias,
1644 3742 1672 3788 et
1684 3732 1797 3790 uniwi·

142 3807 293 3876 quoestlone
305 3826 312 3862 z
326 3805 750 3875 cujusmodiunimiastectione,
765 3805 941 3862 attentioneue
993 3816 1046 3874 que
1065 3803 1183 3860 decaniae
1207 3818 1294 3860 suum·
1311 3804 1443 3860 assedisse
1469 3820 1502 3860 oc
1520 3804 1680 3930 glraesedbse
1705 3806 1792 3861 deoa-

141 3893 173 3932 eu
182 3877 305 3932 dadanus
317 3877 413 3932 cudae
425 3891 486 3946 quoa
499 3876 536 3930 ud
544 3889 661 3930 mam
674 3873 887 3954 accumbentibus
895 3890 941 3931 no-
993 3890 1073 3940 num,
1084 3882 1133 3931 aut
1141 3875 1328 3932 decurionem.
1342 3874 1424 4002 ρὲιὲιά
1435 3882 1462 3930 et
1474 3877 1501 3932 S.

142 3948 182 4003 bis
196 3950 321 4018 leguntur
334 3948 404 4013 (Ubi
415 3950 531 4018 aupeall
549 3943 728 4016 Respondet:
742 3947 941 4014 diaporemutta
993 3956 1036 4003 eat
1050 3946 1084 4002 ad
1109 3947 1288 4003 Eustochium
1308 3950 1360 4002 scri
1397 3961 1453 4002 ns:
1480 3949 1669 4017 Umquaque,
1692 3946 1793 4018 inquit,

140 4019 493 4090 manutenementum
509 4034 569 4073 cum
581 4021 683 4087 munta
699 4020 749 4071 aut
759 4017 880 4081 edimus,
892 4023 941 4074 met
992 4019 1170 4073 demoniacum
1181 4034 1228 4073 suo
1236 4023 1349 4089 parente
1358 4020 1447 4089 pergit
1457 4019 1796 4089 admorsumpuidusper

141 4090 271 4157 bibimeu3
286 4090 368 4160 idque
387 4095 419 4145 ut
432 4094 566 4160 appareat
577 4093 692 4144 mentun
702 4103 756 4143 non
769 4087 891 4143 dntrabi
902 4090 940 4144 od
991 4091 1111 4158 singulos
1130 4090 1309 4144 hebdomadas
1322 4091 1438 4145 omnim
1451 4091 1612 4145 ministrant
1623 4091 1729 4160 (spat.
1744 4092 1793 4146 22.

139 4163 256 4230 corporis
267 4163 414 4283 uolugtutes
428 4181 437 4216 :
451 4161 498 4215 sed
511 4160 638 4230 maiorne
650 4162 681 4214 in
693 4158 940 4214 modumseinuee·
995 4161 1062 4215 Vide
1075 4175 1170 4231 cupro,
1190 4160 1228 4214 od
1242 4176 1298 4230 cup.
1312 4165 1346 4214 10
1353 4167 1373 4226 ).

1548 3876 1710 3948 leronymus
1718 3874 1796 3932 indi-

40 4264 42 4268 -
140 4229 327 4284 bubmuiuio
345 4233 460 4297 lectam
475 4232 545 4300 prud
558 4231 604 4285 ille
623 4228 751 4298 tumeat,
771 4231 821 4298 put
838 4229 936 4286 dicit:
1026 4232 1151 4285 cLocus
1166 4230 1279 4302 insignis
1300 4228 1335 4285 de
1355 4229 1463 4286 silentio
1479 4229 1506 4285 in
1529 4243 1626 4286 mensa
1647 4227 1795 4287 monacbis

139 4298 268 4354 balaum
282 4302 426 4369 superma
446 4305 472 4353 et
485 4303 579 4367 (ouum
600 4302 710 4366 (Psolm.
724 4302 850 4365 exstit).
871 4303 938 4356 Haec
990 4300 1132 4356 servando.
1145 4300 1318 4373 Cujusetiam
1328 4301 1457 4377 menrinit
1467 4303 1503 4356 D.
1516 4301 1618 4358 flierou
1669 4316 1701 4358 us
1711 4302 1792 4371 cnut.

138 4367 267 4426 Basilius.
284 4369 377 4425 Tertia
390 4367 477 4432 ratio,
489 4385 573 4440 quam
589 4368 634 4423 bie
644 4367 725 4426 allert
737 4370 894 4437 Cassianus,
906 4379 937 4426 ut
988 4375 1036 4435 22,
1049 4371 1253 4427 coenobitarum
1266 4388 1359 4428 mores
1370 4371 1548 4428 describens:
1570 4375 1598 4429 Ν
1622 4373 1667 4427 lus
1686 4374 1720 4426 in
1734 4372 1794 4428 cibo

138 4438 257 4495 utentur
271 4439 366 4495 odosae
377 4447 405 4495 et
421 4436 511 4495 nomas
522 4436 757 4495 conlabulationes
769 4479 777 4505 ,
788 4439 936 4497 detractio·
989 4444 1118 4512 strepitus
1129 4446 1185 4509 est3
1198 4459 1273 4498 nemo
1283 4444 1478 4510 dumcmnadit
1490 4444 1618 4513 loquitm.
1635 4444 1679 4498 De
1689 4443 1793 4514 uuolti-

137 4524 197 4575 nes,
209 4510 416 4576 contentiones,
428 4522 490 4582 quac
503 4509 663 4580 plerumque
684 4509 714 4564 iu
739 4509 869 4566 conviviis
888 4526 938 4568 so-
989 4511 1055 4568 dem
1070 4515 1106 4568 D.
1123 4513 1285 4569 Benedictus
1299 4530 1324 4569 c.
1337 4521 1371 4570 38
1390 4514 1502 4588 Regula
1521 4516 1556 4570 ita
1574 4513 1671 4569 stamit
1684 4531 1693 4568 ι
1707 4514 1794 4571 Soun-

131 4579 195 4637 lent
241 4581 340 4637 nerari.
354 4579 437 4637 Unde
450 4580 481 4635 in
499 4579 613 4636 coneilio
632 4577 764 4636 Africano
776 4581 849 4653 apud
864 4582 937 4638 Bur·
989 4585 1210 4640 maemsileutium
1221 4587 1316 4654 datad
1329 4586 1610 4649 monemutnullius
1622 4586 1791 4649 musntota'o,

136 4651 188 4709 aba
223 4667 286 4722 um,
299 4661 326 4708 et
341 4651 369 4708 in
385 4650 501 4708 concilio
519 4649 654 4707 Toletano
676 4653 716 4708 lll
730 4667 790 4723 cap.
806 4658 821 4706 7
840 4653 937 4725 legitur
988 4655 1029 4709 uel
1039 4671 1102 4719 eon,
1115 4657 1383 4726 niusaltuslepentis
1394 4658 1582 4711 illiaudiutur.
1597 4657 1662 4724 Quia
1672 4671 1735 4711 unu
1742 4670 1793 4711 ue·

135 4723 190 4780 boc
206 4725 357 4780 Decretum
371 4741 378 4779 ε
391 4726 444 4779 Pro
455 4724 605 4778 ememus
616 4724 667 4779 Dei
679 4728 706 4777 et
720 4723 889 4779 sacerdotum
905 4725 936 4780 id
988 4729 1173 4783 meseriacum
1183 4728 1385 4790 comedentibus,
1397 4734 1423 4782 et
1438 4729 1642 4791 tibuniensem
1653 4727 1790 4782 sibiitoi-

135 4798 363 4852 uniuersosoucta
372 4796 510 4850 mmtituit
522 4794 651 4864 synodus,
665 4799 696 4849 ut
704 4797 771 4865 quia
784 4796 868 4850 saleru
881 4812 934 4852 cre
988 4800 1197 4853 ceraministrent
1201 4799 1313 4865 fratres,
1320 4800 1663 4869 utnullusindebeutpetere
1668 4797 1790 4867 aliquid.

136 4867 182 4920 bro
190 4870 286 4922 mania
296 4866 645 4936 otiosusubulceinterponi,
655 4867 765 4920 inormti
773 4867 935 4922 sacmdotali
946 4842 973 4906 D
988 4869 1020 4924 Si
1030 4871 1099 4938 quid
1112 4874 1199 4925 tomen
1210 4883 1276 4939 opem
1291 4871 1386 4937 suoru,
1405 4872 1496 4925 sonitu
1513 4869 1702 4939 cuiuscumque
1715 4870 1794 4938 ugni

134 4939 253 4991 matricio
265 4939 340 4993 lectio
350 4938 505 4993 dividunum
515 4939 717 5006 scripturarum
725 4939 876 4993 muscanea.
884 4941 935 4994 Per
985 4943 1076 5009 potius
1087 4944 1207 5010 petatur,
1222 4955 1380 5009 queamuoce.
1399 4942 1430 4994 ln
1441 4955 1523 5013 quem
1538 4940 1792 4995 locummrumen-

109 5007 302 5062 'memrimot
325 5011 422 5062 anima
444 5008 662 5078 adificanturud
676 5009 780 5072 bonum,
795 5010 934 5076 etsubuloe
987 5018 1048 5067 tana
1062 5009 1229 5082 smaragdus
1242 5009 1403 5066 abbasscite
1418 5012 1567 5079 ariuotavit,
1603 5009 1657 5065 uod
1677 5024 1732 5064 non
1746 5008 1790 5065 si-

133 5093 186 5131 non
198 5081 353 5159 necessaria
362 5079 549 5159 probibentur.
564 5080 631 5132 llaec
647 5078 683 5133 ibi
698 5080 771 5149 (ato.
784 5094 809 5135 11
824 5096 846 5135 c.
864 5084 930 5150 ¹⁶93
987 5081 1102 5137 lentium
1121 5080 1290 5152 simpliciter,
1305 5097 1355 5136 neo
1361 5081 1559 5153 qualecumque
1571 5026 1725 5146 silentium,
1738 5078 1790 5136 aad

132 5149 258 5204 &anan
282 5149 347 5203 de'st.
366 5148 584 5213 tt).Poss1dius
598 5147 767 5205 &lemensis
787 5151 932 5223 episcopus
985 5167 1128 5209 sunnuum
1142 5152 1282 5208 silentium
1296 5151 1340 5208 bic
1349 5152 1543 5223 praecribitur.
1559 5155 1631 5207 lnter
1639 5152 1788 5215 identitare,

132 5217 313 5274 inVitabeati
324 5217 467 5301 Augustini
484 5237 491 5274 :
507 5221 540 5276 ln
552 5221 621 5289 psa,
631 5217 731 5290 inquit,
743 5224 932 5291 manamaais
985 5222 1083 5293 inquit,
1094 5229 1120 5279 et
1133 5238 1265 5279 mmmm
1276 5224 1411 5278 utentium
1430 5225 1562 5279 distautio
1581 5227 1630 5279 est.
1645 5223 1788 5279 Summum

132 5289 276 5352 lectionem,
290 5289 332 5344 uel
344 5288 564 5359 disputationem,
580 5305 662 5358 quom
673 5290 865 5360 epulationem,
877 5308 931 5362 po-
984 5295 1121 5350 silentium
1131 5295 1317 5357 est,ubinulla
1329 5310 1391 5358 coac,
1402 5296 1529 5364 milesque
1536 5296 1785 5350 mmntctmonst.

103 5374 108 5384 ·
130 5362 310 5430 tuitionemque
318 5360 467 5429 diligebam
482 5364 608 5415 etcontru
614 5361 796 5429 pestileruiam
805 5362 930 5419 lcumena
981 5365 1675 5436 Silmmumtautumest,ubiloquuntur,sedleniter,
1687 5369 1787 5419 etcum

130 5431 326 5487 comuetudimb
337 5433 369 5484 in
383 5446 416 5485 ec
431 5433 475 5486 ita
484 5432 616 5501 sciptum
633 5430 768 5486 babebat:
981 5436 1095 5519 alentio.
1109 5437 1191 5519 Unde
1199 5436 1228 5520 in
1241 5436 1388 5518 drangelio
1398 5440 1484 5503 (loun.
1496 5437 1547 5508 ιι),
1559 5437 1669 5492 llaetlsu
1677 5437 1788 5517 uocauit

192 5546 835 5664 metaumaucensis2
981 5508 1222 5647 asanaa
1236 5506 1788 5662 attributae&

773 5651 779 5664 '
982 5648 1784 5721 gulu(0ap.42):Ouramemporenlentaostudeantmonsclta.

127 5719 230 5778 Ettdeo
239 5734 342 5775 canaan
350 5721 486 5775 munuum
497 5721 675 5789 asuperduis,
686 5724 808 5777 etnoaiis
817 5723 929 5790 ίαὺιιὶὑι,
982 5724 1020 5778 lle
1033 5721 1080 5776 illo
1099 5739 1107 5776 ε
1128 5722 1175 5777 Ad
1186 5736 1305 5776 messam
1316 5726 1342 5775 et
1354 5723 1383 5775 in
1403 5725 1477 5775 naue
1489 5735 1626 5776 mmmum
1642 5720 1787 5776 selemim

127 5796 153 5847 et
165 5792 377 5848 detracdonibua
385 5806 441 5848 sese
452 5791 689 5848 absonaedebere
702 5793 873 5849 admonedct.
888 5796 930 5851 lta
981 5795 1041 5863 fist.
1054 5790 1168 5875 subjicit
1184 5790 1283 5848 deinde
1310 5790 1478 5864 smaragdus
1492 5791 1528 5847 de
1545 5791 1641 5863 signis,
1660 5796 1691 5846 et
1706 5788 1787 5846 nub·-

119 5861 178 5917 „le
199 5865 226 5918 Β
242 5860 353 5920 deamo
365 5869 460 5921 eutem
476 5863 753 5934 D.1laruardue(ln
765 5865 878 5936 Apulae.
892 5865 931 5923 od
983 5863 1035 5921 bus
1047 5863 1088 5949 ad·
1095 5862 1195 5920 silentii
1209 5860 1364 5919 custodiam
1382 5876 1415 5919 ex
1428 5860 1588 5935 prescripto
1596 5860 1713 5934 augule
1723 5860 1786 5918 rui·
