3848 6158
175 200 225 254 etl
853 148 990 250 ioannis
1009 191 1160 250 cassidili
1778 193 1833 247 eit

174 327 264 390 ratus,
287 331 338 376 nec
350 317 456 376 cunctis
474 333 607 391 purorum
626 317 732 376 olemm
747 315 844 374 babilis
858 324 898 374 est
917 310 979 390 p'ar·
992 319 1020 383 Α
1033 316 1288 375 οοιιιιᾶῆιιι.Α1ἰιιι
1300 317 1452 391 quantitate
1465 315 1597 374 librarum
1611 315 1730 374 duumm
1753 323 1830 372 setu-

176 412 304 480 aimonia,
320 426 371 468 uec
382 411 538 471 universis⁸
553 410 616 470 sicci
632 411 710 484 panis
721 409 835 467 reiectio
847 410 976 483 mstigete
1029 409 1140 466 ritatem
1151 424 1207 466 non
1219 409 1318 479 sentit,
1330 403 1344 442 ¹’
1354 409 1423 467 allus
1435 409 1512 467 librae
1520 409 1611 480 nnius,
1624 408 1680 466 sire
1690 408 1831 466 unciarum

721 573 851 634 insani
867 574 982 630 aizal
1002 548 1283 630 connairiai'us

178 741 278 798 corpus
299 725 444 793 roborant,
474 731 539 796 pute
562 724 685 780 carnium
710 732 737 781 et
761 723 886 797 piscium.
908 726 979 781 Nam
1031 725 1119 793 librae,
1131 741 1178 782 seu
1191 724 1282 798 pondo
1296 744 1302 779 :
1318 740 1444 782 mensura
1454 731 1546 781 autem
1557 731 1638 797 potus
1647 738 1709 796 quoe
1721 721 1833 779 hemina

179 797 314 870 legumine
331 797 450 868 alioquin
468 804 565 852 natura
585 811 633 852 sua
647 795 732 852 calide
746 805 774 852 et
789 795 908 852 ilatuosa
920 811 980 852 esse
1031 795 1140 862 dicitur,
1155 811 1212 851 non
1230 810 1280 867 pro
1296 794 1415 867 pondere
1431 795 1515 868 ipsius
1529 802 1620 867 potus,
1637 810 1685 850 seii
1699 808 1749 866 pro
1765 800 1834 866 polu

178 875 292 923 testetur
304 867 430 932 Basilius,
445 874 473 921 ct
484 866 679 940 Hieronymus,
694 866 771 939 cujus
788 866 849 923 liaeo
862 873 904 921 est
919 882 979 922 sen·
1032 867 1099 922 tanti
1113 865 1233 938 poderis,
1250 866 1297 922 sed
1312 882 1362 937 pro
1379 881 1506 922 mensura
1526 865 1685 932 mummuli,
1698 865 1739 921 rel
1752 879 1832 919 men·

178 938 261 992 tantia
272 936 305 992 de
313 937 481 1007 leguminum
494 945 522 993 et
535 937 658 993 oleomm
671 936 919 993 esnetdilierentia
932 940 980 994 :lii
1033 945 1160 1006 serente,
1181 952 1231 994 seu
1262 952 1327 993 rese
1345 938 1512 1004 continente,
1543 944 1572 994 et
1590 937 1719 993 metiente
1743 934 1835 1007 ipsum

179 1010 246 1079 ipsis
252 1008 414 1063 aibisculida
424 1009 641 1079 qiioeqacdeui‘ta.
650 1010 710 1066 Noa
719 1009 805 1063 selam
814 1009 980 1063 decentibus
1033 1015 1142 1078 polum,
1154 1007 1195 1064 rel
1210 1023 1259 1080 pro
1277 1015 1343 1079 potu
1353 1016 1481 1065 contento
1496 1008 1523 1062 iii
1533 1023 1606 1076 vase,
1620 1007 1666 1079 qiii
1679 1005 1731 1062 diei
1744 1013 1835 1078 polest

179 1079 476 1149 loquor,superqailias
487 1079 978 1150 Voselectionisproiertsententiam:
1033 1093 1162 1135 mensura
1180 1087 1346 1134 mensurata.
1369 1082 1465 1150 ltaque
1484 1092 1614 1134 mensure
1627 1085 1709 1149 potus
1728 1090 1786 1132 non
1800 1091 1835 1133 ex

178 1150 978 1217 ilariumestiioamanducorecaracm,etaoiibiber-acinam.
1034 1149 1174 1221 gravitate,
1194 1158 1242 1205 eut
1262 1149 1393 1221 pondere,
1407 1148 1456 1205 sed
1475 1165 1508 1205 ex
1522 1148 1668 1220 capacitate
1681 1147 1754 1203 rasis
1772 1160 1836 1219 spe·

179 1221 232 1276 Sed
250 1223 334 1274 etiam
353 1223 382 1273 iii
396 1222 462 1289 ipsis
486 1221 664 1290 loquacioribus
686 1222 813 1289 iudicatio
830 1235 943 1290 queque
954 1225 981 1275 et
1034 1228 1136 1287 amiur,
1152 1221 1260 1277 uisatis
1272 1228 1372 1276 uotum
1383 1228 1435 1276 est.

180 1292 278 1359 qratia
293 1289 454 1345 declinanda
468 1296 545 1357 saiit;
559 1291 680 1360 iii'liilqae
696 1294 736 1345 ita
748 1292 819 1346 scius
837 1292 981 1346 conducere
1069 1293 1157 1346 Porro
1183 1289 1279 1346 libram
1304 1289 1479 1362 ponderalein
1505 1304 1603 1345 rursus
1618 1288 1755 1361 duplicem
1779 1295 1835 1347 sie·

180 1361 340 1416 dirissimis
351 1361 568 1424 adolescentibus,
578 1366 609 1416 iii
624 1362 812 1417 esumoiamm.
828 1361 903 1418 Uada
914 1365 939 1416 et
951 1363 980 1415 i'u
1033 1367 1137 1417 tuunl:
1155 1359 1270 1417 alteram
1285 1358 1404 1417 sedecim
1421 1359 1577 1428 unciarum,
1595 1374 1677 1431 quem
1700 1367 1835 1416 mercato·

136 1444 139 1450 ·
179 1431 233 1487 elib
246 1431 322 1486 loco:
341 1431 392 1499 Oui
406 1435 529 1502 infirmas
542 1437 591 1494 cst,
606 1431 653 1500 ait,
667 1432 916 1497 cleremoudocetr
931 1447 981 1485 ar·
1033 1432 1113 1499 riam,
1127 1431 1182 1488 sire
1199 1429 1836 1503 zygostitioem,dettiregam,aut1>arislnam

180 1501 980 1585 dorqiiccorporiimfiiqidioit'bnsepulisiemperoadascst.
1033 1509 1205 1574 nuncupent,
1225 1517 1279 1573 qua
1297 1511 1473 1569 mercatores,
1494 1501 1686 1573 institoresquo
1704 1499 1833 1572 quietim·

179 1572 287 1628 Rursus
305 1572 358 1628 alio
378 1572 438 1629 loco
453 1574 526 1640 (lii.
538 1588 561 1628 ιι
575 1576 823 1641 coatraiori'iiiua.)
839 1591 845 1627 :
862 1573 979 1635 Olorem,
1034 1588 1087 1700 2¹¹⁰
1104 1587 1209 1630 merces
1226 1588 1357 1645 appensas
1371 1570 1549 1639 venumdant,
1570 1580 1702 1639 utuntur;
1721 1569 1835 1628 alteram

180 1641 278 1713 inquit,
286 1658 428 1712 pomorani
442 1645 655 1712 aciequiaiiiiim,
669 1649 694 1698 et
704 1645 815 1709 {caedier
827 1648 980 1713 apparatas
1062 1658 1202 1711 omanem,
1213 1643 1359 1700 duodecim
1378 1643 1520 1699 dumtaxat
1533 1642 1687 1711 unciarum,
1702 1657 1765 1712 quae
1776 1645 1835 1699 ilo-
1862 1684 1864 1689 ,

180 1720 230 1776 est,
241 1714 535 1785 etartaimpeiidiisqae
547 1730 691 1783 coqiioinm
704 1730 757 1768 iioii
767 1714 880 1781 iiidiqet,
892 1717 980 1768 atriae
1034 1715 1123 1769 manis
1134 1714 1200 1770 olim
1212 1714 1323 1782 usitata,
1336 1722 1365 1770 et
1377 1713 1556 1785 scriptoribus
1568 1720 1609 1768 est
1617 1713 1834 1770 nominatissima

181 1798 245 1838 ciera
265 1789 398 1839 scestoniae
417 1800 522 1855 eoiprits,
540 1785 729 1854 moderateque
750 1788 872 1853 sumptas
889 1784 983 1838 leuiori
1009 1792 1012 1799 '
1035 1783 1676 1855 (Budoeuslib.11dedsse35uaiasaomeiielat.).
1687 1786 1763 1841 llaS.
1775 1783 1835 1855 Epi·

181 1855 328 1922 diqestioae
340 1858 520 1924 emiooqnitur.
1035 1855 1162 1926 phanius,
1172 1854 1218 1928 qni
1233 1855 1267 1912 de
1281 1856 1417 1912 mensuris
1431 1863 1457 1911 et
1471 1855 1636 1925 ponderibus
1650 1855 1750 1911 librum
1764 1855 1833 1912 scri·

217 1929 228 1956 θ
245 1925 334 1992 idest,
348 1928 446 1993 tenuis,
458 1933 485 1982 et
497 1941 588 1998 parce,
599 1934 625 1982 ei
637 1934 718 1981 certae
729 1938 866 1980 mensures
878 1921 981 2049 lefflbus
1035 1926 1088 1998 psit
1102 1944 1109 1981 ε
1123 1927 1213 1990 Libra,
1228 1924 1327 1999 inquit,
1337 1931 1377 1981 est
1386 1927 1523 1981 duodecim
1540 1928 1690 1980 undarum.
1711 1924 1834 1981 isidoms

180 1995 299 2063 astricta,
312 2011 394 2068 quem
405 1995 535 2052 excedere
545 2013 600 2052 non
613 1995 713 2051 liceret.
725 1994 881 2051 Macrobius
894 1994 909 2049 li
933 2035 940 2048 .
953 2008 978 2050 ιι
996 2008 1021 2071 Β
1036 1997 1148 2070 etymol.
1161 1997 1270 2069 libari
1280 2014 1341 2070 cap.
1350 2004 1401 2051 tl:
1416 1998 1586 2064 Uiiciadicto,
1595 1997 1667 2066 qaod
1675 1999 1834 2051 iiiiiiersila-

181 2067 316 2122 sniumei.
339 2082 398 2136 cap.
420 2072 432 2122 1
453 2085 458 2122 :
476 2069 514 2122 at
532 2083 591 2122 crim
608 2068 707 2130 boi‘oes,
723 2065 750 2121 in
771 2066 821 2135 nit,
842 2067 910 2122 eost'
926 2069 980 2122 otis
1036 2068 1834 2138 teiamiiioiiimpoiidciniasaaaoiiateciaciat,idest,oom-
1904 2064 1908 2071 '

182 2137 300 2207 dapidus
315 2137 449 2192 assiduat.
458 2139 637 2193 Tertullianus
649 2136 696 2192 lili.
709 2135 743 2193 de
752 2081 868 2209 (ieiunio
883 2152 890 2191 :
931 2151 983 2192 aiio
1032 2139 1179 2209 plectatur.
1189 2140 1522 2208 Umistalaaicmdraqrais
1534 2144 1600 2202 ocio,
1612 2139 1641 2193 id
1650 2138 1834 2208 estscrupali‘s

181 2210 206 2264 si'
223 2213 319 2262 temere
327 2209 458 2262 rationaii
472 2211 599 2278 casiiqoti
607 2208 672 2264 adeo
680 2208 775 2270 rictas,
787 2217 852 2273 etc,
864 2206 910 2262 ubi
921 2221 981 2279 per·
1037 2210 1161 2277 23.0aod
1167 2210 1835 2281 proi-adeleqilimampoadiislmbcliir,quietionis·

181 2292 274 2402 {fram
290 2277 317 2333 iii
331 2277 492 2350 quibusdam
508 2279 606 2350 legitur
624 2299 630 2334 :
653 2280 780 2347 castiqoti
792 2294 808 2331 a
820 2281 873 2332 lieo
886 2280 980 2332 licitis
1037 2297 1084 2336 riis
1094 2282 1278 2351 scrupulorum
1288 2282 1434 2351 eiusdemi
1443 2281 1498 2336 diei
1508 2282 1644 2350 noctisque
1656 2282 1775 2346 matina,
1793 2278 1835 2332 cel

212 2391 217 2402 .
236 2348 420 2420 Hieronymus
434 2348 479 2404 lib.
491 2364 514 2404 ιι
529 2357 623 2405 contra
636 2348 806 2404 Jorinianuni
819 2366 825 2403 :
838 2349 984 2418 Quioeqro-
1037 2354 1103 2421 quio
1121 2352 1453 2420 libramesfieitdiiodeci'es
1462 2351 1773 2420 campaiolasdaodeci'm
1781 2364 1833 2403 nii·

182 2422 234 2486 iat,
246 2435 299 2473 iton
313 2421 394 2475 aliter
409 2422 464 2475 reci
488 2423 504 2475 'l
518 2423 673 2483 suitilalcai,
683 2421 738 2474 iii'si'
749 2420 825 2474 taini
834 2419 891 2473 ci'bo
901 2423 927 2473 et
940 2433 984 2474 ca-
1037 2424 1084 2476 ci'i's
1095 2424 1233 2492 perficitur
1241 2441 1249 2487 ;
1257 2421 1352 2475 eliade
1360 2422 1473 2475 liabetur
1481 2420 1599 2489 perfecti·
1606 2420 1730 2488 ponderib
1737 2434 1834 2487 qenais,

181 2492 280 2559 stipato
293 2492 375 2554 rictu,
392 2507 452 2560 qiioe
461 2436 540 2556 Ψπτὴ
554 2491 636 2543 δίαιτα
647 2488 910 2546 diciiiirAEassiaiius
923 2504 983 2545 riir·
1037 2495 1154 2562 quietat
1170 2495 1273 2546 constat
1289 2492 1387 2552 accim,
1406 2493 1470 2560 quot
1487 2490 1622 2543 morsibus
1640 2504 1737 2543 atinus.
1751 2492 1831 2544 Dicta

182 2575 228 2615 sus
252 2559 376 2632 ib.rcap.
391 2562 455 2629 ule,
470 2563 619 2619 secundum
629 2559 813 2633 quorumdem
826 2558 983 2631 lectionem,
1037 2567 1127 2617 aritae
1139 2563 1218 2624 libra,
1231 2563 1341 2631 qaoisit
1350 2561 1477 2623 libcrari
1486 2565 1580 2615 coacto
1592 2561 1663 2614 later
1674 2574 1701 2613 se
1710 2559 1834 2629 pondera

183 2634 345 2700 eastiqcluai
364 2633 473 2687 modum
495 2631 564 2688 diiii
587 2647 636 2704 pro
656 2634 731 2704 justo
753 2639 781 2688 et
800 2629 980 2688 convenienti.
1015 2634 1167 2704 'predicta
1179 2633 1330 2688 emeliam.
1342 2630 1439 2688 Sicilie
1457 2628 1833 2701 ilispracmissismtadsce·

182 2705 267 2758 l’orro
279 2701 323 2758 illa
333 2702 396 2759 sicci
411 2704 486 2775 panis
495 2702 607 2759 reiectio
617 2704 715 2760 Graece
728 2701 864 2774 ξηροφαγία
874 2700 982 2758 diceba·
1038 2719 1104 2775 pum
1118 2710 1244 2760 nostrum
1257 2702 1407 2768 veniamus,
1421 2700 1495 2772 quod
1506 2701 1540 2756 ad
1552 2700 1710 2756 Cassianum
1725 2699 1832 2768 attinet,

182 2781 238 2837 tur,
251 2781 282 2830 ut
299 2774 422 2846 superius
433 2775 634 2841 annotavimus,
654 2773 744 2838 idest,
760 2773 894 2830 siccorum
910 2786 982 2838 esus,
1037 2790 1094 2830 iion
1115 2773 1196 2830 aliam
1214 2772 1344 2831 existimo
1360 2773 1434 2844 apud
1453 2770 1542 2842 ipsum
1562 2769 1674 2842 intelligi
1694 2778 1831 2840 oportere,

182 2843 339 2915 piitasolius
354 2845 432 2915 panis
444 2860 507 2902 cum
520 2844 587 2916 sale,
599 2845 760 2928 absquealio
775 2843 890 2900 obsonio
905 2860 912 2898 ε
927 2857 983 2898 non
1026 2832 1121 2916 ‘quam
1143 2853 1262 2900 retorem
1284 2843 1370 2909 illam,
1394 2851 1422 2899 et
1441 2842 1512 2912 apud
1534 2856 1630 2896 omnes
1640 2840 1791 2922 restitutam,
1806 2847 1833 2897 et

180 2923 274 2969 ienien
287 2916 394 2972 exclusa
409 2931 490 2988 aqua,
514 2932 568 2989 que
588 2915 731 2986 dupliciter
747 2913 903 2979 utebantur,
922 2921 982 2968 tum
1037 2915 1175 2997 cognitam
1197 2915 1305 2982 libram,
1333 2912 1477 2971 duodecim
1500 2911 1601 2968 scilicet
1623 2925 1774 2968 unciamm.
1798 2908 1832 2967 ld

182 2985 216 3040 ad
239 2985 437 3042 infundendum
453 2994 502 3043 ant
515 3003 546 3043 su
568 2985 769 3042 eriuudendum
784 2983 860 3053 pani,
873 2991 933 3038 ium
948 2982 982 3039 ad
1037 3001 1110 3042 enim
1129 2983 1185 3056 ipse
1203 2985 1269 3040 setis
1281 2983 1382 3040 indicat
1395 2983 1525 3039 collata
1547 2997 1606 3053 cap.
1624 2988 1669 3046 lb,
1683 2981 1728 3036 ubi
1746 2980 1832 3038 abbas

182 3054 341 3110 bibendum.
355 3057 435 3112 Unde
454 3057 525 3128 apud
541 3003 692 3113 lPalladinm
708 3055 735 3110 in
750 3053 810 3110 Vita
824 3053 899 3110 Pauli
915 3053 983 3126 legi-
1038 3059 1148 3128 llopses
1160 3054 1292 3127 approbat
1305 3063 1332 3109 et
1347 3051 1525 3110 commendat
1541 3068 1699 3108 mensuram
1714 3052 1789 3126 panis
1803 3050 1831 3108 iii

1037 3125 1147 3183 duobus
1160 3125 1313 3200 paximaciis
1328 3124 1519 3192 constitutam,
1530 3137 1597 3195 quos
1609 3123 1734 3195 parvulos
1748 3135 1832 3195 peres

1038 3204 1126 3265 vocet,
1143 3206 1170 3252 et
1183 3197 1225 3252 vix
1242 3195 1318 3252 librae
1334 3192 1540 3266 oniuspondus
1555 3193 1682 3250 babuisse
1700 3192 1828 3249 affirmat.

1035 3273 1073 3324 nt
1086 3268 1109 3324 si
1121 3267 1176 3325 dno
1194 3281 1278 3341 panes
1292 3267 1372 3322 simul
1383 3265 1471 3338 juncti
1485 3280 1542 3319 non
1553 3263 1713 3320 habuissent
1723 3262 1831 3336 pondus

181 3132 228 3179 tur
244 3125 379 3181 Antonius
392 3126 548 3198 apposuisse
563 3141 666 3183 mense}
698 3132 797 3182 uatnor
810 3122 983 3197 paxamidia,

182 3193 211 3276 id
225 3203 276 3276 est,
297 3210 390 3277 papes,
405 3205 433 3252 et
443 3196 494 3252 sibi
507 3212 593 3253 nuum
606 3143 799 3265 medeiecissm
814 3201 891 3252 erant
908 3196 980 3252 enim

182 3279 194 3319 s
355 3307 362 3319 .

197 3275 400 3392 icffiffinmiciplilm
412 3352 467 3394 nou
482 3354 566 3411 parra
579 3337 642 3397 hinc
654 3338 742 3396 oritur
754 3337 789 3395 de
806 3337 874 3394 libra
892 3336 981 3411 penis,
1035 3338 1179 3395 duodecim
1203 3337 1346 3394 unciarum
1366 3344 1413 3393 aut
1430 3335 1552 3403 circiter3
1567 3344 1641 3391 certe
1660 3349 1717 3390 nen
1735 3332 1831 3392 fuisset

183 3414 250 3475 quot
261 3406 354 3463 uncias
368 3407 518 3467 babueriia
538 3410 573 3466 ud
584 3410 645 3466 illos
660 3411 765 3466 Patres.
779 3409 892 3465 Videtur
908 3408 980 3464 enim
999 3415 1021 3479 c
1036 3409 1137 3468 modus
1152 3409 1196 3464 illc
1208 3407 1393 3479 equissimus,
1407 3414 1439 3462 ut
1452 3415 1541 3473 vocat,
1560 3406 1615 3461 sire
1629 3421 1757 3462 mensura
1766 3405 1831 3462 salis

155 3540 157 3545 ,
183 3475 227 3532 liic
247 3483 352 3533 Auctor
370 3477 483 3535 innuere
505 3428 601 3536 libram
616 3489 819 3536 unamtantum
835 3478 915 3535 luisse
934 3493 981 3534 sex
1032 3481 1116 3551 iuste,
1136 3494 1198 3552 quai
1218 3478 1347 3534 omnibus
1364 3477 1462 3549 passim
1477 3476 1602 3532 sufllcere
1618 3485 1709 3547 posset
1729 3475 1834 3548 absque

183 3548 335 3604 unciarum.
351 3551 438 3605 Librae
457 3553 547 3615 atrias,
561 3552 657 3623 inquii,
674 3553 728 3607 sire
748 3553 901 3606 aiiicioirim
920 3565 979 3612 see,
1036 3551 1093 3606 ullo
1114 3548 1239 3606 obsonio.
1254 3546 1336 3606 Unde
1348 3547 1470 3602 nonnulli
1485 3563 1500 3602 e
1515 3547 1651 3603 contrario
1670 3561 1702 3601 ex
1724 3561 1757 3603 eo
1771 3546 1832 3603 loco

183 3619 260 3690 quisi
272 3618 343 3674 idem
354 3620 389 3675 sit
402 3620 468 3676 libra
481 3638 545 3689 uua,
561 3630 588 3677 et
602 3622 688 3678 nuciae
702 3637 759 3677 seii.
779 3619 823 3676 ild
844 3622 922 3691 cujus
934 3635 980 3674 cx·
1035 3620 1168 3693 colligunt
1183 3619 1289 3693 singula
1309 3617 1456 3691 paximacia
1476 3616 1560 3673 fuisse
1578 3617 1659 3673 unius
1675 3616 1764 3685 librae,
1775 3617 1833 3674 sire

183 3688 357 3758 plicationem
370 3690 470 3762 aliquid
490 3693 636 3749 dicendum
655 3692 688 3748 de
700 3692 778 3758 libra,
790 3699 817 3746 et
828 3688 981 3762 cujusmodi
1039 3690 1221 3747 nunciarem
1239 3709 1245 3745 :
1262 3688 1337 3762 quod
1349 3697 1440 3744 lamen
1457 3687 1557 3744 ibidem
1573 3687 1764 3744 reiutabimus.
1778 3686 1832 3746 Sed

183 3758 252 3815 libra
272 3761 430 3833 intelligitur
442 3769 501 3818 lum
515 3762 586 3834 apud
608 3762 768 3819 Cassianum
783 3762 835 3826 (Ca
847 3778 863 3816 i.
880 3765 915 3816 39
928 3764 981 3817 ile·

183 3832 282 3900 palie),
303 3840 363 3888 lum
378 3832 449 3904 apud
466 3836 500 3890 D.
517 3833 695 3889 Benedictum
711 3833 738 3888 in
755 3778 867 3903 Reguia.
882 3831 933 3899 Qui
948 3830 982 3887 de

182 3904 318 3959 mensuris
328 3910 355 3959 el
370 3903 535 3976 ponderibus
548 3902 829 3972 scripserunt,libram
845 3901 980 3972 duplicem

182 3971 364 4045 distinguunt,
386 3974 578 4039 mensuralem,
597 3983 623 4030 et
635 3973 824 4046 ponderaleui;
839 3980 866 4028 et
880 3975 984 4028 Roma·

181 4058 233 4107 iios
246 4052 359 4116 utraque
377 4060 441 4101 usos
457 4043 539 4102 luisse
557 4045 677 4103 Galenus
690 4045 796 4111 asserit,
814 4050 882 4099 teste
897 4043 983 4099 Geor·

181 4114 226 4243 gio
249 4116 373 4189 Agricola
396 4117 508 4182 (Galeri.
531 4117 651 4172 libide
669 4118 810 4186 Composit.
825 4115 998 4180 medicam.;-

206 4203 259 4241 eor.
272 4190 341 4255 Aqr.
352 4188 398 4243 lib.
414 4188 447 4242 de
460 4189 572 4243 Paridis.
583 4193 608 4243 et
622 4193 765 4254 merismu).
779 4184 983 4257 Eratsiquidem

181 4255 248 4323 libra
262 4257 334 4325 apud
344 4260 577 4330 Romanosgenus
587 4273 724 4315 mensuras
735 4258 810 4314 lineis
820 4254 984 4329 quibusdam

183 4323 370 4394 intersectum,
387 4327 486 4397 quibus
499 4327 668 4384 dividebatur
688 4329 715 4383 in
734 4327 878 4385 duodecim
892 4333 981 4399 parles

182 4394 313 4466 aequales,
324 4410 394 4476 quas
407 4397 499 4451 uncias
513 4397 654 4453 vocabant.
669 4400 748 4453 Hanc
760 4407 850 4453 autem
865 4412 979 4452 mensn-

181 4480 242 4520 ram
265 4464 298 4520 ad
318 4465 502 4522 differentiam
522 4466 659 4536 ponderis,
685 4467 783 4522 libram
796 4466 979 4522 mensuralem

181 4535 317 4600 dixerunt,
328 4535 369 4591 rel
381 4534 478 4591 libram
490 4551 667 4602 mensurum;
686 4537 798 4592 alteram
813 4543 914 4601 autem,
928 4551 979 4608 qua

182 4621 226 4662 res
249 4605 450 4676 appenduntur,
475 4605 527 4661 boc
552 4614 605 4675 est,
629 4606 735 4678 pondus
757 4607 859 4678 ipsum,
884 4605 982 4662 libram

180 4675 367 4748 ponderalem,
383 4678 423 4734 rel
445 4677 541 4734 libram
557 4678 649 4750 pondo
669 4676 768 4750 :cujus
781 4676 874 4732 itidem
893 4682 983 4750 parles

181 4748 268 4805 unciae
284 4755 422 4805 vocantur.
444 4747 526 4806 Unde
543 4763 712 4821 consequens
730 4756 771 4804 est
784 4747 905 4819 duplices
922 4763 980 4805 esse
995 4764 1021 4827 ῃ
1036 4751 1131 4820 videri,
1146 4758 1173 4805 et
1182 4748 1334 4832 quemlibet

1035 3761 1135 3818 clarius
1148 3761 1176 3818 id
1195 3761 1285 3832 ipsum
1305 3759 1450 3815 coullrmet
1465 3758 1600 3815 Palladius
1617 3757 1739 3815 historiae
1760 3760 1834 3815 Lau·

1036 3833 1117 3890 siacae
1128 3848 1189 3904 cap.
1209 3837 1254 3900 28,
1268 3831 1314 3888 ubi
1331 3830 1364 3886 de
1375 3828 1460 3886 Paulo
1474 3829 1600 3902 simplice
1614 3830 1689 3901 agit:
1703 3833 1777 3892 Fert,
1789 3830 1832 3886 in·

1037 3904 1107 3977 quit,
1118 3905 1264 3965 Aaioai'as,
1274 3906 1299 3957 ei
1312 3904 1424 3972 imponit
1436 3916 1532 3955 meuse
1544 3904 1660 3970 quatuor
1669 3901 1834 3971 pacamidio

1038 3975 1091 4037 (sic
1102 3975 1158 4046 ipse
1173 3982 1261 4040 vocat,
1274 3988 1337 4046 quae
1347 3973 1390 4028 alii
1403 3971 1566 4042 paximacia)
1582 3987 1629 4026 sec
1640 3974 1793 4033 undarum,
1807 3976 1834 4027 ct

1038 4047 1091 4100 sibi
1101 4045 1209 4116 qnidam
1218 4061 1302 4100 naum
1314 4044 1468 4113 madefecit,
1480 4051 1532 4099 etc.
1545 4044 1609 4117 Sea,
1625 4041 1725 4113 inquit,
1739 4045 1832 4097 racio·

1037 4132 1099 4170 iiiiii
1113 4116 1206 4188 :quod
1220 4114 1314 4185 ulique
1329 4113 1365 4170 de
1378 4113 1492 4186 singulis
1504 4112 1672 4185 paxamidlis,
1688 4112 1745 4169 sire
1758 4111 1834 4183 puxi-

1038 4187 1134 4243 maciis
1156 4185 1371 4256 intelligendum.
1401 4184 1468 4265 Quis
1493 4183 1566 4242 enim
1591 4183 1688 4239 dixerit
1712 4192 1833 4255 quatuor

1039 4255 1192 4329 paxamidia
1207 4254 1327 4310 simulet
1337 4256 1454 4327 iunctim
1465 4253 1548 4309 luisse
1559 4262 1666 4310 tantuin
1677 4269 1722 4310 sex
1733 4253 1832 4310 uncie·

1038 4331 1118 4384 rum?
1129 4329 1256 4398 Qualuor
1267 4340 1331 4394 ergo
1340 4323 1490 4396 paxamidia
1498 4324 1589 4396 viginti
1598 4332 1718 4396 quatuor
1727 4325 1833 4393 uncias,

1033 4397 1086 4455 boc
1100 4405 1151 4465 est,
1160 4397 1229 4453 duas
1241 4395 1321 4450 libras
1334 4395 1410 4466 panis
1424 4394 1577 4467 pendebant
1591 4414 1596 4448 :
1613 4395 1689 4452 unde
1706 4395 1831 4466 sequitur

1035 4481 1258 4538 unamquamque
1281 4466 1379 4522 libram
1401 4465 1544 4523 duodecim
1560 4467 1649 4523 unciis
1668 4466 1831 4524 constitisse.

1035 4539 1086 4595 Sed
1098 4538 1161 4610 quid
1173 4537 1207 4594 ed
1221 4545 1382 4609 praesentem
1397 4537 1515 4593 Cassiam
1527 4537 1618 4593 locum
1635 4537 1770 4606 dicemus,
1782 4536 1830 4593 ubi

1037 4609 1143 4666 ridetur
1161 4609 1270 4676 libram,
1293 4615 1321 4663 et
1334 4623 1381 4663 sex
1401 4609 1495 4665 uncias
1513 4601 1692 4673 confundere,
1711 4616 1758 4663 aut
1780 4623 1832 4680 pro

1036 4679 1133 4737 eodem
1155 4679 1293 4751 accipere?
1315 4679 1450 4805 Epuifem
1465 4677 1554 4805 satietur
1573 4680 1662 4806 plrimlo
1678 4679 1777 4803 iutuigi
1796 4678 1834 4733 ila

1355 4766 1385 4806 ec
1398 4765 1512 4807 oremsa
1527 4765 1575 4805 isa
1601 4765 1633 4805 en
1648 4765 1733 4804 umin
1772 4762 1834 4805 ens·

181 4821 284 4887 uncias,
296 4835 394 4891 nempe
405 4818 583 4888 mensurales,
597 4827 624 4877 el
635 4818 807 4892 ponderales.
823 4821 893 4875 liam
907 4834 983 4875 men·
1036 4838 1120 4879 cursu
1139 4820 1385 4894 ilequdicaturuui.
1406 4825 1444 4877 Al
1462 4836 1570 4877 cumex
1589 4820 1669 4877 dictis
1686 4818 1831 4876 satiseon·
1865 4842 1873 4851 ·

179 4892 283 4948 surales
295 4898 384 4962 parles
397 4900 463 4949 sunt
479 4890 554 4948 librae
567 4890 739 4959 mensuralis,
759 4890 830 4947 sicut
842 4888 976 4963 pondera·

178 4960 219 5018 les
231 4970 321 5033 partes
332 4971 396 5019 sunt
409 4963 483 5020 linia
494 4961 648 5036 ponderalis
661 4983 667 5019 ι
681 4968 708 5018 et
722 4961 781 5018 baec
793 4969 835 5018 est
852 4959 978 5019 diiieren·

180 5032 216 5087 lia
237 5035 307 5087 inter
319 5035 497 5101 memorales,
512 5043 538 5089 et
569 5033 709 5091 onderales
721 5033 826 5101 uncias,
844 5040 871 5089 et
885 5032 977 5101 libros,

180 5102 252 5174 quod
268 5101 428 5173 ponderales
441 5103 520 5160 nobis
535 5049 570 5159 ob
586 5104 680 5161 oculos
694 5112 801 5186 ponunt
818 5104 978 5175 gravitatem

180 5187 344 5245 corporum;
357 5172 533 5241 mensuralos,
549 5175 663 5242 molem,
681 5189 736 5230 sive
751 5174 977 5299 magnitudinem,

179 5250 227 5298 aut
240 5242 428 5315 capacitatem,
439 5251 470 5299 ut
483 5241 563 5300 docet
577 5244 649 5301 idein
664 5244 792 5302 Galenus.
818 5240 978 5302 labiiestum

178 5321 269 5369 aulem
283 5320 325 5370 est
339 5313 436 5370 libram
448 5313 635 5385 ponderalem,
647 5323 675 5371 et
687 5323 884 5387 consequenter
896 5316 978 5371 etiam

178 5384 272 5440 uncias
287 5383 445 5456 ponderales
454 5384 577 5457 intelligi,
589 5401 652 5442 cum
664 5385 698 5442 de
710 5385 777 5442 libra
793 5385 868 5512 genis
877 5384 975 5456 agitur.

178 5454 315 5526 Quaeritur
327 5456 400 5511 euim
414 5455 448 5512 de
460 5454 579 5527 pondere
591 5471 639 5513 seii
652 5456 782 5529 gravitate
812 5457 874 5527 ujus
889 5455 976 5514 librae.

175 5525 293 5584 Proinde
309 5526 388 5583 aliter
406 5526 477 5599 apud
495 5530 530 5582 D.
545 5526 722 5584 Benedictum
736 5526 816 5599 [Cup.
829 5532 864 5584 39
878 5532 904 5582 et
926 5533 978 5595 40)

176 5597 307 5668 accipitur
316 5596 977 5669 mensuraciborum,alitermeusurupotus.Nam

175 5682 305 5724 mensura
314 5668 449 5731 ciborum,
464 5677 597 5740 quantum
607 5668 642 5726 ad
653 5669 865 5741 penemattinet,
879 5669 977 5753 accipi·

174 5747 220 5796 tur
234 5755 284 5812 pro
301 5754 427 5797 mensure
442 5739 658 5812 ponderalibus
673 5746 725 5809 est,
741 5755 876 5814 propone
894 5755 978 5798 unius
1014 5810 1017 5814 Α

1032 4901 1085 4950 stet
1100 4893 1134 4949 de
1148 4891 1252 4950 diversa
1268 4891 1396 4949 Auctoris
1417 4890 1562 4958 sententia,
1576 4891 1644 4947 ratio
1666 4889 1787 4961 postulat
1799 4898 1831 4946 ut

1032 4964 1092 5038 ejus
1117 4965 1209 5032 rerba,
1238 4963 1329 5036 quoad
1353 4962 1412 5035 ejus
1435 4961 1492 5018 lieri
1513 4970 1611 5034 polest,
1632 4960 1778 5017 commode
1804 4969 1833 5017 et

1032 5044 1213 5092 consentanee
1226 5035 1445 5106 interpretemur.
1460 5033 1505 5091 Sic
1522 5032 1605 5104 igitur
1626 5032 1725 5100 sentio,
1744 5046 1829 5088 rocu-

1030 5107 1086 5163 lam
1102 5108 1157 5162 sica
1177 5105 1231 5162 hoc
1246 5103 1307 5161 loco
1321 5120 1377 5161 non
1392 5119 1451 5161 esse
1469 5103 1658 5174 expositiiam,
1670 5103 1718 5159 sed
1737 5101 1831 5175 polius

1032 5177 1240 5243 adversativam,
1249 5184 1280 5232 ut
1290 5174 1422 5231 dialectici
1434 5174 1595 5247 loquuntur,
1608 5182 1636 5231 et
1646 5173 1764 5256 positam
1779 5187 1830 5256 pro

1032 5251 1112 5304 immo
1124 5248 1164 5303 iel
1177 5246 1398 5303 subaudiendum
1406 5249 1487 5302 etiam
1497 5253 1547 5301 aut
1578 5245 1623 5302 nid
1636 5245 1742 5313 simile,
1752 5251 1783 5300 ut
1795 5252 1831 5299 sit

1033 5333 1131 5375 seusus
1148 5337 1155 5374 :
1173 5316 1307 5391 quosdam
1319 5326 1463 5373 contentos
1473 5331 1532 5374 esse
1546 5260 1613 5372 libra
1625 5315 1704 5386 panis
1719 5335 1725 5369 z
1741 5315 1830 5397 immo
1885 5335 1893 5347 ·

1032 5391 1116 5447 etiem
1137 5382 1260 5457 dimidia,
1276 5403 1325 5444 scu
1338 5389 1412 5460 quod
1430 5387 1502 5445 idem
1520 5396 1576 5455 est,
1589 5402 1637 5443 seii
1651 5385 1752 5442 unciis.
1774 5384 1831 5455 Qui

1033 5460 1143 5534 quidem
1156 5473 1253 5516 sensus
1267 5466 1295 5514 et
1310 5473 1388 5516 rems
1401 5466 1428 5514 el
1442 5459 1538 5531 plenus
1555 5466 1607 5525 cst,
1622 5456 1756 5529 dictisque
1767 5469 1831 5512 cen·

1032 5538 1185 5588 senieueus.
1197 5529 1242 5587 Sic
1254 5531 1327 5586 enim
1342 5529 1376 5586 de
1387 5530 1507 5587 Antonio
1522 5529 1649 5600 superius
1659 5527 1830 5595 audirimus,

1033 5602 1122 5674 ipsum
1137 5601 1220 5657 naim
1234 5600 1398 5671 paxamidio,
1418 5601 1499 5657 idest
1512 5600 1611 5658 selibra
1626 5599 1702 5672 panis
1713 5612 1759 5655 sex
1774 5612 1832 5653 un·

1032 5674 1136 5729 ciarum
1158 5679 1317 5729 contentum
1339 5671 1432 5729 fuisse.
1453 5674 1489 5729 Et
1514 5673 1541 5728 in
1564 5671 1619 5727 rita
1646 5668 1723 5726 Pauli
1750 5666 1831 5740 primi

1032 5743 1153 5815 eremitae
1174 5746 1316 5799 narrati).
1332 5743 1519 5817 {lieronymus
1531 5756 1644 5800 corvum
1668 5741 1695 5796 in
1711 5738 1831 5797 adventu
