3824 6164
122 204 192 261 iasa
661 192 801 249 iciunis
819 189 973 248 cassiani
992 188 1237 247 cotmriouss.
1279 151 1306 209 Ὺ
1714 188 1782 245 rica

85 380 87 385 ,
121 329 171 383 ctis
180 326 237 381 suis
247 338 301 379 aaa
310 320 429 392 mandit,
447 324 473 376 et
490 322 518 375 ia
532 320 636 389 augelis
650 321 706 375 suis
719 318 923 389 reperitpraci-
936 317 963 381 A
977 322 1036 371 tur:
1046 313 1227 387 licco,inquit,
1237 328 1326 370 omna
1337 328 1382 369 nos
1391 312 1560 369 accendentes
1568 314 1660 383 iactam
1669 315 1784 371 amitat

123 423 223 486 tatem,-
245 417 312 486 sire,
334 424 365 472 nt
384 413 557 471 emendatior
572 411 715 469 translatio
729 410 813 468 babet
834 414 923 467 :Ecce
976 409 1286 481 fiammismiabulateia
1298 410 1398 465 lamere
1409 408 1578 478 rauscerat,
1589 409 1780 477 etialtaeueis

122 515 195 567 iuter
213 513 317 566 sanctos
330 509 387 580 ejas
402 524 478 563 acino
489 506 675 576 immutabilis,
690 512 716 562 et
728 506 788 561 coeli'
795 520 848 559 acii
861 508 924 559 suat
978 521 1046 577 auae
1058 503 1329 573 mmaidutisilsaia
1338 500 1375 575 ι).
1384 503 1421 559 Et
1430 501 1529 557 iteruin
1542 508 1570 556 τ’
1584 501 1638 569 Qui
1651 502 1784 567 incendit,

123 605 254 679 muralia
263 606 401 674 conspectu
414 600 473 672 ejus
485 601 553 673 (iob.
566 598 628 671 xv).
807 603 811 610 '
978 599 1077 671 inquit,
1091 599 1236 662 malitiam,
1244 600 1346 669 peribit
1359 597 1394 651 ab
1405 612 1437 651 ea
1450 598 1541 663 (Pron.
1561 598 1599 662 v).

435 696 555 753 CAPUT
573 696 625 751 xl.
1296 699 1414 755 CAPUT
1428 699 1466 752 Χ.

123 791 252 851 Riiidm
266 807 284 846 ‘i
297 793 359 853 ⁰9⁰2
374 792 550 861 pmiiciosuai
573 795 598 845 ⁸²
614 802 733 859 limiti
747 788 861 841 edilium
877 789 925 841 iii·
981 799 1057 866 Quod
1072 799 1101 853 bi
1109 801 1158 868 qui
1168 798 1206 853 ad
1212 800 1402 869 perfectionem
1411 795 1525 851 teadaat
1535 796 1563 848 iii
1572 796 1688 850 catate
1697 796 1786 852 bumi-

159 888 246 943 Recte
265 884 349 958 igitur
363 891 484 948 sanctos,
496 882 544 956 qni
557 881 723 938 memoriam
735 880 786 936 Dei
796 877 927 937 stabiliter
1016 870 1125 934 liuntur,
1141 873 1167 924 et
1176 872 1225 926 liei
1233 871 1324 940 aratia
1335 883 1436 939 semper
1445 882 1473 921 se
1483 866 1602 922 sentiant
1613 865 1747 937 indigere.

125 978 283 1045 retinentes,
303 979 380 1051 quasi
395 995 443 1051 per
455 985 580 1035 extensas
598 977 626 1033 in
640 974 751 1032 sublimi
764 974 852 1031 lineas
865 988 928 1030 ins·
1016 960 1114 1031 dCum
1135 988 1200 1045 ergo
1225 972 1386 1043 semetipsos
1408 968 1529 1043 qnotidie
1552 969 1673 1025 sentiant
1696 971 1784 1028 sancti

125 1086 211 1144 penso
236 1070 364 1128 feruntur
378 1071 497 1140 incessu,
510 1080 523 1106 ⁸
541 1067 736 1135 sclioenobetis,
752 1082 823 1139 qnos
846 1064 927 1137 vulgo
982 1076 1101 1125 terrente
1126 1066 1296 1140 cogitationis
1323 1063 1442 1139 pondera
1464 1071 1657 1137 praegravatas,
1681 1065 1716 1121 ab
1736 1066 1784 1123 illa

123 1164 302 1222 funambulos
316 1173 425 1230 vocant,
440 1164 555 1220 dixerim
569 1158 782 1232 comparandos,
792 1159 839 1232 qni
854 1173 928 1215 sum·

125 1273 203 1314 mani
221 1271 278 1312 sure
297 1256 392 1311 salutis
417 1271 448 1311 ac
469 1254 569 1311 vitaein
592 1252 790 1326 angustissimo
818 1250 927 1307 iuniculi

124 1350 200 1406 illins
217 1348 327 1405 tramite
347 1347 530 1413 collocantes,
547 1344 747 1402 atrocissimam
760 1358 790 1400 se
811 1351 928 1399 mortem

127 1442 252 1517 protinus
265 1442 424 1498 incursuros
439 1454 565 1496 essenon
581 1437 735 1512 ambigunt,
746 1437 769 1493 si
780 1436 820 1493 rel
833 1434 928 1509 exigua

982 1161 1084 1217 mentis
1103 1159 1269 1217 sublimitate
1290 1158 1427 1226 decidere,
1449 1164 1478 1213 et
1490 1156 1601 1225 inritos,
1618 1156 1706 1241 igimo
1719 1176 1784 1218 sero

982 1255 1066 1311 etiam
1080 1254 1235 1312 nescientes
1246 1255 1273 1311 in
1284 1256 1372 1329 legem
1386 1250 1488 1325 peccati
1503 1250 1654 1324 mortisque
1667 1252 1785 1322 traduci,

982 1358 1075 1424 atque,
1087 1357 1118 1406 ut
1132 1359 1233 1406 caetera
1249 1347 1466 1422 pretermittam,
1479 1345 1531 1401 illis
1547 1346 1648 1402 saltem
1662 1362 1725 1419 qum
1742 1363 1786 1403 su-

983 1443 1073 1517 parins
1084 1442 1289 1517 comprehendi,
1305 1441 1387 1498 bonis
1401 1438 1511 1514 quidem
1527 1454 1559 1496 ac
1569 1439 1663 1513 justis,
1680 1440 1731 1498 sed
1743 1449 1788 1497 ta-

128 1553 178 1609 pes
191 1552 287 1594 eorum
302 1535 467 1592 titubatione
485 1534 641 1603 deviaverit,
659 1540 708 1589 aut
726 1530 843 1589 modum
858 1531 929 1587 illius
983 1554 1049 1595 men
1061 1537 1186 1602 terrenis,
1202 1543 1375 1609 aeonspectu
1385 1534 1437 1590 Dei
1456 1534 1585 1606 operibns
1603 1535 1722 1605 auocari,
1736 1535 1785 1592 ba-

125 1630 253 1687 salutaris
268 1629 426 1686 directionis
446 1627 600 1685 excesserit.
619 1627 672 1697 Qui
686 1626 755 1683 dum
778 1634 837 1682 arte
852 1624 929 1681 miri-
983 1631 1050 1689 bent
1072 1629 1194 1704 prolecto
1214 1647 1263 1703 pro
1276 1620 1376 1703 quibus
1392 1628 1426 1684 ad
1444 1632 1535 1684 Deum
1544 1629 1644 1701 jugiter
1660 1630 1783 1703 ingemi-

127 1723 177 1782 lica
196 1739 292 1781 aereos
313 1739 424 1797 gressus
442 1738 491 1795 per
514 1721 605 1779 inania
626 1720 791 1789 moliuntur,
816 1719 839 1776 si
857 1719 931 1776 illam
946 1717 970 1780 B
985 1732 1072 1794 scant,
1088 1723 1190 1780 babent
1209 1740 1259 1796 pro
1272 1723 1372 1796 quibus
1390 1722 1417 1778 in
1429 1721 1540 1778 veritate
1552 1721 1686 1778 humiliati
1698 1730 1784 1794 atque

128 1819 313 1892 augustiorem
333 1817 449 1891 νθῦὶὶεῑθ
462 1816 675 1884 semitimissffll
687 1823 767 1873 0³1¹!ss
779 1822 860 1887 alque
873 1813 931 1869 ⁵0¹·
984 1818 1151 1891 compuncti,
1172 1826 1182 1854 ⁰
1208 1833 1264 1874 non
1278 1816 1370 1874 uerbis
1388 1814 1590 1884 tantummodo,
1610 1814 1659 1871 sed
1683 1814 1788 1873 allecto

129 1911 205 1969 licite
219 1911 409 1970 moderatione
433 1910 610 1976 servaverint,
628 1918 702 1967 terra
721 1924 783 1982 qnae
800 1907 930 1965 omnibns
984 1912 1145 1986 semetipsos
1159 1911 1337 1984 pronuntient
1357 1919 1524 1983 peccatores,
1539 1911 1688 1967 streniam
1707 1926 1788 1967 iera·

130 2006 205 2065 velut
216 2008 347 2065 naturalis
364 2017 405 2065 est
422 2007 504 2077 basis,
524 2013 551 2064 et
567 2006 761 2064 solidissimum
780 2003 884 2060 cunctis
898 2018 929 2059 ac
983 2005 1050 2061 citer
1066 2020 1115 2078 pro
1133 2003 1261 2061 omnibns
1278 2019 1339 2077 qnae
1359 2003 1479 2075 quotidie
1498 2002 1618 2076 superati
1639 2002 1787 2076 fragilitate

123 2096 323 2157 'firmissimum
339 2100 563 2168 fundamentum,
579 2100 610 2157 lit
630 2100 683 2155 illis
697 2112 858 2172 praesensac
872 2111 930 2152 ma·
982 2097 1069 2155 cariiis
1086 2098 1240 2166 incurrunt,
1262 2112 1294 2154 ac
1311 2097 1425 2170 gratiam
1441 2096 1555 2154 Domini
1566 2097 1669 2170 jugiter
1692 2105 1789 2169 postn-

129 2190 231 2251 nile'ste
244 2194 387 2267 pernicies,
399 2210 454 2250 non
467 2194 531 2266 quia
542 2193 615 2250 illins
628 2200 726 2248 natura
737 2198 870 2259 mutetur,
882 2189 930 2247 sed
983 2193 1080 2263 lantes,
1102 2207 1178 2249 ieras
1199 2190 1369 2264 poeaitcntiae
1393 2191 1531 2264 lacrymas
1545 2190 1734 2249 indesinenter
1751 2191 1791 2250 el·

131 2289 194 2360 qnia
206 2288 242 2343 illi
258 2288 285 2343 in
300 2303 362 2344 eam
375 2287 508 2358 praecipiti
523 2286 615 2342 carnis
625 2284 745 2358 pondere
760 2283 928 2341 dilabuntur.

132 2383 173 2438 lta
191 2381 277 2438 etiem
294 2378 429 2437 indelessa
441 2379 485 2436 illa
503 2379 553 2436 Dei
569 2378 684 2446 bonitas,
698 2377 930 2448 immutabilisque

131 2473 285 2533 substantia
304 2474 362 2547 ipsa
374 2472 486 2546 quidem
502 2471 640 2529 neminem
653 2469 740 2539 laedit,
754 2469 803 2527 sed
820 2484 871 2526 nos
880 2468 930 2526 de·

130 2568 257 2627 elinando
279 2584 294 2625 a
321 2568 438 2626 summis
458 2575 540 2641 atque
560 2565 594 2623 nd
607 2566 663 2622 ima
684 2563 828 2635 tendendo,
850 2563 931 2620 nobis

129 2664 198 2738 ipsis
219 2662 415 2720 consciscimus
434 2669 566 2731 mortem,
590 2660 676 2717 imnic
700 2659 757 2733 ipsa
785 2657 930 2716 declinatio

129 2772 206 2814 mors
223 2755 340 2813 efficitur
354 2754 510 2812 declinanti.
537 2757 583 2811 l'ce
597 2757 676 2822 euim,
691 2752 789 2824 inquit,
803 2754 851 2820 cis,
865 2768 931 2823 quc·

129 2855 205 2906 iiiam
219 2855 378 2907 recesserunt
388 2866 463 2905 aare.
479 2849 675 2918 Vastabuatar,
689 2851 814 2918 annatim
824 2862 931 2917 pratia·

983 2285 1111 2344 tundant.
1136 2285 1241 2359 Quippe
1261 2285 1307 2358 qni
1332 2285 1441 2343 videant
1463 2286 1563 2344 iisdem
1588 2287 1655 2360 ipsis
1677 2303 1718 2357 se,
1739 2303 1792 2360 pro

984 2382 1082 2454 quibus
1092 2380 1222 2437 continno
1242 2379 1338 2437 dolore
1351 2381 1440 2437 vexati
1456 2389 1534 2452 sunt,
1550 2382 1635 2438 etiam
1655 2380 1791 2455 usquead

985 2474 1111 2530 ultimum
1139 2475 1202 2531 ritae
1219 2489 1276 2531 suae
1299 2473 1383 2532 baem
1405 2475 1517 2533 aestibus
1538 2475 1692 2544 involutos,
1705 2474 1791 2531 ctiam

985 2569 1058 2641 ipsas
1067 2567 1279 2641 supplicationes
1292 2567 1465 2627 suascllerre
1479 2586 1508 2628 se
1520 2571 1579 2628 sine
1592 2570 1792 2646 cogitationum

985 2663 1120 2721 anxietate
1137 2680 1194 2721 non
1217 2679 1306 2739 posse.
1321 2665 1429 2737 Experti
1452 2666 1538 2738 igitur
1552 2681 1582 2722 sc
1603 2664 1737 2722 humanis
1753 2665 1793 2721 ii·

985 2755 1061 2813 ribus
1083 2755 1265 2813 desideratum
1289 2755 1384 2825 linem,
1399 2756 1544 2815 absistente
1566 2758 1656 2815 carnis
1670 2759 1793 2828 sarcina,

985 2866 1041 2906 non
1056 2866 1134 2922 posse
1150 2851 1318 2924 contingere,
1339 2867 1429 2926 noque
1447 2853 1483 2908 illi
1498 2853 1635 2924 praecipuo
1660 2867 1796 2908 summo·

128 2948 212 3002 eiecti
227 2950 291 3000 suat
304 2947 333 3000 ia
345 2962 387 3000 mc
398 2946 480 3016 (Osca
491 2948 556 3010 vn).
572 2945 607 2999 Et
620 2942 718 2998 iterum
735 2959 742 2995 :
765 2945 810 2997 l‘ae
821 2942 859 2994 ei's
872 2955 932 2993 cum
985 2955 1039 3012 que
1052 2939 1124 2997 bono
1138 2940 1293 2997 secundum
1303 2941 1393 2999 cordis
1406 2941 1447 2998 sni
1457 2940 1626 2999 desiderium
1638 2956 1723 3013 posse
1732 2958 1794 2999 ccii

130 3038 304 3092 recesserant
319 3040 356 3092 eis
371 3035 454 3107 (Osca
468 3035 523 3104 iii).
537 3037 643 3103 Arauet
657 3046 776 3104 namque
790 3031 932 3087 temalitia
984 3032 1071 3107 jungi,
1087 3033 1136 3091 sed
1154 3033 1188 3091 ab
1201 3034 1260 3107 ejus
1272 3033 1376 3092 intuitu
1392 3036 1513 3108 captivos
1524 3034 1561 3092 ad
1574 3035 1716 3092 mundana
1735 3045 1792 3093 tra-

128 3133 188 3191 taa,
200 3133 225 3183 et
238 3131 343 3184 acerem
360 3134 409 3184 tao
423 3129 576 3198 increpabit
595 3133 629 3183 te.
648 3129 719 3185 Scito
742 3132 767 3182 et
780 3127 850 3190 cide,
865 3127 932 3197 quia
985 3125 1060 3196 duci,
1074 3125 1109 3183 ad
1125 3128 1241 3200 gratiam
1255 3128 1303 3185 Ilei
1318 3130 1364 3201 qni
1377 3130 1477 3202 impios
1492 3129 1629 3202 justitient
1641 3131 1792 3186 consolan-

89 3262 92 3283 ,
132 3216 237 3271 malam
250 3222 275 3272 ct
291 3234 416 3272 amarum
432 3223 471 3272 est
484 3220 624 3289 rel-i'quisse
644 3223 669 3273 te
682 3220 825 3275 Dominum
848 3220 932 3273 Deum
985 3227 1036 3289 tes,
1050 3236 1112 3277 cuin
1137 3222 1269 3295 Apostolc
1289 3232 1498 3296 protestantur:
1514 3225 1678 3294 liiteliacpc
1700 3225 1788 3287 barac,

129 3314 210 3365 taum
221 3309 323 3382 (tercia
338 3309 383 3382 ii).
398 3305 411 3342 ⁰
425 3311 563 3368 Furiiculi's
582 3326 700 3384 namque
721 3326 829 3367 sucrum
838 3328 932 3383 pecca-
986 3317 1048 3384 cuis
1055 3330 1097 3370 me
1109 3317 1233 3371 liberabit
1248 3317 1281 3372 dc
1295 3318 1614 3388 miporemortisliajus?
1624 3320 1718 3377 Gratia
1733 3318 1789 3381 Dei,

129 3408 221 3460 torum
234 3407 419 3475 transactisque
432 3407 628 3474 constringitur
648 3406 737 3476 teror.
751 3408 792 3473 u).
808 3405 850 3462 ild
865 3420 933 3477 quos
986 3423 1035 3476 per
1053 3411 1139 3462 iesum
1163 3409 1301 3466 Christum
1314 3414 1457 3466 Dominum
1475 3417 1599 3467 nostium
1620 3415 1706 3475 (Rom.
1722 3410 1789 3482 vii).

130 3499 197 3554 satis
217 3507 402 3569 competenter
423 3512 438 3551 a
456 3498 576 3554 Domino
595 3499 746 3571 increpatio
766 3499 815 3554 ista
838 3498 933 3572 dirigi-
986 3500 1114 3556 Sentinnt
1138 3500 1210 3559 enim
1233 3518 1261 3559 se
1278 3503 1383 3560 bonum
1406 3504 1480 3560 istud
1502 3504 1579 3579 qnod
1604 3506 1712 3569 volunt,
1736 3519 1790 3561 non

677 3677 805 3734 attunt
825 3678 939 3734 GAZAEI
958 3679 1239 3740 COMMENTARIUS.

131 3842 157 3899 Si
174 3846 268 3897 contra
280 3854 380 3913 pueros
394 3853 459 3896 suos
470 3854 526 3894 nan
539 3836 638 3905 credite
652 3846 746 3895 contra
769 3848 862 3896 autem
881 3856 931 3896 an·
950 3843 972 3907 c
990 3844 1053 3912 boli,
1069 3846 1163 3915 quibus
1173 3846 1260 3901 decem
1272 3852 1296 3903 ct
1309 3852 1453 3904 octcaimts
1464 3849 1590 3917 ligaverat
1604 3847 1747 3902 mulierem
1759 3851 1793 3905 iri

150 3913 208 3969 elos
230 3926 296 3967 suos
317 3909 457 3992 obliquum
473 3909 537 3980 quid
551 3910 723 3982 excogitasti.
744 3912 799 3965 Pro
821 3925 877 3982 quo
896 3914 931 3968 D.
988 3917 1790 3991 Ecaa9c1i0511iideetturribuspeccatcramsuciumuaus-

162 3985 320 4056 ieronymus
334 3981 397 4054 legit
412 3983 468 4037 :El
479 3984 571 4035 contra
585 3981 692 4049 aupelcs
705 3996 767 4036 suos
780 3997 934 4051 pervasum
989 3989 1102 4058 quisque
1116 3991 1318 4059 mastmagitur.
1332 3993 1396 4059 Quin
1407 3992 1487 4046 solete
1498 3992 1688 4061 nominasse&
1697 3997 1790 4061 typum

133 4056 203 4127 qaid
223 4055 361 4125 recitarat.
384 4050 553 4178 Augustiana
572 4065 637 4107 vero
655 4069 662 4106 :
683 4053 714 4108 st
732 4057 934 4136 castraserras
988 4060 1792 4132 Lazarismcitati,quistiscioli'sotiastiti'scinctusjacuerct

132 4142 193 4184 suos
204 4125 359 4188 concredit,
373 4129 426 4180 eta
448 4138 539 4179 erasus
551 4124 658 4205 capeliis
699 4139 779 4178 acum
790 4125 935 4195 qutdrepe-
989 4130 1018 4183 in
1039 4132 1159 4200 sepulcro
1179 4133 1263 4196 (Luc.
1291 4149 1351 4189 iiiii
1363 4139 1383 4200 l.
1401 4133 1469 4189 Vide
1482 4132 1612 4190 eumdem
1636 4133 1667 4189 in
1690 4149 1750 4205 cap.
1770 4149 1789 4187 u

133 4200 180 4254 rit.
194 4197 410 4255 l'ideturaiitcm
423 4194 466 4250 liic
476 4194 562 4251 abbas
573 4193 629 4249 duo
640 4195 657 4248 il
670 4209 685 4249 a
700 4193 759 4250 loca
768 4194 935 4263 confudisse,
989 4200 1075 4256 Isaiae.

133 4278 161 4327 et
174 4285 190 4326 e
204 4268 406 4327 dnobusunam
419 4265 550 4348 conflasse
564 4264 733 4321 senteutiam.
1024 4274 1087 4327 tlin
1101 4272 1241 4329 exGraeco
1254 4281 1331 4329 textu
1346 4276 1438 4331 Lxx.
1460 4276 1596 4348 vulgatus
1609 4282 1702 4331 autem
1717 4296 1723 4331 z
1739 4276 1790 4342 Qui

169 4350 182 4376 ·
198 4338 370 4409 Σχοινοεάτης
386 4339 486 4393 Latine
509 4335 696 4405 funambulus,
742 4337 770 4393 ui
787 4352 836 4409 per
855 4336 936 4395 tunes
989 4344 1110 4413 loquitur
1122 4345 1270 4408 mordacia,
1283 4361 1335 4400 aaa
1349 4346 1566 4419 renascituros
1582 4347 1658 4415 xiii).

135 4416 263 4466 extensos
278 4410 367 4490 (quos
380 4405 423 4490 liic
435 4410 598 4489 catecasta
612 4352 821 4490 sublimissimus
838 4410 935 4480 vocat)
1025 4415 1037 4450 ⁶
1053 4414 1134 4484 Quod
1155 4416 1249 4471 stricte
1267 4424 1456 4473 annotatuma
1477 4417 1617 4484 Ciacciiio,
1634 4415 1716 4499 paulo
1738 4431 1787 4471 cii·

137 4478 257 4537 ludendo
281 4478 410 4562 discurrit
429 4486 476 4534 ant
496 4477 638 4559 graditur:
654 4493 732 4549 quasi
754 4479 936 4549 funiambulo,
988 4485 1109 4558 pressius
1122 4496 1252 4543 annotare
1270 4487 1358 4543 visum
1377 4496 1428 4558 est,
1450 4498 1570 4561 quatuor
1587 4498 1675 4559 capita
1696 4502 1789 4544 conse

136 4554 240 4624 σχοῖνος
251 4565 334 4633 enini,
356 4548 452 4616 idest,
474 4546 567 4613 lunis,
581 4548 668 4635 palia,
683 4549 802 4606 ambulo.
826 4551 936 4608 Primus
989 4557 1097 4628 quentia
1113 4558 1176 4628 (boc
1186 4559 1394 4632 comprehenso)
1410 4576 1497 4632 usquc
1510 4559 1545 4617 ad
1558 4568 1709 4616 extremam
1724 4574 1787 4629 pir-

136 4632 227 4682 autem
247 4625 416 4703 Latinorum⁸
442 4619 555 4676 Messala
584 4622 718 4677 tutunus
743 4618 937 4679 funambulum
990 4634 1046 4683 tem
1059 4629 1207 4701 capitisue,
1221 4628 1336 4686 totidem
1352 4628 1786 4688 ierbisetunoccntextntiatieri

135 4695 214 4766 dixit,
229 4710 312 4770 quem
327 4694 417 4752 Graeci
431 4690 599 4763 querebaris
613 4701 722 4757 rorant,
738 4700 768 4747 nt
782 4700 861 4749 notat
873 4695 936 4751 Gia-
989 4700 1103 4755 nomine
1116 4703 1152 4755 D.
1175 4700 1321 4774 Augustini
1339 4702 1408 4758 inter
1430 4703 1489 4775 ejus
1503 4717 1643 4758 sermones
1656 4700 1689 4755 dc
1705 4702 1786 4753 Tem·

135 4767 240 4826 conius.
256 4765 397 4824 iuvenalis
416 4765 498 4821 satira
522 4769 537 4819 t
563 4761 623 4819 iiaee
644 4762 678 4820 de
698 4765 808 4820 Nerone
823 4763 935 4838 ejusque
989 4784 1066 4841 pore,
1078 4786 1205 4829 sermone
1218 4779 1263 4828 lt.
1276 4774 1353 4829 Anti
1373 4773 1429 4829 itur
1444 4768 1785 4848 augustinnsaCassiano,

131 4840 237 4896 artibus
251 4857 258 4893 ε
988 4848 1047 4910 aut,
1068 4843 1141 4915 quod
1160 4844 1249 4900 verius
1261 4852 1337 4917 puto,
1348 4791 1493 4902 &selanus
1508 4846 1542 4901 ab
1556 4841 1715 4924 Augustino·
1725 4857 1786 4897 niu·

78 4918 92 4937 ·
988 4919 1092 4982 taetus,
1108 4922 1156 4971 aut
1176 4930 1209 4971 ex
1230 4915 1356 4987 operibns
1370 4916 1528 4973 alterutrius
1550 4915 1594 4971 liic
1611 4915 1653 4970 iel
1678 4913 1732 4968 illic
1754 4912 1788 4970 ab

988 4982 1077 5065 aliquo
1096 4983 1245 5053 insertum,
1258 5001 1273 5042 e
1287 4986 1387 5069 quibus
1401 4987 1465 5059 quid
1484 4986 1721 5043 verommillimum
1740 4985 1786 5051 sit,

196 5122 202 5133 ,
287 5119 293 5130 1
420 5114 425 5126 ,
585 5115 591 5126 g
987 5054 1237 5126 aliisjudicandum
1256 5058 1389 5130 relinquo.
1411 5057 1669 5117 CerteCassianum
1689 5062 1785 5125 Augu-

135 5122 237 5181 celius
251 5125 334 5200 epist,
347 5113 382 5172 ad
395 5114 558 5198 Ciceronem
574 5115 622 5171 lib.
638 5131 703 5185 viu,
713 5120 933 5178 sciaacbaticam
987 5125 1061 5182 stino
1082 5126 1269 5202 synchronon,
1285 5138 1331 5185 eut
1345 5138 1425 5187 aetate
1440 5131 1565 5187 ricinum
1577 5129 1784 5192 luisscconstat,

137 5198 227 5265 facere
239 5188 354 5259 diiit,id
367 5194 514 5255 astartem
526 5187 746 5246 illamexerceie.
759 5191 933 5265 Dcclrphan-
988 5203 1047 5253 tum
1061 5214 1092 5254 ex
1106 5199 1174 5255 libro
1195 5203 1230 5256 D.
1247 5201 1373 5275 Prosperi
1398 5200 1533 5258 aduersus
1557 5200 1734 5263 collatorem,
1759 5203 1787 5252 et

164 4972 255 5031 Augur,
267 4967 450 5025 Selianobales,
462 4965 585 5028 medicus,
596 4979 689 5030 magus,
704 4968 784 5018 cronia
796 4970 870 5022 novit.

134 5268 171 5325 tis
180 5261 348 5347 funambulis
355 5259 458 5317 Plinius
471 5259 517 5315 ub.
530 5262 693 5317 viiiltatur.
706 5261 810 5344 Hister.
822 5279 846 5318 c.
859 5271 886 5346 t,
900 5263 935 5347 de
989 5268 1047 5326 aliis
1071 5269 1129 5342 ejus
1152 5271 1259 5344 scriptis
1276 5273 1310 5329 ad
1329 5273 1527 5347 Augustinum,
1555 5284 1614 5329 tuni
1635 5286 1668 5327 ex
1681 5269 1788 5326 ratione

135 5338 236 5412 quibus
251 5343 331 5392 etiam
344 5339 432 5388 eistat
444 5330 530 5387 faceta
545 5329 695 5388 admodum
708 5333 825 5414 epistola
837 5335 933 5408 Lipsii,
988 5347 1143 5413 temporum
1157 5351 1184 5398 et
1197 5343 1382 5418 chronologia.

136 5424 248 5482 qutmu
266 5403 450 5465 matrisannis
464 5418 511 5459 ¹¹10
524 5401 754 5487 ltssfflitmeffltm·
1021 5414 1034 5444 ²
1055 5411 1200 5482 Quomodo
1226 5415 1274 5471 viri
1302 5416 1388 5472 sancti
1415 5424 1442 5473 et
1459 5415 1574 5489 perlecti
1596 5432 1656 5472 non
1681 5422 1786 5471 tantum

171 5481 355 5550 biniquitates
364 5492 420 5533 sua
431 5477 543 5559 cupiunt
555 5491 678 5546 impium,
689 5480 714 5531 et
722 5476 834 5544 funibus
843 5495 932 5550 pecca·
986 5482 1086 5553 verbis,
1099 5483 1146 5539 scd
1167 5485 1249 5541 etiam
1264 5484 1375 5555 alfectn,
1393 5486 1422 5542 id
1440 5495 1492 5555 est,
1506 5487 1614 5545 sincere
1635 5496 1661 5545 et
1684 5502 1716 5542 ex
1730 5486 1785 5540 aiii·

136 5553 228 5606 torum
249 5565 358 5605 suorum
381 5551 585 5630 constringitur,
614 5546 696 5603 habet
712 5550 823 5630 ‚vulgata
844 5551 931 5607 ierac
985 5568 1032 5610 mo
1048 5562 1075 5610 et
1096 5553 1153 5611 sine
1176 5555 1285 5613 fictione
1297 5558 1399 5630 seipsos
1417 5560 1600 5631 pronuntient
1621 5566 1788 5632 peccatores,

138 5621 224 5704 {Prae
245 5621 285 5682 i).
309 5623 341 5674 l).
361 5622 547 5689 Hieronymus
569 5634 596 5674 ui
620 5618 766 5678 Ezechielis
782 5638 807 5677 c.
835 5637 880 5690 iv,
896 5623 931 5680 ad
985 5624 1073 5682 immo
1098 5635 1125 5684 et
1146 5629 1322 5700 gravissimos
1340 5638 1506 5701 peccatores,
1530 5640 1561 5687 ut
1578 5632 1608 5687 S.
1626 5630 1789 5689 franciscus

137 5689 206 5749 illud
220 5708 226 5746 :
240 5691 304 5770 Ecce
317 5682 479 5745 camertem·
490 5695 513 5743 te
525 5690 638 5746 uinculis
655 5692 744 5754 :alsa
759 5692 931 5765 inquierunt
985 5696 1019 5753 de
1032 5713 1060 5754 se
1074 5696 1164 5756 dicere
1177 5699 1292 5769 solebat,
1302 5697 1406 5758 dictum
1419 5710 1459 5760 est
1477 5701 1511 5759 ad
1532 5701 1577 5758 lib.
1595 5717 1644 5759 xii
1667 5702 1786 5760 institut

140 5764 247 5824 bamini
258 5758 376 5827 oracula,
390 5761 488 5828 auibus
498 5762 526 5816 ia
537 5763 650 5816 salutem
661 5762 795 5831 ligarum,-
810 5765 866 5819 alia
875 5765 931 5820 dia·
984 5781 1043 5841 cap.
1062 5775 1105 5826 lb.
