3824 6164
221 250 289 307 itta
513 249 524 301 .'
761 240 901 300 tutants
919 238 1072 298 cassiani
1090 236 1336 297 COLLthONES.
1808 236 1875 293 lttt

221 369 371 444 prehendat
380 378 531 428 auctorem.
539 372 598 442 Ego
608 376 700 424 antem
711 366 758 439 qui
770 382 827 423 non
836 382 926 422 meam
937 381 1021 439 super
1032 370 1059 434 Α
1072 364 1141 422 odeo
1156 362 1339 421 collandatum
1351 375 1412 418 essa
1426 358 1602 416 manifestum
1613 364 1790 423 estalenta
1805 373 1877 415 snm·

222 465 273 521 hac
287 480 317 519 re
338 464 500 520 sententiam
516 461 649 535 prompsi,
665 460 715 517 sed
729 461 768 517 rei
782 469 867 533 gestas
881 459 1021 516 historiam
1074 459 1128 514 mis
1141 474 1174 515 ac
1184 455 1389 514 sublimissimis
1403 455 1470 511 viris
1482 452 1612 511 diaconiae
1625 451 1766 507 electione
1777 461 1877 522 piaetu-

222 558 336 629 simpliai
357 557 511 613 narratione
528 556 687 628 complexus
706 570 781 621 sum,
801 569 911 624 aequum
931 561 974 609 est
991 560 1021 609 nt
1076 552 1166 607 ierint.
1177 554 1210 607 Et
1217 546 1520 622 putatotspiritualinm
1528 545 1664 611 virorum,
1676 545 1739 599 Deo
1752 551 1870 611 anctore

223 653 293 708 sicut
314 650 382 706 mibi
396 651 430 707 dc
448 665 544 706 eornm
566 650 613 721 qni
629 648 682 705 hoc
695 646 797 703 iactum
813 645 931 719 probant
943 644 1022 701 lauda
1074 643 1212 718 prolatum
1223 644 1305 714 ltips.
1319 645 1348 697 in
1361 658 1450 711 mare.
1466 639 1624 711 probabam]
1638 651 1696 693 non
1708 651 1819 693 errasse
1828 638 1871 711 y'u·

223 744 287 799 nihil
301 743 422 808 vindico,
433 743 469 799 ita
484 758 580 799 eornm
592 741 638 814 qni
649 741 676 797 id
687 739 848 813 improbant
861 754 918 795 non
930 737 1021 811 pulser
1075 737 1187 804 dicium,
1206 735 1280 807 quod
1304 734 1388 790 etiam
1410 739 1486 788 muta
1505 731 1663 802 signanum,
1675 737 1708 786 ut
1722 744 1805 800 supra
1816 731 1875 803 Ham

223 835 614 908 invidiaHabeatergosuum
629 833 663 890 de
674 833 735 899 illo,
750 842 781 888 nt
792 832 923 900 diximus,
936 844 1023 886 unus·
1076 831 1179 888 dictum
1189 839 1241 897 est,
1255 829 1402 887 admiratio
1417 824 1605 883 confirmabat.

224 929 340 1001 quisque
357 928 509 1000 jndicinm3
530 927 580 985 sed
594 943 696 983 moneo
710 935 742 982 ut
764 926 801 981 ita
822 939 966 981 censuram
980 922 1022 977 sui
1377 932 1497 987 capua
1511 930 1566 985 χι,

224 1022 338 1094 castigat
350 1022 497 1089 examinis,
521 1036 600 1077 nese
617 1020 765 1093 aequiorem
788 1028 837 1075 aut
854 1018 1023 1074 sanctiorem
1077 1032 1192 1099 Qaaesab
1209 1045 1257 1084 cm
1272 1032 1302 1084 p,
1320 1032 1434 1098 139pr
1456 1024 1629 1089 epigraphes
1640 1026 1877 1095 sangumem

224 1115 315 1172 divino
327 1114 421 1171 credat
434 1129 493 1170 esse
505 1113 617 1186 judicio,
629 1129 684 1185 qao
699 1113 727 1168 in
743 1127 806 1169 eum
819 1111 902 1166 etiam
911 1117 1023 1182 sposto-
1129 1101 1338 1171 rionjey'unetur,
1347 1116 1393 1154 aee
1404 1114 1492 1169 attuit
1501 1100 1532 1152 t'n
1541 1098 1663 1152 oraim
1676 1103 1836 1153 mittimur·

223 1210 338 1265 licarum
355 1207 453 1262 collata
473 1213 537 1262 sunt
555 1206 631 1277 signa
647 1206 798 1271 virtutum,
820 1211 852 1259 ut
865 1211 970 1260 mecam
988 1202 1023 1259 do
1111 1201 1165 1258 sed
1182 1202 1241 1274 jam
1266 1210 1373 1273 tempus
1395 1208 1437 1257 ast
1461 1206 1494 1255 ut
1516 1197 1660 1269 promissae
1683 1196 1874 1269 disputationis

222 1308 363 1356 tantorum
386 1302 498 1356 Patrum
520 1299 698 1362 sententiaa
719 1298 819 1370 quibus
840 1297 945 1353 factum
965 1297 1024 1370 ejus
1076 1295 1199 1352 ordinem
1221 1309 1427 1367 prosequamur.
1449 1292 1535 1364 lgitiir
1552 1291 1640 1347 abbas
1662 1290 1794 1348 Theonis
1816 1308 1874 1350 cum

224 1408 281 1450 non
294 1394 383 1450 solum
397 1392 513 1449 minime
525 1391 731 1464 reprehensum,
742 1407 837 1448 varum
848 1391 928 1447 etiam
937 1405 1023 1463 usqne
1075 1384 1625 1460 diebns⁸Quinquagesimaenosinnostrn
1631 1383 1873 1456 cellulavisitasset,

771 1547 1029 1605 ostantentur
1049 1543 1328 1604 COMMENTARIUS.

259 1710 272 1736 ⁸
289 1704 331 1756 De
343 1700 569 1772 Quinquagesima
585 1702 691 1774 egimus
706 1700 752 1756 lib.
774 1715 799 1757 ιι
820 1700 941 1756 institut.
963 1716 1021 1772 cap.
1078 1700 1164 1756 Porro
1174 1696 1249 1770 quod
1261 1697 1326 1754 totis
1341 1696 1468 1770 Quinque
1489 1694 1685 1752 csimaediebus
1696 1696 1831 1752 monachi
1840 1695 1875 1751 illi

226 1777 270 1839 ts,
292 1771 339 1827 ubi
360 1786 393 1826 cx
411 1772 545 1828 sententia
560 1781 684 1828 veterum
700 1771 835 1843 duplicem
849 1771 1025 1828 distinximus
1077 1786 1129 1825 nec
1141 1785 1229 1843 genna
1250 1768 1277 1824 in
1294 1771 1419 1825 oratioue
1433 1712 1488 1839 pue
1757 1837 1763 1848 ι
1783 1837 1790 1848 ·

225 1841 497 1915 Quinquagesimam
510 1844 624 1899 alteram
635 1842 730 1914 jejunii
744 1851 773 1899 et
786 1843 953 1925 poenitentiae
963 1850 1025 1899 ante
1078 1841 1112 1898 ad
1123 1841 1219 1898 boram
1230 1856 1342 1908 nonam,
1358 1838 1452 1895 ntalio
1465 1847 1592 1921 tempore
1604 1836 1740 1919 solebant,
1751 1852 1874 1919 ycyunare

224 1914 339 1982 Pascha,
355 1913 469 1969 alteram
483 1913 583 1970 laetitiae
595 1921 622 1968 et
644 1913 809 1970 remissionis
841 1921 885 1968 ost
908 1912 1022 1981 Pascha,
1078 1921 1290 1994 presumerent,
1310 1919 1342 1966 ut
1360 1908 1403 1965 liic
1421 1917 1449 1966 et
1472 1909 1537 1993 alibi
1555 1908 1713 1990 dicitur-‘eid
1733 1922 1791 1964 non
1813 1923 1875 1980 ipsis

822 1930 1019 2051 ¹Pentecosten
1037 1983 1210 2069 Bpecultare
1223 1979 1322 2049 fuisse,
1335 1980 1382 2037 sed
1400 1996 1434 2036 ex
1454 1988 1567 2052 nunqua
1586 1978 1733 2035 traditione
1750 1993 1873 2034 commn-

1489 1768 1541 1824 licn
1554 1773 1775 1833 currarentanec
1792 1781 1876 1835 usone

224 1999 323 2056 nempe
336 1999 351 2039 a
366 1983 409 2040 die
421 1984 561 2040 Paschatis
580 1999 666 2056 usque
687 1983 722 2039 ad
741 1983 813 2040 diem

224 2055 258 2111 de
269 2070 322 2123 qua
335 2054 379 2110 hic
392 2055 490 2127 agitur.
503 2055 607 2111 Dicitur
619 2064 712 2111 antem
721 2054 960 2127 Quinquagesima,
973 2069 1021 2110 seu
1075 2054 1145 2109 niter
1162 2053 1190 2108 in
1207 2053 1324 2109 Ecclesia
1346 2050 1520 2107 observatum
1539 2050 1656 2122 plurimi
1677 2054 1705 2105 et
1730 2049 1874 2122 morimini

224 2126 322 2182 Graeca
340 2140 405 2180 voce
420 2128 590 2192 Pentecoste,
603 2125 664 2196 quin
685 2127 805 2197 spatium
824 2124 1020 2197 quinquaginta
1075 2131 1201 2180 auctores
1220 2130 1362 2179 testantur.
1383 2122 1567 2179 Tertullianus
1585 2120 1636 2177 lib.
1651 2120 1688 2177 do
1702 2121 1809 2176 Corona
1828 2122 1870 2175 hli-

224 2196 332 2251 dierum
346 2196 545 2267 complectitor.
560 2194 706 2264 Quomodo
724 2198 758 2250 D.
769 2196 957 2269 Hieronymus
971 2196 1021 2251 ad·
1076 2194 1132 2250 litis
1144 2196 1221 2264 (Gap.
1235 2199 1280 2261 ti:
1295 2193 1430 2264 ieiunium
1454 2196 1534 2261 nefas
1553 2194 1689 2259 demmin,
1705 2192 1749 2246 uel
1758 2192 1792 2245 de
1808 2193 1869 2261 pari

223 2281 318 2321 uersus
330 2269 492 2320 Montanum
510 2275 538 2321 et
549 2263 737 2321 Luciferianos
747 2267 879 2333 scribens,
895 2282 946 2337 per
959 2281 1021 2320 am·
1075 2266 1282 2332 uelisadorare3
1293 2265 1384 2319 cadem
1394 2264 1648 2319 immunitateadie
1660 2264 1773 2319 Paschae
1782 2264 1869 2318 inPen

223 2351 283 2390 nen
302 2338 472 2390 Pentecosten
484 2335 555 2392 dixit
574 2338 672 2405 (Epist.
692 2341 740 2403 tt,
759 2338 796 2392 ad
818 2338 975 2393 Marcellum
996 2341 1023 2392 et
1076 2341 1188 2391 tecosten
1198 2351 1282 2406 usaue
1309 2336 1448 2391 audenus.
1491 2349 1554 2390 uem
1562 2333 1657 2390 locum
1669 2332 1828 2389 Tertulliani
1838 2336 1866 2389 D.

223 2412 293 2461 cont.
309 2407 424 2474 tunsa.
439 2422 461 2461 a.
476 2406 514 2477 4).
531 2407 584 2477 Qui
603 2415 694 2462 tamen
714 2405 779 2462 alibi
798 2406 896 2478 (Epist.
920 2412 966 2470 22,
984 2408 1022 2463 od
1075 2353 1396 2479 Hieronymnsadvcrsns
1407 2405 1474 2461 Luci
1486 2404 1646 2477 erianos(ut
1657 2403 1868 2461 annotaritllbe

223 2476 404 2547 Eratoctium)
426 2478 605 2534 Pentecosten
620 2493 675 2533 non
692 2492 742 2548 pro
763 2485 821 2533 tota
844 2477 1022 2550 Quinquage·
1074 2477 1169 2547 nanus)
1184 2476 1291 2533 ridetur
1311 2476 1467 2544 aemulatus,
1481 2476 1525 2533 his
1540 2475 1655 2548 quidem
1681 2475 1775 2531 verbis
1796 2475 1862 2544 (Cap.

224 2548 304 2614 sima,
319 2563 367 2603 seu
383 2548 470 2672 sgolla
489 2548 681 2620 quinquaginta
698 2547 817 2613 dierum,
833 2548 881 2605 sod
901 2564 950 2619 pro
964 2557 1021 2604 ter·
1075 2550 1124 2613 t):
1146 2550 1215 2606 Nam
1232 2553 1257 2603 et
1269 2550 1358 2603 multa
1371 2548 1439 2610 alia,
1454 2563 1514 2617 pria
1531 2562 1582 2617 per
1593 2546 1777 2602 traditionem
1792 2548 1868 2601 tau

223 2619 310 2687 mino,
329 2634 376 2674 sen
418 2634 451 2674 ne
464 2618 637 2687 eorumdem,
659 2625 690 2675 ut
708 2620 788 2690 volgo
811 2619 891 2686 solet,
913 2619 1020 2690 accipit,
1074 2618 1868 2688 etesiisobservantur,auctuititemsibisniptoelegiensis·

225 2689 277 2745 boc
295 2699 346 2756 est,
363 2704 413 2759 pro
435 2690 494 2761 ipsa
508 2690 679 2746 solemnitate
699 2690 751 2747 diei
771 2692 954 2758 Pentecoslcs,
965 2690 1022 2746 siva
1071 2695 1222 2761 paoermu;
1236 2690 1318 2752 uelut,
1329 2690 1471 2745 inlauacro
1484 2693 1525 2744 ter
1533 2694 1615 2759 capnt
1624 2687 1866 2758 mespilare(ideet

223 2760 356 2817 adventus
366 2760 483 2830 Spiritus
500 2760 585 2816 sancti
595 2775 658 2844 qnae
670 2760 930 2833 Quinquagesimam
942 2776 1021 2817 com·
1075 2761 1144 2815 trina
1158 2759 1258 2816 mersio
1270 2760 1299 2815 in
1311 2759 1454 2831 baptismo)
1464 2761 1525 2829 3die
1540 2761 1675 2817 Dominm
1683 2765 1711 2814 ct
1717 2775 1771 2829 per
1779 2774 1866 2814 annm

223 2833 280 2904 plet
294 2848 326 2888 ac
346 2831 484 2899 terminat,
502 2832 584 2902 juxta
607 2830 673 2887 illud
694 2839 755 2888 Act.
775 2831 895 2887 seeundo
918 2850 925 2886 ε
951 2835 1021 2886 Dum
1075 2834 1245 2887 Pentecosten
1265 2845 1312 2885 nea
1327 2832 1360 2887 dc
1381 2832 1509 2900 pennulis
1531 2831 1646 2885 adorna
1668 2829 1782 2901 (idest,
1802 2828 1867 2885 llcs's

224 2905 420 2972 complerentur
429 2903 486 2957 alies
498 2906 675 2969 Pentecostcs3
689 2901 757 2957 dum
772 2901 844 2958 inter
855 2902 907 2957 alia
920 2917 1021 2956 mona·
1074 2902 1190 2973 genibus
1205 2901 1293 2973 orare)
1302 2906 1329 2956 et
1335 2902 1472 2971 jejunium
1478 2901 1868 2970 solaerc,multaaueulio,prc

223 2975 341 3029 chorum
355 2973 542 3044 AEgyptiorum
563 2973 687 3027 instituta
699 2972 736 3026 ita
757 2972 850 3027 scribit
864 2988 871 3025 ι
885 2973 1021 3041 inanium
1074 2975 1317 3042 scriptanensunt,
1326 2973 1493 3027 rationabilis
1502 2971 1867 3027 sibiobsernotrocindiaarit.

224 3047 307 3098 totius
313 3046 382 3098 areni
387 3044 545 3113 squalent,
552 3047 662 3112 occepta
671 3042 1020 3112 wadraguimapuucon-
1075 3044 1183 3099 Rursus
1196 3042 1270 3114 quod
1284 3042 1320 3097 ad
1337 3043 1472 3115 je'unium
1487 3042 1597 3110 attinet,
1607 3040 1683 3098 idem
1695 3040 1868 3113 Hieronymus

224 3115 329 3167 aeritur
351 3113 650 3168 eminentissimam
672 3113 776 3167 Pasclm
793 3114 830 3168 ad
850 3117 1021 3169 Pentecosten
1075 3112 1234 3182 praefatione
1246 3114 1274 3168 in
1287 3115 1365 3185 Regu
1376 3128 1420 3170 am
1439 3115 1467 3169 S.
1483 3112 1625 3169 Pachumii
1640 3132 1649 3167 ε
1663 3115 1725 3181 Bis,
1741 3111 1868 3184 inquitis

223 3197 302 3237 cana
314 3187 456 3237 mutantur
463 3186 493 3236 io
504 3183 695 3253 praediaque
705 3187 730 3237 et
743 3183 889 3237 traditioni
898 3185 1020 3239 eulesio·
1073 3184 1252 3251 hebdomada,
1266 3190 1366 3253 quarta
1376 3190 1401 3239 et
1415 3190 1493 3240 senta
1505 3184 1625 3249 sabbati,
1637 3184 1675 3239 ab
1686 3184 1805 3238 ammiras
1807 3182 1869 3253 y‘ey'u

158 3291 162 3299 .
222 3255 295 3308 stica
307 3255 433 3322 satisfiat,
449 3258 475 3308 et
485 3258 605 3309 uentrem
614 3254 672 3309 cibo
685 3269 739 3308 non
751 3258 861 3310 ouererrt
872 3255 1018 3324 duplicato.
1074 3259 1171 3319 uetur,
1194 3261 1304 3326 accepta
1332 3258 1481 3312 Pentecoste
1499 3254 1538 3324 (id
1563 3263 1617 3321 cst,
1641 3259 1675 3311 nt
1697 3253 1869 3310 Tertullianus

223 3323 267 3379 Sic
286 3326 322 3379 D.
336 3325 522 3397 Hieronymus
535 3343 542 3380 :
558 3326 584 3381 Α
597 3325 711 3387 Pascha,
729 3324 828 3396 inquit,
849 3326 887 3379 aa
898 3329 1019 3382 Penteao·
1077 3325 1234 3397 loquitur,o
1252 3326 1296 3381 die
1308 3328 1416 3382 Pascha
1435 3329 1466 3381 in
1484 3328 1657 3381 Pentecosten
1668 3340 1764 3396 nsque,
1778 3324 1829 3390 iel,
1842 3332 1868 3379 in

197 3412 203 3423 ·
222 3398 281 3450 stcn
294 3410 373 3450 coenoe
383 3399 527 3450 mutantur
542 3397 572 3450 in
589 3396 725 3466 manum
736 3395 799 3466 quia
812 3411 875 3452 cum
890 3404 952 3451 ante
968 3400 1019 3451 Pa·
1036 3369 1059 3434 C
1074 3396 1228 3464 Cassianus,
1239 3399 1302 3451 totis
1316 3398 1405 3466 Quina
1460 3399 1548 3453 esima
1557 3396 1675 3479 ceam).
1690 3395 1745 3452 Sed
1757 3402 1785 3451 et
1796 3392 1869 3450 dictat

222 3466 296 3532 solia,
313 3464 366 3522 hoc
379 3472 431 3532 est,
446 3465 474 3520 in
488 3465 714 3538 Quadragesima,
724 3475 864 3523 coenarent
879 3467 1020 3522 dumtaxat
1070 3466 1225 3524 traditionis
1235 3467 1371 3523 rationem
1385 3467 1432 3523 red
1455 3469 1475 3522 it
1492 3467 1522 3522 iu
1540 3481 1678 3538 prooemio
1691 3468 1868 3523 Commcnnr.

222 3536 325 3607 absque
349 3536 472 3605 prandio,
498 3535 639 3592 ediverso
664 3545 726 3608 post
749 3537 853 3593 Pascha
877 3537 1019 3609 usquead
1072 3536 1101 3592 in
1121 3538 1206 3610 Epist.
1229 3536 1266 3593 ad
1281 3537 1437 3609 Ephesios:
1458 3541 1638 3601 Pentecosten,
1660 3536 1762 3609 inquit,
1775 3542 1869 3606 tempas

224 3606 400 3662 Pentecosten
423 3605 591 3677 prandebant
611 3607 712 3689 absque
733 3621 820 3671 caena,
844 3607 923 3663 unica
942 3622 1021 3664 sem·
1073 3609 1179 3664 latitia
1199 3613 1280 3677 atque
1299 3611 1428 3673 sictona,
1442 3625 1494 3679 pua
1509 3624 1562 3664 non
1573 3610 1707 3679 flectimus
1720 3624 1816 3679 guma,
1830 3622 1869 3661 nic

223 3690 271 3747 per
290 3676 440 3733 relectione
464 3677 596 3744 contenti,
619 3680 672 3733 nisi
691 3678 772 3733 cauta
786 3677 926 3749 hospitum
938 3693 1018 3748 coge·
1072 3682 1259 3734 mmicomrtn
1271 3679 1504 3743 terramsedcum
1514 3679 1672 3738 Dominoad
1682 3681 1811 3734 ooelornrn
1819 3678 1868 3733 alta

222 3756 317 3803 rentur
350 3746 449 3818 saepius
473 3763 600 3804 mensam
624 3763 770 3820 apponere.
798 3748 908 3819 Duplici
926 3757 1019 3806 autam
1072 3751 1248 3805 sustollimur.
1258 3751 1286 3805 s.
1296 3750 1497 3822 Epiphaniusln
1506 3748 1649 3821 compend.
1657 3748 1735 3804 doct
1752 3748 1865 3804 Ecetra:

223 3818 329 3874 ratione
354 3818 489 3890 ejusmodi
509 3819 627 3875 mutatio
652 3818 724 3891 apud
744 3834 791 3875 eos
815 3819 897 3875 fiebat
924 3836 931 3873 ι
961 3820 1020 3890 prl—
1072 3823 1123 3876 Per
1145 3825 1230 3876 totum
1248 3821 1358 3890 quidem
1377 3836 1480 3876 anunm
1493 3819 1687 3892 jejuniumboc
1704 3820 1868 3875 amatum

222 3903 316 3957 mum,
336 3898 367 3945 nt
385 3889 523 3946 traditioni
555 3889 766 3955 Ecclesiasticae,
796 3889 830 3945 da
855 3889 1019 3947 remissione
1072 3896 1164 3946 sanata
1177 3892 1307 3946 catholica
1318 3892 1570 3963 Euctempuurta,
1584 3893 1745 3961 usquamst
1759 3891 1867 3961 procat

222 3960 327 4015 scilicet
352 3959 601 4032 Quinquagesimae,
622 3959 819 4027 satisfacerent,
838 3961 959 4016 relaxato
978 3960 1018 4015 ni·
1074 3962 1136 4016 bata
1158 3961 1195 4033 (id
1215 3970 1268 4029 est,
1284 3961 1351 4018 feria
1372 3967 1461 4030 sexta)
1481 3978 1565 4033 empne
1583 3962 1620 4016 ad
1643 3962 1742 4016 boram
1769 3976 1865 4021 nonam,

222 4031 323 4086 mirum
338 4039 487 4101 utcumque
511 4031 647 4087 strictiore
660 4031 710 4087 illo
730 4030 847 4102 ‘ejunio,
862 4031 936 4102 quod
957 4040 1020 4088 ante
1073 4038 1183 4103 eccepto
1204 4038 1298 4089 sauata
1312 4037 1469 4097 Pentecoste,
1484 4033 1512 4091 id
1531 4041 1583 4099 est,
1594 4047 1643 4104 per
1658 4037 1729 4088 totos
1740 4036 1866 4103 mehupa-

222 4101 326 4157 Pascha
351 4100 386 4157 ad
412 4116 552 4172 vesperam
574 4117 669 4173 usque,
689 4046 737 4157 red
754 4112 827 4158 certe
850 4101 945 4158 boram
967 4118 1020 4157 no·
1072 4107 1149 4171 ginta
1169 4104 1236 4167 dias,
1252 4107 1282 4158 in
1299 4106 1397 4173 quiores
1414 4120 1499 4175 neque
1514 4120 1604 4174 gennae
1620 4106 1779 4172 fleetuntur,
1795 4116 1866 4171 rimu

223 4188 298 4237 nam,
320 4172 476 4228 servabant.
500 4174 643 4241 Secundo,
668 4189 703 4229 ne
725 4187 824 4244 corpus
849 4181 927 4229 antea
943 4183 1020 4228 eite—
1068 4174 1203 4244 ieiunium
1222 4178 1445 4245 imperatumest.
1465 4177 1493 4231 S.
1510 4174 1866 4240 Ambrosiussermo,tttet

220 4253 334 4299 nuatum
361 4251 390 4300 et
422 4243 612 4309 debilitatum,
641 4243 778 4315 duplicato
806 4243 882 4310 cibo,
911 4244 938 4300 id
963 4253 1017 4311 est,
1073 4245 1144 4317 apud
1158 4246 1318 4303 Gratianum
1338 4245 1401 4301 dist.
1423 4251 1458 4302 76
1471 4245 1553 4317 (Gap.
1567 4248 1654 4313 Scire)
1673 4249 1747 4302 :Per
1759 4246 1815 4313 bos,
1825 4243 1864 4305 all.

222 4315 331 4383 gentina
356 4314 514 4379 relectione,
537 4314 655 4369 nimiam
680 4323 825 4370 onerarent
850 4323 879 4369 et
899 4329 1020 4386 praegra·
1073 4319 1281 4385 pirinpuapinta·
1294 4318 1350 4371 dies
1364 4317 1437 4372 nobis
1450 4323 1488 4372 est
1498 4318 1578 4387 jugis
1590 4321 1615 4372 et
1630 4319 1787 4371 contirruata
1799 4316 1867 4382 sati

222 4393 324 4438 vacent.
345 4386 439 4439 Exstat
455 4391 592 4465 praeterea
609 4385 690 4456 hujus
710 4386 828 4457 antiqnae
840 4384 1018 4442 institutionis
1073 4389 1154 4449 uitas,
1169 4391 1207 4442 itu
1221 4391 1252 4442 ut
1264 4388 1311 4442 boe
1324 4389 1397 4442 omni
1411 4392 1526 4458 tempore
1535 4403 1622 4457 aeque
1631 4388 1672 4443 ad
1682 4386 1865 4443 obstinantiam

221 4463 248 4507 et
281 4454 477 4509 observationis
502 4455 662 4511 monasticae
688 4456 792 4528 insigne
817 4456 1018 4512 monimentum
1074 4458 1224 4512 iudicamus
1229 4458 1438 4529 inanimemque
1447 4459 1484 4513 ad
1493 4459 1665 4514 morandum
1675 4458 1865 4527 Deumaenibus

222 4523 252 4578 in
278 4524 395 4579 concilio
429 4526 580 4580 Turonensi
613 4525 731 4581 secondo
759 4542 820 4581 can.
847 4530 879 4581 ta
905 4527 933 4581 in
961 4526 1019 4583 haec
1072 4529 1248 4583 succidamus.
1260 4529 1390 4585 Similiter
1400 4531 1433 4584 D.
1449 4533 1569 4602 August.
1586 4531 1666 4600 epist.
1682 4531 1866 4597 tttleProptet

221 4594 302 4651 verba
325 4613 332 4650 ε
351 4595 516 4666 De’y'ey'uniis
536 4612 598 4650 cero
619 4599 766 4666 antiquae
786 4598 923 4652 monachis
941 4601 1019 4653 insti·
1072 4599 1129 4665 bac,
1141 4599 1555 4669 inquit,y'ejuniarelaceamus,et
1566 4604 1668 4655 stantes
1675 4614 1789 4659 maman,
1800 4596 1865 4665 arrad

221 4671 282 4723 tuta
294 4672 444 4735 saronites-r,
459 4671 491 4721 ut
502 4667 535 4722 de
553 4669 656 4723 Pascha
675 4669 805 4737 inpuead
821 4669 1019 4738 Qairmuapesi-
1072 4674 1111 4724 est
1124 4673 1232 4738 nanum
1247 4673 1460 4727 resurrectionis.
1474 4671 1550 4727 Unde
1559 4674 1642 4727 etiam
1651 4669 1768 4725 amitibus
1776 4668 1865 4722 dicha

220 4755 294 4794 mam
309 4739 350 4801 (id
373 4744 421 4805 cst,
442 4739 642 4808 Pentecosten),
661 4742 777 4809 acceptis
800 4741 992 4808 lineationibus
1006 4780 1015 4808 ‚
1030 4749 1057 4813 1)
1072 4741 1213 4796 domitiicis
1236 4742 1274 4796 ad
1288 4742 1373 4797 altare
1392 4742 1424 4797 ici
1436 4743 1603 4798 obsnuanir.
1621 4739 1808 4797 ldemdocent
1828 4736 1863 4793 alli

221 4810 347 4865 omicidia
355 4812 492 4878 fratribus
500 4811 652 4880 prandium
660 4814 842 4881 praeparetur.
853 4813 916 4866 Post
930 4813 1018 4878 Quin-
1073 4811 1177 4867 Patres.
1200 4811 1337 4867 Maximus
1349 4812 1525 4868 Taurinensis
1539 4814 1683 4885 episcopus
1692 4808 1794 4865 homil.
1811 4813 1820 4863 l
1834 4808 1861 4863 dt

221 4883 407 4950 quapesimam
420 4887 476 4936 tota
491 4882 655 4937 bebdomada
663 4881 909 4951 ecactejejimetur.
926 4886 1020 4937 Postea
1075 4885 1244 4953 Pentecoste,
1263 4882 1383 4939 isidorus
1397 4882 1444 4939 lib.
1465 4898 1478 4940 1
1492 4882 1526 4940 de
1541 4883 1626 4940 atne.
1639 4898 1699 4955 cap.
1712 4884 1760 4947 33,
1774 4890 1803 4936 et
1816 4882 1862 4936 lll-

221 4953 358 5019 usquead
381 4954 505 5007 calendas
522 4954 645 5022 Aupiisti
659 4956 689 5007 in
712 4956 863 5023 septimium
879 4954 1020 5023 jairanmt,
1075 4951 1161 5009 banus
1170 4954 1216 5010 lib.
1230 4968 1255 5009 ιι
1265 4953 1299 5009 de
1310 4954 1399 5009 instit.
1412 4954 1573 5011 clericorum
1582 4970 1644 5026 cap.
1656 4953 1859 5023 “Dentonem

221 5021 685 5090 secunda.etquorto,etsectariis,
696 5026 812 5093 acceptis
824 5025 1022 5092 hisquiolipua
1074 5038 1087 5078 s
1106 5024 1442 5095 ectattotahujusabbatis
1453 5024 1858 5093 ratiocinatio,utdoaeatcynan

220 5094 380 5161 infirmitate
392 5095 530 5147 constricti
542 5100 614 5149 sarit.
631 5098 661 5150 in
672 5096 807 5163 Augusto,
821 5097 886 5164 puio
902 5094 1022 5164 quotidie
1075 5039 1111 5150 di
1124 5110 1235 5150 causam
1259 5095 1382 5151 instituta
1399 5104 1472 5152 esset
1489 5096 1533 5151 illa
1551 5111 1639 5168 quam
1655 5103 1735 5152 vocat
1749 5090 1859 5148 reniissit

222 5167 309 5221 Hi'ssce
330 5170 484 5219 sanctonum
505 5168 580 5232 narrt,
600 5166 746 5235 prandiam
769 5166 892 5219 babeant.
920 5169 952 5219 lu
975 5166 1020 5221 Se-
1075 5165 1324 5238 Quinquagesimae,
1339 5165 1430 5233 idest,
1444 5165 1574 5223 relaxatio
1583 5166 1724 5239 ieiuniiin
1737 5164 1859 5235 Quinqua-

218 5236 397 5307 ptembritoto
405 5236 830 5306 etlllouembriterinseptimaac.
843 5237 1023 5290 DeDeaaubri
1074 5235 1186 5307 gesima,
1202 5252 1249 5293 seu
1261 5245 1384 5308 tempore
1396 5237 1527 5310 paschali.
1543 5239 1687 5295 Caeterum
1700 5237 1762 5293 baec
1770 5250 1820 5290 non
1831 5232 1858 5284 ill

221 5324 305 5377 ungria
314 5308 436 5363 Natalem
446 5309 554 5362 lamini
562 5310 684 5362 omicidia
691 5306 823 5376 jejunent.
834 5308 869 5361 Et
878 5308 1021 5375 putatitiae·
1073 5307 1226 5377 accipienda
1250 5316 1324 5372 sunt,
1340 5309 1416 5391 quasi
1430 5308 1505 5364 naias
1515 5308 1552 5363 sit
1565 5309 1621 5365 boc
1635 5316 1762 5381 tempore
1772 5322 1804 5363 eii
1815 5302 1859 5374 pti·

220 5379 346 5433 Notitiam
359 5380 469 5433 Domini
479 5393 564 5446 usque
581 5379 618 5431 ad
635 5378 819 5447 Epiphaniam
834 5379 908 5431 omiti
920 5379 964 5432 die
976 5381 1021 5446 fe·
1076 5386 1134 5431 vata
1150 5375 1297 5434 devotione
1316 5380 1450 5451 jejunare,
1459 5378 1544 5435 modo
1558 5378 1628 5435 citra
1642 5380 1858 5449 superstitionem.

221 5452 354 5504 stietitates
369 5456 445 5517 scirit,
459 5451 574 5518 itemque
584 5448 768 5519 precedebant.
782 5450 816 5503 Et
830 5458 891 5519 past
912 5465 995 5517 pauca
1011 5467 1018 5504 ι
1074 5456 1101 5503 ct
1114 5456 1313 5519 contemptum,
1326 5460 1354 5506 et
1367 5450 1528 5505 scandalum
1551 5452 1578 5506 id
1592 5448 1654 5506 ilat.
1668 5452 1733 5506 Hoc
1745 5449 1813 5505 enim
1822 5458 1858 5522 et·

223 5519 285 5570 Post
296 5523 477 5588 Epipliarn'arn
488 5536 642 5589 cererisque
653 5520 1020 5589 iidmradrapesimamterin
1074 5534 1163 5590 presse
1184 5520 1291 5575 monuit
1307 5523 1339 5575 Ι).
1360 5521 1546 5593 Hieronymus
1564 5520 1594 5575 in
1608 5521 1726 5592 epistola
1747 5519 1781 5575 ad
1793 5520 1859 5572 hin·

222 5592 370 5653 septennario
385 5593 520 5663 y'ejiment.
539 5591 663 5657 naotbt,
678 5606 711 5646 eii
730 5591 828 5662 quibus
842 5592 912 5645 varia
926 5605 1019 5645 mona·
1074 5591 1152 5647 nium
1165 5590 1299 5645 Baeticam
1313 5590 1582 5663 (Epist.28)‚citatus
1597 5588 1858 5649 itidemaflrnlaio
1893 5614 1898 5627 ·

222 5655 338 5710 chorum
357 5662 457 5730 jejunia
479 5678 528 5731 pro
547 5661 705 5717 diversitate
723 5670 879 5732 temporum
896 5660 1019 5715 instituta
1073 5662 1116 5716 his
1130 5662 1217 5716 verbis
1232 5664 1432 5732 (Disttttmp.
1447 5663 1529 5730 ulti:
1548 5664 1660 5719 Utinam
1672 5667 1749 5718 omni
1765 5668 1859 5729 tmpus
1890 5694 1893 5699 -

223 5734 384 5792 noscuntur,
399 5741 509 5800 excepta
521 5747 630 5801 semper
641 5730 945 5801 Quinquagesiniasire
954 5738 1020 5785 tem
1068 5732 1344 5802 jejunarepossimus:
1369 5736 1457 5789 nodia
1466 5733 1779 5804 ActibusApostolmum
1785 5728 1858 5787 dict*

223 5810 288 5869 pore
301 5798 434 5864 Pascbali,
455 5801 602 5856 utdictom
619 5804 741 5868 est(Lit·.
758 5814 783 5855 ιι
803 5804 928 5856 instita.
945 5800 1017 5872 ult.).
1072 5806 1269 5859 Peritecosteset
1286 5805 1330 5860 dre
1377 5807 1474 5861 mirtioo
1484 5806 1635 5877 apostolum
1645 5806 1888 5862 Punlumctnii·
