3848 6158
131 358 181 412 eei
806 337 946 395 loannis
965 334 1116 392 cassiani
1339 332 1340 336 ’
1736 336 1789 391 aaa

133 479 314 554 inspectorem
335 491 394 534 esse
419 482 447 532 et
465 471 605 530 camelum
636 466 803 540 cogitemus,
828 478 860 519 ac
882 477 931 533 pro
946 459 1066 527 Anobis
1088 457 1235 530 subrepere
1257 441 1380 523 ualeant,
1401 458 1412 489 ¹
1434 455 1539 527 aequale
1563 455 1791 528 moderatumque

132 575 279 641 omnihus,
300 587 361 644 quae
376 569 403 626 in
421 574 516 625 nostro
538 563 621 622 corde
634 567 787 626 versantur,
804 557 935 628 sicutpro
988 567 1096 626 semper
1118 550 1268 640 tenendum
1290 559 1331 607 est
1354 548 1501 625 jejunium.
1526 541 1539 580 ¹³
1561 548 1691 621 Quisquis
1713 549 1790 605 enim

134 669 213 726 luetis
227 674 254 724 et
267 665 396 739 operibus
406 661 508 719 nostris
519 659 655 716 rationem
668 669 720 711 nos
742 651 765 709 ei
780 649 936 709 reddituros
988 661 1146 703 mensuram
1170 643 1348 702 districtionis
1362 641 1525 708 excesserit,
1552 657 1664 698 neceam
1690 649 1733 699 est
1756 651 1789 699 ut

131 759 356 820 essccredamus.
988 738 1103 796 modum
1114 753 1224 811 quoque
1238 737 1406 794 remissionis
1424 735 1547 794 excedat.
1568 739 1628 809 Qua
1645 736 1791 809 inaequali·

415 826 535 884 CAPUT
553 824 646 879 XXII·
987 839 1043 889 tate
1056 830 1182 889 detentus
1195 831 1231 887 ab
1244 830 1297 888 hoc
1309 830 1511 904 tranquillitatis
1527 829 1685 902 planissimo
1711 838 1787 888 statu

131 923 178 980 Ad
180 937 265 1047 juill
273 932 356 987 1131111
367 911 712 999 110111111103111111111111111
720 905 936 991 mmmm
987 926 1046 983 sine
1070 925 1154 982 dubio
1174 926 1367 982 revocabitur:
1386 941 1459 982 nunc
1475 924 1586 998 quidem
1601 924 1683 980 nimia
1705 925 1791 982 inani·

130 1009 180 1065 W
199 983 701 1059 ¹⁸⁶²’vel‘1wdmd'cmm'mdpumm
708 980 931 1035 'mmm'
986 1027 1043 1077 tate
1059 1020 1199 1090 delectus,
1214 1035 1287 1077 nunc
1306 1028 1397 1076 autem
1414 1020 1475 1076 cibo
1490 1018 1665 1091 propensiore
1682 1018 1789 1077 disten-

170 1086 320 1154 Hucusque
341 1079 424 1153 igitur
448 1075 633 1134 festinandum
661 1081 703 1129 est
723 1070 820 1139 nobis,
848 1078 877 1126 et
900 1083 933 1125 eo

131 1193 217 1251 usque
239 1176 369 1232 adversus
393 1170 477 1231 animi
502 1177 595 1226 motus
621 1167 663 1224 iel
687 1165 776 1223 carnis
798 1163 933 1221 incentiva

131 1267 326 1344 pugnandum,
342 1265 431 1322 donec
444 1263 492 1320 ista
507 1259 597 1319 carnis
610 1258 732 1316 conditio
744 1256 932 1314 necessitatem

131 1373 239 1421 naturae
252 1360 376 1433 expleat,
398 1373 455 1413 noti
474 1354 587 1412 suscitet
609 1351 794 1424 voluptatem,
818 1364 930 1407 concre-

130 1467 187 1515 tam
209 1453 415 1513 exuberantiam
435 1451 495 1507 sine
517 1448 572 1506 ullo
590 1446 697 1520 pruritu
721 1459 847 1516 noxaque
866 1458 934 1515 pro-

132 1549 252 1622 pellens,
269 1561 326 1602 non
345 1559 464 1618 pugnam
485 1542 620 1600 suscitans
639 1532 768 1597 castitati.
794 1540 932 1596 Caeterum

131 1658 209 1699 mens
230 1641 297 1698 dum
312 1639 401 1697 adhue
414 1637 552 1695 dormiens
566 1634 718 1706 imaginum
731 1632 835 1689 visione
851 1630 933 1688 delu-

130 1736 213 1801 ditur,
234 1733 339 1791 noverit
353 1748 382 1788 se
397 1729 515 1788 necdum
528 1727 563 1785 ad
585 1727 719 1799 integram
734 1723 932 1797 perlectionem

131 1829 267 1888 castitatis
279 1836 430 1884 excoctam.

415 1917 537 1974 CAPUT
552 1916 661 1973 xxttt.

132 2013 257 2072 Remedia
284 2010 444 2070 curationis,
472 2008 571 2078 quibus
594 2002 713 2076 perfecta
740 2003 824 2073 possit
845 2002 932 2059 cordis

245 2087 271 2139 et
292 2083 410 2152 eoipmis
424 2081 511 2134 nostri
529 2080 640 2148 puritas
659 2088 825 2145 permonere.

52 2205 57 2214 ·
166 2177 254 2251 lgitur
268 2184 299 2232 ιιι
321 2162 462 2229 illusiones
485 2170 528 2227 hae
544 2185 579 2225 ne
602 2166 801 2224 dormientibus
821 2166 931 2238 quidem

681 2284 808 2340 sistunt
827 2284 940 2340 GAZAEI
959 2282 1239 2339 COMMENTARIUS.

166 2403 179 2432 ⁸
201 2395 354 2455 Confirmat
374 2394 444 2450 banc
462 2391 616 2449 doctrinam
636 2391 755 2446 loannes
775 2389 930 2446 Climaclius
1020 2387 1212 2460 eltujusmodi'
1226 2386 1380 2445 sollicitudo
1396 2386 1467 2460 apud
1480 2387 1632 2444 monachos
1647 2389 1787 2462 egyptios

130 2469 214 2543 gradu
229 2467 334 2524 decimo
350 2465 445 2538 quinto
460 2483 466 2519 :
483 2463 530 2520 ubi
548 2462 582 2518 de
596 2460 678 2517 uariis
691 2461 781 2516 causis
799 2459 930 2531 pollutio·
985 2460 1103 2515 maxime
1127 2459 1227 2532 viguit,
1252 2459 1350 2531 quibus
1371 2459 1407 2515 ob
1426 2459 1495 2515 hanc
1512 2475 1642 2526 causam,
1669 2459 1786 2517 vitandae

129 2541 182 2609 nis,
195 2540 283 2611 deque
297 2535 423 2592 remediis
434 2534 558 2600 disserit;
569 2532 691 2590 ctabbas
704 2532 830 2587 Theonoe
842 2531 929 2587 Colla.
985 2530 1086 2586 scilicet
1103 2528 1258 2601 pollutionis
1277 2539 1436 2597 noctumae,
1450 2546 1508 2586 non
1528 2530 1633 2586 licuisse
1656 2539 1716 2603 post
1734 2547 1786 2588 no-

130 2609 235 2674 neubi
250 2608 390 2665 haedere
406 2615 502 2679 agetur
515 2603 648 2676 pluribus.
985 2610 1112 2656 cturnum
1127 2597 1249 2656 oldoium
1272 2608 1299 2656 et
1324 2602 1472 2658 htatutinas
1493 2601 1585 2658 laudes
1603 2601 1638 2658 ad
1657 2617 1785 2659 somnum

166 2675 180 2715 ⁶
198 2679 343 2752 Dionysius
353 2677 545 2750 paraphrastes
561 2693 568 2731 ι
584 2675 748 2743 Quicumque
761 2675 831 2727 caim
841 2688 932 2727 esces·
985 2671 1091 2738 redire,
1116 2669 1163 2727 sed
1188 2671 1303 2727 orationi
1328 2671 1369 2728 rel
1390 2673 1465 2745 operi
1482 2687 1614 2729 manuum
1625 2672 1785 2730 'vacandum

131 2756 196 2810 serit
208 2754 306 2821 asemas
325 2764 496 2810 mauram,
512 2761 615 2802 necesse
630 2748 669 2800 est
681 2750 713 2798 ut
727 2746 810 2800 etiam
822 2744 930 2798 modum
985 2739 1070 2799 luisse
1090 2740 1184 2798 scribit
1202 2742 1345 2799 Cassianus
1358 2742 1405 2798 lib.
1427 2758 1452 2800 ii
1466 2759 1524 2814 cap.
1542 2749 1588 2808 tt,
1611 2752 1640 2801 et
1659 2742 1728 2800 libro
1749 2760 1786 2802 ιιι

130 2824 308 2880 relocationis
318 2821 603 2888 escedatzperquam
612 2816 826 2886 inequalitatem
837 2813 878 2880 (id
890 2822 932 2869 est
985 2827 1046 2882 cap.
1076 2817 1093 2868 5
1118 2816 1180 2870 :Ne
1199 2815 1280 2881 torte,
1304 2814 1407 2886 inquit,
1427 2817 1643 2885 punientianem
1665 2819 1787 2872 nostram

130 2892 379 2967 intemperantiam)
390 2893 447 2946 sine
458 2889 540 2944 dubio
553 2888 731 2958 impediretur
743 2902 761 2939 a
771 2886 931 2956 planissimo
984 2887 1122 2941 nocturnis
1133 2884 1246 2957 psalmis
1263 2889 1289 2941 et
1306 2887 1474 2941 motionibus
1488 2887 1665 2956 aemunitam,
1676 2887 1786 2943 inuidos

129 2971 204 3021 statu
215 2964 426 3034 tranquillitatis
431 2961 579 3032 pendulae,
587 2975 658 3013 nunc
665 2958 751 3011 nimia
761 2959 931 3011 evacuatione
985 2955 1111 3011 inimicus
1121 2957 1203 3009 linens
1214 2959 1335 3025 puritati
1344 2961 1451 3022 nostre
1462 2960 1506 3012 cui
1513 2959 1630 3012 manime
1637 2958 1787 3014 insidiatur

128 3029 768 3104 etiamedebilitatnmnnncoereabandontiori
774 3028 932 3083 abodesten·
984 3040 1098 3096 seraper,
1120 3030 1145 3081 et
1157 3026 1342 3082 indesinenter
1359 3029 1476 3094 infestus
1494 3032 1548 3091 est,
1563 3029 1684 3098 emaum
1700 3033 1789 3085 somni

130 3112 184 3163 liis.
202 3107 276 3163 ldcm
289 3104 420 3161 atibialiis
437 3101 525 3157 verbis
538 3100 679 3165 astruitur,
699 3098 759 3153 Lib.
775 3111 795 3151 v
815 3112 873 3168 cap.
897 3101 928 3161 9,
984 3098 1108 3153 illusione
1129 3099 1301 3153 contaminet.

130 3179 226 3234 Collat.
244 3182 260 3231 2
276 3192 300 3231 c.
316 3181 348 3231 io
359 3180 387 3228 et
404 3177 453 3240 22,
467 3182 494 3226 et
508 3171 606 3227 Collat.
621 3174 651 3224 at
670 3172 786 3240 capae.

987 1122 1041 1171 tus.
1069 1113 1138 1170 Cum
1161 1112 1351 1170 immutatione
1370 1111 1503 1186 siquidem
1525 1110 1680 1168 relectionis
1701 1112 1791 1184 quali-

987 1215 1071 1264 tatem
1085 1221 1194 1281 quoque
1206 1206 1330 1279 puritatis
1343 1214 1446 1264 nostrae
1459 1220 1568 1262 necesse
1580 1213 1622 1262 est
1635 1205 1787 1263 immutari.

986 1298 1091 1357 Deinde
1101 1301 1174 1373 jugis
1187 1298 1326 1356 humilitas
1340 1315 1373 1356 ac
1385 1299 1514 1372 patientia
1528 1299 1619 1356 cordis
1631 1298 1789 1358 adhibenda

987 1402 1117 1466 perpetuo
1136 1402 1197 1462 est,
1213 1400 1296 1467 atque
1313 1393 1417 1448 intenta
1431 1393 1560 1450 adversus
1584 1394 1654 1450 iram
1674 1394 1715 1450 iel
1732 1410 1788 1452 cae·

986 1493 1058 1542 teras
1080 1486 1220 1559 passiones
1234 1500 1283 1559 per
1298 1485 1371 1542 diem
1393 1487 1493 1543 cautio.
1514 1486 1569 1544 Ubi
1590 1487 1665 1544 enim
1687 1486 1790 1545 luroris

987 1579 1085 1636 insidet
1107 1580 1200 1648 iiras,
1226 1578 1346 1636 libidinis
1364 1596 1475 1653 quoque
1497 1595 1607 1637 necesse
1628 1589 1671 1637 cst
1693 1581 1787 1639 incen-

986 1674 1063 1731 dium
1083 1683 1233 1746 penetrare.
1255 1677 1326 1732 bute
1340 1674 1433 1731 omnia
1456 1690 1521 1731 vero
1536 1674 1670 1750 cpervigil
1689 1692 1787 1734 necas-

985 1770 1055 1826 saria
1070 1778 1113 1826 est
1133 1768 1287 1826 sollicitudo
1301 1777 1445 1826 nocturna.
1468 1772 1540 1826 Nam
1554 1770 1625 1827 sicut
1646 1770 1749 1843 puritas
1761 1779 1789 1828 ct

945 1843 1108 1936 Boustodia
1132 1860 1184 1918 diei
1204 1869 1366 1918 nocturnam
1387 1871 1540 1934 praeparant
1554 1861 1726 1933 castitatem,
1749 1863 1787 1919 ita

986 1964 1130 2013 noeturnae
1161 1955 1262 2028 vigiliae
1296 1954 1373 2012 cordi
1407 1955 1507 2028 pariter
1542 1964 1570 2013 et
1606 1956 1787 2014 observationi

986 2047 1092 2107 diurnae
1105 2056 1209 2107 statum
1230 2048 1426 2107 solidissimum
1447 2049 1585 2122 roburque
1606 2049 1786 2122 praemittunt.

619 3428 854 3524 Libuit
891 3426 1289 3524 SEPTIMUS.

738 3597 779 3648 DE
799 3595 922 3646 seiattu
940 3594 1180 3647 PHthRGl'RlAE.

192 3858 194 3873 ,
380 3801 500 3858 CAPUT
528 3801 677 3856 PltlblUbl
951 3801 1122 3871 Coorruptae
1145 3813 1176 3854 aa
1190 3797 1304 3870 torpidae
1318 3798 1417 3855 mentis
1436 3798 1554 3871 ignavia,
1576 3808 1602 3856 et
1626 3798 1786 3873 plerumque

165 3904 178 3933 ⁸
192 3897 302 3956 Tertius
319 3895 400 3952 nobis
412 3893 557 3950 condictus
570 3902 611 3950 cst
624 3885 638 3924 b
649 3892 778 3949 adsersus
792 3892 931 3966 pliilargy-
984 3890 1059 3948 initio
1081 3891 1323 3949 abrenuntiationis
1346 3893 1419 3949 male
1431 3900 1558 3964 arrepto,
1575 3900 1602 3948 et
1614 3908 1677 3966 erga
1693 3896 1786 3950 Deum
1888 3918 1894 3931 ·

129 3993 209 4060 riam,
222 4005 305 4064 quam
325 4004 375 4045 nos
389 4002 512 4043 amorem
528 3985 707 4060 pecuniarum
721 3999 868 4056 possumus
881 4000 929 4057 ap·
984 3984 1074 4058 tepido
1088 4000 1183 4042 amore
1196 3985 1321 4043 fundato.
1338 3986 1442 4044 Caetera
1458 4002 1578 4060 namque
1592 3987 1723 4044 vitiorum
1743 3987 1796 4062 ins

128 4087 249 4161 pettare:
272 4082 447 4158 peregrinum
468 4080 572 4138 hellam
585 4088 611 4136 et
625 4088 701 4136 eitra
714 4087 861 4150 naturam,
879 4096 930 4138 nec
985 4081 1129 4138 citamenta
1160 4081 1287 4141 bumauae
1313 4082 1414 4141 inserta
1435 4089 1543 4139 naturae
1569 4082 1643 4139 velut
1666 4083 1785 4156 ingenita

129 4179 237 4240 aliunde
258 4179 285 4235 in
308 4176 442 4236 monacho
463 4190 576 4232 sumens
595 4173 777 4247 principium,
793 4188 876 4245 quam
898 4172 931 4230 de
986 4175 1113 4232 ridentur
1126 4177 1153 4231 iii
1166 4171 1245 4233 nobis
1259 4176 1359 4233 habere
1370 4175 1518 4249 principia,
1535 4183 1563 4233 et
1577 4175 1784 4248 quodammodo

674 4291 804 4346 thllDI
823 4290 938 4347 caint
957 4290 1236 4348 COMMENTthUS.

164 4405 176 4436 ⁸
190 4401 312 4458 Tertium
326 4401 417 4456 locum
432 4399 502 4454 inter
517 4398 581 4453 vitia
596 4395 731 4467 capitalia,
746 4396 781 4453 ob
790 4397 926 4454 rationem
985 4399 1060 4455 Unde
1072 4413 1172 4452 utlaius
1185 4398 1296 4460 aratur,
1311 4401 1392 4467 qiiasi
1399 4400 1462 4452 niis
1475 4398 1583 4463 aumas,
1596 4405 1665 4453 teste
1679 4396 1784 4454 isidoro

129 4472 192 4529 alibi
204 4485 360 4542 expressam
375 4470 488 4536 (eattae.
512 4475 539 4522 5.
552 4483 612 4537 cap.
632 4468 694 4535 11),
715 4466 810 4522 tribuit
823 4468 928 4523 Cassia-
984 4469 1050 4539 titt.
1068 4484 1090 4524 x
1105 4472 1195 4536 Elam.
1211 4483 1271 4538 cap.
1290 4473 1322 4539 1).
1339 4469 1464 4525 Pecuniae
1477 4477 1581 4533 autem,
1594 4484 1642 4524 seu
1656 4469 1718 4524 aeris
1730 4484 1784 4524 no·

128 4559 181 4599 nus
192 4541 324 4607 avaritiae,
335 4553 416 4610 quam
427 4544 506 4592 vocat
517 4537 715 4607 philargyriam,
727 4545 821 4592 contra
833 4552 926 4607 quam,
982 4541 1058 4595 mirre
1070 4554 1126 4594 non
1138 4538 1228 4593 solum
1241 4540 1347 4594 nummi
1359 4540 1486 4605 veniunt3
1500 4539 1547 4596 sed
1563 4539 1653 4596 omnia
1665 4554 1784 4611 quorum

129 4611 262 4685 superatis
275 4609 382 4666 duobus
407 4607 476 4662 vitiis
493 4605 803 4731 precedentibusffiula
826 4607 929 4664 scilicet
982 4610 1100 4678 pretium
1116 4609 1228 4681 pecunia
1240 4610 1363 4678 metitur,
1376 4619 1406 4667 ut
1419 4611 1499 4667 docet
1514 4609 1674 4667 Aristoteles
1686 4610 1731 4667 lib.
1750 4625 1784 4667 iv

129 4691 157 4740 et
178 4682 299 4749 luxuria,
327 4678 478 4735 ineundum
500 4685 640 4758 certamen
665 4691 740 4731 omni
762 4691 794 4731 us
818 4677 927 4759 quidem
983 4679 1146 4737 btbicorum
1167 4695 1226 4752 cap.
1250 4687 1274 4736 1.
1293 4684 1380 4738 Ροιιο
1403 4681 1473 4737 hanc
1491 4697 1588 4738 rocem
1611 4680 1783 4753 philargyriae

130 4752 304 4819 Christianis,
328 4749 376 4807 sed
390 4749 507 4805 maxime
523 4748 656 4816 religiosis
670 4754 697 4803 et
714 4746 867 4813 nionacbis,
881 4748 928 4820 qui
983 4753 1087 4824 accepit
1096 4751 1241 4808 Cassianus
1253 4768 1287 4807 ex
1301 4752 1433 4824 apostolo
1448 4753 1481 4809 ad
1494 4753 1599 4809 coloss.
1615 4767 1662 4818 iii,
1675 4755 1731 4808 etl
1747 4752 1783 4808 ad

128 4840 158 4882 se
168 4825 230 4882 buic
250 4824 313 4879 vitio
326 4822 405 4894 plane
420 4836 452 4877 ei
464 4819 577 4876 adverso
595 4833 738 4874 occurrero
752 4825 779 4875 ct
791 4818 925 4875 adversari
979 4823 1152 4879 Timotheum
1171 4838 1223 4892 vi,
1239 4823 1284 4880 ubi
1298 4840 1349 4907 pro
1368 4823 1482 4879 avaritia
1497 4823 1782 4896 poniturpdcppupla,
1818 4861 1822 4874 .

129 4898 239 4969 proprio
263 4904 291 4951 et
315 4892 443 4966 peculiari
464 4899 528 4947 voto
553 4897 711 4964 spontaneae
739 4891 924 4973 paupertatis,
979 4908 1096 5020 eamque
1110 4909 1124 4950 e
1139 4895 1238 4952 Graeeo
1255 4901 1370 4951 retinere
1383 4895 1490 4961 maluit3
1510 4895 1584 4966 quod
1598 4895 1719 4950 avaritiae
1734 4909 1783 4949 vo-

128 4970 204 5040 quasi
225 4966 335 5023 militari
355 4972 525 5021 sacramento
565 4961 719 5019 rolitentur.
747 4963 926 5034 Peregrinum
979 4964 1049 5020 cabu
1062 4981 1108 5021 um
1123 4964 1177 5020 rim
1199 4966 1257 5038 ejus
1271 4981 1382 5022 omnem
1395 4981 1450 5022 nori
1464 4965 1530 5020 satis
1541 4965 1694 5037 exprimere
1708 4964 1783 5021 iide-

129 5039 181 5095 lioc
195 5040 295 5095 bellum
308 5045 400 5105 iocat;
414 5053 470 5091 non
482 4979 564 5106 quod)
572 5049 628 5089 non
643 5033 676 5089 sit
691 5032 773 5088 iiobis
787 5033 926 5090 internum
980 5044 1064 5092 retur.
1082 5036 1187 5093 Dicitur
1198 5046 1226 5092 et
1238 5036 1291 5093 alio
1312 5036 1507 5104 nomincapud
1522 5037 1635 5094 Graecos
1653 5033 1783 5098 πλεονεξία

129 5109 293 5181 acspiritale
316 5108 386 5177 (nam
407 5116 434 5162 et
458 5106 531 5162 uitiis
551 5104 718 5174 spiritalibus
732 5114 927 5162 annumeratur
980 5107 1055 5178 quasi
1079 5106 1201 5163 studium
1224 5108 1285 5180 plus
1309 5106 1553 5178 habendi(13plies.
1580 5114 1621 5175 ι).
1645 5107 1784 5164 Aristoteli

128 5182 227 5235 aDiio
239 5178 375 5249 Gregorio
387 5178 460 5246 (Lib.
476 5192 551 5232 xxxx
566 5177 665 5232 Maeui.
679 5192 702 5231 c.
720 5176 786 5245 si),
801 5192 862 5248 quae
875 5177 928 5233 sci·
981 5194 1045 5234 uero
1069 5177 1242 5249 ἀνελευθερῑα,
1286 5180 1328 5234 uia
1347 5194 1391 5235 res
1412 5179 1547 5235 illiberalis
1569 5187 1597 5234 et
1617 5178 1729 5235 homine
1748 5178 1780 5233 li·

129 5250 191 5307 licet
202 5249 297 5330 animi,
307 5264 361 5330 non
375 5248 465 5303 carnis
476 5247 655 5303 delectatione
669 5247 867 5317 complentur),
880 5248 928 5304 sed
942 5225 967 5289 D
982 5249 1047 5306 bero
1071 5249 1179 5321 indigna
1203 5270 1209 5306 :
1227 5260 1255 5305 ct
1297 5266 1330 5305 oc
1352 5250 1461 5321 quidem
1484 5250 1578 5305 vitium
1599 5249 1626 5305 in
1650 5249 1783 5332 religiosis

128 5321 234 5376 ratione
254 5319 370 5392 objecti,
395 5318 523 5387 quodest
539 5317 643 5397 borium
658 5325 928 5391 externum,nempc
982 5320 1134 5391 proprietas
1155 5321 1247 5403 uulgo
1274 5330 1456 5391 nuncupatur,
1483 5322 1525 5375 vel
1560 5321 1651 5393 potius
1683 5322 1780 5376 vitium

128 5391 249 5455 diuitiae,
265 5406 333 5471 quas
346 5389 454 5471 aientia
464 5394 637 5470 persequitur
659 5406 666 5441 :
680 5396 744 5470 'tum
756 5389 836 5443 etiam
848 5403 928 5444 com·
982 5391 1161 5463 proprietatis,
1173 5407 1296 5464 quianon
1307 5400 1416 5448 estieia
1427 5408 1475 5465 pro
1496 5392 1587 5459 rietes,
1596 5392 1644 5450 sed
1654 5400 1781 5462 usurpata

128 5463 269 5535 paratione
284 5461 400 5516 aliorum
424 5469 571 5524 vitiorum,
584 5473 645 5529 quae
660 5459 786 5515 videntur
805 5459 834 5514 iii
847 5459 928 5515 nobis
982 5462 1023 5517 vel
1045 5460 1188 5530 allectata3
1209 5462 1302 5535 etqui
1322 5463 1375 5518 hoo
1398 5408 1494 5521 111101

128 5532 334 5607 quodammodo
359 5530 475 5603 ingenita
501 5540 528 5586 et
549 5530 639 5584 innata
660 5528 760 5585 habere
782 5530 925 5600 principia,
981 5534 1148 5604 proprietarii
1164 5543 1315 5590 iocantur:
1334 5534 1407 5605 quod
1420 5536 1514 5591 sitium
1527 5550 1687 5606 generesuo
1704 5549 1781 5590 mor·

128 5614 160 5661 ut
181 5603 301 5661 ostendit
326 5612 422 5658 auctor
447 5602 474 5657 in
497 5602 573 5656 iraet
596 5600 812 5670 concupiscentia
836 5601 927 5671 (Villa
982 5604 1035 5660 tale
1055 5619 1115 5661 esse
1128 5620 1210 5662 nemo
1231 5605 1350 5671 dubitat,
1366 5614 1462 5677 utpote
1477 5614 1539 5663 roto
1561 5606 1729 5679 paupertatis
1746 5620 1780 5662 ex

129 5677 224 5734 Collot.
240 5681 290 5731 50.
311 5680 402 5756 aleta,
424 5678 449 5728 et
463 5689 529 5754 cap,
540 5676 557 5752 ².
568 5677 593 5727 et
607 5672 715 5741 abuius
732 5671 806 5752 lib).
981 5673 1114 5732 diametro
1138 5691 1204 5747 repu
1225 5692 1311 5745 nans3
1336 5685 1364 5733 ct
1384 5678 1496 5750 quidem
1517 5694 1599 5750 quam
1624 5692 1704 5752 graie
1725 5676 1781 5741 sit,

163 5740 177 5780 ³
198 5745 378 5819 Philargyria,
399 5750 429 5826 ut
451 5758 573 5799 nominis
596 5742 761 5825 etimologia
781 5751 880 5824 sonat,
901 5752 928 5801 et
981 5745 1022 5802 iel
1042 5762 1075 5804 ex
1098 5692 1313 5822 cointeffigitur,
1333 5750 1406 5820 quod
1420 5750 1470 5806 SS.
1493 5750 1587 5805 Patres
1603 5749 1722 5814 lurtum,
1739 5747 1782 5803 la-

128 5820 235 5876 Auctor
252 5817 308 5890 ipse
321 5823 447 5887 exponit,
462 5821 505 5870 est
525 5827 603 5868 amor
622 5827 679 5870 sive
698 5813 832 5884 cupiditas
846 5829 929 5887 pecu·
981 5817 1137 5891 trorinium,
1150 5819 1330 5892 sacrilegium,
1345 5820 1544 5890 nequissimum
1555 5820 1663 5889 vitium,
1675 5827 1781 5892 pestem

127 5890 233 5948 niaiuai
244 5929 252 5956 ,
264 5903 313 5946 seu
325 5886 494 5955 divitiarum3
508 5898 596 5954 atuor,
612 5883 733 5957 inquam,
745 5885 925 5943 exordinatus.
981 5888 1117 5960 religionis
1131 5890 1230 5962 passim
1243 5891 1387 5964 appellent.

1491 5463 1624 5531 aberant,
1654 5462 1782 5520 monachi
