<?xml version="1.0" encoding="UTF-8"?>
<!DOCTYPE html PUBLIC "-//W3C//DTD XHTML 1.0 Transitional//EN"
    "http://www.w3.org/TR/xhtml1/DTD/xhtml1-transitional.dtd">
<html xmlns="http://www.w3.org/1999/xhtml" xml:lang="en" lang="en">
 <head>
  <title>
</title>
<meta http-equiv="Content-Type" content="text/html;charset=utf-8" />
  <meta name='ocr-system' content='tesseract 3.04.00' />
  <meta name='ocr-capabilities' content='ocr_page ocr_carea ocr_par ocr_line ocrx_word'/>
</head>
<body>
  <div class='ocr_page' id='page_1' title='image "./patrologiaecurs29unkngoog_0246.png"; bbox 0 0 3848 6158; ppageno 0'>
   <div class='ocr_carea' id='block_1_1' title="bbox 514 252 1307 312">
    <p class='ocr_par' dir='ltr' id='par_1_1' title="bbox 514 252 1307 312">
     <span class='ocr_line' id='line_1_1' title="bbox 514 252 1307 312; baseline 0.005 -4"><span class='ocrx_word' id='word_1_1' title='bbox 514 253 655 309; x_wconf 72' lang='lat' dir='ltr'><strong>loannis</strong></span> <span class='ocrx_word' id='word_1_2' title='bbox 674 252 825 309; x_wconf 74' lang='lat' dir='ltr'><strong>cassiam</strong></span> <span class='ocrx_word' id='word_1_3' title='bbox 845 252 1091 309; x_wconf 72' lang='lat' dir='ltr'><strong>contusiones.</strong></span> <span class='ocrx_word' id='word_1_4' title='bbox 1112 254 1307 312; x_wconf 62' lang='lat' dir='ltr'><strong>Phaselim.</strong></span> 
     </span>
    </p>
   </div>
   <div class='ocr_carea' id='block_1_2' title="bbox 466 559 1355 680">
    <p class='ocr_par' dir='ltr' id='par_1_2' title="bbox 466 559 1355 680">
     <span class='ocr_line' id='line_1_2' title="bbox 466 559 1355 680; baseline 0.006 -7"><span class='ocrx_word' id='word_1_5' title='bbox 466 559 876 678; x_wconf 75' lang='lat' dir='ltr'><strong>tonitrus</strong></span> <span class='ocrx_word' id='word_1_6' title='bbox 916 561 1355 680; x_wconf 74' lang='lat' dir='ltr'><strong>chsstnttt</strong></span> 
     </span>
    </p>
   </div>
   <div class='ocr_carea' id='block_1_3' title="bbox 673 763 1153 830">
    <p class='ocr_par' dir='ltr' id='par_1_3' title="bbox 673 763 1153 830">
     <span class='ocr_line' id='line_1_3' title="bbox 673 763 1153 830; baseline 0.01 -5"><span class='ocrx_word' id='word_1_7' title='bbox 673 763 848 827; x_wconf 83' lang='lat' dir='ltr'>ABBATIS</span> <span class='ocrx_word' id='word_1_8' title='bbox 871 763 1153 830; x_wconf 82' lang='lat' dir='ltr'><strong>fliASSiLlENSIS</strong></span> 
     </span>
    </p>
   </div>
   <div class='ocr_carea' id='block_1_4' title="bbox 316 926 1512 1093">
    <p class='ocr_par' dir='ltr' id='par_1_4' title="bbox 316 926 1512 1093">
     <span class='ocr_line' id='line_1_4' title="bbox 316 926 1512 1093; baseline 0.005 -6"><span class='ocrx_word' id='word_1_9' title='bbox 316 926 1149 1093; x_wconf 85' lang='lat' dir='ltr'><strong>COLLATIONUM</strong></span> <span class='ocrx_word' id='word_1_10' title='bbox 1222 939 1512 1093; x_wconf 87' lang='lat' dir='ltr'>XXIV</span> 
     </span>
    </p>
   </div>
   <div class='ocr_carea' id='block_1_5' title="bbox 750 1189 1082 1281">
    <p class='ocr_par' dir='ltr' id='par_1_5' title="bbox 750 1189 1082 1281">
     <span class='ocr_line' id='line_1_5' title="bbox 750 1189 1082 1281; baseline 0.006 -2"><span class='ocrx_word' id='word_1_11' title='bbox 750 1189 1082 1281; x_wconf 84' lang='lat' dir='ltr'><strong>COLLECTIO</strong></span> 
     </span>
    </p>
   </div>
   <div class='ocr_carea' id='block_1_6' title="bbox 665 1340 1165 1399">
    <p class='ocr_par' dir='ltr' id='par_1_6' title="bbox 665 1340 1165 1399">
     <span class='ocr_line' id='line_1_6' title="bbox 665 1340 1165 1399; baseline 0.008 -5"><span class='ocrx_word' id='word_1_12' title='bbox 665 1341 702 1394; x_wconf 86' lang='grc' dir='ltr'><strong>ΙΝ</strong></span> <span class='ocrx_word' id='word_1_13' title='bbox 725 1340 824 1396; x_wconf 77' lang='lat' dir='ltr'><strong>titus</strong></span> <span class='ocrx_word' id='word_1_14' title='bbox 849 1341 1000 1398; x_wconf 77' lang='lat' dir='ltr'>PARTES</span> <span class='ocrx_word' id='word_1_15' title='bbox 1023 1342 1165 1399; x_wconf 74' lang='lat' dir='ltr'><strong>Divisi.</strong></span> 
     </span>
    </p>
   </div>
   <div class='ocr_carea' id='block_1_7' title="bbox 676 1588 1152 1743">
    <p class='ocr_par' dir='ltr' id='par_1_7' title="bbox 676 1588 1152 1743">
     <span class='ocr_line' id='line_1_7' title="bbox 676 1588 1152 1743; baseline 0.006 -21"><span class='ocrx_word' id='word_1_16' title='bbox 676 1631 853 1722; x_wconf 80' lang='lat' dir='ltr'><strong>naas</strong></span> <span class='ocrx_word' id='word_1_17' title='bbox 900 1588 1152 1743; x_wconf 71' lang='lat' dir='ltr'><strong>raiiin,</strong></span> 
     </span>
    </p>
   </div>
   <div class='ocr_carea' id='block_1_8' title="bbox 824 1828 1006 1868">
    <p class='ocr_par' dir='ltr' id='par_1_8' title="bbox 824 1828 1006 1868">
     <span class='ocr_line' id='line_1_8' title="bbox 824 1828 1006 1868; baseline 0.011 -2"><span class='ocrx_word' id='word_1_18' title='bbox 824 1828 1006 1868; x_wconf 69' lang='lat' dir='ltr'>COHPLECTENS</span> 
     </span>
    </p>
   </div>
   <div class='ocr_carea' id='block_1_9' title="bbox 83 1930 1739 2042">
    <p class='ocr_par' dir='ltr' id='par_1_9' title="bbox 83 1930 1739 2042">
     <span class='ocr_line' id='line_1_9' title="bbox 83 1930 1739 2042; baseline 0.004 -43"><span class='ocrx_word' id='word_1_19' title='bbox 83 1930 224 2042; x_wconf 53' lang='lat' dir='ltr'><strong>DEQEM</strong></span> <span class='ocrx_word' id='word_1_20' title='bbox 239 1935 398 2005; x_wconf 78' lang='lat' dir='ltr'><strong>Phthias</strong></span> <span class='ocrx_word' id='word_1_21' title='bbox 413 1934 705 2001; x_wconf 74' lang='lat' dir='ltr'>COLLATIONES</span> <span class='ocrx_word' id='word_1_22' title='bbox 723 1937 903 2002; x_wconf 84' lang='lat' dir='ltr'><strong>PATRUM</strong></span> <span class='ocrx_word' id='word_1_23' title='bbox 920 1938 966 2003; x_wconf 90' lang='lat' dir='ltr'><strong>IN</strong></span> <span class='ocrx_word' id='word_1_24' title='bbox 983 1939 1191 2004; x_wconf 78' lang='lat' dir='ltr'><strong>chTiiici</strong></span> <span class='ocrx_word' id='word_1_25' title='bbox 1206 1940 1354 2006; x_wconf 84' lang='lat' dir='ltr'>EREMO</span> <span class='ocrx_word' id='word_1_26' title='bbox 1371 1940 1739 2007; x_wconf 80' lang='lat' dir='ltr'>COMMORANTIUM.</span> 
     </span>
    </p>
   </div>
   <div class='ocr_carea' id='block_1_10' title="bbox 564 2195 1259 2436">
    <p class='ocr_par' dir='ltr' id='par_1_10' title="bbox 564 2195 1259 2436">
     <span class='ocr_line' id='line_1_10' title="bbox 781 2195 1047 2334; baseline 0.008 -33"><span class='ocrx_word' id='word_1_27' title='bbox 781 2195 1047 2334; x_wconf 65' lang='lat' dir='ltr'><strong>flectionis,</strong></span> 
     </span>
     <span class='ocr_line' id='line_1_11' title="bbox 564 2371 1259 2436; baseline 0 -14"><span class='ocrx_word' id='word_1_28' title='bbox 564 2371 606 2422; x_wconf 80' lang='grc' dir='ltr'><strong>ΑΙ)</strong></span> <span class='ocrx_word' id='word_1_29' title='bbox 625 2371 787 2424; x_wconf 81' lang='lat' dir='ltr'><strong>tnoiliittii</strong></span> <span class='ocrx_word' id='word_1_30' title='bbox 806 2373 998 2436; x_wconf 72' lang='lat' dir='ltr'><strong>simeonitis,</strong></span> <span class='ocrx_word' id='word_1_31' title='bbox 1018 2373 1058 2423; x_wconf 83' lang='lat' dir='ltr'><strong>ET</strong></span> <span class='ocrx_word' id='word_1_32' title='bbox 1075 2371 1259 2423; x_wconf 76' lang='lat' dir='ltr'><strong>litLLiitlthl</strong></span> 
     </span>
    </p>
   </div>
   <div class='ocr_carea' id='block_1_11' title="bbox 10 2518 1744 3158">
    <p class='ocr_par' dir='ltr' id='par_1_11' title="bbox 10 2518 1744 3158">
     <span class='ocr_line' id='line_1_12' title="bbox 119 2518 1743 2597; baseline 0.004 -22"><span class='ocrx_word' id='word_1_33' title='bbox 119 2518 250 2576; x_wconf 84' lang='lat' dir='ltr'>Debitum</span> <span class='ocrx_word' id='word_1_34' title='bbox 264 2519 338 2591; x_wconf 90' lang='lat' dir='ltr'><strong>quod</strong></span> <span class='ocrx_word' id='word_1_35' title='bbox 356 2518 516 2578; x_wconf 88' lang='lat' dir='ltr'><strong>beatissimo</strong></span> <span class='ocrx_word' id='word_1_36' title='bbox 530 2536 608 2594; x_wconf 79' lang='lat' dir='ltr'><strong>papae</strong></span> <span class='ocrx_word' id='word_1_37' title='bbox 622 2522 728 2580; x_wconf 89' lang='lat' dir='ltr'><strong>Castori</strong></span> <span class='ocrx_word' id='word_1_38' title='bbox 741 2524 769 2579; x_wconf 94' lang='lat' dir='ltr'><strong>in</strong></span> <span class='ocrx_word' id='word_1_39' title='bbox 782 2540 883 2582; x_wconf 88' lang='lat' dir='ltr'><strong>eorum</strong></span> <span class='ocrx_word' id='word_1_40' title='bbox 898 2531 924 2593; x_wconf 80' lang='grc' dir='ltr'>Α</span> <span class='ocrx_word' id='word_1_41' title='bbox 940 2537 1113 2596; x_wconf 88' lang='lat' dir='ltr'><strong>perpensum,</strong></span> <span class='ocrx_word' id='word_1_42' title='bbox 1127 2531 1220 2580; x_wconf 88' lang='lat' dir='ltr'><strong>utrum</strong></span> <span class='ocrx_word' id='word_1_43' title='bbox 1240 2524 1267 2579; x_wconf 94' lang='lat' dir='ltr'><strong>in</strong></span> <span class='ocrx_word' id='word_1_44' title='bbox 1282 2523 1364 2580; x_wconf 90' lang='lat' dir='ltr'><strong>rebus</strong></span> <span class='ocrx_word' id='word_1_45' title='bbox 1381 2531 1440 2580; x_wconf 86' lang='lat' dir='ltr'><strong>tam</strong></span> <span class='ocrx_word' id='word_1_46' title='bbox 1456 2522 1616 2597; x_wconf 81' lang='lat' dir='ltr'><strong>profundis,</strong></span> <span class='ocrx_word' id='word_1_47' title='bbox 1631 2533 1743 2596; x_wconf 89' lang='lat' dir='ltr'><strong>tamquo</strong></span> 
     </span>
     <span class='ocr_line' id='line_1_13' title="bbox 83 2611 1742 2690; baseline 0.005 -22"><span class='ocrx_word' id='word_1_48' title='bbox 83 2612 256 2670; x_wconf 83' lang='lat' dir='ltr'><strong>voluminum</strong></span> <span class='ocrx_word' id='word_1_49' title='bbox 270 2611 431 2684; x_wconf 84' lang='lat' dir='ltr'><strong>praefatione</strong></span> <span class='ocrx_word' id='word_1_50' title='bbox 444 2614 611 2687; x_wconf 91' lang='lat' dir='ltr'><strong>promissum</strong></span> <span class='ocrx_word' id='word_1_51' title='bbox 620 2623 672 2685; x_wconf 90' lang='lat' dir='ltr'><strong>est,</strong></span> <span class='ocrx_word' id='word_1_52' title='bbox 683 2631 745 2689; x_wconf 79' lang='lat' dir='ltr'><strong>quae</strong></span> <span class='ocrx_word' id='word_1_53' title='bbox 755 2617 789 2674; x_wconf 89' lang='lat' dir='ltr'><strong>de</strong></span> <span class='ocrx_word' id='word_1_54' title='bbox 802 2617 883 2673; x_wconf 88' lang='lat' dir='ltr'><strong>insti·</strong></span> <span class='ocrx_word' id='word_1_55' title='bbox 938 2616 1115 2686; x_wconf 74' lang='lat' dir='ltr'>sublimibus,</span> <span class='ocrx_word' id='word_1_56' title='bbox 1125 2626 1154 2674; x_wconf 91' lang='lat' dir='ltr'><strong>et</strong></span> <span class='ocrx_word' id='word_1_57' title='bbox 1168 2633 1230 2690; x_wconf 84' lang='lat' dir='ltr'><strong>quae</strong></span> <span class='ocrx_word' id='word_1_58' title='bbox 1242 2617 1270 2674; x_wconf 92' lang='lat' dir='ltr'><strong>in</strong></span> <span class='ocrx_word' id='word_1_59' title='bbox 1284 2634 1364 2674; x_wconf 92' lang='lat' dir='ltr'><strong>usum</strong></span> <span class='ocrx_word' id='word_1_60' title='bbox 1384 2619 1456 2690; x_wconf 81' lang='lat' dir='ltr'><strong>styli,</strong></span> <span class='ocrx_word' id='word_1_61' title='bbox 1477 2626 1506 2674; x_wconf 93' lang='lat' dir='ltr'><strong>ut</strong></span> <span class='ocrx_word' id='word_1_62' title='bbox 1521 2619 1648 2688; x_wconf 91' lang='lat' dir='ltr'><strong>arbitror,</strong></span> <span class='ocrx_word' id='word_1_63' title='bbox 1663 2628 1742 2676; x_wconf 83' lang='lat' dir='ltr'><strong>antea</strong></span> 
     </span>
     <span class='ocr_line' id='line_1_14' title="bbox 10 2707 1742 2786; baseline 0.003 -22"><span class='ocrx_word' id='word_1_64' title='bbox 10 2761 14 2773; x_wconf 82' lang='lat'>‚</span> <span class='ocrx_word' id='word_1_65' title='bbox 83 2707 364 2778; x_wconf 84' lang='lat' dir='ltr'><strong>tutiscoenobiorum,</strong></span> <span class='ocrx_word' id='word_1_66' title='bbox 377 2717 405 2765; x_wconf 89' lang='lat' dir='ltr'><strong>et</strong></span> <span class='ocrx_word' id='word_1_67' title='bbox 418 2710 453 2765; x_wconf 92' lang='lat' dir='ltr'><strong>de</strong></span> <span class='ocrx_word' id='word_1_68' title='bbox 467 2717 531 2766; x_wconf 93' lang='lat' dir='ltr'><strong>octo</strong></span> <span class='ocrx_word' id='word_1_69' title='bbox 545 2710 737 2783; x_wconf 80' lang='lat' dir='ltr'><strong>principalium</strong></span> <span class='ocrx_word' id='word_1_70' title='bbox 752 2711 885 2767; x_wconf 87' lang='lat' dir='ltr'><strong>vitiorum</strong></span> <span class='ocrx_word' id='word_1_71' title='bbox 940 2729 997 2770; x_wconf 92' lang='lat' dir='ltr'><strong>non</strong></span> <span class='ocrx_word' id='word_1_72' title='bbox 1019 2720 1172 2780; x_wconf 89' lang='lat' dir='ltr'><strong>venerunt,</strong></span> <span class='ocrx_word' id='word_1_73' title='bbox 1197 2712 1310 2783; x_wconf 87' lang='lat' dir='ltr'><strong>dignum</strong></span> <span class='ocrx_word' id='word_1_74' title='bbox 1331 2712 1432 2786; x_wconf 90' lang='lat' dir='ltr'><strong>aliquid</strong></span> <span class='ocrx_word' id='word_1_75' title='bbox 1453 2713 1602 2783; x_wconf 77' lang='lat' dir='ltr'><strong>cognitioni</strong></span> <span class='ocrx_word' id='word_1_76' title='bbox 1631 2720 1742 2782; x_wconf 76' lang='lat' dir='ltr'><strong>vestra,</strong></span> 
     </span>
     <span class='ocr_line' id='line_1_15' title="bbox 82 2801 1744 2880; baseline 0.002 -21"><span class='ocrx_word' id='word_1_77' title='bbox 82 2802 224 2873; x_wconf 82' lang='lat' dir='ltr'><strong>remediis,</strong></span> <span class='ocrx_word' id='word_1_78' title='bbox 240 2801 384 2860; x_wconf 84' lang='lat' dir='ltr'><strong>duodecim</strong></span> <span class='ocrx_word' id='word_1_79' title='bbox 399 2804 511 2870; x_wconf 91' lang='lat' dir='ltr'><strong>libellis,</strong></span> <span class='ocrx_word' id='word_1_80' title='bbox 535 2805 652 2862; x_wconf 88' lang='lat' dir='ltr'><strong>Domino</strong></span> <span class='ocrx_word' id='word_1_81' title='bbox 671 2803 831 2877; x_wconf 86' lang='lat' dir='ltr'><strong>adjuvante,</strong></span> <span class='ocrx_word' id='word_1_82' title='bbox 843 2803 885 2859; x_wconf 92' lang='lat' dir='ltr'><strong>di·</strong></span> <span class='ocrx_word' id='word_1_83' title='bbox 944 2807 1126 2880; x_wconf 90' lang='lat' dir='ltr'><strong>omniumque</strong></span> <span class='ocrx_word' id='word_1_84' title='bbox 1148 2815 1305 2862; x_wconf 90' lang='lat' dir='ltr'><strong>sanctorum</strong></span> <span class='ocrx_word' id='word_1_85' title='bbox 1323 2804 1437 2862; x_wconf 87' lang='lat' dir='ltr'><strong>fratrum</strong></span> <span class='ocrx_word' id='word_1_86' title='bbox 1450 2804 1584 2863; x_wconf 88' lang='lat' dir='ltr'><strong>desiderio</strong></span> <span class='ocrx_word' id='word_1_87' title='bbox 1604 2821 1744 2878; x_wconf 81' lang='lat' dir='ltr'><strong>prompse-</strong></span> 
     </span>
     <span class='ocr_line' id='line_1_16' title="bbox 81 2896 1743 2972; baseline 0.003 -20"><span class='ocrx_word' id='word_1_88' title='bbox 81 2904 157 2969; x_wconf 83' lang='lat' dir='ltr'><strong>gesta</strong></span> <span class='ocrx_word' id='word_1_89' title='bbox 177 2904 255 2963; x_wconf 88' lang='lat' dir='ltr'><strong>suut,</strong></span> <span class='ocrx_word' id='word_1_90' title='bbox 279 2896 376 2970; x_wconf 85' lang='lat' dir='ltr'><strong>inquo</strong></span> <span class='ocrx_word' id='word_1_91' title='bbox 391 2898 507 2955; x_wconf 89' lang='lat' dir='ltr'><strong>tenuitas</strong></span> <span class='ocrx_word' id='word_1_92' title='bbox 531 2899 619 2956; x_wconf 82' lang='lat' dir='ltr'><strong>nostri</strong></span> <span class='ocrx_word' id='word_1_93' title='bbox 639 2897 748 2956; x_wconf 88' lang='lat' dir='ltr'><strong>suffecit</strong></span> <span class='ocrx_word' id='word_1_94' title='bbox 764 2898 884 2972; x_wconf 85' lang='lat' dir='ltr'><strong>ingenii,</strong></span> <span class='ocrx_word' id='word_1_95' title='bbox 940 2900 1038 2956; x_wconf 88' lang='lat' dir='ltr'><strong>rimus.</strong></span> <span class='ocrx_word' id='word_1_96' title='bbox 1061 2902 1140 2955; x_wconf 80' lang='lat' dir='ltr'><strong>Nunc</strong></span> <span class='ocrx_word' id='word_1_97' title='bbox 1159 2907 1252 2955; x_wconf 87' lang='lat' dir='ltr'><strong>autem</strong></span> <span class='ocrx_word' id='word_1_98' title='bbox 1268 2899 1330 2970; x_wconf 91' lang='lat' dir='ltr'><strong>quia</strong></span> <span class='ocrx_word' id='word_1_99' title='bbox 1347 2899 1536 2972; x_wconf 88' lang='lat' dir='ltr'><strong>derelinquens</strong></span> <span class='ocrx_word' id='word_1_100' title='bbox 1550 2914 1601 2961; x_wconf 88' lang='lat' dir='ltr'><strong>nos</strong></span> <span class='ocrx_word' id='word_1_101' title='bbox 1624 2898 1743 2972; x_wconf 82' lang='lat' dir='ltr'><strong>pontifex</strong></span> 
     </span>
     <span class='ocr_line' id='line_1_17' title="bbox 81 2991 1743 3066; baseline 0.001 -20"><span class='ocrx_word' id='word_1_102' title='bbox 81 2996 232 3064; x_wconf 82' lang='lat' dir='ltr'><strong>utcumque</strong></span> <span class='ocrx_word' id='word_1_103' title='bbox 251 2991 380 3047; x_wconf 81' lang='lat' dir='ltr'><strong>sarcitum</strong></span> <span class='ocrx_word' id='word_1_104' title='bbox 402 3000 453 3048; x_wconf 89' lang='lat' dir='ltr'><strong>est.</strong></span> <span class='ocrx_word' id='word_1_105' title='bbox 479 2991 606 3050; x_wconf 89' lang='lat' dir='ltr'><strong>Viderint</strong></span> <span class='ocrx_word' id='word_1_106' title='bbox 629 3008 695 3050; x_wconf 88' lang='lat' dir='ltr'><strong>sane</strong></span> <span class='ocrx_word' id='word_1_107' title='bbox 718 2992 783 3066; x_wconf 90' lang='lat' dir='ltr'><strong>quid</strong></span> <span class='ocrx_word' id='word_1_108' title='bbox 804 3008 886 3066; x_wconf 87' lang='lat' dir='ltr'><strong>super</strong></span> <span class='ocrx_word' id='word_1_109' title='bbox 939 2993 1125 3066; x_wconf 89' lang='lat' dir='ltr'><strong>supradictus,</strong></span> <span class='ocrx_word' id='word_1_110' title='bbox 1149 2991 1277 3065; x_wconf 87' lang='lat' dir='ltr'><strong>migravit</strong></span> <span class='ocrx_word' id='word_1_111' title='bbox 1302 2992 1337 3049; x_wconf 91' lang='lat' dir='ltr'><strong>ad</strong></span> <span class='ocrx_word' id='word_1_112' title='bbox 1370 2992 1519 3059; x_wconf 87' lang='lat' dir='ltr'><strong>Christum,</strong></span> <span class='ocrx_word' id='word_1_113' title='bbox 1547 2991 1596 3047; x_wconf 93' lang='lat' dir='ltr'><strong>has</strong></span> <span class='ocrx_word' id='word_1_114' title='bbox 1629 2992 1743 3048; x_wconf 91' lang='lat' dir='ltr'><strong>interim</strong></span> 
     </span>
     <span class='ocr_line' id='line_1_18' title="bbox 83 3076 1742 3158; baseline 0.001 -18"><span class='ocrx_word' id='word_1_115' title='bbox 83 3084 141 3141; x_wconf 88' lang='lat' dir='ltr'><strong>boe</strong></span> <span class='ocrx_word' id='word_1_116' title='bbox 169 3085 210 3141; x_wconf 85' lang='lat' dir='ltr'><strong>tei</strong></span> <span class='ocrx_word' id='word_1_117' title='bbox 230 3084 303 3142; x_wconf 91' lang='lat' dir='ltr'><strong>iilius</strong></span> <span class='ocrx_word' id='word_1_118' title='bbox 326 3086 366 3143; x_wconf 87' lang='lat' dir='ltr'><strong>iel</strong></span> <span class='ocrx_word' id='word_1_119' title='bbox 389 3087 477 3143; x_wconf 87' lang='lat' dir='ltr'><strong>nostri</strong></span> <span class='ocrx_word' id='word_1_120' title='bbox 499 3086 580 3144; x_wconf 90' lang='lat' dir='ltr'><strong>fuerit</strong></span> <span class='ocrx_word' id='word_1_121' title='bbox 605 3086 736 3144; x_wconf 80' lang='lat' dir='ltr'><strong>examinis</strong></span> <span class='ocrx_word' id='word_1_122' title='bbox 757 3087 885 3158; x_wconf 83' lang='lat' dir='ltr'><strong>aequitate</strong></span> <span class='ocrx_word' id='word_1_123' title='bbox 939 3084 1068 3144; x_wconf 78' lang='lat' dir='ltr'><strong>decem·</strong></span> <span class='ocrx_word' id='word_1_124' title='bbox 1098 3085 1261 3144; x_wconf 79' lang='lat' dir='ltr'><strong>collationes</strong></span> <span class='ocrx_word' id='word_1_125' title='bbox 1288 3102 1463 3143; x_wconf 88' lang='lat' dir='ltr'><strong>summorum</strong></span> <span class='ocrx_word' id='word_1_126' title='bbox 1489 3087 1615 3155; x_wconf 81' lang='lat' dir='ltr'><strong>Petrum,</strong></span> <span class='ocrx_word' id='word_1_127' title='bbox 1637 3076 1742 3154; x_wconf 86' lang='lat' dir='ltr'><strong>idest,</strong></span> 
     </span>
    </p>
   </div>
   <div class='ocr_carea' id='block_1_12' title="bbox 515 3246 1196 3304">
    <p class='ocr_par' dir='ltr' id='par_1_12' title="bbox 515 3246 1196 3304">
     <span class='ocr_line' id='line_1_19' title="bbox 515 3246 1196 3304; baseline -0.003 0"><span class='ocrx_word' id='word_1_128' title='bbox 515 3263 518 3279; x_wconf 75' lang='lat'><strong><em>⁴</em></strong></span> <span class='ocrx_word' id='word_1_129' title='bbox 629 3247 757 3304; x_wconf 73' lang='lat' dir='ltr'><strong>stanni</strong></span> <span class='ocrx_word' id='word_1_130' title='bbox 777 3249 893 3304; x_wconf 72' lang='lat' dir='ltr'><strong>dazisi</strong></span> <span class='ocrx_word' id='word_1_131' title='bbox 913 3246 1196 3304; x_wconf 66' lang='lat' dir='ltr'>COMMENTARIUS.</span> 
     </span>
    </p>
   </div>
   <div class='ocr_carea' id='block_1_13' title="bbox 83 3398 1744 3971">
    <p class='ocr_par' dir='ltr' id='par_1_13' title="bbox 83 3398 1744 3971">
     <span class='ocr_line' id='line_1_20' title="bbox 124 3398 1742 3481; baseline -0.002 -24"><span class='ocrx_word' id='word_1_132' title='bbox 124 3407 135 3431; x_wconf 88' lang='grc'><em>·</em></span> <span class='ocrx_word' id='word_1_133' title='bbox 159 3398 321 3457; x_wconf 82' lang='lat' dir='ltr'><strong>collationes</strong></span> <span class='ocrx_word' id='word_1_134' title='bbox 341 3417 356 3457; x_wconf 93' lang='lat' dir='ltr'><strong>a</strong></span> <span class='ocrx_word' id='word_1_135' title='bbox 380 3398 547 3477; x_wconf 79' lang='lat' dir='ltr'><strong>conferendo</strong></span> <span class='ocrx_word' id='word_1_136' title='bbox 574 3400 662 3457; x_wconf 89' lang='lat' dir='ltr'><strong>dietas</strong></span> <span class='ocrx_word' id='word_1_137' title='bbox 684 3415 767 3456; x_wconf 91' lang='lat' dir='ltr'><strong>nemo</strong></span> <span class='ocrx_word' id='word_1_138' title='bbox 790 3401 888 3456; x_wconf 91' lang='lat' dir='ltr'><strong>nescit.</strong></span> <span class='ocrx_word' id='word_1_139' title='bbox 942 3399 1123 3471; x_wconf 82' lang='lat' dir='ltr'><strong>ambiguum)</strong></span> <span class='ocrx_word' id='word_1_140' title='bbox 1146 3398 1304 3468; x_wconf 82' lang='lat' dir='ltr'><strong>destinalae3</strong></span> <span class='ocrx_word' id='word_1_141' title='bbox 1324 3407 1428 3471; x_wconf 86' lang='lat' dir='ltr'><strong>septem</strong></span> <span class='ocrx_word' id='word_1_142' title='bbox 1443 3400 1555 3481; x_wconf 78' lang='lat' dir='ltr'><strong>reliqum</strong></span> <span class='ocrx_word' id='word_1_143' title='bbox 1572 3400 1599 3455; x_wconf 93' lang='lat' dir='ltr'><strong>iii</strong></span> <span class='ocrx_word' id='word_1_144' title='bbox 1612 3398 1742 3456; x_wconf 88' lang='lat' dir='ltr'><strong>ulteriori-</strong></span> 
     </span>
     <span class='ocr_line' id='line_1_21' title="bbox 83 3469 1742 3554; baseline -0.001 -27"><span class='ocrx_word' id='word_1_145' title='bbox 83 3469 160 3527; x_wconf 81' lang='lat' dir='ltr'><strong>Hinc</strong></span> <span class='ocrx_word' id='word_1_146' title='bbox 191 3471 357 3544; x_wconf 75' lang='lat' dir='ltr'><strong>smaragdus</strong></span> <span class='ocrx_word' id='word_1_147' title='bbox 383 3471 467 3528; x_wconf 89' lang='lat' dir='ltr'><strong>abbas</strong></span> <span class='ocrx_word' id='word_1_148' title='bbox 495 3475 545 3539; x_wconf 86' lang='lat' dir='ltr'><strong>(ia</strong></span> <span class='ocrx_word' id='word_1_149' title='bbox 571 3488 630 3543; x_wconf 84' lang='lat' dir='ltr'><strong>cup.</strong></span> <span class='ocrx_word' id='word_1_150' title='bbox 664 3478 700 3529; x_wconf 82' lang='lat' dir='ltr'><strong>to</strong></span> <span class='ocrx_word' id='word_1_151' title='bbox 723 3473 831 3541; x_wconf 76' lang='lat' dir='ltr'><strong>Regula</strong></span> <span class='ocrx_word' id='word_1_152' title='bbox 853 3476 886 3529; x_wconf 84' lang='lat' dir='ltr'><strong>D.</strong></span> <span class='ocrx_word' id='word_1_153' title='bbox 942 3472 994 3528; x_wconf 93' lang='lat' dir='ltr'><strong>bus</strong></span> <span class='ocrx_word' id='word_1_154' title='bbox 1013 3471 1121 3543; x_wconf 83' lang='lat' dir='ltr'><strong>AEgypti</strong></span> <span class='ocrx_word' id='word_1_155' title='bbox 1145 3471 1268 3554; x_wconf 77' lang='lat' dir='ltr'><strong>paptibus</strong></span> <span class='ocrx_word' id='word_1_156' title='bbox 1289 3470 1398 3536; x_wconf 85' lang='lat' dir='ltr'><strong>habitae,</strong></span> <span class='ocrx_word' id='word_1_157' title='bbox 1422 3471 1576 3540; x_wconf 81' lang='lat' dir='ltr'><strong>lusiniano,</strong></span> <span class='ocrx_word' id='word_1_158' title='bbox 1598 3472 1742 3538; x_wconf 83' lang='lat' dir='ltr'><strong>Minervio,</strong></span> 
     </span>
     <span class='ocr_line' id='line_1_22' title="bbox 83 3542 1743 3615; baseline -0.001 -16"><span class='ocrx_word' id='word_1_159' title='bbox 83 3542 196 3607; x_wconf 82' lang='lat' dir='ltr'><strong>ilciied.)</strong></span> <span class='ocrx_word' id='word_1_160' title='bbox 213 3543 356 3608; x_wconf 64' lang='lat' dir='ltr'><strong>:Callatim</strong></span> <span class='ocrx_word' id='word_1_161' title='bbox 372 3544 470 3615; x_wconf 81' lang='lat' dir='ltr'><strong>inquit,</strong></span> <span class='ocrx_word' id='word_1_162' title='bbox 485 3549 525 3599; x_wconf 89' lang='lat' dir='ltr'><strong>est</strong></span> <span class='ocrx_word' id='word_1_163' title='bbox 543 3546 682 3612; x_wconf 70' lang='lat' dir='ltr'><strong>coiisessio</strong></span> <span class='ocrx_word' id='word_1_164' title='bbox 705 3542 843 3599; x_wconf 84' lang='lat' dir='ltr'><strong>collocutio</strong></span> <span class='ocrx_word' id='word_1_165' title='bbox 863 3549 888 3599; x_wconf 84' lang='lat' dir='ltr'><strong>et</strong></span> <span class='ocrx_word' id='word_1_166' title='bbox 941 3543 1057 3600; x_wconf 89' lang='lat' dir='ltr'><strong>Leontio</strong></span> <span class='ocrx_word' id='word_1_167' title='bbox 1071 3552 1098 3599; x_wconf 92' lang='lat' dir='ltr'><strong>et</strong></span> <span class='ocrx_word' id='word_1_168' title='bbox 1109 3542 1254 3599; x_wconf 85' lang='lat' dir='ltr'><strong>Theodoro</strong></span> <span class='ocrx_word' id='word_1_169' title='bbox 1268 3542 1422 3608; x_wconf 91' lang='lat' dir='ltr'><strong>monachis,</strong></span> <span class='ocrx_word' id='word_1_170' title='bbox 1437 3542 1491 3598; x_wconf 85' lang='lat' dir='ltr'><strong>siis</strong></span> <span class='ocrx_word' id='word_1_171' title='bbox 1506 3542 1663 3609; x_wconf 86' lang='lat' dir='ltr'><strong>abhatibus,</strong></span> <span class='ocrx_word' id='word_1_172' title='bbox 1676 3557 1743 3597; x_wconf 92' lang='lat' dir='ltr'><strong>nun·</strong></span> 
     </span>
     <span class='ocr_line' id='line_1_23' title="bbox 83 3613 1743 3688; baseline 0.001 -20"><span class='ocrx_word' id='word_1_173' title='bbox 83 3614 278 3680; x_wconf 73' lang='lat' dir='ltr'><strong>mutabulcta&#39;o,</strong></span> <span class='ocrx_word' id='word_1_174' title='bbox 292 3616 341 3670; x_wconf 82' lang='lat' dir='ltr'><strong>nbi</strong></span> <span class='ocrx_word' id='word_1_175' title='bbox 353 3616 543 3687; x_wconf 73' lang='lat' dir='ltr'><strong>descripturos</strong></span> <span class='ocrx_word' id='word_1_176' title='bbox 555 3618 665 3681; x_wconf 83' lang='lat' dir='ltr'><strong>dioiin&#39;s,</strong></span> <span class='ocrx_word' id='word_1_177' title='bbox 681 3616 744 3670; x_wconf 75' lang='lat' dir='ltr'><strong>ultis</strong></span> <span class='ocrx_word' id='word_1_178' title='bbox 754 3617 888 3683; x_wconf 74' lang='lat' dir='ltr'><strong>cmferere</strong></span> <span class='ocrx_word' id='word_1_179' title='bbox 942 3621 1059 3688; x_wconf 87' lang='lat' dir='ltr'><strong>cupatae,</strong></span> <span class='ocrx_word' id='word_1_180' title='bbox 1069 3623 1098 3672; x_wconf 90' lang='lat' dir='ltr'><strong>et</strong></span> <span class='ocrx_word' id='word_1_181' title='bbox 1112 3614 1146 3670; x_wconf 92' lang='lat' dir='ltr'><strong>ad</strong></span> <span class='ocrx_word' id='word_1_182' title='bbox 1157 3613 1253 3671; x_wconf 86' lang='lat' dir='ltr'><strong>iratres</strong></span> <span class='ocrx_word' id='word_1_183' title='bbox 1264 3614 1291 3670; x_wconf 90' lang='lat' dir='ltr'><strong>in</strong></span> <span class='ocrx_word' id='word_1_184' title='bbox 1301 3613 1395 3669; x_wconf 91' lang='lat' dir='ltr'><strong>insulis</strong></span> <span class='ocrx_word' id='word_1_185' title='bbox 1404 3613 1601 3671; x_wconf 87' lang='lat' dir='ltr'><strong>stoechadibus</strong></span> <span class='ocrx_word' id='word_1_186' title='bbox 1613 3614 1743 3685; x_wconf 81' lang='lat' dir='ltr'><strong>degentes</strong></span> 
     </span>
     <span class='ocr_line' id='line_1_24' title="bbox 84 3682 1741 3758; baseline 0.001 -20"><span class='ocrx_word' id='word_1_187' title='bbox 84 3684 161 3738; x_wconf 78' lang='lat' dir='ltr'><strong>tibus</strong></span> <span class='ocrx_word' id='word_1_188' title='bbox 173 3687 398 3755; x_wconf 79' lang='lat' dir='ltr'><strong>icterioputiones,</strong></span> <span class='ocrx_word' id='word_1_189' title='bbox 420 3689 560 3755; x_wconf 74' lang='lat' dir='ltr'><strong>motmunt</strong></span> <span class='ocrx_word' id='word_1_190' title='bbox 571 3690 623 3743; x_wconf 80' lang='lat' dir='ltr'><strong>ulii</strong></span> <span class='ocrx_word' id='word_1_191' title='bbox 639 3703 769 3758; x_wconf 71' lang='lat' dir='ltr'><strong>conpactus</strong></span> <span class='ocrx_word' id='word_1_192' title='bbox 784 3702 888 3758; x_wconf 81' lang='lat' dir='ltr'><strong>respon·</strong></span> <span class='ocrx_word' id='word_1_193' title='bbox 941 3686 1110 3743; x_wconf 73' lang='lat' dir='ltr'><strong>transmissae</strong></span> <span class='ocrx_word' id='word_1_194' title='bbox 1120 3689 1167 3751; x_wconf 83' lang='lat' dir='ltr'><strong>liii</strong></span> <span class='ocrx_word' id='word_1_195' title='bbox 1179 3688 1291 3757; x_wconf 74' lang='lat' dir='ltr'><strong>proefm.</strong></span> <span class='ocrx_word' id='word_1_196' title='bbox 1307 3687 1397 3741; x_wconf 82' lang='lat' dir='ltr'><strong>collat.</strong></span> <span class='ocrx_word' id='word_1_197' title='bbox 1415 3691 1467 3753; x_wconf 89' lang='lat' dir='ltr'><strong>tl).</strong></span> <span class='ocrx_word' id='word_1_198' title='bbox 1483 3686 1569 3742; x_wconf 87' lang='lat' dir='ltr'><strong>Porio</strong></span> <span class='ocrx_word' id='word_1_199' title='bbox 1583 3682 1741 3756; x_wconf 90' lang='lat' dir='ltr'><strong>hujusmodi</strong></span> 
     </span>
     <span class='ocr_line' id='line_1_25' title="bbox 84 3756 1744 3829; baseline 0 -19"><span class='ocrx_word' id='word_1_200' title='bbox 84 3757 188 3824; x_wconf 80' lang='lat' dir='ltr'><strong>siones3</strong></span> <span class='ocrx_word' id='word_1_201' title='bbox 203 3760 228 3811; x_wconf 89' lang='lat' dir='ltr'><strong>et</strong></span> <span class='ocrx_word' id='word_1_202' title='bbox 240 3759 278 3812; x_wconf 76' lang='lat' dir='ltr'><strong>tic</strong></span> <span class='ocrx_word' id='word_1_203' title='bbox 292 3774 351 3827; x_wconf 84' lang='lat' dir='ltr'><strong>qiioe</strong></span> <span class='ocrx_word' id='word_1_204' title='bbox 362 3759 411 3813; x_wconf 84' lang='lat' dir='ltr'><strong>diu</strong></span> <span class='ocrx_word' id='word_1_205' title='bbox 422 3758 888 3825; x_wconf 77' lang='lat' dir='ltr'><strong>iutuemiiloccultu-,coasereittibus</strong></span> <span class='ocrx_word' id='word_1_206' title='bbox 940 3759 1117 3815; x_wconf 80' lang='lat' dir='ltr'><strong>collationum</strong></span> <span class='ocrx_word' id='word_1_207' title='bbox 1136 3757 1316 3829; x_wconf 88' lang='lat' dir='ltr'><strong>spiritualium</strong></span> <span class='ocrx_word' id='word_1_208' title='bbox 1336 3772 1419 3812; x_wconf 90' lang='lat' dir='ltr'><strong>usum</strong></span> <span class='ocrx_word' id='word_1_209' title='bbox 1442 3756 1527 3812; x_wconf 90' lang='lat' dir='ltr'><strong>fuisse</strong></span> <span class='ocrx_word' id='word_1_210' title='bbox 1545 3757 1618 3827; x_wconf 90' lang='lat' dir='ltr'><strong>apud</strong></span> <span class='ocrx_word' id='word_1_211' title='bbox 1638 3764 1744 3812; x_wconf 82' lang='lat' dir='ltr'><strong>veteres</strong></span> 
     </span>
     <span class='ocr_line' id='line_1_26' title="bbox 84 3825 1744 3898; baseline -0.001 -18"><span class='ocrx_word' id='word_1_212' title='bbox 84 3828 325 3898; x_wconf 66' lang='lat' dir='ltr'><strong>parmper-spicam.</strong></span> <span class='ocrx_word' id='word_1_213' title='bbox 342 3829 465 3885; x_wconf 88' lang='lat' dir='ltr'><strong>isidorus</strong></span> <span class='ocrx_word' id='word_1_214' title='bbox 489 3829 535 3883; x_wconf 93' lang='lat' dir='ltr'><strong>lih.</strong></span> <span class='ocrx_word' id='word_1_215' title='bbox 559 3844 595 3885; x_wconf 92' lang='lat' dir='ltr'><strong>iii</strong></span> <span class='ocrx_word' id='word_1_216' title='bbox 613 3829 647 3897; x_wconf 87' lang='lat' dir='ltr'><strong>de</strong></span> <span class='ocrx_word' id='word_1_217' title='bbox 667 3831 786 3886; x_wconf 87' lang='lat' dir='ltr'><strong>Summo</strong></span> <span class='ocrx_word' id='word_1_218' title='bbox 807 3832 887 3885; x_wconf 89' lang='lat' dir='ltr'><strong>Bono</strong></span> <span class='ocrx_word' id='word_1_219' title='bbox 940 3829 1104 3896; x_wconf 89' lang='lat' dir='ltr'><strong>monachos,</strong></span> <span class='ocrx_word' id='word_1_220' title='bbox 1127 3837 1186 3884; x_wconf 93' lang='lat' dir='ltr'><strong>tum</strong></span> <span class='ocrx_word' id='word_1_221' title='bbox 1201 3826 1368 3893; x_wconf 86' lang='lat' dir='ltr'><strong>coenobitas,</strong></span> <span class='ocrx_word' id='word_1_222' title='bbox 1394 3836 1453 3882; x_wconf 91' lang='lat' dir='ltr'><strong>tiim</strong></span> <span class='ocrx_word' id='word_1_223' title='bbox 1475 3827 1669 3889; x_wconf 84' lang='lat' dir='ltr'><strong>anachoretas,</strong></span> <span class='ocrx_word' id='word_1_224' title='bbox 1688 3825 1744 3880; x_wconf 90' lang='lat' dir='ltr'><strong>fre·</strong></span> 
     </span>
     <span class='ocr_line' id='line_1_27' title="bbox 85 3894 1744 3971; baseline -0.002 -17"><span class='ocrx_word' id='word_1_225' title='bbox 85 3899 170 3968; x_wconf 80' lang='lat' dir='ltr'><strong>(Cup.</strong></span> <span class='ocrx_word' id='word_1_226' title='bbox 189 3904 230 3968; x_wconf 81' lang='grc'><strong>15)</strong></span> <span class='ocrx_word' id='word_1_227' title='bbox 253 3919 258 3953; x_wconf 92' lang='lat'>:</span> <span class='ocrx_word' id='word_1_228' title='bbox 277 3901 342 3956; x_wconf 87' lang='lat' dir='ltr'><strong>Cnm</strong></span> <span class='ocrx_word' id='word_1_229' title='bbox 353 3902 400 3964; x_wconf 86' lang='lat' dir='ltr'><strong>sit,</strong></span> <span class='ocrx_word' id='word_1_230' title='bbox 427 3899 528 3969; x_wconf 87' lang='lat' dir='ltr'><strong>inquit,</strong></span> <span class='ocrx_word' id='word_1_231' title='bbox 542 3901 620 3952; x_wconf 77' lang='lat' dir='ltr'><strong>utilis</strong></span> <span class='ocrx_word' id='word_1_232' title='bbox 641 3900 679 3952; x_wconf 87' lang='lat' dir='ltr'><strong>ud</strong></span> <span class='ocrx_word' id='word_1_233' title='bbox 702 3899 889 3953; x_wconf 74' lang='lat' dir='ltr'><strong>instruendum</strong></span> <span class='ocrx_word' id='word_1_234' title='bbox 941 3899 1164 3971; x_wconf 89' lang='lat' dir='ltr'><strong>quentissimum,</strong></span> <span class='ocrx_word' id='word_1_235' title='bbox 1178 3914 1234 3954; x_wconf 90' lang='lat' dir='ltr'><strong>non</strong></span> <span class='ocrx_word' id='word_1_236' title='bbox 1247 3898 1336 3954; x_wconf 93' lang='lat' dir='ltr'><strong>solum</strong></span> <span class='ocrx_word' id='word_1_237' title='bbox 1349 3914 1382 3953; x_wconf 90' lang='lat' dir='ltr'><strong>eii</strong></span> <span class='ocrx_word' id='word_1_238' title='bbox 1394 3896 1438 3953; x_wconf 91' lang='lat' dir='ltr'><strong>his</strong></span> <span class='ocrx_word' id='word_1_239' title='bbox 1449 3898 1572 3953; x_wconf 88' lang='lat' dir='ltr'><strong>Cassiani</strong></span> <span class='ocrx_word' id='word_1_240' title='bbox 1590 3894 1744 3965; x_wconf 75' lang='lat' dir='ltr'><strong>insignibus</strong></span> 
     </span>
    </p>
   </div>
   <div class='ocr_carea' id='block_1_14' title="bbox 82 3966 1743 4302">
    <p class='ocr_par' dir='ltr' id='par_1_14' title="bbox 82 3966 1743 4302">
     <span class='ocr_line' id='line_1_28' title="bbox 83 3966 1743 4039; baseline -0.002 -17"><span class='ocrx_word' id='word_1_241' title='bbox 83 3967 888 4034; x_wconf 69' lang='lat' dir='ltr'><strong>lectio,cdliibitntamencollcts&#39;oiiemujoecmintellegentium,</strong></span> <span class='ocrx_word' id='word_1_242' title='bbox 943 3970 1133 4025; x_wconf 90' lang='lat' dir='ltr'><strong>collationibus</strong></span> <span class='ocrx_word' id='word_1_243' title='bbox 1142 3977 1259 4034; x_wconf 86' lang='lat' dir='ltr'><strong>constat,</strong></span> <span class='ocrx_word' id='word_1_244' title='bbox 1292 3984 1334 4024; x_wconf 88' lang='lat' dir='ltr'><strong>uae</strong></span> <span class='ocrx_word' id='word_1_245' title='bbox 1351 3984 1384 4024; x_wconf 89' lang='lat' dir='ltr'><strong>eii</strong></span> <span class='ocrx_word' id='word_1_246' title='bbox 1398 3968 1483 4039; x_wconf 91' lang='lat' dir='ltr'><strong>ipsius</strong></span> <span class='ocrx_word' id='word_1_247' title='bbox 1495 3966 1623 4023; x_wconf 86' lang='lat' dir='ltr'><strong>facundia</strong></span> <span class='ocrx_word' id='word_1_248' title='bbox 1638 3971 1743 4020; x_wconf 89' lang='lat' dir='ltr'><strong>mentes</strong></span> 
     </span>
     <span class='ocr_line' id='line_1_29' title="bbox 82 3984 1742 4119; baseline -0.001 -27"><span class='ocrx_word' id='word_1_249' title='bbox 82 4041 196 4108; x_wconf 80' lang='lat' dir='ltr'><strong>prebet.</strong></span> <span class='ocrx_word' id='word_1_250' title='bbox 209 4041 355 4095; x_wconf 79' lang='lat' dir='ltr'><strong>illeliuscst</strong></span> <span class='ocrx_word' id='word_1_251' title='bbox 366 4040 437 4091; x_wconf 82' lang='lat' dir='ltr'><strong>enim</strong></span> <span class='ocrx_word' id='word_1_252' title='bbox 448 4037 769 4117; x_wconf 58' lang='lat' dir='ltr'><strong>coiiseiregunmlepere.</strong></span> <span class='ocrx_word' id='word_1_253' title='bbox 780 4036 892 4093; x_wconf 75' lang='lat' dir='ltr'><strong>collatio</strong></span> <span class='ocrx_word' id='word_1_254' title='bbox 945 4039 1092 4119; x_wconf 80' lang='lat' dir='ltr'><strong>legentium</strong></span> <span class='ocrx_word' id='word_1_255' title='bbox 1111 4041 1225 4096; x_wconf 82' lang='lat' dir='ltr'><strong>mirilico</strong></span> <span class='ocrx_word' id='word_1_256' title='bbox 1243 3984 1381 4096; x_wconf 55' lang='lat' dir='ltr'><strong>deiectam</strong></span> <span class='ocrx_word' id='word_1_257' title='bbox 1403 4047 1430 4094; x_wconf 93' lang='lat' dir='ltr'><strong>et</strong></span> <span class='ocrx_word' id='word_1_258' title='bbox 1444 4046 1571 4103; x_wconf 86' lang='lat' dir='ltr'><strong>movent,</strong></span> <span class='ocrx_word' id='word_1_259' title='bbox 1586 4045 1613 4093; x_wconf 88' lang='lat' dir='ltr'><strong>et</strong></span> <span class='ocrx_word' id='word_1_260' title='bbox 1630 4050 1742 4092; x_wconf 92' lang='lat' dir='ltr'><strong>omnem</strong></span> 
     </span>
     <span class='ocr_line' id='line_1_30' title="bbox 84 4108 1742 4203; baseline -0.004 -37"><span class='ocrx_word' id='word_1_261' title='bbox 84 4115 175 4165; x_wconf 80' lang='lat' dir='ltr'><strong>utitem</strong></span> <span class='ocrx_word' id='word_1_262' title='bbox 187 4111 380 4165; x_wconf 77' lang='lat' dir='ltr'><strong>docibilitatem</strong></span> <span class='ocrx_word' id='word_1_263' title='bbox 389 4108 545 4174; x_wconf 62' lang='lat' dir='ltr'><strong>{cicitdlum</strong></span> <span class='ocrx_word' id='word_1_264' title='bbox 552 4108 928 4203; x_wconf 71' lang='lat' dir='ltr'><strong>proposittsinterropctio·ss</strong></span> <span class='ocrx_word' id='word_1_265' title='bbox 945 4108 1095 4179; x_wconf 88' lang='lat' dir='ltr'><strong>spiritualis</strong></span> <span class='ocrx_word' id='word_1_266' title='bbox 1110 4109 1172 4165; x_wconf 84' lang='lat' dir='ltr'><strong>vitae</strong></span> <span class='ocrx_word' id='word_1_267' title='bbox 1193 4109 1345 4166; x_wconf 89' lang='lat' dir='ltr'><strong>doctrinam</strong></span> <span class='ocrx_word' id='word_1_268' title='bbox 1360 4109 1515 4174; x_wconf 76' lang='lat' dir='ltr'><strong>continent3</strong></span> <span class='ocrx_word' id='word_1_269' title='bbox 1534 4109 1580 4165; x_wconf 92' lang='lat' dir='ltr'><strong>sed</strong></span> <span class='ocrx_word' id='word_1_270' title='bbox 1594 4116 1622 4163; x_wconf 88' lang='lat' dir='ltr'><strong>et</strong></span> <span class='ocrx_word' id='word_1_271' title='bbox 1633 4113 1742 4161; x_wconf 90' lang='lat' dir='ltr'><strong>sancto·</strong></span> 
     </span>
     <span class='ocr_line' id='line_1_31' title="bbox 88 4176 1740 4302; baseline -0.004 -67"><span class='ocrx_word' id='word_1_272' title='bbox 88 4182 407 4235; x_wconf 78' lang='lat' dir='ltr'><strong>nibnsennctatiorerum</strong></span> <span class='ocrx_word' id='word_1_273' title='bbox 416 4178 578 4245; x_wconf 73' lang='lat' dir='ltr'><strong>occluditur,</strong></span> <span class='ocrx_word' id='word_1_274' title='bbox 590 4183 615 4233; x_wconf 91' lang='lat' dir='ltr'><strong>et</strong></span> <span class='ocrx_word' id='word_1_275' title='bbox 623 4176 890 4248; x_wconf 76' lang='lat' dir='ltr'><strong>soepeobjectabiiibus</strong></span> <span class='ocrx_word' id='word_1_276' title='bbox 944 4194 1008 4235; x_wconf 90' lang='lat' dir='ltr'><strong>rum</strong></span> <span class='ocrx_word' id='word_1_277' title='bbox 1023 4182 1134 4235; x_wconf 82' lang='lat' dir='ltr'><strong>Petrum</strong></span> <span class='ocrx_word' id='word_1_278' title='bbox 1148 4179 1313 4234; x_wconf 88' lang='lat' dir='ltr'><strong>testimoniis</strong></span> <span class='ocrx_word' id='word_1_279' title='bbox 1326 4178 1525 4302; x_wconf 67' lang='lat' dir='ltr'><strong>comprobatur</strong></span> <span class='ocrx_word' id='word_1_280' title='bbox 1543 4179 1639 4246; x_wconf 83' lang='lat' dir='ltr'><strong>(Vide,</strong></span> <span class='ocrx_word' id='word_1_281' title='bbox 1652 4178 1740 4244; x_wconf 69' lang='lat' dir='ltr'><strong>infru,</strong></span> 
     </span>
    </p>
   </div>
   <div class='ocr_carea' id='block_1_15' title="bbox 82 4248 1743 5885">
    <p class='ocr_par' dir='ltr' id='par_1_15' title="bbox 82 4248 1743 5885">
     <span class='ocr_line' id='line_1_32' title="bbox 86 4248 1742 4321; baseline -0.002 -15"><span class='ocrx_word' id='word_1_282' title='bbox 86 4251 177 4306; x_wconf 77' lang='lat' dir='ltr'><strong>latens</strong></span> <span class='ocrx_word' id='word_1_283' title='bbox 193 4250 294 4303; x_wconf 76' lang='lat' dir='ltr'><strong>neritus</strong></span> <span class='ocrx_word' id='word_1_284' title='bbox 305 4248 479 4318; x_wconf 74' lang='lat' dir='ltr'><strong>approbatur.</strong></span> <span class='ocrx_word' id='word_1_285' title='bbox 496 4249 572 4317; x_wconf 79' lang='lat' dir='ltr'><strong>Quod</strong></span> <span class='ocrx_word' id='word_1_286' title='bbox 585 4251 656 4304; x_wconf 80' lang='lat' dir='ltr'><strong>enim</strong></span> <span class='ocrx_word' id='word_1_287' title='bbox 675 4248 829 4314; x_wconf 79' lang='lat' dir='ltr'><strong>obstutttm,</strong></span> <span class='ocrx_word' id='word_1_288' title='bbox 841 4255 891 4305; x_wconf 85' lang='lat' dir='ltr'><strong>out</strong></span> <span class='ocrx_word' id='word_1_289' title='bbox 944 4251 1035 4305; x_wconf 84' lang='lat' dir='ltr'><strong>collat.</strong></span> <span class='ocrx_word' id='word_1_290' title='bbox 1049 4253 1065 4303; x_wconf 78' lang='lat'>2</span> <span class='ocrx_word' id='word_1_291' title='bbox 1078 4264 1139 4318; x_wconf 82' lang='lat' dir='ltr'><strong>cap.</strong></span> <span class='ocrx_word' id='word_1_292' title='bbox 1159 4249 1196 4321; x_wconf 77' lang='lat'><strong>2).</strong></span> <span class='ocrx_word' id='word_1_293' title='bbox 1210 4248 1242 4304; x_wconf 96' lang='lat' dir='ltr'><strong>ld</strong></span> <span class='ocrx_word' id='word_1_294' title='bbox 1263 4249 1337 4305; x_wconf 90' lang='lat' dir='ltr'><strong>eiiim</strong></span> <span class='ocrx_word' id='word_1_295' title='bbox 1350 4255 1386 4306; x_wconf 77' lang='lat' dir='ltr'><strong>it</strong></span> <span class='ocrx_word' id='word_1_296' title='bbox 1407 4248 1515 4304; x_wconf 87' lang='lat' dir='ltr'><strong>anasius</strong></span> <span class='ocrx_word' id='word_1_297' title='bbox 1527 4250 1553 4304; x_wconf 93' lang='lat' dir='ltr'><strong>in</strong></span> <span class='ocrx_word' id='word_1_298' title='bbox 1567 4249 1628 4305; x_wconf 88' lang='lat' dir='ltr'><strong>Vita</strong></span> <span class='ocrx_word' id='word_1_299' title='bbox 1645 4249 1673 4302; x_wconf 84' lang='lat' dir='ltr'><strong>S.</strong></span> <span class='ocrx_word' id='word_1_300' title='bbox 1689 4254 1742 4303; x_wconf 79' lang='lat' dir='ltr'><strong>An·</strong></span> 
     </span>
     <span class='ocr_line' id='line_1_33' title="bbox 84 4317 1742 4393; baseline -0.002 -15"><span class='ocrx_word' id='word_1_301' title='bbox 84 4320 435 4388; x_wconf 77' lang='lat' dir='ltr'><strong>dubinmest,eoosereiido</strong></span> <span class='ocrx_word' id='word_1_302' title='bbox 445 4318 891 4391; x_wconf 75' lang='lat' dir='ltr'><strong>ettoperspicitui.sicille.colla·</strong></span> <span class='ocrx_word' id='word_1_303' title='bbox 944 4320 1010 4376; x_wconf 90' lang='lat' dir='ltr'><strong>tonii</strong></span> <span class='ocrx_word' id='word_1_304' title='bbox 1032 4320 1176 4377; x_wconf 76' lang='lat' dir='ltr'><strong>memorias</strong></span> <span class='ocrx_word' id='word_1_305' title='bbox 1200 4318 1336 4392; x_wconf 86' lang='lat' dir='ltr'><strong>prodidit,</strong></span> <span class='ocrx_word' id='word_1_306' title='bbox 1360 4317 1406 4376; x_wconf 93' lang='lat' dir='ltr'><strong>ubi</strong></span> <span class='ocrx_word' id='word_1_307' title='bbox 1429 4318 1550 4393; x_wconf 86' lang='lat' dir='ltr'><strong>ejusdem</strong></span> <span class='ocrx_word' id='word_1_308' title='bbox 1578 4318 1742 4375; x_wconf 89' lang='lat' dir='ltr'><strong>sanctissimi</strong></span> 
     </span>
     <span class='ocr_line' id='line_1_34' title="bbox 84 4389 1742 4465; baseline 0 -18"><span class='ocrx_word' id='word_1_309' title='bbox 84 4392 180 4447; x_wconf 89' lang='lat' dir='ltr'><strong>tiones</strong></span> <span class='ocrx_word' id='word_1_310' title='bbox 195 4390 286 4460; x_wconf 88' lang='lat' dir='ltr'><strong>itaque</strong></span> <span class='ocrx_word' id='word_1_311' title='bbox 307 4392 419 4446; x_wconf 83' lang='lat' dir='ltr'><strong>Patmm</strong></span> <span class='ocrx_word' id='word_1_312' title='bbox 440 4390 553 4447; x_wconf 80' lang='lat' dir='ltr'><strong>auctori</strong></span> <span class='ocrx_word' id='word_1_313' title='bbox 571 4390 657 4447; x_wconf 80' lang='lat' dir='ltr'><strong>nisum</strong></span> <span class='ocrx_word' id='word_1_314' title='bbox 678 4399 720 4446; x_wconf 89' lang='lat' dir='ltr'><strong>est</strong></span> <span class='ocrx_word' id='word_1_315' title='bbox 742 4390 889 4448; x_wconf 84' lang='lat' dir='ltr'><strong>inscribere</strong></span> <span class='ocrx_word' id='word_1_316' title='bbox 943 4391 1029 4448; x_wconf 86' lang='lat' dir='ltr'><strong>Patris</strong></span> <span class='ocrx_word' id='word_1_317' title='bbox 1045 4389 1264 4448; x_wconf 84' lang='lat' dir='ltr'><strong>exhortationem</strong></span> <span class='ocrx_word' id='word_1_318' title='bbox 1287 4391 1321 4448; x_wconf 91' lang='lat' dir='ltr'><strong>ad</strong></span> <span class='ocrx_word' id='word_1_319' title='bbox 1345 4390 1441 4462; x_wconf 82' lang='lat' dir='ltr'><strong>iratres</strong></span> <span class='ocrx_word' id='word_1_320' title='bbox 1462 4391 1542 4449; x_wconf 90' lang='lat' dir='ltr'><strong>simul</strong></span> <span class='ocrx_word' id='word_1_321' title='bbox 1563 4399 1742 4465; x_wconf 83' lang='lat' dir='ltr'><strong>congregatos</strong></span> 
     </span>
     <span class='ocr_line' id='line_1_35' title="bbox 83 4460 1738 4545; baseline -0.001 -27"><span class='ocrx_word' id='word_1_322' title='bbox 83 4460 235 4518; x_wconf 72' lang='lat' dir='ltr'><strong>familiares</strong></span> <span class='ocrx_word' id='word_1_323' title='bbox 249 4476 410 4533; x_wconf 89' lang='lat' dir='ltr'><strong>congressus</strong></span> <span class='ocrx_word' id='word_1_324' title='bbox 423 4469 451 4518; x_wconf 90' lang='lat' dir='ltr'><strong>et</strong></span> <span class='ocrx_word' id='word_1_325' title='bbox 469 4462 619 4533; x_wconf 85' lang='lat' dir='ltr'><strong>colloquia,</strong></span> <span class='ocrx_word' id='word_1_326' title='bbox 631 4461 732 4535; x_wconf 81' lang='lat' dir='ltr'><strong>quibus</strong></span> <span class='ocrx_word' id='word_1_327' title='bbox 742 4460 800 4534; x_wconf 83' lang='lat' dir='ltr'><strong>ipse</strong></span> <span class='ocrx_word' id='word_1_328' title='bbox 813 4461 886 4534; x_wconf 90' lang='lat' dir='ltr'><strong>ejus·</strong></span> <span class='ocrx_word' id='word_1_329' title='bbox 942 4460 1066 4518; x_wconf 81' lang='lat' dir='ltr'><strong>habitam·</strong></span> <span class='ocrx_word' id='word_1_330' title='bbox 1075 4470 1282 4520; x_wconf 86' lang='lat' dir='ltr'><strong>commemorat.</strong></span> <span class='ocrx_word' id='word_1_331' title='bbox 1297 4462 1370 4519; x_wconf 90' lang='lat' dir='ltr'><strong>idem</strong></span> <span class='ocrx_word' id='word_1_332' title='bbox 1387 4466 1419 4518; x_wconf 90' lang='lat' dir='ltr'><strong>D.</strong></span> <span class='ocrx_word' id='word_1_333' title='bbox 1438 4464 1622 4536; x_wconf 83' lang='lat' dir='ltr'><strong>liieronymns</strong></span> <span class='ocrx_word' id='word_1_334' title='bbox 1634 4465 1738 4545; x_wconf 77' lang='lat' dir='ltr'><strong>(Epist.</strong></span> 
     </span>
     <span class='ocr_line' id='line_1_36' title="bbox 82 4530 1741 4608; baseline 0.002 -21"><span class='ocrx_word' id='word_1_335' title='bbox 82 4546 139 4604; x_wconf 87' lang='lat' dir='ltr'><strong>que</strong></span> <span class='ocrx_word' id='word_1_336' title='bbox 152 4532 255 4604; x_wconf 87' lang='lat' dir='ltr'><strong>collega</strong></span> <span class='ocrx_word' id='word_1_337' title='bbox 272 4536 429 4589; x_wconf 89' lang='lat' dir='ltr'><strong>Germanus</strong></span> <span class='ocrx_word' id='word_1_338' title='bbox 442 4533 476 4589; x_wconf 89' lang='lat' dir='ltr'><strong>de</strong></span> <span class='ocrx_word' id='word_1_339' title='bbox 495 4534 577 4590; x_wconf 88' lang='lat' dir='ltr'><strong>rebus</strong></span> <span class='ocrx_word' id='word_1_340' title='bbox 596 4530 790 4604; x_wconf 87' lang='lat' dir='ltr'><strong>spiritualibus.</strong></span> <span class='ocrx_word' id='word_1_341' title='bbox 806 4541 834 4589; x_wconf 90' lang='lat' dir='ltr'><strong>et</strong></span> <span class='ocrx_word' id='word_1_342' title='bbox 851 4530 887 4589; x_wconf 95' lang='lat' dir='ltr'><strong>ad</strong></span> <span class='ocrx_word' id='word_1_343' title='bbox 940 4537 987 4600; x_wconf 72' lang='lat' dir='ltr'><strong>tt,</strong></span> <span class='ocrx_word' id='word_1_344' title='bbox 1001 4536 1039 4591; x_wconf 87' lang='lat' dir='ltr'><strong>nd</strong></span> <span class='ocrx_word' id='word_1_345' title='bbox 1048 4534 1150 4605; x_wconf 77' lang='lat' dir='ltr'><strong>tusto.)</strong></span> <span class='ocrx_word' id='word_1_346' title='bbox 1166 4534 1200 4592; x_wconf 90' lang='lat' dir='ltr'><strong>de</strong></span> <span class='ocrx_word' id='word_1_347' title='bbox 1214 4534 1358 4592; x_wconf 88' lang='lat' dir='ltr'><strong>monachis</strong></span> <span class='ocrx_word' id='word_1_348' title='bbox 1375 4535 1517 4608; x_wconf 68' lang='lat' dir='ltr'><strong>AEgyptiis,</strong></span> <span class='ocrx_word' id='word_1_349' title='bbox 1539 4536 1585 4592; x_wconf 92' lang='lat' dir='ltr'><strong>ubi</strong></span> <span class='ocrx_word' id='word_1_350' title='bbox 1598 4534 1656 4592; x_wconf 89' lang='lat' dir='ltr'><strong>haec</strong></span> <span class='ocrx_word' id='word_1_351' title='bbox 1669 4543 1741 4590; x_wconf 87' lang='lat' dir='ltr'><strong>inter</strong></span> 
     </span>
     <span class='ocr_line' id='line_1_37' title="bbox 83 4601 1740 4675; baseline 0.001 -19"><span class='ocrx_word' id='word_1_352' title='bbox 83 4601 147 4657; x_wconf 81' lang='lat' dir='ltr'><strong>vitae</strong></span> <span class='ocrx_word' id='word_1_353' title='bbox 160 4603 322 4660; x_wconf 85' lang='lat' dir='ltr'><strong>monasticae</strong></span> <span class='ocrx_word' id='word_1_354' title='bbox 338 4602 532 4675; x_wconf 88' lang='lat' dir='ltr'><strong>perfectionem</strong></span> <span class='ocrx_word' id='word_1_355' title='bbox 547 4602 716 4675; x_wconf 77' lang='lat' dir='ltr'><strong>praecipuas</strong></span> <span class='ocrx_word' id='word_1_356' title='bbox 751 4604 887 4661; x_wconf 90' lang='lat' dir='ltr'><strong>ctantibus</strong></span> <span class='ocrx_word' id='word_1_357' title='bbox 940 4604 1016 4661; x_wconf 93' lang='lat' dir='ltr'><strong>alia:</strong></span> <span class='ocrx_word' id='word_1_358' title='bbox 1039 4610 1102 4663; x_wconf 85' lang='lat' dir='ltr'><strong>Post</strong></span> <span class='ocrx_word' id='word_1_359' title='bbox 1125 4607 1220 4662; x_wconf 84' lang='lat' dir='ltr'><strong>borum</strong></span> <span class='ocrx_word' id='word_1_360' title='bbox 1237 4622 1337 4662; x_wconf 84' lang='lat' dir='ltr'><strong>nonum</strong></span> <span class='ocrx_word' id='word_1_361' title='bbox 1354 4610 1383 4661; x_wconf 83' lang='lat' dir='ltr'><strong>ih</strong></span> <span class='ocrx_word' id='word_1_362' title='bbox 1403 4623 1539 4662; x_wconf 79' lang='lat' dir='ltr'><strong>commatice</strong></span> <span class='ocrx_word' id='word_1_363' title='bbox 1557 4609 1740 4669; x_wconf 77' lang='lat' dir='ltr'><strong>conani-ritui·;</strong></span> 
     </span>
     <span class='ocr_line' id='line_1_38' title="bbox 83 4673 1742 4748; baseline -0.001 -21"><span class='ocrx_word' id='word_1_364' title='bbox 83 4687 148 4728; x_wconf 92' lang='lat' dir='ltr'><strong>cum</strong></span> <span class='ocrx_word' id='word_1_365' title='bbox 165 4674 300 4742; x_wconf 86' lang='lat' dir='ltr'><strong>Patribus,</strong></span> <span class='ocrx_word' id='word_1_366' title='bbox 318 4675 375 4730; x_wconf 85' lang='lat' dir='ltr'><strong>siie</strong></span> <span class='ocrx_word' id='word_1_367' title='bbox 389 4673 562 4730; x_wconf 88' lang='lat' dir='ltr'><strong>anachoretis</strong></span> <span class='ocrx_word' id='word_1_368' title='bbox 584 4673 721 4730; x_wconf 87' lang='lat' dir='ltr'><strong>illustriori</strong></span> <span class='ocrx_word' id='word_1_369' title='bbox 742 4689 784 4742; x_wconf 92' lang='lat' dir='ltr'><strong>us,</strong></span> <span class='ocrx_word' id='word_1_370' title='bbox 798 4674 888 4731; x_wconf 81' lang='lat' dir='ltr'><strong>diver·</strong></span> <span class='ocrx_word' id='word_1_371' title='bbox 940 4678 1044 4732; x_wconf 81' lang='lat' dir='ltr'><strong>Psalmi·</strong></span> <span class='ocrx_word' id='word_1_372' title='bbox 1065 4684 1200 4741; x_wconf 72' lang='lat' dir='ltr'><strong>resecant,</strong></span> <span class='ocrx_word' id='word_1_373' title='bbox 1222 4678 1371 4748; x_wconf 74' lang='lat' dir='ltr'><strong>Sospinroe</strong></span> <span class='ocrx_word' id='word_1_374' title='bbox 1393 4681 1541 4733; x_wconf 77' lang='lat' dir='ltr'><strong>recitantiu-</strong></span> <span class='ocrx_word' id='word_1_375' title='bbox 1561 4693 1595 4731; x_wconf 80' lang='lat' dir='ltr'><strong>ea</strong></span> <span class='ocrx_word' id='word_1_376' title='bbox 1615 4692 1702 4738; x_wconf 61' lang='lat' dir='ltr'><strong>morc-</strong></span> <span class='ocrx_word' id='word_1_377' title='bbox 1715 4678 1742 4727; x_wconf 85' lang='lat' dir='ltr'><strong>et</strong></span> 
     </span>
     <span class='ocr_line' id='line_1_39' title="bbox 84 4743 1739 4819; baseline -0.003 -20"><span class='ocrx_word' id='word_1_378' title='bbox 84 4744 124 4799; x_wconf 88' lang='lat' dir='ltr'><strong>sis</strong></span> <span class='ocrx_word' id='word_1_379' title='bbox 138 4743 166 4798; x_wconf 93' lang='lat' dir='ltr'><strong>in</strong></span> <span class='ocrx_word' id='word_1_380' title='bbox 179 4745 244 4800; x_wconf 90' lang='lat' dir='ltr'><strong>locis</strong></span> <span class='ocrx_word' id='word_1_381' title='bbox 263 4744 450 4813; x_wconf 89' lang='lat' dir='ltr'><strong>contulerunt,</strong></span> <span class='ocrx_word' id='word_1_382' title='bbox 462 4760 613 4816; x_wconf 86' lang='lat' dir='ltr'><strong>eorumque</strong></span> <span class='ocrx_word' id='word_1_383' title='bbox 632 4744 803 4812; x_wconf 88' lang='lat' dir='ltr'><strong>doctrinam,</strong></span> <span class='ocrx_word' id='word_1_384' title='bbox 824 4760 888 4802; x_wconf 91' lang='lat' dir='ltr'><strong>mo-</strong></span> <span class='ocrx_word' id='word_1_385' title='bbox 941 4750 1420 4819; x_wconf 80' lang='lat' dir='ltr'><strong>completisocnttoni&#39;bns,cunctisque</strong></span> <span class='ocrx_word' id='word_1_386' title='bbox 1431 4747 1619 4808; x_wconf 72' lang='lat' dir='ltr'><strong>residentibus,</strong></span> <span class='ocrx_word' id='word_1_387' title='bbox 1626 4745 1739 4804; x_wconf 79' lang='lat' dir='ltr'><strong>madius,</strong></span> 
     </span>
     <span class='ocr_line' id='line_1_40' title="bbox 84 4814 1743 4888; baseline -0.002 -19"><span class='ocrx_word' id='word_1_388' title='bbox 84 4814 212 4881; x_wconf 88' lang='lat' dir='ltr'><strong>nitiones,</strong></span> <span class='ocrx_word' id='word_1_389' title='bbox 227 4815 410 4872; x_wconf 89' lang='lat' dir='ltr'><strong>institutiones</strong></span> <span class='ocrx_word' id='word_1_390' title='bbox 419 4831 451 4872; x_wconf 91' lang='lat' dir='ltr'><strong>ac</strong></span> <span class='ocrx_word' id='word_1_391' title='bbox 466 4815 572 4888; x_wconf 88' lang='lat' dir='ltr'><strong>regulas</strong></span> <span class='ocrx_word' id='word_1_392' title='bbox 581 4815 788 4888; x_wconf 87' lang='lat' dir='ltr'><strong>diligentissime</strong></span> <span class='ocrx_word' id='word_1_393' title='bbox 797 4816 888 4888; x_wconf 83' lang='lat' dir='ltr'><strong>exqui-</strong></span> <span class='ocrx_word' id='word_1_394' title='bbox 941 4833 1019 4887; x_wconf 78' lang='lat' dir='ltr'><strong>guen</strong></span> <span class='ocrx_word' id='word_1_395' title='bbox 1030 4823 1139 4875; x_wconf 80' lang='lat' dir='ltr'><strong>Putrem</strong></span> <span class='ocrx_word' id='word_1_396' title='bbox 1152 4823 1255 4880; x_wconf 84' lang='lat' dir='ltr'><strong>cocunt,</strong></span> <span class='ocrx_word' id='word_1_397' title='bbox 1266 4819 1362 4886; x_wconf 76' lang='lat' dir='ltr'><strong>incipit</strong></span> <span class='ocrx_word' id='word_1_398' title='bbox 1380 4819 1535 4885; x_wconf 66' lang='lat' dir='ltr'><strong>dispectum</strong></span> <span class='ocrx_word' id='word_1_399' title='bbox 1556 4827 1609 4881; x_wconf 80' lang='lat' dir='ltr'><strong>qim</strong></span> <span class='ocrx_word' id='word_1_400' title='bbox 1620 4814 1743 4880; x_wconf 78' lang='lat' dir='ltr'><strong>logiicntc</strong></span> 
     </span>
     <span class='ocr_line' id='line_1_41' title="bbox 84 4885 1741 4959; baseline -0.002 -18"><span class='ocrx_word' id='word_1_401' title='bbox 84 4892 193 4941; x_wconf 80' lang='lat' dir='ltr'><strong>aierunt</strong></span> <span class='ocrx_word' id='word_1_402' title='bbox 205 4894 231 4939; x_wconf 92' lang='lat' dir='ltr'><strong>ct</strong></span> <span class='ocrx_word' id='word_1_403' title='bbox 247 4895 426 4959; x_wconf 80' lang='lat' dir='ltr'><strong>exceperunt3</strong></span> <span class='ocrx_word' id='word_1_404' title='bbox 442 4902 509 4958; x_wconf 89' lang='lat' dir='ltr'><strong>quas</strong></span> <span class='ocrx_word' id='word_1_405' title='bbox 524 4886 622 4943; x_wconf 87' lang='lat' dir='ltr'><strong>deindo</strong></span> <span class='ocrx_word' id='word_1_406' title='bbox 640 4887 810 4954; x_wconf 85' lang='lat' dir='ltr'><strong>Cassianum,</strong></span> <span class='ocrx_word' id='word_1_407' title='bbox 824 4902 888 4943; x_wconf 92' lang='lat' dir='ltr'><strong>cnm</strong></span> <span class='ocrx_word' id='word_1_408' title='bbox 942 4893 1050 4944; x_wconf 85' lang='lat' dir='ltr'><strong>tuntum</strong></span> <span class='ocrx_word' id='word_1_409' title='bbox 1069 4890 1207 4943; x_wconf 65' lang='lat' dir='ltr'><strong>alentium</strong></span> <span class='ocrx_word' id='word_1_410' title='bbox 1224 4890 1265 4957; x_wconf 76' lang='lat' dir='ltr'><strong>fit,</strong></span> <span class='ocrx_word' id='word_1_411' title='bbox 1282 4892 1313 4940; x_wconf 84' lang='lat' dir='ltr'><strong>ut</strong></span> <span class='ocrx_word' id='word_1_412' title='bbox 1326 4900 1401 4940; x_wconf 83' lang='lat' dir='ltr'><strong>nemo</strong></span> <span class='ocrx_word' id='word_1_413' title='bbox 1415 4886 1499 4938; x_wconf 85' lang='lat' dir='ltr'><strong>alium</strong></span> <span class='ocrx_word' id='word_1_414' title='bbox 1512 4885 1651 4953; x_wconf 80' lang='lat' dir='ltr'><strong>respicere,</strong></span> <span class='ocrx_word' id='word_1_415' title='bbox 1666 4897 1741 4937; x_wconf 78' lang='lat' dir='ltr'><strong>ricino</strong></span> 
     </span>
     <span class='ocr_line' id='line_1_42' title="bbox 85 4954 1740 5029; baseline -0.002 -17"><span class='ocrx_word' id='word_1_416' title='bbox 85 4954 163 5027; x_wconf 91' lang='lat' dir='ltr'><strong>apud</strong></span> <span class='ocrx_word' id='word_1_417' title='bbox 187 4957 338 5014; x_wconf 88' lang='lat' dir='ltr'><strong>Massiliam</strong></span> <span class='ocrx_word' id='word_1_418' title='bbox 353 4966 460 5029; x_wconf 86' lang='lat' dir='ltr'><strong>ageret,</strong></span> <span class='ocrx_word' id='word_1_419' title='bbox 483 4957 632 5013; x_wconf 86' lang='lat' dir='ltr'><strong>multorum</strong></span> <span class='ocrx_word' id='word_1_420' title='bbox 651 4957 842 5029; x_wconf 89' lang='lat' dir='ltr'><strong>episcoporum</strong></span> <span class='ocrx_word' id='word_1_421' title='bbox 860 4966 889 5014; x_wconf 92' lang='lat' dir='ltr'><strong>et</strong></span> <span class='ocrx_word' id='word_1_422' title='bbox 943 4955 1740 5024; x_wconf 66' lang='lat' dir='ltr'><strong>cudentccscrecrc3dicentisicnsinfletucstuudiccti&#39;uw</strong></span> 
     </span>
     <span class='ocr_line' id='line_1_43' title="bbox 84 5025 1740 5100; baseline -0.001 -17"><span class='ocrx_word' id='word_1_423' title='bbox 84 5025 276 5100; x_wconf 87' lang='lat' dir='ltr'><strong>religiosorum</strong></span> <span class='ocrx_word' id='word_1_424' title='bbox 287 5029 408 5085; x_wconf 87' lang='lat' dir='ltr'><strong>virorum</strong></span> <span class='ocrx_word' id='word_1_425' title='bbox 423 5028 532 5085; x_wconf 87' lang='lat' dir='ltr'><strong>hortatu</strong></span> <span class='ocrx_word' id='word_1_426' title='bbox 545 5029 652 5100; x_wconf 90' lang='lat' dir='ltr'><strong>scriptis</strong></span> <span class='ocrx_word' id='word_1_427' title='bbox 663 5027 816 5096; x_wconf 87' lang='lat' dir='ltr'><strong>mandasse,</strong></span> <span class='ocrx_word' id='word_1_428' title='bbox 827 5036 901 5086; x_wconf 82' lang='lat' dir='ltr'><strong>tum-</strong></span> <span class='ocrx_word' id='word_1_429' title='bbox 943 5031 1033 5084; x_wconf 87' lang='lat' dir='ltr'><strong>tccitoe</strong></span> <span class='ocrx_word' id='word_1_430' title='bbox 1046 5030 1245 5098; x_wconf 64' lang='lat' dir='ltr'><strong>catecumina</strong></span> <span class='ocrx_word' id='word_1_431' title='bbox 1259 5042 1307 5081; x_wconf 83' lang='lat' dir='ltr'><strong>ora</strong></span> <span class='ocrx_word' id='word_1_432' title='bbox 1320 5025 1461 5097; x_wconf 74' lang='lat' dir='ltr'><strong>iucrymae,</strong></span> <span class='ocrx_word' id='word_1_433' title='bbox 1474 5031 1501 5082; x_wconf 90' lang='lat' dir='ltr'><strong>et</strong></span> <span class='ocrx_word' id='word_1_434' title='bbox 1517 5042 1550 5081; x_wconf 82' lang='lat' dir='ltr'><strong>ae</strong></span> <span class='ocrx_word' id='word_1_435' title='bbox 1563 5029 1593 5081; x_wconf 86' lang='lat' dir='ltr'><strong>iii</strong></span> <span class='ocrx_word' id='word_1_436' title='bbox 1606 5028 1740 5097; x_wconf 79' lang='lat' dir='ltr'><strong>singultus</strong></span> 
     </span>
     <span class='ocr_line' id='line_1_44' title="bbox 86 5097 1742 5172; baseline -0.001 -19"><span class='ocrx_word' id='word_1_437' title='bbox 86 5097 170 5169; x_wconf 90' lang='lat' dir='ltr'><strong>ipsius</strong></span> <span class='ocrx_word' id='word_1_438' title='bbox 195 5099 332 5164; x_wconf 79' lang='lat' dir='ltr'><strong>Cassiani,</strong></span> <span class='ocrx_word' id='word_1_439' title='bbox 357 5107 418 5156; x_wconf 91' lang='lat' dir='ltr'><strong>tum</strong></span> <span class='ocrx_word' id='word_1_440' title='bbox 439 5099 556 5156; x_wconf 86' lang='lat' dir='ltr'><strong>aliorum</strong></span> <span class='ocrx_word' id='word_1_441' title='bbox 580 5098 798 5172; x_wconf 87' lang='lat' dir='ltr'><strong>locupletissimis</strong></span> <span class='ocrx_word' id='word_1_442' title='bbox 815 5099 889 5156; x_wconf 87' lang='lat' dir='ltr'><strong>testi·</strong></span> <span class='ocrx_word' id='word_1_443' title='bbox 942 5100 1051 5168; x_wconf 84' lang='lat' dir='ltr'><strong>quidem</strong></span> <span class='ocrx_word' id='word_1_444' title='bbox 1064 5099 1270 5170; x_wconf 83' lang='lat' dir='ltr'><strong>erumpitdolor.</strong></span> <span class='ocrx_word' id='word_1_445' title='bbox 1282 5100 1346 5155; x_wconf 80' lang='lat' dir='ltr'><strong>Cutis</strong></span> <span class='ocrx_word' id='word_1_446' title='bbox 1357 5115 1417 5154; x_wconf 72' lang='lat' dir='ltr'><strong>ciero</strong></span> <span class='ocrx_word' id='word_1_447' title='bbox 1430 5099 1660 5166; x_wconf 79' lang='lat' dir='ltr'><strong>derepcochia‘sti</strong></span> <span class='ocrx_word' id='word_1_448' title='bbox 1673 5098 1742 5152; x_wconf 83' lang='lat' dir='ltr'><strong>etde</strong></span> 
     </span>
     <span class='ocr_line' id='line_1_45' title="bbox 86 5168 1741 5243; baseline 0.001 -20"><span class='ocrx_word' id='word_1_449' title='bbox 86 5168 189 5224; x_wconf 89' lang='lat' dir='ltr'><strong>moniis</strong></span> <span class='ocrx_word' id='word_1_450' title='bbox 203 5177 230 5224; x_wconf 88' lang='lat' dir='ltr'><strong>et</strong></span> <span class='ocrx_word' id='word_1_451' title='bbox 238 5171 332 5243; x_wconf 87' lang='lat' dir='ltr'><strong>elogiis</strong></span> <span class='ocrx_word' id='word_1_452' title='bbox 345 5170 372 5226; x_wconf 92' lang='lat' dir='ltr'><strong>in</strong></span> <span class='ocrx_word' id='word_1_453' title='bbox 384 5170 476 5243; x_wconf 89' lang='lat' dir='ltr'><strong>operis</strong></span> <span class='ocrx_word' id='word_1_454' title='bbox 494 5171 616 5242; x_wconf 85' lang='lat' dir='ltr'><strong>ingressu</strong></span> <span class='ocrx_word' id='word_1_455' title='bbox 630 5169 787 5242; x_wconf 89' lang='lat' dir='ltr'><strong>propositis,</strong></span> <span class='ocrx_word' id='word_1_456' title='bbox 800 5169 889 5227; x_wconf 83' lang='lat' dir='ltr'><strong>certis·</strong></span> <span class='ocrx_word' id='word_1_457' title='bbox 940 5173 1038 5238; x_wconf 73' lang='lat' dir='ltr'><strong>scauro</strong></span> <span class='ocrx_word' id='word_1_458' title='bbox 1051 5171 1214 5226; x_wconf 80' lang='lat' dir='ltr'><strong>beatitudine</strong></span> <span class='ocrx_word' id='word_1_459' title='bbox 1223 5173 1332 5241; x_wconf 76' lang='lat' dir='ltr'><strong>ceperit</strong></span> <span class='ocrx_word' id='word_1_460' title='bbox 1345 5170 1741 5234; x_wconf 72' lang='lat' dir='ltr'><strong>aitcuntiareoeittnmmiliens</strong></span> 
     </span>
     <span class='ocr_line' id='line_1_46' title="bbox 84 5239 1739 5313; baseline 0.001 -18"><span class='ocrx_word' id='word_1_461' title='bbox 84 5239 155 5296; x_wconf 88' lang='lat' dir='ltr'><strong>sime</strong></span> <span class='ocrx_word' id='word_1_462' title='bbox 165 5248 282 5296; x_wconf 90' lang='lat' dir='ltr'><strong>constat.</strong></span> <span class='ocrx_word' id='word_1_463' title='bbox 298 5242 380 5298; x_wconf 86' lang='lat' dir='ltr'><strong>Unde</strong></span> <span class='ocrx_word' id='word_1_464' title='bbox 393 5250 420 5297; x_wconf 90' lang='lat' dir='ltr'><strong>et</strong></span> <span class='ocrx_word' id='word_1_465' title='bbox 431 5241 598 5298; x_wconf 86' lang='lat' dir='ltr'><strong>collatorem</strong></span> <span class='ocrx_word' id='word_1_466' title='bbox 616 5244 651 5297; x_wconf 84' lang='lat' dir='ltr'><strong>b.</strong></span> <span class='ocrx_word' id='word_1_467' title='bbox 666 5244 782 5312; x_wconf 88' lang='lat' dir='ltr'><strong>Prosper</strong></span> <span class='ocrx_word' id='word_1_468' title='bbox 794 5241 888 5296; x_wconf 92' lang='lat' dir='ltr'><strong>nomi·</strong></span> <span class='ocrx_word' id='word_1_469' title='bbox 941 5246 1047 5297; x_wconf 80' lang='lat' dir='ltr'><strong>coactos</strong></span> <span class='ocrx_word' id='word_1_470' title='bbox 1060 5243 1195 5298; x_wconf 73' lang='lat' dir='ltr'><strong>commuto</strong></span> <span class='ocrx_word' id='word_1_471' title='bbox 1208 5245 1335 5313; x_wconf 70' lang='lat' dir='ltr'><strong>suspirio,</strong></span> <span class='ocrx_word' id='word_1_472' title='bbox 1351 5248 1375 5298; x_wconf 87' lang='lat' dir='ltr'><strong>et</strong></span> <span class='ocrx_word' id='word_1_473' title='bbox 1386 5243 1468 5298; x_wconf 80' lang='lat' dir='ltr'><strong>oculis</strong></span> <span class='ocrx_word' id='word_1_474' title='bbox 1479 5242 1517 5296; x_wconf 83' lang='lat' dir='ltr'><strong>ud</strong></span> <span class='ocrx_word' id='word_1_475' title='bbox 1527 5242 1620 5296; x_wconf 79' lang='lat' dir='ltr'><strong>celum</strong></span> <span class='ocrx_word' id='word_1_476' title='bbox 1635 5242 1739 5304; x_wconf 59' lang='lat' dir='ltr'><strong>intotis,</strong></span> 
     </span>
     <span class='ocr_line' id='line_1_47' title="bbox 86 5310 1739 5394; baseline 0.003 -30"><span class='ocrx_word' id='word_1_477' title='bbox 86 5310 170 5366; x_wconf 86' lang='lat' dir='ltr'><strong>navit.</strong></span> <span class='ocrx_word' id='word_1_478' title='bbox 191 5312 262 5367; x_wconf 91' lang='lat' dir='ltr'><strong>Sunt</strong></span> <span class='ocrx_word' id='word_1_479' title='bbox 289 5321 381 5369; x_wconf 91' lang='lat' dir='ltr'><strong>autem</strong></span> <span class='ocrx_word' id='word_1_480' title='bbox 407 5311 450 5369; x_wconf 88' lang='lat' dir='ltr'><strong>hae</strong></span> <span class='ocrx_word' id='word_1_481' title='bbox 474 5312 631 5369; x_wconf 89' lang='lat' dir='ltr'><strong>collationes</strong></span> <span class='ocrx_word' id='word_1_482' title='bbox 657 5327 774 5369; x_wconf 88' lang='lat' dir='ltr'><strong>numero</strong></span> <span class='ocrx_word' id='word_1_483' title='bbox 794 5311 888 5394; x_wconf 80' lang='lat' dir='ltr'><strong>viginti</strong></span> <span class='ocrx_word' id='word_1_484' title='bbox 941 5315 1239 5382; x_wconf 80' lang='lat' dir='ltr'><strong>intruscdiccre:Quis</strong></span> <span class='ocrx_word' id='word_1_485' title='bbox 1252 5314 1739 5384; x_wconf 76' lang='lat' dir='ltr'><strong>dubitmiin&#39;peiinassiceitcolumbce,</strong></span> 
     </span>
     <span class='ocr_line' id='line_1_48' title="bbox 87 5383 1740 5460; baseline 0.001 -22"><span class='ocrx_word' id='word_1_486' title='bbox 87 5388 205 5460; x_wconf 68' lang='lat' dir='ltr'><strong>mutuor</strong></span> <span class='ocrx_word' id='word_1_487' title='bbox 220 5403 226 5439; x_wconf 95' lang='lat'>:</span> <span class='ocrx_word' id='word_1_488' title='bbox 243 5383 290 5439; x_wconf 90' lang='lat' dir='ltr'><strong>sed</strong></span> <span class='ocrx_word' id='word_1_489' title='bbox 304 5384 421 5454; x_wconf 86' lang='lat' dir='ltr'><strong>generali</strong></span> <span class='ocrx_word' id='word_1_490' title='bbox 435 5384 522 5453; x_wconf 88' lang='lat' dir='ltr'><strong>serie,</strong></span> <span class='ocrx_word' id='word_1_491' title='bbox 536 5399 568 5440; x_wconf 89' lang='lat' dir='ltr'><strong>ac</strong></span> <span class='ocrx_word' id='word_1_492' title='bbox 578 5383 771 5442; x_wconf 90' lang='lat' dir='ltr'><strong>distributione</strong></span> <span class='ocrx_word' id='word_1_493' title='bbox 791 5392 889 5456; x_wconf 89' lang='lat' dir='ltr'><strong>tripar·</strong></span> <span class='ocrx_word' id='word_1_494' title='bbox 941 5390 968 5440; x_wconf 88' lang='lat' dir='ltr'><strong>et</strong></span> <span class='ocrx_word' id='word_1_495' title='bbox 980 5387 1084 5449; x_wconf 83' lang='lat' dir='ltr'><strong>celabo,</strong></span> <span class='ocrx_word' id='word_1_496' title='bbox 1097 5389 1123 5441; x_wconf 87' lang='lat' dir='ltr'><strong>et</strong></span> <span class='ocrx_word' id='word_1_497' title='bbox 1132 5388 1295 5456; x_wconf 79' lang='lat' dir='ltr'><strong>requiescam</strong></span> <span class='ocrx_word' id='word_1_498' title='bbox 1307 5386 1391 5452; x_wconf 84' lang='lat' dir='ltr'><strong>(Psoi.</strong></span> <span class='ocrx_word' id='word_1_499' title='bbox 1406 5385 1487 5455; x_wconf 80' lang='lat' dir='ltr'><strong>nivll</strong></span> <span class='ocrx_word' id='word_1_500' title='bbox 1502 5388 1564 5440; x_wconf 87' lang='lat' dir='ltr'><strong>Post</strong></span> <span class='ocrx_word' id='word_1_501' title='bbox 1583 5387 1638 5441; x_wconf 78' lang='lat' dir='ltr'><strong>hinc</strong></span> <span class='ocrx_word' id='word_1_502' title='bbox 1653 5388 1740 5440; x_wconf 87' lang='lat' dir='ltr'><strong>conci·</strong></span> 
     </span>
     <span class='ocr_line' id='line_1_49' title="bbox 90 5454 1738 5539; baseline 0.004 -36"><span class='ocrx_word' id='word_1_503' title='bbox 90 5455 156 5516; x_wconf 77' lang='lat' dir='ltr'><strong>tilae,</strong></span> <span class='ocrx_word' id='word_1_504' title='bbox 170 5461 198 5509; x_wconf 92' lang='lat' dir='ltr'><strong>et</strong></span> <span class='ocrx_word' id='word_1_505' title='bbox 215 5462 247 5510; x_wconf 93' lang='lat' dir='ltr'><strong>ut</strong></span> <span class='ocrx_word' id='word_1_506' title='bbox 262 5454 339 5524; x_wconf 87' lang='lat' dir='ltr'><strong>locis,</strong></span> <span class='ocrx_word' id='word_1_507' title='bbox 354 5454 524 5527; x_wconf 91' lang='lat' dir='ltr'><strong>temporibus</strong></span> <span class='ocrx_word' id='word_1_508' title='bbox 537 5463 566 5512; x_wconf 91' lang='lat' dir='ltr'><strong>et</strong></span> <span class='ocrx_word' id='word_1_509' title='bbox 579 5456 713 5539; x_wconf 89' lang='lat' dir='ltr'><strong>personis,</strong></span> <span class='ocrx_word' id='word_1_510' title='bbox 727 5455 762 5512; x_wconf 91' lang='lat' dir='ltr'><strong>ito</strong></span> <span class='ocrx_word' id='word_1_511' title='bbox 774 5454 889 5527; x_wconf 85' lang='lat' dir='ltr'><strong>propriis</strong></span> <span class='ocrx_word' id='word_1_512' title='bbox 943 5457 1010 5511; x_wconf 83' lang='lat' dir='ltr'><strong>lium</strong></span> <span class='ocrx_word' id='word_1_513' title='bbox 1024 5457 1149 5520; x_wconf 68' lang='lat' dir='ltr'><strong>sulcatur,</strong></span> <span class='ocrx_word' id='word_1_514' title='bbox 1169 5465 1221 5512; x_wconf 89' lang='lat' dir='ltr'><strong>eto.</strong></span> <span class='ocrx_word' id='word_1_515' title='bbox 1244 5458 1331 5512; x_wconf 84' lang='lat' dir='ltr'><strong>Multa</strong></span> <span class='ocrx_word' id='word_1_516' title='bbox 1344 5455 1394 5512; x_wconf 92' lang='lat' dir='ltr'><strong>alia</strong></span> <span class='ocrx_word' id='word_1_517' title='bbox 1409 5456 1512 5511; x_wconf 91' lang='lat' dir='ltr'><strong>suntin</strong></span> <span class='ocrx_word' id='word_1_518' title='bbox 1528 5455 1598 5511; x_wconf 90' lang='lat' dir='ltr'><strong>Vitis</strong></span> <span class='ocrx_word' id='word_1_519' title='bbox 1612 5461 1738 5521; x_wconf 78' lang='lat' dir='ltr'><strong>Petrum,</strong></span> 
     </span>
     <span class='ocr_line' id='line_1_50' title="bbox 89 5510 1740 5600; baseline 0.004 -27"><span class='ocrx_word' id='word_1_520' title='bbox 89 5519 294 5600; x_wconf 64' lang='lat' dir='ltr'><strong>praefationibus</strong></span> <span class='ocrx_word' id='word_1_521' title='bbox 312 5542 345 5582; x_wconf 80' lang='lat' dir='ltr'><strong>ac</strong></span> <span class='ocrx_word' id='word_1_522' title='bbox 365 5525 508 5599; x_wconf 89' lang='lat' dir='ltr'><strong>prooemiis</strong></span> <span class='ocrx_word' id='word_1_523' title='bbox 525 5525 668 5583; x_wconf 76' lang='lat' dir='ltr'><strong>distinctae.</strong></span> <span class='ocrx_word' id='word_1_524' title='bbox 700 5527 769 5583; x_wconf 88' lang='lat' dir='ltr'><strong>Nam</strong></span> <span class='ocrx_word' id='word_1_525' title='bbox 791 5526 890 5585; x_wconf 87' lang='lat' dir='ltr'><strong>decem</strong></span> <span class='ocrx_word' id='word_1_526' title='bbox 905 5510 928 5575; x_wconf 79' lang='lat' dir='ltr'>C</span> <span class='ocrx_word' id='word_1_527' title='bbox 944 5527 972 5583; x_wconf 94' lang='lat' dir='ltr'><strong>in</strong></span> <span class='ocrx_word' id='word_1_528' title='bbox 993 5528 1114 5584; x_wconf 85' lang='lat' dir='ltr'><strong>Historia</strong></span> <span class='ocrx_word' id='word_1_529' title='bbox 1127 5535 1286 5583; x_wconf 87' lang='lat' dir='ltr'><strong>sanctorum</strong></span> <span class='ocrx_word' id='word_1_530' title='bbox 1298 5526 1478 5588; x_wconf 83' lang='lat' dir='ltr'><strong>Theodoieti,</strong></span> <span class='ocrx_word' id='word_1_531' title='bbox 1494 5525 1521 5581; x_wconf 93' lang='lat' dir='ltr'><strong>in</strong></span> <span class='ocrx_word' id='word_1_532' title='bbox 1535 5525 1665 5581; x_wconf 88' lang='lat' dir='ltr'><strong>Dorothei</strong></span> <span class='ocrx_word' id='word_1_533' title='bbox 1683 5527 1740 5580; x_wconf 88' lang='lat' dir='ltr'><strong>Do·</strong></span> 
     </span>
     <span class='ocr_line' id='line_1_51' title="bbox 109 5594 1741 5669; baseline 0.005 -25"><span class='ocrx_word' id='word_1_534' title='bbox 109 5604 186 5648; x_wconf 77' lang='lat' dir='ltr'><strong>rimae</strong></span> <span class='ocrx_word' id='word_1_535' title='bbox 208 5595 235 5652; x_wconf 92' lang='lat' dir='ltr'><strong>in</strong></span> <span class='ocrx_word' id='word_1_536' title='bbox 255 5599 290 5655; x_wconf 88' lang='lat' dir='ltr'><strong>Sc</strong></span> <span class='ocrx_word' id='word_1_537' title='bbox 309 5597 383 5654; x_wconf 89' lang='lat' dir='ltr'><strong>thica</strong></span> <span class='ocrx_word' id='word_1_538' title='bbox 407 5598 448 5654; x_wconf 83' lang='lat' dir='ltr'><strong>iel</strong></span> <span class='ocrx_word' id='word_1_539' title='bbox 476 5597 579 5655; x_wconf 86' lang='lat' dir='ltr'><strong>scotica</strong></span> <span class='ocrx_word' id='word_1_540' title='bbox 603 5613 698 5655; x_wconf 89' lang='lat' dir='ltr'><strong>eremo</strong></span> <span class='ocrx_word' id='word_1_541' title='bbox 723 5596 832 5666; x_wconf 76' lang='lat' dir='ltr'><strong>habitas,</strong></span> <span class='ocrx_word' id='word_1_542' title='bbox 857 5605 887 5655; x_wconf 88' lang='lat' dir='ltr'><strong>et</strong></span> <span class='ocrx_word' id='word_1_543' title='bbox 939 5597 1046 5665; x_wconf 89' lang='lat' dir='ltr'><strong>ctrinis,</strong></span> <span class='ocrx_word' id='word_1_544' title='bbox 1064 5605 1092 5654; x_wconf 91' lang='lat' dir='ltr'><strong>et</strong></span> <span class='ocrx_word' id='word_1_545' title='bbox 1113 5597 1228 5654; x_wconf 88' lang='lat' dir='ltr'><strong>Palladii</strong></span> <span class='ocrx_word' id='word_1_546' title='bbox 1242 5597 1389 5666; x_wconf 83' lang='lat' dir='ltr'><strong>Lausiacis,</strong></span> <span class='ocrx_word' id='word_1_547' title='bbox 1406 5613 1439 5654; x_wconf 87' lang='lat' dir='ltr'><strong>ex</strong></span> <span class='ocrx_word' id='word_1_548' title='bbox 1453 5596 1552 5669; x_wconf 87' lang='lat' dir='ltr'><strong>quihus</strong></span> <span class='ocrx_word' id='word_1_549' title='bbox 1568 5594 1641 5652; x_wconf 90' lang='lat' dir='ltr'><strong>hunc</strong></span> <span class='ocrx_word' id='word_1_550' title='bbox 1659 5611 1741 5652; x_wconf 91' lang='lat' dir='ltr'><strong>usum</strong></span> 
     </span>
     <span class='ocr_line' id='line_1_52' title="bbox 131 5663 1741 5741; baseline 0.002 -25"><span class='ocrx_word' id='word_1_551' title='bbox 131 5663 206 5720; x_wconf 93' lang='lat' dir='ltr'><strong>ontio</strong></span> <span class='ocrx_word' id='word_1_552' title='bbox 217 5681 248 5723; x_wconf 91' lang='lat' dir='ltr'><strong>ac</strong></span> <span class='ocrx_word' id='word_1_553' title='bbox 300 5667 397 5726; x_wconf 91' lang='lat' dir='ltr'><strong>elladio</strong></span> <span class='ocrx_word' id='word_1_554' title='bbox 420 5668 554 5741; x_wconf 87' lang='lat' dir='ltr'><strong>episcopis</strong></span> <span class='ocrx_word' id='word_1_555' title='bbox 567 5667 681 5738; x_wconf 68' lang='lat' dir='ltr'><strong>dicate,</strong></span> <span class='ocrx_word' id='word_1_556' title='bbox 698 5676 803 5741; x_wconf 86' lang='lat' dir='ltr'><strong>septem</strong></span> <span class='ocrx_word' id='word_1_557' title='bbox 827 5668 887 5725; x_wconf 84' lang='lat' dir='ltr'><strong>alite</strong></span> <span class='ocrx_word' id='word_1_558' title='bbox 940 5668 1117 5726; x_wconf 90' lang='lat' dir='ltr'><strong>collationum</strong></span> <span class='ocrx_word' id='word_1_559' title='bbox 1133 5669 1314 5741; x_wconf 90' lang='lat' dir='ltr'><strong>spiritualium</strong></span> <span class='ocrx_word' id='word_1_560' title='bbox 1333 5668 1405 5741; x_wconf 93' lang='lat' dir='ltr'><strong>apud</strong></span> <span class='ocrx_word' id='word_1_561' title='bbox 1426 5677 1529 5724; x_wconf 83' lang='lat' dir='ltr'><strong>veteres</strong></span> <span class='ocrx_word' id='word_1_562' title='bbox 1543 5667 1682 5740; x_wconf 87' lang='lat' dir='ltr'><strong>religiosos</strong></span> <span class='ocrx_word' id='word_1_563' title='bbox 1696 5682 1741 5722; x_wconf 92' lang='lat' dir='ltr'><strong>so·</strong></span> 
     </span>
     <span class='ocr_line' id='line_1_53' title="bbox 84 5736 1740 5813; baseline 0 -25"><span class='ocrx_word' id='word_1_564' title='bbox 84 5745 232 5805; x_wconf 85' lang='lat' dir='ltr'><strong>sequentes</strong></span> <span class='ocrx_word' id='word_1_565' title='bbox 241 5739 268 5794; x_wconf 94' lang='lat' dir='ltr'><strong>in</strong></span> <span class='ocrx_word' id='word_1_566' title='bbox 280 5738 425 5813; x_wconf 81' lang='lat' dir='ltr'><strong>Thebaidis</strong></span> <span class='ocrx_word' id='word_1_567' title='bbox 435 5740 581 5798; x_wconf 87' lang='lat' dir='ltr'><strong>solitudine</strong></span> <span class='ocrx_word' id='word_1_568' title='bbox 600 5747 731 5813; x_wconf 80' lang='lat' dir='ltr'><strong>peractae,</strong></span> <span class='ocrx_word' id='word_1_569' title='bbox 745 5741 888 5796; x_wconf 88' lang='lat' dir='ltr'><strong>Honorato</strong></span> <span class='ocrx_word' id='word_1_570' title='bbox 941 5739 1063 5796; x_wconf 87' lang='lat' dir='ltr'><strong>lemnem</strong></span> <span class='ocrx_word' id='word_1_571' title='bbox 1081 5755 1113 5796; x_wconf 92' lang='lat' dir='ltr'><strong>ac</strong></span> <span class='ocrx_word' id='word_1_572' title='bbox 1136 5748 1296 5812; x_wconf 88' lang='lat' dir='ltr'><strong>perpetuum</strong></span> <span class='ocrx_word' id='word_1_573' title='bbox 1322 5737 1405 5796; x_wconf 89' lang='lat' dir='ltr'><strong>fuisse</strong></span> <span class='ocrx_word' id='word_1_574' title='bbox 1422 5754 1455 5795; x_wconf 93' lang='lat' dir='ltr'><strong>co</strong></span> <span class='ocrx_word' id='word_1_575' title='bbox 1493 5736 1603 5794; x_wconf 77' lang='lat' dir='ltr'><strong>oscitur:</strong></span> <span class='ocrx_word' id='word_1_576' title='bbox 1625 5741 1664 5792; x_wconf 84' lang='lat' dir='ltr'><strong>Da</strong></span> <span class='ocrx_word' id='word_1_577' title='bbox 1684 5748 1740 5805; x_wconf 89' lang='lat' dir='ltr'><strong>quo</strong></span> 
     </span>
     <span class='ocr_line' id='line_1_54' title="bbox 83 5806 1736 5885; baseline -0.004 -24"><span class='ocrx_word' id='word_1_578' title='bbox 83 5812 115 5862; x_wconf 91' lang='lat' dir='ltr'><strong>et</strong></span> <span class='ocrx_word' id='word_1_579' title='bbox 137 5806 288 5880; x_wconf 76' lang='lat' dir='ltr'><strong>Eucheiio,</strong></span> <span class='ocrx_word' id='word_1_580' title='bbox 302 5825 352 5868; x_wconf 88' lang='lat' dir='ltr'><strong>seu</strong></span> <span class='ocrx_word' id='word_1_581' title='bbox 372 5810 581 5885; x_wconf 84' lang='lat' dir='ltr'><strong>episcopis,seu</strong></span> <span class='ocrx_word' id='word_1_582' title='bbox 601 5810 746 5869; x_wconf 87' lang='lat' dir='ltr'><strong>abbatibus</strong></span> <span class='ocrx_word' id='word_1_583' title='bbox 767 5812 841 5884; x_wconf 84' lang='lat' dir='ltr'><strong>(nam</strong></span> <span class='ocrx_word' id='word_1_584' title='bbox 861 5807 890 5867; x_wconf 94' lang='lat' dir='ltr'><strong>id</strong></span> <span class='ocrx_word' id='word_1_585' title='bbox 943 5810 1070 5868; x_wconf 91' lang='lat' dir='ltr'><strong>meminit</strong></span> <span class='ocrx_word' id='word_1_586' title='bbox 1084 5810 1179 5869; x_wconf 88' lang='lat' dir='ltr'><strong>itidem</strong></span> <span class='ocrx_word' id='word_1_587' title='bbox 1192 5812 1339 5870; x_wconf 88' lang='lat' dir='ltr'><strong>Cassianus</strong></span> <span class='ocrx_word' id='word_1_588' title='bbox 1356 5809 1439 5868; x_wconf 85' lang='lat' dir='ltr'><strong>lihii</strong></span> <span class='ocrx_word' id='word_1_589' title='bbox 1471 5806 1736 5866; x_wconf 72' lang='lat' dir='ltr'><strong>amiternensi</strong></span> 
     </span>
    </p>
   </div>
   <div class='ocr_carea' id='block_1_16' title="bbox 0 0 1928 6149">
    <p class='ocr_par' dir='ltr' id='par_1_16' title="bbox 0 0 1928 6149">
     <span class='ocr_line' id='line_1_55' title="bbox 0 0 1928 6149; baseline 0 0"><span class='ocrx_word' id='word_1_590' title='bbox 0 0 1928 6149; x_wconf 95' lang='lat' dir='ltr'><strong> </strong></span> 
     </span>
    </p>
   </div>
  </div>
 </body>
</html>
