3848 6158
143 274 193 327 tit

682 258 823 315 sonabis
841 258 992 314 cassiani
1012 257 1257 314 contritores.

1749 266 1802 317 'lii

145 399 155 429 ²
173 392 290 461 Helladi,
304 388 467 448 satisfecisse
481 403 526 444 me
536 384 633 454 credo,
650 384 799 440 voluminis
814 383 943 456 amplitu-
958 384 1085 451 Atendit
1094 391 1229 441 structura
1245 383 1391 451 virtutum,
1404 381 1439 438 ita
1452 381 1502 438 nisi
1513 380 1594 453 hujus
1604 383 1730 439 culmine
1742 384 1803 443 haec

147 491 211 548 dine
224 486 352 561 primitus
366 491 502 554 excusata,
522 496 584 553 quae
602 478 776 537 studentibus
792 478 871 535 nobis
890 494 946 534 non

142 585 232 642 solum
256 593 383 638 sermone
397 575 534 633 succincto
544 571 680 629 narranda
698 571 885 644 perstringere,
897 571 946 628 sed

145 680 227 736 etiam
239 676 355 749 plurima
369 670 478 729 silentio
487 667 638 741 praeterire,
652 667 679 722 in
690 666 823 738 majorem
831 662 945 721 modum

146 787 230 845 quam
244 770 478 841 disposueramus,
493 769 607 818 'extensa
623 768 673 817 est.
695 760 840 816 Praemissa
862 774 944 814 nam-

145 880 196 936 que
213 877 295 934 super
321 859 435 916 dirersis
459 856 590 913 institutis
614 854 795 927 disputatione
818 853 943 925 copiosa,

143 975 227 1032 quam
239 971 290 1014 nos
304 954 395 1013 studio
407 951 545 1009 brevitatis
566 964 688 1005 resecare
714 948 871 1016 maluimus,
887 947 945 1004 haec

142 1055 176 1112 ed
186 1062 338 1110 extremum
356 1051 387 1104 B.
409 1051 484 1103 lsaac
497 1043 587 1100 intulit
601 1042 693 1099 rerba.

450 1138 570 1194 CAPUT
594 1137 631 1192 ll.

183 1240 272 1296 Verba
298 1237 403 1291 abbatis
422 1237 498 1290 isam
522 1247 603 1301 super
621 1232 749 1286 orationis
764 1231 906 1300 qualitate.

183 1332 279 1390 Omnis
293 1327 421 1385 monachi
434 1326 494 1382 bnis
506 1324 652 1396 cordisque
662 1323 792 1396 perlectio
803 1323 837 1379 ad
847 1324 944 1395 iugem

146 1438 228 1501 atque
241 1425 426 1494 indisruptam
440 1420 572 1476 orationis
592 1417 822 1490 perseverantiam
835 1417 943 1486 tendit,

144 1532 172 1578 et
181 1528 313 1593 quantum
323 1518 449 1573 bumonae
462 1513 596 1585 fragilitati
611 1512 781 1585 conceditur,
792 1511 827 1568 ad
842 1513 945 1568 immo-

1000 476 1092 535 omnie
1104 475 1206 533 suerint
1217 477 1340 549 coltigata
1358 484 1439 548 atque
1455 484 1607 548 compacta,
1627 477 1803 538 nullomodo

1000 566 1078 623 firnra
1102 575 1231 638 poterunt
1256 568 1294 623 rel
1315 567 1424 623 stabilia
1438 566 1593 639 perdurare.
1614 569 1804 639 Quemadmo-

1000 659 1065 717 dum
1082 661 1154 717 enim
1167 663 1227 719 sine
1240 662 1292 719 illis
1304 662 1406 735 acquiri
1428 662 1469 718 rel
1482 665 1670 720 consummari
1685 680 1742 722 non
1751 681 1804 739 po·

998 765 1052 814 test
1066 757 1124 813 haec
1138 757 1172 813 de
1186 773 1238 830 qua
1260 758 1398 832 loquimur
1414 766 1544 831 perpetua
1563 759 1696 818 orationis
1713 762 1802 836 jugis·

999 868 1051 923 que
1079 852 1271 924 tranquillitas,
1300 853 1336 909 ita
1361 852 1462 909 ncillae
1486 852 1596 925 quidem
1609 855 1728 914 virtutes
1743 873 1803 931 quie

1000 946 1071 1002 hanc
1095 953 1274 1020 praestruunt,
1287 947 1390 1020 absque
1412 948 1495 1020 hujus
1510 957 1621 1020 possunt
1643 951 1806 1010 assiduitate

1000 1043 1144 1113 compleri,
1158 1042 1221 1099 ideo
1234 1058 1284 1099 nec
1297 1050 1370 1099 recte
1390 1051 1508 1098 tractare
1531 1024 1711 1102 decretionis
1729 1045 1805 1104 affe·

998 1145 1045 1194 ctu
1059 1128 1142 1208 [Lips'.
1156 1139 1186 1191 ia
1199 1153 1288 1206 morq.
1303 1135 1426 1204 effectu],
1438 1151 1489 1191 nec
1500 1135 1534 1192 ad
1548 1137 1606 1209 eius
1620 1139 1806 1211 principalem

999 1229 1094 1300 linem,
1119 1231 1165 1303 qui
1179 1231 1371 1286 universarum
1386 1229 1519 1286 virtutum
1532 1230 1679 1288 molitione
1694 1232 1803 1304 perlici·

997 1333 1053 1395 tur,
1068 1325 1208 1382 subitanea
1231 1324 1416 1397 disputatione
1442 1325 1593 1396 poterimus
1618 1325 1732 1394 intrare,
1751 1328 1804 1386 nisi

999 1419 1076 1492 prius
1095 1419 1221 1475 universa
1245 1433 1306 1491 quae
1328 1417 1400 1476 illius
1414 1415 1528 1475 obtentu
1555 1419 1597 1475 rel
1621 1419 1805 1478 abscindenda

999 1521 1062 1569 suut
1088 1514 1126 1569 vel
1145 1513 1272 1585 paranda,
1293 1528 1340 1584 per
1355 1511 1480 1569 ordinem
1505 1513 1678 1571 dinumerata
1703 1514 1805 1573 luerint

999 1614 1082 1678 atquc
1111 1605 1241 1673 discussa,
1263 1613 1291 1662 ct
1311 1605 1460 1663 secundum
1479 1608 1642 1680 evangelicas
1667 1609 1806 1681 parabolae

999 1698 1168 1771 disciplinam
1185 1699 1272 1772 (Lucre
1292 1703 1358 1766 xxv)
1379 1716 1409 1755 ea
1433 1715 1494 1771 quae
1511 1701 1546 1758 ad
1571 1701 1699 1774 spiritalis
1712 1719 1746 1760 ac
1762 1719 1806 1761 su·

144 1616 228 1670 bilem
247 1610 470 1683 tranquillitatem
489 1607 590 1664 mentis
612 1622 644 1662 ac
670 1613 830 1678 perpetuam
851 1605 947 1661 nititur

143 1706 298 1778 puritatem.
314 1703 355 1759 Ob
369 1717 451 1774 quam
463 1698 657 1772 possidendam
678 1715 789 1754 omnem
804 1708 861 1755 tom
876 1697 937 1755 labo

144 1815 205 1855 rent
225 1797 347 1869 corporis
370 1811 454 1867 quam
469 1792 662 1849 contritionem
683 1791 793 1863 spiritus
813 1791 946 1849 indefesse
962 1814 986 1876 B
1001 1793 1172 1849 blimissimae
1183 1792 1256 1850 illins
1271 1788 1486 1849 exstructionem
1501 1793 1631 1865 pertinent
1644 1795 1805 1867 turrissup

147 1892 297 1964 quaerimus
318 1898 345 1944 et
364 1889 463 1961 jugiter
483 1902 649 1954 exercemus,
669 1895 696 1942 et
715 1894 756 1942 est
770 1887 847 1942 inter¹
864 1888 947 1942 alter·
1002 1895 1095 1959 putata
1108 1885 1212 1942 suerint
1234 1903 1265 1943 nc
1282 1886 1424 1958 diligenter
1446 1896 1654 1960 antecongesta.
1669 1889 1741 1958 Quae
1753 1897 1815 1954 ta-,

143 1994 235 2041 utrum
255 1983 395 2054 reciproca
417 1980 543 2053 quaedam
570 1979 810 2051 inseparabilisque
830 1980 948 2052 conjun-
1001 1997 1066 2036 men
1088 1997 1139 2037 neo
1167 1980 1485 2054 proderuntpraeparata,
1498 1990 1629 2037 necrecte
1649 1983 1806 2054 superponi

143 2079 206 2135 ctio.
220 2080 291 2134 Nam
311 2076 382 2133 sicut
400 2075 434 2132 ad
458 2074 588 2130 orationis
602 2072 799 2145 perfectionem
822 2071 948 2128 omnium
1001 2074 1111 2129 sibimet
1129 2073 1232 2130 excelsa
1247 2074 1364 2130 culmina
1379 2073 1553 2146 perfeetionis
1569 2074 1738 2143 admittent,
1754 2075 1806 2133 nisi

690 2250 818 2306 attunt
838 2250 950 2305 GAZAEl
970 2250 1248 2307 contristamus.

143 2424 179 2476 sis
194 2420 294 2485 (Sidou.
311 2420 356 2472 lib.
376 2433 403 2472 vr
414 2420 490 2487 epist.
503 2422 530 2484 3,
547 2417 593 2469 lib.
608 2430 654 2470 vtr
667 2417 745 2484 epist.
764 2419 801 2479 6).
818 2414 946 2484 Ejusdem
999 2416 1078 2471 nibus
1091 2417 1159 2482 (Lib.
1175 2431 1184 2471 r
1205 2422 1230 2471 et
1242 2420 1290 2481 rr),
1306 2425 1333 2471 et
1348 2417 1495 2487 Gregorius
1509 2418 1680 2473 Turonensis
1696 2417 1742 2474 lib.
1768 2419 1804 2476 de

143 2508 246 2562 quoque
260 2491 382 2544 muniuit
395 2491 424 2541 in
438 2488 594 2558 epistolaad
608 2488 748 2542 Basiliam.
764 2487 830 2540 Haec
846 2485 882 2540 ibi
895 2487 947 2541 Ba·
999 2487 1093 2543 Gloria
1109 2491 1220 2558 dlartyr.
1237 2504 1297 2558 cap.
1310 2494 1354 2543 65.
1375 2491 1412 2542 lix
1429 2489 1528 2558 quibus
1542 2488 1620 2558 plura
1632 2488 1735 2561 colligit
1747 2490 1802 2546 Ba·

146 2564 253 2617 ronius.
279 2565 385 2616 Rursus
405 2559 456 2614 sub
471 2575 542 2614 anno
569 2557 670 2612 Christi
683 2562 748 2620 465,
766 2555 854 2611 Hilari
869 2571 945 2626 papae
999 2558 1092 2614 ronias
1107 2557 1159 2613 sub
1171 2574 1241 2612 anuo
1264 2558 1374 2614 bornini
1388 2565 1450 2614 abb.
1472 2558 1527 2615 Ubi
1541 2575 1607 2614 saue
1631 2560 1752 2629 mireris,
1767 2560 1802 2618 le·

145 2634 259 2705 quinto:
272 2637 380 2695 Eastat,
394 2630 493 2701 inquit,
508 2631 621 2702 epistola
628 2629 803 2698 llituripopa
817 2628 853 2682 ad
861 2631 945 2682 Leon-
999 2637 1068 2695 ctor,
1088 2629 1115 2683 iu
1130 2637 1206 2683 tanto
1229 2629 1361 2701 scriptore
1375 2629 1484 2685 humani
1501 2630 1604 2700 ingenii
1620 2630 1804 2689 mobilitatem

144 2708 221 2773 tiara,
248 2707 380 2761 Veratrum
395 2707 420 2756 et
437 2703 583 2758 Victoriam
600 2702 744 2771 episcopos,
759 2699 858 2768 quibus
872 2699 943 2753 dele·
998 2715 1044 2755 seu
1061 2699 1278 2755 incertitudinem
1295 2717 1302 2754 :
1318 2716 1400 2772 quem
1420 2701 1491 2756 enim
1515 2701 1606 2771 primo
1637 2702 1804 2774 forojulien

143 2782 287 2845 qntcnnsne
298 2776 470 2845 coqriitionem
481 2779 506 2828 et
515 2774 735 2827 instaurationem
741 2770 848 2839 jierirrm
856 2770 944 2825 Ebre-
996 2786 1065 2836 sem,
1086 2778 1177 2840 postea
1193 2771 1383 2826 arelatensem
1406 2781 1548 2827 censuerat
1568 2773 1743 2845 episcopum,
1767 2774 1803 2833 ad

144 2843 941 2917 dernensisepisropi,raetropolituniAlpiumnnrruimarum.
997 2858 1079 2913 quem
1101 2842 1155 2897 illae
1182 2842 1283 2897 Sidonii
1308 2843 1431 2970 tipistolm
1445 2848 1504 2914 jam
1531 2852 1673 2914 postremo
1694 2852 1802 2903 mutata

144 2922 225 2974 Porro
234 2922 359 2973 Leontius
369 2919 459 2986 primo
473 2917 527 2970 loco
534 2916 637 2985 positus
651 2917 721 2968 inter
733 2915 865 2982 episcopos
878 2914 941 2980 qui·
997 2914 1099 2969 iterum
1114 2912 1258 2978 sententia,
1272 2923 1314 2968 tra
1336 2914 1356 2968 it
1370 2913 1452 2970 fuisse
1465 2916 1704 2977 burdegalensem.

145 2990 193 3042 bers
213 3005 294 3041 extersa
313 2990 500 3053 carnalitatem,
523 2988 574 3038 etsi
596 2984 672 3053 ceq'm
694 2983 816 3040 Ecclesia
830 2984 943 3036 ‹eretistes
1032 2987 1043 3015 ¹
1068 2983 1172 3038 Eodem
1197 2983 1370 3040 modoetia
1395 2985 1480 3055 prima
1496 2985 1647 3056 prelatione
1671 2985 1800 3044 eumdem

141 3060 228 3124 feeerit
241 3060 317 3111 realta
328 3062 363 3112 sit
381 3059 489 3120 aternio,
505 3058 573 3109 seins
584 3061 672 3110 taenea
688 3058 769 3109 istam
783 3055 870 3122 ipsum
884 3054 944 3107 tau-
997 3055 1151 3125 compellat,
1174 3053 1269 3180 sicque
1296 3072 1310 3110 a
1335 3057 1451 3111 Leontio
1476 3056 1665 3124 discriminat,
1688 3066 1720 3114 nt
1743 3073 1798 3115 non

141 3129 235 3182 dotum
250 3129 284 3181 ob
296 3130 402 3183 Hilario
413 3127 568 3182 Arelatensi
579 3129 607 3179 in
629 3127 743 3193 funebri
764 3126 883 3179 oratione
910 3124 943 3178 de
996 3126 1166 3197 episcopum,
1182 3141 1211 3182 sc
1246 3127 1411 3181 monachum
1426 3143 1473 3183 seu
1499 3128 1698 3184 anachoretam
1712 3127 1799 3193 fuisse

140 3204 231 3253 sitrecte
251 3201 385 3253 Hortoroto
409 3200 528 3267 episcopo
553 3198 752 3268 predecessore,
766 3210 843 3264 quem
862 3198 942 3250 Foro·
995 3198 1128 3269 designet,
1140 3213 1203 3253 cum
1226 3195 1275 3252 has
1291 3198 1313 3253 ei
1329 3198 1495 3253 Collationes
1508 3198 1649 3254 dedicaret
1663 3241 1671 3268 ,
1685 3199 1739 3256 hcc
1755 3200 1800 3259 ad

136 3271 280 3339 juliensem
294 3273 444 3340 episcopum
458 3270 577 3324 eumdem
591 3272 683 3339 opinor
696 3284 750 3323 esse
761 3267 798 3321 cd
808 3282 884 3336 quem
895 3282 941 3321 er·
996 3269 1054 3324 dito
1066 3268 1154 3340 elogio
1171 3288 1179 3322 :
1195 3269 1504 3324 Attcrrmachoretarune
1515 3273 1643 3325 instituta
1656 3272 1799 3336 sublimia,

141 3345 214 3396 sterent
227 3341 335 3398 Sidonii
359 3339 528 3411 Apollinares
540 3343 646 3396 litterae.
663 3343 700 3394 lle
723 3339 813 3393 codun
834 3340 941 3393 Leontio
995 3356 1059 3408 nori,
1075 3345 1106 3394 nt
1128 3341 1249 3409 quidam,
1263 3343 1375 3410 propriu
1388 3358 1531 3410 oppressas
1545 3348 1583 3396 est
1596 3346 1801 3413 presumptione

140 3415 319 3482 Foroiuliensi
343 3416 465 3468 aeterninit
496 3414 620 3467 Hilarius
644 3412 809 3467 Arelatensis
829 3411 857 3463 in
875 3411 941 3465 Vita
997 3413 1105 3474 sectari,
1116 3413 1162 3466 sed
1174 3412 1620 3481 leqitiemrmsioctrinrebannilem,
1632 3420 1725 3469 sarecto
1736 3417 1800 3487 spi·-

138 3489 227 3538 snncti
252 3487 390 3551 Honorati,
414 3485 522 3538 diceres:
552 3487 695 3539 Vamntem
723 3485 815 3552 itaque
828 3481 943 3534 insulam
997 3486 1055 3537 ritu
1071 3488 1240 3551 suppetente,
1256 3501 1323 3553 pene
1341 3488 1486 3553 areteqrmm
1506 3485 1630 3547 disceret,
1645 3487 1800 3556 apprrehen-

140 3556 172 3606 ob
200 3558 364 3608 nireu'etutem
385 3556 493 3620 caloris,
517 3559 542 3607 et
565 3560 755 3606 een-enatorum
779 3553 941 3606 animalium
997 3555 1135 3620 ‹lens-iton
1150 3555 1603 3626 tomsu-isridineentr'onibusquom
1616 3558 1727 3612 illorum
1740 3563 1799 3614 ira·

139 3629 220 3679 metu.
236 3625 336 3692 Alpino
350 3625 424 3676 hrrud
443 3623 594 3691 lonqejuqo
606 3623 742 3676 seebditorn
751 3624 939 3690 persequerer
996 3626 1142 3678 ditionibus
1156 3626 1253 3678 maluit
1263 3627 1377 3680 erudiri.
1393 3629 1459 3682 Haec
1469 3627 1516 3682 ibi.
1530 3630 1563 3683 Ft
1572 3627 1605 3683 dc
1621 3629 1676 3683 boc
1686 3627 1799 3699 quidem

137 3696 231 3748 secreti
237 3696 481 3763 opportunitatem,
497 3695 582 3746 serrati
591 3709 622 3745 ac
634 3693 782 3745 beatissimi
791 3694 819 3744 iu
833 3691 938 3746 Christo
995 3693 1118 3750 Helladio
1133 3695 1206 3750 aliud
1220 3693 1287 3750 nihil
1308 3697 1334 3751 in
1358 3714 1476 3768 praesens
1497 3698 1610 3754 occurrit
1626 3739 1634 3763 ,
1659 3698 1738 3768 quod
1764 3699 1801 3758 ad

139 3768 192 3819 eiii
206 3768 311 3821 Leontii
336 3767 453 3835 episcopi
475 3763 618 3818 oblectatus
638 3765 748 3828 uic-irtio,
766 3762 939 3818 strictitate
957 3736 1089 3820 Cremet
1110 3765 1229 3837 aliquam
1249 3766 1308 3837 ejus
1333 3769 1461 3824 notitiam
1487 3766 1674 3842 explorandam
1692 3770 1801 3838 jurare

137 3840 312 3900 curatrictus,
325 3839 453 3907 plurirnis
467 3852 483 3889 o
496 3840 551 3889 torn
562 3850 627 3889 nouo
640 3834 850 3888 amirretraherc
860 3834 938 3888 illum
993 3837 1089 3907 possit,
1113 3837 1166 3892 nisi
1180 3837 1254 3908 quod
1269 3836 1295 3893 id
1311 3839 1425 3909 epistola
1449 3843 1483 3895 l).
1509 3839 1603 3895 Leonis
1621 3838 1800 3914 quinquage-

139 3909 306 3964 roneutibus.
320 3907 431 3964 Sicilie.
453 3909 491 3961 Ex
518 3922 571 3977 quo
587 3905 670 3961 etiam
684 3906 817 3960 Batonius
835 3905 861 3959 S.
880 3906 938 3960 Hc·
992 3910 1060 3963 sima
1075 3908 1191 3964 secunda
1207 3909 1240 3964 ad
1254 3924 1348 3965 omrres
1362 3911 1507 3982 episcopos
1519 3910 1670 3968 Galliarum
1692 3911 1799 3984 scripta

138 3990 276 4047 uoratum,
300 3980 334 4035 ad
348 3995 414 4034 suos
437 3978 608 4033 Arelatenses
629 3976 797 4043 redeuntem,
818 3975 937 4046 primum
993 3979 1064 4034 inter
1086 3979 1154 4034 alios
1180 3979 1318 4035 lielladius
1348 3997 1402 4036 non
1429 3993 1584 4053 postremus
1612 3980 1796 4040 nominetur:

138 4053 263 4108 omnium
278 4051 392 4107 consilio
419 4049 525 4104 Leontii
553 4048 746 4120 Forojuliensis
761 4047 886 4117 proxime
896 4047 938 4104 dc·
993 4066 1074 4121 qucm
1096 4051 1169 4106 lrunc
1190 4050 1280 4122 ipsum
1295 4067 1363 4122 esse,
1386 4052 1419 4108 dc
1434 4071 1489 4125 quo
1505 4053 1548 4108 hic
1561 4053 1649 4122 agitur
1662 4094 1670 4122 ,
1685 4061 1748 4110 tum
1762 4069 1793 4111 er

136 4125 223 4194 geritis
251 4123 379 4195 episcopi,
411 4120 556 4177 incoluisse
582 4121 696 4176 insulam
720 4119 897 4174 Lerinensem
922 4135 936 4174 a
992 4123 1097 4177 ratione
1125 4124 1266 4204 temporis,
1293 4131 1351 4177 tum
1376 4139 1407 4179 ex
1432 4126 1492 4180 aliis
1507 4125 1611 4181 indiciis
1637 4125 1796 4196 conjectare

136 4195 307 4265 serpentibus
320 4194 470 4258 obsessanr,
493 4193 599 4263 illicque
611 4189 772 4248 cedentibus
791 4189 864 4255 illis,
890 4204 937 4245 ec·
993 4192 1064 4249 lieet.
1088 4192 1222 4248 Credibile
1246 4194 1316 4247 enim
1339 4204 1380 4250 est
1404 4196 1530 4251 eumdem
1549 4196 1584 4251 ad
1605 4196 1793 4268 episcopatum

135 4264 247 4320 clesiam
271 4275 299 4320 et
327 4264 525 4318 rnonastcrium
548 4264 677 4327 erexisse,
703 4261 936 4332 excepissequea
992 4264 1093 4319 medita
1119 4264 1280 4331 sanctitatis,
1307 4280 1361 4336 quo
1384 4266 1426 4321 hic
1456 4267 1679 4334 comnmndatur,
1703 4275 1792 4336 postea

136 4338 236 4389 saeculo
256 4331 385 4403 profugos
399 4334 433 4388 ad
458 4335 539 4388 vitam
559 4334 740 4388 monasticam
760 4330 937 4386 excolendam
990 4333 1074 4390 fuisse
1095 4343 1264 4404 provectum,
1290 4337 1460 4408 ternporibus
1483 4330 1614 4393 nimimm
1645 4341 1680 4393 D.
1698 4334 1793 4395 Leonis

137 4403 226 4458 docet.
240 4405 376 4457 Caeterum
389 4402 463 4470 quod
489 4403 523 4458 de
549 4403 669 4472 epistolis
682 4402 784 4458 Sidonii
799 4402 833 4457 ad
844 4403 937 4456 Leon·
991 4420 1076 4475 papie,
1091 4421 1105 4458 a
1120 4421 1175 4476 quo
1197 4406 1255 4474 ianr
1269 4416 1330 4463 ante
1352 4409 1425 4463 urbis
1440 4413 1573 4465 Roniouae
1598 4409 1790 4466 archidiacono

135 4471 204 4526 tium
240 4469 454 4540 Foroiuliensem
489 4473 612 4541 superius
646 4472 750 4527 dixerat
780 4473 936 4539 baronius,
990 4485 1099 4545 rogatus
1123 4475 1277 4543 Cassianus,
1298 4480 1365 4533 teste'
1385 4479 1525 4537 Gennadio
1549 4481 1599 4546 (la
1616 4481 1789 4551 Catelopori·

135 4541 208 4598 idem
227 4541 377 4596 correxisse
392 4539 498 4596 ridetur
511 4542 538 4596 in
563 4542 710 4612 appendice
728 4544 813 4610 (Turn.
828 4546 857 4597 X
874 4544 937 4597 Au-
989 4545 1052 4601 last.
1069 4549 1122 4602 eir.
1143 4563 1203 4618 cup.
1229 4549 1288 4631 61),
1305 4549 1389 4606 libros
1409 4552 1517 4623 scripsit
1538 4551 1674 4608 adversus
1696 4556 1790 4608 nesto-

135 4613 215 4685 nol.),
237 4610 282 4668 ubi
296 4612 474 4668 Sirmondom
492 4611 625 4668 ediverso
640 4612 807 4679 collaudans,
824 4614 936 4684 ejusque
989 4617 1062 4672 riom
1078 4617 1112 4673 de
1137 4619 1327 4675 lucarnatrone
1348 4622 1472 4690 Domini,
1488 4630 1514 4677 et
1538 4623 1567 4677 iu
1583 4623 1630 4678 his
1655 4619 1788 4679 scribendi

134 4685 254 4757 opinioni
278 4683 419 4750 accedens,
445 4684 595 4741 Caesarium
618 4684 818 4749 Arelatensem,
850 4699 934 4753 quem
989 4688 1059 4759 apud
1077 4689 1224 4745 Massiliam
1237 4699 1264 4746 et
1281 4690 1387 4748 vivendi
1403 4693 1485 4748 finem
1498 4691 1573 4762 feeit,
1590 4694 1787 4752 'l'lreodosioet

133 4756 234 4814 sedisse
246 4757 283 4813 ait
298 4756 355 4828 ejus
369 4756 439 4812 sedis
458 4755 608 4811 antistitem
625 4770 696 4810 armo
719 4754 829 4810 Durniui
855 4759 931 4821 524,
990 4760 1173 4816 Valentiniano
1188 4761 1371 4834 regnantibus,
1391 4773 1536 4837 postquam
1551 4765 1659 4821 scilicet
1677 4762 1785 4838 jamdu-

134 4829 258 4883 nomiuat
280 4827 359 4887 huius
382 4827 490 4884 Leontii
508 4842 707 4904 successorem,
723 4827 770 4955 2OE
787 4833 849 4898 post
864 4827 932 4881 AEo-
987 4829 1054 4885 durn
1080 4831 1232 4888 absolverat
1258 4834 1342 4889 libros
1363 4835 1559 4904 collationum,
1576 4845 1606 4891 ut
1623 4838 1740 4908 ipsemet
1761 4834 1786 4893 iu

135 4898 213 4952 nium
223 4898 302 4960 sedit,
316 4901 458 4955 ltarcnuio
469 4898 657 4954 substitutum.
675 4901 719 4955 Uu
741 4914 933 4970 econsequens
1005 4901 1148 4958 sectatione
1171 4911 1296 4960 testatur.
1322 4907 1402 4975 Quod
1423 4916 1517 4962 autem
1533 4908 1609 4966 hunc
1635 4906 1785 4965 Helladiunr

133 4967 317 5037 estetipsum
340 4970 486 5024 Leontium
499 4968 688 5026 Arelatensem
709 4968 793 5026 tuisse
825 4971 930 5041 episco-
988 4917 1101 5029 iratrem
1128 4974 1252 5030 nominet
1275 4976 1429 5045 Cassianus,
1459 4979 1595 5034 incertum
1621 4996 1658 5035 an
1681 4975 1781 5036 Leontii

133 5053 209 5110 pum.
228 5041 267 5093 Ex
279 5036 378 5120 quibus
392 5038 499 5093 infirma
514 5040 660 5096 ctrinccrta
681 5040 832 5098 admodum
844 5039 931 5097 reddi·
986 5043 1098 5100 lrotrem
1129 5061 1301 5119 gennanum,
1319 5063 1353 5105 an
1378 5064 1443 5104 vero
1462 5051 1606 5106 communi
1625 5060 1654 5107 et
1677 5047 1727 5106 anti
1746 5061 1781 5103 ua

133 5117 179 5165 tur
203 5110 296 5165 Sararr
310 5108 413 5164 notatio
435 5110 469 5164 ad
482 5107 558 5166 illum
570 5111 671 5168 Sidonii
687 5110 781 5169 locum
791 5112 824 5169 de
835 5115 930 5168 Lcou·
944 5123 969 5184 1)
985 5116 1182 5172 ruorraehorum
1205 5118 1411 5175 nomenclatura
1431 5119 1555 5185 tratrem,
1571 5131 1623 5177 aut
1644 5130 1712 5179 certe
1770 5147 1781 5161 ·

132 5180 171 5235 tio
195 5181 382 5252 Foroiuliensi,
399 5181 491 5251 quiiut
502 5181 552 5247 ait)
563 5181 709 5239 subscribit
733 5184 838 5254 synodo
861 5185 931 5252 Lug·
985 5194 1061 5243 terna
1075 5187 1204 5244 charitate
1215 5188 1285 5245 sibui
1302 5191 1340 5245 rel
1354 5192 1473 5248 Leontio
1487 5192 1649 5250 devinctum
1673 5189 1785 5250 mluetit

132 5249 246 5306 dunensi
265 5260 293 5306 ct
310 5251 432 5322 epistolae
457 5252 548 5307 Fausti
564 5261 659 5309 contra
671 5255 829 5310 Lucit'erum
857 5268 930 5323 pres·
985 5257 1107 5329 intelligi.
1130 5262 1302 5329 llemoratur,
1316 5261 1425 5333 quidem
1442 5264 1470 5319 in
1482 5264 1585 5321 tabulis
1598 5261 1785 5322 ecclesiasticis

131 5317 273 5391 bytemm‚
302 5329 332 5376 ut
356 5330 428 5392 patet
442 5339 473 5378 ex
489 5323 601 5394 epistola
617 5325 708 5379 Fausti
722 5323 756 5379 ad
775 5320 929 5403 Luciferum
986 5328 1140 5398 (Marem-ol.
1157 5334 1233 5386 Rom.
1255 5337 1272 5386 8
1288 5335 1378 5407 Maii.)
1394 5337 1423 5391 S.
1437 5335 1587 5402 Helladius,
1604 5337 1664 5393 sire
1676 5332 1786 5392 Elladns

131 5390 161 5445 in
177 5389 230 5447 tine
249 5391 283 5449 de
297 5392 395 5448 Libero
420 5393 555 5459 Arbitrio,
577 5402 606 5451 et
625 5394 738 5465 epistola
763 5391 882 5449 Luciferi
895 5393 928 5451 ad
984 5399 1217 5458 Antisiodorensis
1237 5403 1391 5477 episcopus,
1415 5406 1459 5478 qui
1475 5408 1608 5464 successit
1623 5405 1783 5470 Valeriano,

129 5462 278 5518 Leontium
303 5473 331 5520 et
352 5465 482 5536 reliquos.
509 5468 578 5520 ltem
602 5465 745 5522 Cassianus
770 5465 884 5522 eremita
902 5466 929 5521 in
983 5469 1105 5543 seditque
1120 5474 1288 5544 temporibus
1306 5476 1457 5533 Constantii
1485 5487 1512 5534 et
1536 5477 1712 5536 Constantini
1731 5477 1786 5533 irn-

983 5558 1053 5615 per.,
1075 5544 1238 5617 poniturque
1263 5547 1375 5618 quintus
1389 5548 1485 5606 ordine
1498 5549 1558 5621 ejus
1578 5551 1656 5608 sedis
1677 5547 1785 5625 episoc-

981 5629 1032 5686 pus
1046 5614 1073 5669 in
1093 5616 1193 5672 tabulis
1210 5617 1389 5675 Democharis
1402 5622 1471 5687 (Lib.
1496 5635 1521 5677 rt
1541 5621 1576 5677 de
1595 5623 1676 5680 saer.
1698 5624 1786 5680 Aine

981 5700 1003 5739 c.
1016 5690 1068 5752 ¹9).
1078 5689 1115 5743 At
1132 5687 1177 5743 hic
1188 5690 1275 5746 multo
1295 5690 1446 5765 antiquior,
1456 5699 1483 5749 et
1496 5694 1589 5751 Leone
1601 5692 1747 5767 pontifice,
1758 5696 1786 5751 et

980 5765 1075 5814 nostro
1086 5759 1224 5818 Cassiano.

129 5531 287 5602 praeiatione
316 5536 410 5606 primae
436 5545 463 5592 et
489 5552 571 5593 nonae
604 5535 765 5592 collationis.
799 5537 843 5593 Sic
872 5538 926 5606 ille,

130 5609 275 5674 utrumque
296 5607 417 5662 Cassiani
438 5608 530 5663 locum
545 5608 581 5664 de
607 5607 721 5663 Leontis
746 5607 925 5680 Forojuliensi

129 5671 317 5744 interpretans.
330 5679 438 5733 Tertius
458 5678 573 5749 denique
588 5678 721 5734 Leontius
741 5679 928 5750 Burdegalen-

128 5743 166 5800 sis
195 5746 380 5816 superioribus
409 5747 560 5819 posterior,
586 5757 616 5805 ut
640 5749 745 5805 notavit
767 5750 927 5808 sirmondus

129 5818 194 5891 (Ubi
206 5817 312 5892 supra).
325 5821 366 5876 De
377 5833 433 5891 quo
446 5819 594 5877 venantius
605 5821 772 5880 Fortunatus
786 5822 816 5879 in
829 5823 927 5880 carmi·
