3848 6158
146 212 149 217 ’
166 238 216 293 sn

167 453 240 509 velut
251 450 325 508 ebria
336 466 384 525 per
402 449 509 508 diversa
521 448 702 521 distrahitur,
719 449 827 507 nullum
843 450 967 509 officium

167 553 354 617 competenter
381 544 535 603 exsolvens.
563 544 643 601 Verbi
667 544 774 617 gratiam
800 545 868 603 dum
893 556 966 616 orat,

166 637 301 711 psalmum
314 646 362 695 aut
370 638 491 710 aliquam
500 637 594 695 recolit
607 638 752 695 lectionem
763 658 771 707 ς
785 638 853 695 dum
865 647 967 711 mutat,

166 731 243 789 aliud
260 731 326 804 quid
348 730 497 788 meditatur
522 746 606 803 quam
629 740 720 790 textus
740 732 824 805 ipsius
846 734 968 791 continet

166 825 280 898 pratum
304 841 368 881 cum
391 824 535 881 lectionem
562 826 668 894 recitat,
689 824 847 882 fouendum
868 826 968 900 aliquid

166 920 265 985 uoluit,
277 918 411 975 laetumve
424 917 618 987 reminiscitur,
634 926 715 991 atquc
728 918 756 974 in
768 919 840 975 hunc
853 918 967 976 modum

167 1012 233 1069 nibil
247 1010 415 1084 disciplinate
425 1026 476 1068 uec
486 1018 639 1083 opportune
664 1011 793 1085 recipitur
807 1011 848 1068 rel
862 1011 966 1082 ,dimit-

166 1107 244 1175 titur,
273 1104 346 1161 uelut
362 1105 481 1162 fortuitis
507 1106 549 1179 agi
572 1106 698 1162 uideatur
718 1105 883 1175 incursibus,
903 1106 968 1163 reti·

165 1200 247 1257 nendi
259 1216 290 1257 ea
304 1200 403 1271 quibus
417 1201 577 1269 delectatur,
599 1200 640 1256 vel
665 1200 830 1258 immorandi
854 1201 893 1258 eis
911 1216 967 1256 non

165 1292 269 1350 habeus
283 1302 456 1367 potestatem.
472 1294 662 1350 Necessarium
676 1309 741 1366 ergo
761 1294 841 1351 uobis
855 1302 898 1351 est
910 1310 967 1365 prae

165 1387 293 1443 omnibns
303 1402 382 1443 nosse
394 1386 628 1459 quemadmodum
644 1386 703 1443 baec
713 1386 842 1457 spiritalia
853 1402 965 1459 compc-

165 1486 253 1535 teuter
265 1480 371 1551 explere
385 1480 521 1551 possimus
535 1478 633 1545 cilicia,
646 1479 687 1535 vel
705 1486 780 1535 certe
797 1478 870 1535 hunc
885 1494 967 1537 eum-

163 1567 227 1626 dem
242 1570 402 1626 rersiculum
414 1586 496 1643 quem
510 1570 589 1628 nobis
608 1571 665 1627 ricc
676 1569 805 1627 formulae
818 1571 964 1640 tradidisti,

165 1663 340 1721 immobiliter
353 1664 544 1732 custodirent
555 1664 682 1721 omnium
701 1679 832 1721 sensuum
844 1673 921 1723 ortus
933 1681 965 1722 ac

725 232 894 291 contario
912 236 944 292 X.
964 266 1000 277 -

167 357 278 417 mobilis
288 372 396 431 semper
406 372 440 415 ac
452 372 520 431 uaga
534 358 563 413 in
578 366 703 429 tempore
713 373 822 431 quoque
832 374 967 433 synaxeos
981 366 1008 431 Α

1773 242 1826 301 842

1018 236 1064 293 ΒΕ
1081 233 1271 293 oblatores.

1307 360 1428 419 CAPUT
1460 364 1538 419 xlv.

1019 508 1164 579 Reqmnsm
1181 508 1404 577 qnoamtroodum
1417 509 1554 564 stabilitos
1567 510 1654 567 coritis
1666 526 1713 567 sec
1724 516 1823 581 capitu·

1261 582 1364 635 tiouum
1372 582 1458 650 possit
1471 584 1585 651 anquiri.

1058 737 1153 793 Isaac:
1177 734 1255 793 Licet
1267 736 1373 809 pridem
1387 754 1472 811 super
1492 738 1544 797 hac
1568 754 1599 797 ra
1619 738 1821 812 disputantibus

1021 828 1102 885 nobis
1115 827 1149 885 dc
1160 830 1291 887 orationis
1304 839 1388 900 statu,
1401 840 1535 905 quantum
1548 848 1622 903 reor,
1631 834 1667 889 sit
1684 832 1822 893 sufficien-

1021 928 1063 977 ter
1076 937 1246 995 expressum,
1261 930 1355 981 tamen
1367 925 1430 996 quia
1443 925 1519 981 robis
1531 925 1590 983 haee
1600 925 1696 983 eadem
1709 928 1822 999 poscitis

1020 1013 1132 1071 interari
1146 1014 1181 1073 de
1192 1015 1399 1072 confirmatione
1409 1018 1500 1075 cerdis
1518 1018 1633 1075 breviter
1646 1020 1793 1079 intimabo.
1808 1026 1821 1055 ¹¹

1021 1108 1084 1165 Tria
1095 1118 1160 1166 sunt
1170 1124 1232 1181 quar
1246 1125 1341 1183 vagam
1353 1119 1477 1167 mentem
1490 1111 1616 1169 stabilem
1628 1112 1739 1185 faciunt,
1753 1114 1823 1188 rigi-

1020 1198 1226 1271 lite,meditatio
1239 1210 1268 1258 et
1278 1198 1376 1258 oratio.
1404 1205 1527 1272 Quarum
1549 1204 1691 1261 assiduitas
1705 1215 1733 1261 et
1746 1206 1821 1279 jugis

1010 1289 1289 1353 ¹intentiocanleruut
1301 1296 1400 1354 anirum
1421 1295 1546 1353 stabilem
1566 1296 1734 1355 limritatem.
1753 1300 1822 1369 Quas

1023 1394 1117 1443 tamen
1130 1388 1284 1446 aliasnullo
1303 1390 1390 1447 uredo
1416 1399 1544 1463 poterunt
1570 1390 1744 1465 apprehendi,
1769 1392 1822 1450 nisi

1020 1495 1067 1551 per
1077 1480 1178 1553 operis,
1193 1497 1248 1538 non
1261 1482 1448 1555 philargyriae,
1472 1484 1520 1541 sed
1534 1485 1618 1542 saeris
1628 1486 1745 1543 coenobii
1761 1486 1821 1543 usi-

1018 1572 1071 1630 bus
1085 1573 1201 1633 dedicati
1219 1574 1413 1649 infatigabilem
1427 1578 1570 1651 jugitatem
1592 1594 1689 1635 omues
1709 1580 1821 1636 omnino

1018 1666 1216 1725 sollicitudines
1230 1676 1257 1725 et
1270 1683 1343 1725 curae
1367 1669 1429 1725 sitm
1454 1670 1599 1741 prasentia
1625 1671 1701 1743 prius
1719 1668 1820 1727 fuerint

164 1756 226 1815 linis
237 1775 292 1815 nou
307 1759 336 1815 in
347 1774 396 1815 sua
404 1758 574 1818 volubilitate
596 1759 740 1829 fluctuent,
765 1759 856 1817 sedin
870 1769 963 1817 nostra
977 1739 1001 1801 B
1019 1760 1161 1831 abdicatae,
1176 1770 1207 1819 ut
1218 1762 1253 1819 ita
1267 1762 1333 1820 illud
1344 1764 1536 1835 Apostolicum
1548 1764 1720 1836 mandatum,
1734 1753 1821 1823 “Sine

164 1852 265 1911 ditione
279 1854 440 1912 consistant.

1017 1856 1215 1913 intermissione
1240 1872 1327 1923 orere,
1355 1857 1494 1929 possimus
1515 1858 1639 1931 implere.
1670 1860 1820 1931 Perparum

710 1992 838 2049 rhabbi
857 1992 970 2049 GAZAEl
989 1990 1270 2048 COMMENTARIUS.

164 2106 225 2161 baee
243 2106 325 2160 rerba
341 2125 347 2160 :
366 2108 419 2161 l'os
435 2120 521 2167 meno,
536 2106 716 2169 dilectissimi,
743 2122 810 2176 pure
823 2124 967 2177 semperne

166 2176 380 2231 stremaeelininis
393 2178 668 2244 interesseluadibus3
679 2180 965 2247 peremtuibiloliml,

166 2248 231 2302 elaten
242 2246 368 2316 psallitis,
379 2263 462 2317 queam
471 2248 543 2317 quod
549 2248 667 2318 psallitis
679 2250 817 2317 sophetim
828 2266 874 2303 nec
882 2251 967 2305 solunt

164 2319 223 2373 ciebo
237 2320 361 2372 ritnnelns
372 2321 545 2386 crepitationes
556 2334 642 2373 cernes
667 2323 692 2373 et
709 2320 807 2374 otiosus
821 2339 827 2375 :
847 2321 967 2375 citurnlee

163 2392 229 2443 scant
242 2392 267 2441 et
281 2390 345 2451 ilice,
356 2391 406 2443 illu
417 2390 646 2453 ‹lumtoaotlrorm
661 2393 688 2443 et
698 2389 814 2450 illeloco,
828 2394 967 2461 qtcososfi-

162 2460 242 2514 cinles
249 2460 353 2525 [ratres
359 2476 411 2528 pro
418 2462 552 2514 cumomni
558 2463 719 2521 necessitate,
728 2464 809 2529 qceosi
819 2464 967 2517 antecessurae

164 2531 320 2599 [requenter
329 2532 470 2586 nclrnittcre
481 2532 682 2600 corripellnntur.
694 2532 746 2586 Sed
755 2548 787 2585 ue
799 2532 847 2585 illu
857 2534 966 2601 quadem

159 2602 283 2671 protecto
298 2604 414 2671 recipcre
429 2607 492 2657 terrie
504 2604 689 2664 eorrsnlnerim,
705 2618 765 2670 qttee
786 2603 859 2667 sorte
883 2604 965 2671 praecelo

163 2677 228 2726 orate
242 2674 268 2725 in
284 2674 400 2727 elcrecstro
412 2674 532 2727 sedentes
544 2676 571 2726 in
582 2674 669 2728 coelice
679 2674 815 2740 leperotis.
838 2674 963 2727 Seclulmu

162 2747 236 2804 steret,
244 2743 291 2797 secl
300 2743 867 2813 me'm'meillusulubriterinterpsulleuetnm
878 2745 963 2798 rutel-

165 2816 236 2867 citis.
248 2816 367 2883 Spiritus
373 2817 443 2869 terrim
450 2820 557 2869 stractus
570 2816 616 2869 illa
622 2816 687 2869 beru
693 2819 800 2883 pretam
807 2830 861 2867 reon
867 2817 964 2884 recipit

163 2886 298 2954 qenilquiet
307 2886 386 2939 eitiunt
395 2904 475 2955 rpoream
484 2888 570 2947 cartes,
579 2887 693 2954 reeplccto
702 2902 730 2940 eo
742 2886 814 2955 qued
821 2886 907 2954 clebcs,
918 2886 964 2941 elr-

165 2956 271 3009 toleris.
287 2959 325 3010 lta
339 2956 418 3011 dirus
434 2958 599 3012 bernardus.

201 3034 214 3059 ¹
228 3026 313 3081 hlulta
325 3025 366 3081 his
377 3036 559 3082 consentanca
583 3025 702 3097 reperies
713 3024 786 3095 apud
801 3029 835 3081 D.
859 3028 965 3099 Grego-

164 3095 238 3151 rium
251 3096 296 3151 lib.
319 3112 393 3153 xxsr
407 3100 503 3153 illoral.
520 3113 544 3151 c.
562 3100 596 3151 ao
609 3105 636 3151 et
650 3100 696 3163 st,
708 3103 736 3151 et
751 3099 779 3152 S.
794 3098 964 3154 Berrrardnm

161 3166 211 3223 lib.
228 3166 262 3223 de
275 3168 396 3224 interiori
411 3169 494 3224 domo
512 3184 536 3222 c.
553 3170 586 3221 st
601 3176 628 3222 et
640 3181 697 3237 seq.

197 3231 284 3294 ¹’llaec
298 3240 428 3295 sententia
450 3238 607 3294 continetur
627 3253 660 3293 ex
683 3236 839 3307 exprimitur
866 3253 964 3308 scopus

162 3316 191 3365 et
204 3318 398 3381 argumentum
408 3310 491 3379 hujus
500 3309 662 3375 collationis,
678 3322 759 3378 quam
772 3308 898 3363 ettitulus
908 3325 963 3380 prae

161 3394 192 3437 se
207 3379 269 3449 fert,
284 3382 415 3437 nimirum
431 3382 466 3436 de
478 3380 607 3451 qualitate
615 3389 642 3435 et
649 3378 808 3433 assiduitate
821 3379 951 3435 orationis

161 3450 241 3522 eujus
275 3451 374 3508 ideireo
396 3451 611 3522 explanationem
630 3448 771 3519 bucusque
794 3420 998 3507 discuttmnst

162 3522 271 3577 Similes
281 3540 343 3579 vero
359 3523 499 3578 sententiae
512 3521 610 3593 passim
626 3522 653 3576 iu
665 3519 811 3591 scripturis
824 3520 960 3591 leguntur.

162 3594 206 3649 Ut
220 3608 258 3664 ps.
268 3610 383 3650 xxxin:
397 3595 551 3650 lleinatieum
563 3596 703 3647 bernimcrn
715 3594 743 3645 in
754 3594 829 3646 omiti
835 3598 960 3662 ternpore,

162 3679 265 3733 semper
277 3669 336 3721 leeris
348 3668 404 3735 q'us
420 3669 448 3719 iu
462 3682 506 3719 ere
515 3681 579 3719 naen.
596 3664 658 3721 Eecl
674 3678 747 3719 surr:
770 3666 826 3719 Nori
837 3664 962 3733 e'rrqreelio·

161 3736 203 3789 ris
214 3752 292 3791 orare
305 3753 413 3807 seraper.
431 3739 497 3791 Luc.
512 3751 605 3792 xu1t1.
626 3738 734 3805 Oportet
757 3750 860 3805 scerreper
871 3752 959 3804 creme,

162 3810 188 3861 et
201 3824 344 3877 rearmquom
356 3809 473 3877 elefeere.
484 3810 625 3863 l.uc.xxr:
638 3807 961 3875 l'ipilnte,orrareitempnre

162 3884 276 3933 orontes.
293 3882 327 3934 Et
341 3898 365 3933 c.
382 3882 430 3934 ult.
447 3900 452 3932 :
466 3882 551 3934 Erunt
564 3878 703 3945 serrrperin
716 3876 811 3941 templu
821 3877 961 3931 leraeetnufes

160 3953 187 4003 et
201 3951 377 4005 terreatimntes
393 3955 484 4004 licetne.
501 3945 554 4001 Sed
568 3946 627 3999 irasc.
636 3943 775 4012 quemodo
789 3943 961 4013 iintelliqeuda

162 4020 337 4089 sint,mcrito
358 4018 500 4087 (quaeritur,
522 4030 586 4069 cunr
609 4013 729 4066 lrirmana
751 4010 882 4081 fragilitas
905 4028 962 4069 riou

159 4086 231 4145 ferat
244 4091 383 4145 assiduam
395 4099 423 4141 et
437 4098 588 4155 rrirmquam
603 4082 787 4137 intermissam
797 4082 960 4140 orationem.

160 4160 245 4232 Cujus
255 4158 420 4214 difficultatis
433 4156 524 4228 plures
547 4154 696 4209 solutiones
719 4159 747 4207 et
770 4152 963 4222 explicationes

160 4230 282 4285 invenio.
298 4224 807 4297 l'rinra,Semperetsineiutermissiune
818 4226 962 4291 eructatum,

160 4316 219 4356 uon
235 4298 308 4368 qnod
320 4314 426 4369 semper
437 4299 464 4354 in
476 4297 599 4353 oratione
609 4294 732 4365 occupati
742 4309 801 4349 esse
812 4294 960 4365 possimus,

161 4368 211 4425 secl
224 4368 297 4439 quod
310 4385 418 4441 semper
437 4376 583 4435 autorare,
608 4365 769 4438 autaliqnid
791 4366 857 4421 boni
883 4382 963 4437 agere

161 4439 448 4511 debeamuslrleqnst.
463 4444 492 4495 in
501 4441 679 4511 pselxxxur
691 4438 711 4510 ).
724 4439 770 4494 ille
779 4440 848 4493 enirn
858 4454 963 4510 semper

161 4518 226 4567 erut
239 4515 288 4582 qni
296 4530 399 4584 serrqrer
412 4514 473 4567 berre
491 4515 563 4581 epit3
580 4516 605 4565 et
617 4525 765 4579 rrecchtom
786 4514 871 4565 cessent
884 4528 963 4569 crure

159 4585 211 4653 qni
224 4600 275 4639 iecra
289 4589 372 4639 cesset
385 4585 546 4652 irereesucere,
558 4582 596 4635 ait
607 4582 703 4636 Glossa
719 4579 869 4643 ordinatim
879 4598 961 4652 quam

160 4658 197 4711 D.
216 4656 336 4711 Thomas
359 4656 459 4710 clarius
480 4666 618 4723 exponens
637 4655 717 4717 (Μ,
734 4668 761 4719 q.
777 4656 822 4705 83.
845 4657 898 4706 ert.
917 4655 959 4725 il)

160 4724 402 4781 decolorationem
423 4726 515 4780 debere
538 4738 592 4777 esse
611 4722 761 4787 cruciatuum,
777 4737 829 4775 racio
854 4724 960 4790 quidem

1020 2106 1239 2179 quandoquidem
1253 2115 1344 2165 actum
1359 2108 1505 2180 quemdam
1518 2106 1819 2180 manifesterequiraut,

1021 2181 1093 2234 Nam
1107 2181 1153 2250 qui
1173 2187 1235 2235 actu
1257 2187 1304 2235 aut
1329 2194 1481 2249 numquam
1504 2186 1551 2234 aut
1569 2178 1708 2233 rarissime
1728 2188 1821 2234 oraret

1020 2265 1078 2305 uon
1099 2259 1253 2307 censeretur
1276 2250 1341 2306 huic
1364 2257 1500 2331 praecepto
1520 2246 1686 2317 satisfacere,
1712 2248 1819 2305 etiamsi

1021 2318 1152 2376 affectum
1168 2320 1545 2377 illumeharitatisretmerct.
1567 2319 1683 2375 Proinde
1704 2318 1757 2374 alia
1779 2329 1821 2377 est

1022 2390 1154 2464 expositio
1165 2394 1201 2447 D.
1218 2392 1386 2463 Augustinus
1404 2392 1431 2448 in
1450 2393 1470 2447 l.
1486 2390 1520 2447 de
1544 2391 1647 2447 llaeres.
1662 2392 1741 2459 (Cep.
1756 2392 1819 2461 57),

1020 2476 1103 2533 quam
1122 2463 1227 2534 primus
1239 2464 1291 2518 PP.
1306 2463 1435 2519 Nicolaus
1455 2462 1483 2517 in
1502 2477 1624 2533 respons.
1638 2464 1672 2517 ad
1695 2461 1819 2518 consulta

1020 2533 1201 2604 Butgarorum
1224 2533 1353 2589 refertae
1376 2533 1498 2605 seqnitur
1522 2534 1675 2603 (tepet),
1698 2546 1751 2603 qua
1775 2531 1820 2587 illc

1019 2602 1117 2658 dicitnr
1133 2619 1235 2673 semper
1247 2608 1272 2657 ct
1284 2606 1341 2659 sirac
1361 2605 1552 2658 irrterrnissebmr
1565 2618 1653 2669 crure,
1674 2603 1721 2673 qui
1745 2602 1819 2658 nullo

1019 2671 1147 2728 diccerta
1170 2672 1400 2745 oranditenrpora
1424 2672 1617 2743 praetermittit.
1645 2676 1706 2741 Quo
1734 2671 1819 2728 modo

1017 2742 1101 2800 Darid
1114 2752 1142 2799 et
1155 2743 1337 2815 hlipbiboseth
1357 2744 1424 2800 dixit
1439 2745 1464 2798 ll
1478 2748 1546 2813 Reg.
1572 2757 1597 2798 c.
1613 2758 1640 2797 rx
1660 2744 1716 2797 :lb
1733 2757 1821 2798 comc-

1017 2814 1063 2868 elcs
1073 2829 1174 2895 proaem
1187 2818 1215 2869 in
1228 2830 1319 2870 ntercso
1345 2831 1402 2870 uren
1418 2830 1530 2884 semper,
1555 2812 1583 2868 id
1609 2821 1661 2881 est,
1686 2812 1818 2883 quotidie,

1020 2882 1094 2940 horis
1108 2886 1255 2941 consuetis.
1271 2887 1315 2941 Sic
1330 2888 1357 2941 S.
1375 2887 1557 2956 [lieronymus
1570 2883 1598 2938 iu
1609 2899 1652 2954 ep.
1669 2888 1703 2937 22
1719 2882 1752 2939 ad
1762 2885 1820 2939 Eu-

1018 2954 1363 3026 sto'ehium20m1mquum
1383 2958 1527 3026 :lpmstolns
1550 2970 1627 3009 urere
1648 2970 1695 3008 ems
1716 2970 1820 3023 semper

1013 3025 1119 3094 jubeat,
1135 3031 1160 3082 et
1170 3031 1358 3083 sonctisetiom
1373 3030 1428 3097 ipse
1442 3041 1548 3081 serrarius
1562 3028 1598 3079 sit
1609 3028 1715 3089 orutio,·
1729 3030 1819 3079 tomen

1018 3098 1120 3153 eticisus
1130 3101 1228 3154 aruitdi
1237 3098 1561 3155 horuselcbcrnuslmbere.
1577 3100 1606 3150 ut
1615 3097 1640 3147 si
1651 3096 1819 3165 serteoliquo

1018 3169 1153 3234 tnen'mnc
1162 3185 1239 3239 opem
1249 3171 1359 3237 detenti,
1377 3172 1463 3238 r'prsum
1477 3172 1523 3222 ries
1534 3168 1570 3221 etet
1580 3168 1700 3235 ot'fim'rrm
1716 3171 1819 3236 tempus
1891 3164 1895 3171 '

1017 3239 1170 3295 erdrneneut.
1194 3242 1223 3296 S.
1246 3240 1311 3295 item
1337 3240 1440 3307 Eligius
1468 3239 1609 3309 episcorus
1630 3237 1820 3293 Noriomeusis

1019 3306 1116 3363 bonril.
1134 3318 1162 3364 lt
1181 3310 1207 3364 in
1220 3326 1297 3365 coena
1324 3309 1435 3363 llonriui
1457 3310 1504 3380 (ln
1525 3312 1558 3363 ln·
1567 3308 1649 3361 alteret.
1673 3311 1735 3362 Pet.
1753 3312 1816 3363 tum.

1018 3380 1059 3447 ll)
1075 3398 1081 3433 :
1097 3382 1173 3447 Qttis,
1185 3380 1281 3451 iuquit,
1292 3386 1377 3449 pertesi
1386 3394 1583 3448 seraperorore,
1599 3394 1631 3431 uc:
1644 3381 1700 3431 sinc
1713 3378 1820 3445 defectu

1017 3454 1042 3503 et
1055 3452 1251 3507 intermissione
1261 3451 1386 3521 precibus
1406 3453 1537 3511 insistere,
1554 3453 1583 3503 ut
1599 3464 1644 3503 uec
1661 3450 1819 3505 calirrtentum

1016 3522 1141 3575 setrreemli
1149 3538 1196 3577 nec
1213 3521 1364 3577 elermiernli
1379 3526 1481 3590 ternpus
1500 3520 1613 3573 lenhcut?
1627 3522 1750 3587 Cuierpe
1773 3520 1818 3575 cli·

1014 3593 1125 3647 cerarium
1140 3598 1197 3648 est:
1211 3594 1320 3662 tlprrrtct
1337 3607 1440 3663 scurper
1465 3606 1551 3653 crure,
1572 3595 1598 3644 ct
1621 3606 1674 3644 arun
1694 3592 1815 3659 emittere,

1014 3664 1071 3719 nst
1090 3668 1116 3719 ei
1126 3667 1175 3735 qui
1200 3666 1330 3719 cetrmrn'cis
1340 3662 1640 3733 ineos‹prieteemjuata
1652 3663 1734 3716 niteam
1745 3662 1818 3717 ecclc·

1014 3736 1130 3791 sintice
1140 3738 1307 3799 traditionis,
1326 3735 1483 3805 psalmodiis
1500 3734 1672 3803 precibusque
1686 3735 1819 3789 seiunctis

1015 3808 1156 3861 Domitiam
1168 3808 1283 3861 litterature
1312 3812 1336 3859 et
1349 3820 1442 3873 rupere
1456 3820 1507 3857 reon
1520 3804 1645 3857 absistit?
1657 3806 1693 3856 Et
1709 3804 1756 3857 boc
1778 3808 1818 3857 est

1015 3879 1086 3945 qcsoet
1105 3882 1146 3931 uit
1163 3880 1306 3933 l'sulmisto
1327 3894 1335 3929 r
1357 3876 1515 3932 Berteelicum
1536 3875 1677 3929 Dorreinann
1695 3874 1724 3925 in
1745 3874 1820 3927 uertici
1898 3902 1903 3909 ·

1016 3950 1142 4015 tempere,
1153 3964 1254 4017 seorrper
1266 3950 1325 4002 letes
1335 3946 1394 4016 ejus
1408 3949 1435 3999 in
1448 3961 1496 3999 ore
1515 3960 1571 3997 erice
1583 3948 1591 4013 t
1602 3944 1671 3998 l-'snl
1690 3956 1788 3999 xxxtu
1797 3948 1817 4009 ).

1015 4015 1126 4071 Sicilie.
1142 4018 1223 4085 Quod
1235 4018 1348 4072 totidem
1363 4016 1418 4071 lere
1432 4014 1520 4069 uerbis
1534 4014 1618 4068 refert
1632 4014 1706 4068 Beda
1718 4013 1747 4068 in
1756 4028 1816 4083 cap.

1017 4100 1096 4141 xvtrt
1106 4089 1200 4141 Lucae.
1214 4090 1292 4141 lianc
1304 4086 1556 4155 interpretationem
1564 4084 1653 4154 jurant,
1665 4082 1738 4155 quod
1752 4086 1816 4140 Act.

1017 4169 1065 4211 xrr
1075 4156 1127 4211 seri
1149 4163 1208 4211 tum
1222 4164 1274 4221 est,
1286 4156 1430 4227 quodcum
1446 4157 1540 4209 l‘etrns
1552 4154 1579 4207 in
1590 4170 1698 4210 carcere
1710 4153 1818 4211 detine-

1017 4234 1102 4289 retur,
1177 4229 1214 4282 tio
1227 4230 1356 4282 sinerinte
1369 4226 1580 4295 utissienefiebot
1592 4226 1627 4279 ub
1641 4226 1757 4281 Ecclesia
1767 4242 1818 4297 pre

1018 4313 1056 4353 eo.
1070 4300 1105 4352 Et
1116 4298 1266 4369 Apostolus
1277 4296 1311 4354 ad
1334 4298 1587 4353 Thessalonicenses
1609 4296 1721 4353 scribit:
1744 4300 1818 4355 tiro·

1017 4371 1070 4423 tius
1082 4372 1190 4438 opiinus
1201 4374 1254 4426 lico
1261 4384 1363 4440 semper
1375 4384 1425 4439 pro
1434 4370 1557 4423 scurribus
1568 4370 1650 4433 robis,
1661 4372 1817 4425 errernoriam

1016 4444 1100 4495 uestri
1105 4443 1232 4506 fircierttcs
1240 4444 1267 4496 in
1275 4442 1439 4496 erationibus
1450 4444 1548 4497 riostris
1559 4442 1615 4496 sine
1624 4443 1818 4497 irttemnisse'onc

1016 4513 1043 4577 (l
1056 4512 1145 4567 Thess.
1163 4512 1200 4595 r).
1213 4513 1319 4585 Quibus
1337 4521 1428 4569 tamen
1448 4512 1535 4568 serbis
1558 4528 1614 4567 uon
1635 4511 1818 4569 excluduntur

1017 4584 1149 4655 temporis
1172 4583 1311 4641 interualla
1333 4584 1368 4640 ad
1391 4582 1537 4650 edendnm,
1557 4584 1761 4649 dormiendum,
1790 4592 1817 4661 et

1014 4652 1068 4709 alia
1093 4654 1234 4713 charitatis
1259 4664 1309 4711 aut
1323 4664 1428 4711 naturae
1448 4654 1538 4709 cilicia
1556 4653 1701 4723 implenda.
1725 4654 1817 4707 Tertia

1014 4727 1146 4782 sententia
1156 4734 1198 4783 est
1211 4726 1240 4781 in
1250 4726 1294 4782 his
1308 4725 1456 4788 vocabulis,
1476 4738 1589 4790 seru-per,
1603 4723 1678 4774 urrani
1690 4726 1816 4789 tenrpore,

160 4798 353 4863 seminaturum,
367 4796 562 4851 suessonicam
576 4808 684 4847 cuasam
696 4807 784 4858 serram,
798 4794 901 4857 becest,
915 4810 960 4850 se-
975 4810 1000 4872 ι)
1014 4799 1040 4849 et
1063 4798 1121 4851 sine
1140 4799 1344 4861 intermissione,
1365 4792 1543 4863 hyperbolem
1568 4793 1716 4861 quenulam
1739 4804 1816 4860 esso;

159 4866 279 4923 cnrrdnm
294 4869 425 4935 suffectum
442 4882 488 4921 sen
507 4865 673 4920 elesrllcrinm
686 4864 839 4929 charitatis,
858 4880 892 4918 ec
911 4882 962 4935 qno

158 4938 302 5011 proceriore
311 4939 388 4993 <teter
401 4941 497 4998 oratio,
520 4936 591 5007 qnod
612 4935 721 5005 quictem
741 4936 769 4987 iu
791 4935 867 4989 rectis
887 4936 962 4993 debet

161 5024 217 5065 esse
228 5012 394 5071 eurrtr'rnunn,
407 5010 448 5063 ecl
457 5014 528 5071 uetur,
547 5008 587 5061 ecl
599 5010 703 5061 uirtute.
718 5008 808 5063 Marcet
820 5007 891 5059 enim
909 5012 963 5063 eir·

162 5085 205 5136 tus
215 5081 296 5149 brejus
313 5081 442 5136 desiterii
454 5082 483 5133 in
495 5079 615 5133 uaricibus
629 5094 689 5147 que
703 5094 737 5132 cc
747 5077 877 5131 clamitate
888 5080 963 5145 luci-

161 5166 231 5205 mus.
244 5154 341 5208 tirnaio
349 5157 444 5207 'nedem
456 5150 578 5205 etebernus
592 5152 620 5202 in
633 5151 681 5204 liei
690 5150 804 5217 pler-iam
817 5149 915 5214 locere,
929 5155 960 5206 ut

161 5223 291 5279 dictami
309 5226 368 5279 t'er.
381 5239 411 5279 x.
430 5222 505 5278 conte
520 5221 692 5289 dispersimus
708 5221 777 5273 elicit
800 5220 837 5273 oet
844 5221 961 5278 Probum

163 5292 271 5363 (Epist.
283 5299 328 5348 121
342 5296 350 5365 )
361 5311 368 5347 2
379 5297 411 5349 ln
422 5296 481 5364 ipso
493 5292 546 5363 fide
555 5298 581 5347 et
590 5292 723 5347 charitate
731 5292 885 5346 caratiuuotu
894 5294 961 5350 elesi-

162 5364 237 5419 derio
248 5380 350 5435 seraper
374 5380 490 5420 cremus.
519 5364 572 5421 Seri
588 5366 646 5434 apso
664 5364 752 5418 oratio
770 5364 914 5419 secretalem
934 5382 961 5421 sc

163 5437 331 5492 considerate
345 5452 397 5491 reon
408 5439 493 5506 petest
509 5451 562 5492 esse
573 5434 697 5497 assidue,
709 5437 836 5505 quoniam
860 5442 962 5507 oportet

163 5506 227 5561 alte
237 5508 362 5577 operibus
377 5510 508 5575 europei.
525 5508 592 5563 Haec
604 5508 633 5563 S.
642 5506 772 5562 Thomas.
787 5507 891 5562 Verum
906 5524 963 5564 nou

162 5576 289 5633 ridentur
317 5577 475 5650 hujusmodi
506 5578 660 5645 sentcntiae,
693 5584 721 5633 et
750 5575 825 5648 quod
850 5578 889 5633 eis
914 5596 987 5635 ex·-

161 5646 300 5721 primitur,
313 5648 407 5706 orarrdi
430 5656 608 5721 preceptum,
634 5650 668 5705 da
691 5646 749 5704 sola
770 5648 876 5704 virtuali
901 5665 965 5706 ora·

161 5718 249 5787 hone,
259 5736 309 5776 seu
323 5719 422 5775 allectu
432 5719 610 5775 charitatiset
621 5718 755 5776 desiderio
770 5718 835 5776 sitm
854 5730 967 5779 aeternae

163 5790 256 5863 (quod
265 5791 293 5847 iu
302 5791 379 5847 omni
388 5806 471 5864 opero
481 5790 555 5847 bono
562 5788 739 5863 supponitur)
752 5789 866 5865 intelligi
873 5808 965 5866 posse,

268 5882 401 5939 Parnes.
419 5880 525 5937 xllx.

1013 4872 1046 4921 ut
1062 4864 1136 4921 idem
1147 4866 1194 4935 sit,
1204 4880 1312 4936 semper
1321 4879 1399 4919 orare
1410 4861 1483 4932 quod
1491 4861 1609 4917 multum
1621 4868 1648 4917 ct
1660 4861 1818 4935 frequenter

1015 4950 1105 5002 orare,
1125 4950 1173 4991 seu
1196 4935 1313 4992 orationi
1339 4931 1504 4997 incumbere,
1528 4932 1617 4989 nteit
1639 4936 1674 4990 D.
1700 4934 1816 4991 Benedi-

1015 5014 1076 5063 ctus
1090 5006 1136 5074 (G.
1153 5008 1169 5061 -l
1187 5004 1321 5076 nepote),
1343 5004 1381 5059 uel
1396 5012 1529 5075 quantum
1548 5004 1666 5061 hnmana
1688 5004 1727 5060 fra
1747 5006 1818 5064 ilites

1051 5076 1127 5143 titur,
1135 5085 1166 5132 ut
1175 5075 1257 5132 babet
1269 5079 1303 5131 D.
1314 5075 1455 5149 Chrysost.
1468 5076 1613 5148 Quonrodo
1627 5022 1818 5148 Apostolieum

1037 5164 1069 5205 oc
1084 5146 1544 5222 praeceptumexponererideturs.
1558 5148 1724 5204 Athanasius
1737 5146 1773 5203 ita
1783 5146 1818 5204 do

1013 5220 1041 5276 S.
1051 5220 1170 5277 Antonio
1184 5219 1307 5276 scribens
1329 5240 1336 5277 ι
1351 5219 1508 5290 προσηύχετο
1531 5224 1651 5290 συνεχῶς,
1672 5218 1759 5290 μαθὼν
1777 5220 1818 5273 brt

1014 5290 1114 5365 bexqar‘
1136 5290 1199 5345 istae
1214 5290 1393 5363 προσεύχεσθαι
1414 5289 1577 5353 ἀδιαλείπτως
1588 5308 1595 5344 :
1608 5291 1635 5348 id
1653 5298 1704 5360 esi,
1720 5290 1819 5349 orabat

1014 5362 1180 5436 frequenter,
1188 5364 1288 5436 quippe
1299 5363 1346 5435 qni
1359 5362 1491 5419 didicerat
1500 5361 1574 5436 quod
1585 5370 1723 5434 oporteret
1731 5362 1820 5433 priva-

1014 5434 1067 5491 tim
1078 5435 1135 5491 siue
1148 5434 1350 5492 intermissione
1363 5432 1820 5507 orareQuartaetrerissimaexpe-

1015 5506 1077 5562 sitio
1086 5514 1140 5575 est,
1154 5505 1207 5562 illis
1221 5504 1311 5561 serbis
1324 5504 1391 5561 nibil
1405 5502 1479 5560 aliud
1496 5504 1640 5576 significari
1650 5520 1732 5577 quam
1751 5520 1821 5562 can-

1016 5584 1121 5635 stanter
1131 5584 1159 5633 et
1166 5584 1371 5649 perseveranter
1382 5575 1517 5632 orandum
1527 5591 1600 5644 esse;
1613 5585 1640 5633 et
1653 5594 1709 5635 nen
1721 5576 1821 5636 debere

1018 5664 1082 5717 nos,
1095 5648 1117 5706 si
1130 5648 1223 5705 statim
1235 5664 1290 5705 nou
1304 5663 1484 5722 assequamur
1495 5648 1570 5720 quod
1584 5648 1712 5721 petimus,
1726 5648 1823 5719 despe-

1018 5734 1080 5777 rare
1097 5728 1125 5778 ct
1146 5722 1270 5779 animum
1296 5720 1425 5794 abjicere,
1445 5721 1532 5803 quod·
1544 5730 1586 5777 est
1604 5722 1725 5802 deiicere,
1748 5714 1822 5787 apud

1019 5794 1124 5851 bucam
1139 5794 1216 5865 (Luc.
1227 5794 1338 5867 xeru);
1357 5794 1444 5851 imme
1460 5808 1548 5865 magis
1560 5808 1593 5849 ac
1603 5794 1691 5863 magis
1709 5794 1821 5851 emtarc,
