3848 6158
123 232 178 284 t57
416 226 461 280 ut:
479 224 719 282 effluosstuut'tt
738 226 859 283 lustru.
880 227 942 284 ΗΒ.
965 230 1020 285 xil.
1041 259 1077 270 -
1097 230 1140 285 ut
1160 229 1293 288 SPlRlTU
1314 233 1502 291 SUPEHBIAE.
1736 246 1787 301 458

121 370 174 427 per
185 368 234 410 eos
247 349 430 407 manifestatae
447 360 522 420 suut,
539 367 596 407 non
612 350 701 407 solam
714 352 787 423 apud
803 367 863 422 nos,
881 352 928 409 sed
943 357 969 419 Α
983 353 1081 409 Filium
1103 354 1270 426 cogitatione
1285 355 1369 428 impia
1387 355 1599 429 blasphemasse.
1621 362 1702 420 Unde
1723 381 1786 436 per·

123 447 208 504 etiam
220 443 292 518 apud
305 443 426 500 infideles
443 452 470 499 ct
485 442 652 513 incredulos,
669 443 855 502 indubitatum
869 454 927 503 tes·
981 448 1105 518 spicuam
1130 456 1172 503 est
1193 463 1255 504 eum
1271 449 1317 520 qui
1341 450 1475 522 superbiae
1497 451 1595 523 spiritu
1618 454 1783 529 possidetur,

123 539 270 598 timonium
283 537 413 594 reddunt.
428 537 480 608 Qui
495 525 649 609 simplicein
661 537 830 610 piscatorum
845 539 927 598 tidem
981 541 1023 597 rel
1045 542 1092 613 qui
1113 542 1141 597 iu
1157 546 1247 599 Deum
1268 542 1443 615 blasphemus
1462 546 1564 618 existit,
1583 555 1727 620 tamquam
1740 552 1787 624 qui

124 638 153 694 in
177 634 261 692 corde
283 633 401 707 simplici
424 633 582 701 retinentes,
605 649 661 689 non
682 649 744 690 eam
765 635 930 707 syllogismis
982 637 1084 709 irroget
1101 635 1137 691 illi
1155 635 1285 707 injuriam
1308 652 1398 710 aquo
1421 640 1547 710 puritatis
1566 641 1699 713 speranda
1722 653 1787 703 sunt

121 729 274 790 dialecticis
303 736 330 784 et
357 726 479 783 Tulliana
504 725 633 784 facundia
659 728 756 800 spiritu
779 744 928 802 concepere
982 729 1063 797 dona,
1085 728 1258 801 perfectionis
1278 731 1433 803 integritate
1453 731 1561 804 privari,
1584 743 1611 790 et
1630 737 1786 796 sanctitica-

122 822 275 886 mundano,
297 819 346 878 sed
369 820 559 893 experimento
577 821 641 878 uitae
664 821 788 888 sincerae,
812 814 929 897 actuque
982 821 1087 879 tionem
1103 821 1274 878 castimoniae
1288 838 1343 879 non
1354 825 1465 880 mereri.

122 916 284 991 purissimo,
299 913 468 972 correctione
487 929 597 986 quoque
616 913 759 982 vitiorum,
781 924 809 972 et
825 920 866 983 (ut
880 932 928 973 ve·
1274 925 1397 982 CAPUT
1410 929 1493 983 xxt.

123 1012 183 1069 rius
207 1009 335 1079 dixerim]
360 1008 388 1063 in
410 1008 469 1079 ipsa
490 1007 668 1080 perfectionis
691 1009 777 1065 inesse
801 1019 928 1066 naturam
1072 1023 1697 1093 ExemplamtoasrcqisJudrrmuoostruditur

123 1104 239 1163 oculatis
252 1103 361 1160 iudiciis
379 1100 619 1174 deprehenderunt
641 1120 648 1156 ι
665 1101 723 1157 siue
738 1117 791 1173 qua
806 1117 856 1159 uec
871 1103 928 1175 pie·
1048 1110 1058 1131 ¹
1130 1093 1319 1162 quidproptcr
1332 1095 1486 1162 superbiam
1499 1100 1635 1151 rum-rarii.

123 1209 167 1257 tas
181 1199 212 1255 in
223 1202 325 1265 Deum,
340 1211 390 1252 nec
404 1195 534 1267 purgatio
550 1194 688 1263 vitiorum,
708 1210 759 1252 nce
771 1196 928 1255 emendatio
1019 1193 1151 1263 Legimus
1165 1192 1219 1248 tale
1233 1192 1337 1264 aliquid
1351 1193 1579 1265 Paralipomenon
1589 1195 1658 1253 libro
1672 1217 1678 1251 :
1694 1199 1785 1258 dJoas

124 1307 249 1362 morum,
266 1306 318 1348 nec
337 1290 468 1346 uirtutum
484 1288 685 1352 consummatio
709 1288 811 1360 poterit
830 1286 929 1362 appre·
983 1285 1058 1342 euim
1074 1301 1119 1341 rex
1135 1284 1205 1342 tuda
1219 1295 1324 1358 septem
1341 1302 1476 1342 annorum
1490 1285 1526 1340 ab
1543 1286 1639 1343 Joiada
1658 1289 1786 1358 pontifice

124 1385 221 1444 bandi,
983 1380 1084 1434 ascitus
1103 1379 1132 1435 in
1153 1394 1278 1452 regnum,
1303 1387 1384 1451 atque
1405 1379 1434 1434 in
1455 1380 1593 1448 omnihus,
1615 1380 1706 1451 quoad
1718 1382 1786 1439 risit

422 1474 542 1530 ctrur
560 1473 628 1529 XX.
984 1480 1153 1527 memoratus
1167 1470 1300 1544 pontifex,
1314 1471 1474 1527 testimonio
1489 1473 1638 1543 scripturae
1662 1472 1786 1532 laudatus

177 1585 253 1639 neco
266 1582 434 1651 quipropter
447 1576 639 1646 blasphemiam
651 1577 863 1634 immundissima
983 1574 1033 1621 est.
1044 1568 1085 1622 De
1099 1581 1155 1637 quo
1168 1573 1229 1638 post
1243 1566 1349 1622 obitum
1364 1569 1379 1622 J
1382 1565 1471 1622 oiadre
1483 1565 1547 1623 audi
1563 1567 1630 1638 quid
1642 1568 1785 1639 Scriptura

376 1648 678 1720 8ΡῑΤῐῖῑῑῑΐΐαάῑΐῖῑθθδΐ·
983 1665 1193 1728 commemorat,
1223 1669 1251 1716 ct
1279 1658 1513 1732 quemadmodum
1541 1660 1627 1716 elatus
1655 1662 1783 1732 superbia

159 1753 434 1830 Notiquemdamde
448 1753 703 1820 iratrumnumero,
720 1753 923 1824 quemutinam
938 1765 962 1826 Β
980 1752 1170 1824 ignominiosae
1192 1750 1276 1808 fuerit
1292 1752 1408 1808 traditus
1434 1753 1552 1825 passioni
1590 1775 1595 1808 :
1635 1757 1782 1823 Postquam

123 1852 242 1909 minime
257 1850 380 1915 scissem,
399 1844 534 1918 siquidem
553 1853 616 1917 post
635 1843 695 1902 buo
717 1855 729 1881 ⁸
753 1845 857 1903 ordinis
873 1847 927 1903 moi
981 1851 1072 1901 autem
1090 1847 1160 1902 abiit
1179 1847 1287 1910 toioda,
1302 1848 1420 1916 inpressi
1436 1851 1498 1902 sunt
1514 1850 1649 1917 principes
1664 1850 1737 1903 tudo
1756 1853 1782 1906 et

123 1943 212 2020 gradu
231 1959 261 2001 se
282 1956 378 2015 passus
403 1949 445 1996 est
468 1939 648 2011 praegravari3
663 1939 710 2010 qui
737 1938 927 2011 probatissimo
981 1941 1190 1996 eodorae-errari
1209 1958 1306 2010 nepem.
1324 1944 1380 2012 (tui
1395 1943 1523 1997 delinitus
1543 1944 1676 2013 obsequiis
1692 1960 1784 2001 conr-m

126 2037 238 2096 cuidam
261 2050 360 2093 senum
379 2034 445 2090 uitio
466 2034 556 2089 carnis
571 2034 750 2106 semetipsum
765 2034 926 2106 grauissimo
980 2037 1124 2105 nequierit,
1141 2038 1167 2088 et
1182 2034 1385 2102 dereliquerunt
1402 2036 1529 2104 ternplum
1543 2038 1651 2090 Domitii
1664 2038 1714 2091 Dei
1727 2052 1782 2106 pa-

126 2129 270 2189 coniessus
284 2136 326 2184 est
338 2126 506 2199 impugnari3
527 2141 591 2181 nam
606 2135 702 2182 contra
723 2143 804 2183 usum
819 2135 926 2185 naturae
980 2132 1052 2183 trum
1070 2143 1190 2191 surorum,
1204 2128 1405 2196 seruierantquc
1416 2127 1482 2180 lucis
1495 2132 1520 2181 ct
1530 2129 1742 2196 sertiptibiiibas,
1757 2135 1782 2185 et

127 2220 268 2280 desiderio
281 2219 398 2293 patiendi
411 2220 590 2291 magisquam
602 2218 736 2276 inferendi
747 2220 925 2293 ignominiam
980 2222 1056 2288 sacta
1070 2225 1108 2275 est
1121 2222 1163 2274 ira
1172 2236 1270 2288 maqna
1280 2223 1372 2274 contra
1386 2219 1486 2274 iudam
1498 2224 1523 2274 rt
1537 2221 1685 2297 Jerusalem
1696 2236 1781 2291 prop-

116 2312 295 2371 intolerabili
309 2319 378 2369 aestu
396 2311 515 2369 libidinis
531 2312 663 2368 urebatur
679 2331 685 2366 :
700 2319 760 2368 tum
776 2312 853 2369 illurn
867 2315 881 2349 ¹²
895 2321 926 2369 ut
982 2316 1022 2367 ter
1032 2313 1221 2383 hucpeccatum
1231 2313 1270 2380 (tt
1283 2315 1348 2367 Par.
1357 2314 1457 2377 xxiv).
1468 2312 1503 2365 Et
1513 2317 1574 2382 post
1584 2326 1670 2382 pauca
1684 2333 1690 2367 ι
1705 2313 1784 2369 Cum-

126 2403 277 2476 spiritalem
298 2417 445 2475 rerumque
466 2401 615 2467 medicum,
638 2403 798 2459 interiorem
824 2413 834 2439 ⁶
860 2419 926 2459 cau·
981 2423 1032 2476 que
1048 2408 1168 2462 evolutus
1180 2411 1246 2462 esset
1260 2421 1360 2468 antuus,
1373 2406 1493 2461 ascendit
1506 2409 1598 2461 corttra
1610 2422 1670 2460 eam
1681 2410 1783 2463 eecrci

124 2513 186 2555 sam
208 2496 296 2552 morbi
319 2495 399 2568 bajus
419 2504 447 2552 et
466 2496 600 2568 originem
620 2497 745 2567 protinus
768 2495 926 2569 pervidisse.
983 2500 1133 2568 russerie,
1146 2499 1423 2569 cerritanensium
1437 2504 1462 2553 et
1480 2500 1639 2567 ismaelem,
1658 2505 1684 2555 ct
1695 2503 1782 2557 iuter-

125 2589 179 2660 Qui
202 2589 321 2662 graviter
338 2587 476 2659 suspirans
495 2606 502 2642 :
524 2588 713 2662 Nequaquam,
735 2588 785 2657 ait,
806 2595 863 2644 tam
877 2603 928 2645 nc·
982 2594 1047 2659 tecit
1059 2597 1165 2647 cunctos
1180 2594 1317 2663 principes
1333 2592 1441 2662 populi,
1455 2597 1537 2662 atque
1551 2596 1708 2649 uniuersam
1718 2611 1779 2667 prce

124 2695 210 2755 quam
221 2679 329 2753 spiritui
340 2679 412 2736 tradi
423 2688 450 2736 te
462 2677 598 2735 Dominus
612 2679 791 2751 permisisset,
812 2680 865 2737 nisi
876 2680 928 2737 nli·
983 2684 1046 2738 dam
1060 2686 1190 2739 miserunt
1209 2686 1268 2752 reqi
1283 2688 1452 2741 Damascum.
1468 2688 1504 2740 Et
1521 2687 1664 2750 certcscum
1676 2704 1785 2757 permo-

126 2774 193 2849 quid
208 2772 424 2846 blasphemasses
437 2773 465 2829 in
475 2788 551 2830 eum.
564 2772 626 2843 Quo
638 2773 683 2829 illc
694 2780 848 2846 comperto,
863 2789 930 2829 con-
983 2777 1182 2831 deterruisset
1199 2791 1324 2831 numnis
1336 2778 1474 2846 Syrorum,
1488 2778 1606 2833 tradidit
1615 2781 1745 2836 Dmuinus
1755 2783 1784 2836 in

126 2866 218 2925 testim
237 2863 354 2938 procidit
368 2863 402 2921 ad
420 2863 502 2936 pedes
516 2864 575 2936 ejus
588 2865 617 2919 in
631 2872 746 2932 terram,
765 2880 929 2938 summaque
983 2882 1080 2922 manus
1094 2882 1183 2922 arrum
1197 2870 1334 2938 infinitam
1352 2870 1563 2939 multitudinem,
1579 2887 1607 2927 co
1625 2873 1697 2941 quod
1710 2873 1785 2930 dere-

127 2960 312 3018 admiratione
325 2957 478 3030 perculsus,
490 2965 630 3029 tamquam
651 2961 738 3016 aueo
753 2974 865 3015 cernens
882 2975 928 3016 nr·
984 2962 1278 3030 iiqubsentnominum
1298 2967 1382 3019 Deum
1400 2969 1641 3034 putrumsuorum.
1654 2967 1686 3020 ln
1703 2965 1784 3023 ‘toas
1832 2962 1836 2967 '

127 3068 198 3110 cana
218 3052 261 3109 sui
277 3050 394 3123 pectoris
409 3047 554 3122 patefacta,
576 3049 716 3107 confessus
735 3053 819 3107 estin
836 3051 888 3108 Dei
900 3066 930 3108 se
984 3056 1274 3126 quoqucipnominiosa
1290 3056 1553 3125 cremnejudicia,
1569 3062 1594 3113 et
1604 3059 1785 3116 adcuratesdi·

676 3181 804 3237 nunaut
824 3183 936 3238 GAZAEI
955 3182 1235 3239 COMMENTARIUS.

128 3295 424 3359 momenmentum
442 3295 517 3364 apud
531 3309 588 3357 nos,
604 3295 742 3350 sedetiam
752 3297 828 3366 aptrd
843 3298 929 3353 incre·
945 3303 967 3367 c
980 3303 1118 3370 peccatum
1136 3300 1254 3367 incipiat
1270 3304 1375 3368 peccato
1397 3301 1540 3354 stimulare.
1565 3301 1705 3356 Peccatum
1724 3316 1786 3370 erqo

130 3366 218 3421 dailos.
984 3369 1057 3438 quod
1067 3370 1232 3439 penitentie
1240 3369 1355 3423 iumento
1361 3385 1413 3423 non
1422 3370 1550 3436 diluitur,
1555 3374 1692 3438 peccatum
1704 3373 1786 3426 simui

166 3446 179 3473 ⁸
202 3438 305 3508 Nempe
329 3434 482 3503 sacerdotii,
510 3450 566 3507 quo
595 3434 757 3492 Cassianum
791 3435 930 3494 initiatum
984 3443 1024 3495 est
1037 3444 1066 3495 et
1083 3455 1165 3494 causa
1182 3441 1295 3509 peccori,
1311 3441 1376 3508 quia
1395 3455 1429 3493 ee
1447 3440 1493 3494 ilio
1509 3443 1598 3512 aritia
1612 3441 1683 3496 urrde
1697 3441 1786 3498 adhuc

128 3504 204 3578 apud
223 3508 369 3564 Massiliam
391 3506 517 3564 scribunt
534 3505 694 3564 Gennadius
714 3515 742 3563 et
761 3506 929 3566 Tritbemius
981 3513 1130 3582 peccatoris
1154 3511 1261 3564 animas
1283 3511 1385 3565 arctius
1406 3511 1544 3579 obligetur.
1567 3514 1704 3566 Peccatum
1725 3528 1786 3568 oceo

130 3579 201 3649 (Lib.
212 3583 268 3646 rt),
284 3579 354 3635 unde
366 3586 393 3634 et
402 3578 525 3649 superius
537 3581 614 3648 (Cap.
633 3581 677 3647 tt)
691 3577 760 3634 dixit
771 3593 801 3635 sc
808 3578 929 3652 episcopi
984 3582 1056 3652 qaod
1070 3597 1104 3635 ca
1114 3585 1221 3651 peccato
1232 3582 1362 3650 sequitur,
1373 3585 1508 3650 peccatum
1523 3584 1604 3636 simut
1616 3588 1655 3638 est
1669 3587 1694 3638 ct
1704 3598 1786 3653 pona

129 3664 231 3705 manus
250 3666 308 3706 non
329 3649 448 3721 potuisse
465 3647 588 3717 evadere,
604 3665 639 3706 ne
659 3649 763 3705 scilicet
781 3649 817 3705 ab
834 3665 867 3706 eo
881 3665 929 3707 or·
981 3654 1096 3722 peccati,
1119 3654 1195 3723 quia,
1221 3657 1383 3707 recrescente
1404 3654 1530 3715 cecitate,
1553 3669 1587 3707 ce
1607 3655 1786 3710 retributione

130 3719 279 3777 dinarctur.
296 3720 379 3777 Unde
390 3719 526 3792 colligitur
538 3734 601 3776 eum
613 3734 669 3791 prae
688 3718 846 3777 humilitate
896 3737 929 3778 o·
981 3724 1082 3793 prioris
1094 3725 1178 3793 culpe
1186 3726 1340 3791 perimatur,
1351 3726 1383 3776 ut
1392 3726 1473 3793 quasi
1479 3724 1540 3792 jam
1549 3726 1641 3778 sintin
1649 3728 1786 3794 peccatore

130 3789 858 3864 dammodoinritumfuisseordinatum:quemadmo
881 3806 930 3848 um
984 3794 1193 3864 supplicraipso
1206 3795 1367 3848 incramenta
1386 3794 1524 3847 uitiorum.
1544 3795 1612 3848 Haec
1626 3792 1784 3864 Gregorius.

130 3861 165 3917 de
177 3861 336 3918 Pauliniano
351 3864 379 3918 S.
395 3861 554 3933 Hieronymi
569 3859 655 3915 tratre
677 3876 736 3916 nse
750 3860 929 3918 ordinatore·
985 3867 1026 3920 Ac
1053 3863 1151 3920 deinde
1173 3862 1255 3920 docet
1276 3876 1484 3933 nonnumquam
1508 3862 1575 3930 lieri,
1601 3867 1630 3917 ut
1650 3876 1736 3917 unum
1758 3871 1787 3917 et

130 3930 193 3988 tert.
210 3931 420 4005 &Epiphanius
429 3932 456 3986 in
470 3930 586 4001 epistola
600 3929 634 3995 ad
647 3930 782 3984 ioannem
794 3931 930 3988 Hieroso-
985 3933 1058 3990 idom
1081 3941 1234 4006 peccatum,
1250 3937 1279 3988 et
1299 3941 1442 4006 peccatum
1464 3932 1510 3999 sit,
1526 3942 1554 3988 et
1586 3946 1648 3986 oena
1668 3933 1784 4002 peccati,

130 4003 384 4072 lymitanum,etde
396 3997 843 4069 S.dugustinoPossidiusineJus
855 3999 928 4057 Vita.
985 4004 1067 4059 simul
1088 4013 1116 4059 ct
1135 4019 1216 4060 causa
1236 4002 1348 4074 peccati.
1373 4000 1454 4076 Quod
1474 4011 1501 4057 et
1521 3948 1615 4058 muitis
1637 4001 1785 4074 Scripturas
1838 4027 1842 4037 ¹

131 4075 277 4146 Perperam
290 4087 355 4128 uero
369 4068 527 4148 Dionysius,
544 4073 573 4122 et
583 4080 617 4147 er
635 4080 685 4122 suo
701 4081 795 4135 sensu,
805 4082 863 4123 non
874 4073 932 4127 Au·
984 4073 1146 4128 testimoniis
1160 4081 1189 4128 et
1204 4073 1336 4143 exemplis
1345 4073 1500 4128 confirmat.

130 4146 226 4212 cteris,
243 4144 294 4198 nisi
308 4140 440 4197 mendum
459 4138 497 4194 sit
510 4152 539 4192 tn
552 4136 649 4193 codice
665 4156 671 4192 :
687 4140 873 4206 Preqroonri,
887 4140 932 4197 in·
1021 4142 1138 4198 “Filius
1157 4143 1302 4203 ochosiae,
1323 4141 1371 4196 ulti
1393 4144 1497 4208 iotam,
1520 4142 1571 4196 tilii
1590 4142 1730 4214 iosaphat.
1748 4145 1785 4200 tv

129 4214 200 4287 quit,
216 4230 243 4269 se
255 4225 352 4282 passus
370 4215 409 4265 est
416 4209 561 4280 posteriori
573 4208 675 4263 ordinis
688 4208 790 4278 produ.
807 4211 932 4283 Prtcgra·
986 4215 1054 4285 Peg.
1068 4227 1115 4280 11,
1126 4220 1153 4267 et
1167 4215 1191 4267 ll
1202 4211 1319 4284 Paralip.
1336 4225 1416 4265 sxrv.
1430 4211 1493 4267 Fuit
1504 4212 1575 4268 alter
1587 4214 1653 4269 Joas
1662 4221 1787 4285 tempore

127 4285 187 4341 rari
210 4290 315 4345 autem,
336 4278 365 4336 id
389 4288 439 4345 est,
461 4277 568 4336 onerari
589 4277 653 4335 dicit
675 4279 820 4336 Cassianus
844 4280 931 4363 gradu
986 4283 1068 4354 paulo
1088 4282 1222 4354 posterior
1241 4297 1290 4337 rex
1308 4280 1401 4349 lsrael,
1426 4280 1521 4350 idest,
1537 4283 1631 4340 decem
1651 4284 1786 4353 tribuum,

126 4352 286 4417 sacerdotii,
307 4350 379 4406 forte
396 4349 461 4407 illud
480 4358 605 4423 spectans
622 4350 718 4407 Jacobi
735 4350 851 4422 apustoh
868 4366 930 4409 111:
986 4352 1785 4429 quihocadbucsuperstiteregunreenepit,1Vliegxm,

127 4426 219 4484 Nolite
236 4425 328 4493 plures
343 4423 469 4494 magistri
480 4423 551 4492 uteri,
569 4422 679 4477 scentes
698 4423 828 4492 quoniam
842 4423 932 4493 moires
987 4433 1016 4481 ct
1025 4427 1051 4480 ll
1065 4425 1180 4497 Paralip.
1196 4438 1268 4481 xxv.

124 4496 262 4566 judicium
277 4495 393 4549 sumitis.
412 4492 456 4549 Sic
470 4499 498 4548 et
517 4495 551 4548 D.
563 4491 750 4564 Hieronymus
761 4492 930 4566 clericatum,
1022 4503 1033 4531 ⁰
1056 4498 1091 4551 D.
1110 4495 1297 4568 Hieronymus
1320 4495 1348 4551 in
1368 4494 1571 4564 Quaestionibus
1589 4497 1731 4555 Hebraicis
1751 4497 1786 4556 ad

127 4581 186 4623 uon
198 4565 341 4630 bonorem,
354 4563 403 4620 sed
416 4579 485 4636 opus
495 4563 690 4634 interpretatur
700 4563 784 4634 epist.
799 4566 844 4620 62.
986 4566 1059 4623 hunc
1075 4567 1166 4624 locum
1179 4566 1321 4623 annotarit
1337 4587 1343 4623 :
1362 4567 1552 4623 adorauerunt
1563 4585 1623 4623 cam
1638 4573 1668 4623 ut
1686 4574 1785 4635 Deum,-

166 4639 179 4672 ὓ
194 4636 373 4706 Manuscripti
389 4634 512 4690 nonnulli
526 4634 638 4705 legunt:
655 4636 690 4689 Ut
705 4635 878 4704 spirituatem
890 4639 930 4692 ci·
948 4643 1013 4737 Dct
1027 4641 1170 4709 nequierit,
1185 4655 1275 4693 eorum
1284 4639 1416 4708 obsequiis
1430 4640 1567 4700 delinitus,
1580 4644 1611 4692 ut
1623 4654 1650 4692 se
1662 4645 1692 4692 at
1702 4644 1787 4693 Deum

130 4723 202 4770 tum,
217 4708 319 4774 mediore
365 4722 398 4760 uc
409 4707 573 4760 intercutem.
988 4709 1039 4765 coli
1049 4713 1224 4780 permitteret.
1235 4710 1304 4778 Quae
1318 4708 1437 4763 Cassiani
1452 4709 1531 4765 dictis
1543 4707 1717 4761 conveniunt.

167 4723 408 4833 entoncmu'rmlroc
418 4777 482 4832 loco
495 4782 637 4846 peccatum
649 4790 736 4831 unum
746 4789 935 4848 sepenumero
1025 4779 1035 4814 ¹
1050 4782 1117 4836 Haec
1137 4779 1233 4835 itidem
1250 4781 1287 4833 D.
1309 4778 1501 4856 Hieronymus¹
1515 4776 1552 4856 ita
1567 4775 1761 4855 interpremtur
1778 4792 1785 4828 ι

130 4863 246 4904 causam
259 4861 320 4904 esse
346 4847 457 4903 alterius
480 4844 582 4918 peccati
598 4845 634 4915 (S.
654 4847 744 4902 Thoen.
769 4851 826 4916 1-2,
845 4864 872 4918 q.
888 4855 934 4918 87,
989 4853 1128 4905 Fucinrtes
1141 4852 1235 4904 irteum
1246 4849 1426 4916 iqnomirtiosa
1436 4846 1686 4914 yrrdrnc,stuequat
1697 4850 1788 4925 turpes

49 4939 52 4945 ·
135 4936 164 4973 a.
182 4922 225 4986 2),
242 4925 269 4972 et
285 4917 360 4988 quod
375 4917 438 4974 inde
455 4916 588 4988 sequitur,
606 4916 735 4987 quaedam
748 4917 859 4974 sicesso
872 4932 935 4992 pec·
991 4923 1019 4974 in
1032 4934 1145 4974 errmres
1159 4922 1277 4986 rqerrrnt,
1294 4915 1623 4984 sirequiainterficientcs
1636 4916 1704 4984 filios
1718 4931 1785 4987 eyus,

133 4997 206 5056 cata,
224 4996 255 5044 ut
273 4989 356 5044 etiam
370 4987 426 5045 sint
445 5001 533 5057 poenae
552 4994 736 5058 peccatorum,
752 5003 817 5044 cum
836 5004 934 5060 pecca-
990 4985 1788 5060 improperabantciscclusquodintuebariamperpehnre-

133 5068 196 5117 tum
208 5058 377 5130 subsequens
387 5072 467 5130 poena
479 5058 515 5113 sit
524 5057 711 5128 praecedentis.
724 5059 792 5114 Nam
803 5058 934 5130 quemad·
989 5062 1094 5125 rotula
1117 5062 1219 5130 ptest.
1244 5057 1325 5114 tiebr.
1347 5057 1395 5110 ubi
1413 5057 1515 5128 supra).
1535 5056 1657 5113 Priorem
1677 5073 1789 5115 sensum

66 5178 73 5190 .
133 5131 249 5187 modum
263 5130 310 5185 hic
323 5129 491 5201 blasphemia
506 5130 547 5183 uel
558 5143 590 5185 su
611 5129 685 5185 erbia
695 5129 840 5186 causaiuit
851 5130 934 5187 luxu·
989 5137 1100 5186 maurus
1121 5129 1166 5185 hic
1185 5128 1333 5186 Cassianus
1341 5127 1476 5200 significat
1487 5142 1581 5199 regern
1594 5131 1674 5184 Joam
1690 5129 1725 5185 ob
1738 5144 1789 5186 su-

134 5202 195 5270 riae,
217 5203 255 5257 ita
278 5201 385 5256 luxuria
411 5215 492 5273 poena
516 5198 573 5255 blas
593 5143 693 5282 gemite
711 5208 760 5257 aut
783 5200 931 5273 superbie.
990 5200 1112 5273 perbiam
1126 5209 1154 5282 et
1167 5199 1354 5281 arrogantiam
1375 5215 1407 5255 co
1425 5198 1545 5281 miseriae
1563 5196 1788 5282 devenissemus

132 5274 206 5328 Hinc
221 5276 257 5328 t).
271 5271 422 5343 Gregorius
436 5271 511 5326 hom.
526 5215 671 5327 undictam
686 5287 714 5326 m
740 5270 932 5329 Ezechielem:
990 5271 1064 5354 syris
1077 5270 1236 5329 hominibus
1255 5273 1370 5343 impuris
1386 5269 1460 5328 ioeda
1479 5278 1505 5325 et
1526 5284 1708 5342 rgnomrmosa
1724 5271 1788 5328 libi-

134 5346 284 5406 Peccatum,
308 5342 407 5413 iuquit,
428 5343 499 5413 quood
515 5358 565 5413 per
581 5344 768 5413 parientiam
782 5345 935 5399 eitiusJ-mn
989 5342 1053 5401 diue
1072 5343 1247 5415 pollueretur.
1271 5341 1408 5415 iosephus
1429 5349 1523 5397 tameu
1541 5348 1569 5396 et
1582 5341 1628 5397 alii
1647 5343 1712 5398 nihil
1733 5343 1789 5399 tale

135 5415 248 5478 detetur,
267 5420 316 5469 ortt
332 5420 468 5484 peecatum
487 5418 535 5480 est,
556 5418 604 5469 aut
623 5430 705 5470 caasa
721 5417 835 5485 pcccati,
854 5414 936 5470 simui
990 5422 1219 5481 commemorant,
1233 5412 1487 5470 sedtantummodo
1498 5414 1579 5468 Joam
1595 5414 1790 5485 grauissimum
1816 5446 1817 5450 =

137 5488 161 5537 et
172 5501 250 5554 prena
262 5487 373 5556 peccati.
395 5487 475 5542 Omne
489 5486 558 5540 euim
570 5485 642 5555 quod
655 5488 734 5556 pmice
746 5487 934 5550 committitur,
990 5485 1135 5542 incurrisse
1146 5485 1319 5559 languorem,
1335 5491 1363 5540 ot
1381 5500 1396 5540 a
1411 5483 1468 5539 suis
1481 5482 1564 5539 tuisse
1577 5483 1789 5554 interemptumy

133 5560 271 5624 peccatur
287 5562 349 5612 est:
369 5558 416 5612 sed
433 5559 459 5611 si
474 5558 555 5611 citius
572 5557 725 5627 penitendo
740 5573 793 5613 nou
808 5558 934 5628 tergitur,
989 5572 1040 5614 nec
1058 5556 1131 5613 aliud
1152 5557 1240 5613 Graeci
1255 5555 1426 5626 interpretes,
1447 5569 1530 5626 quam
1552 5573 1558 5608 :
1583 5554 1625 5605 rat
1639 5552 1700 5624 μετὰ
1718 5553 1792 5616 ’lade

131 5624 210 5694 justo
230 5627 334 5695 indicto
360 5630 523 5698 omnipotens
549 5631 619 5683 Deus
646 5628 794 5697 obtiqatum
818 5629 936 5700 peccatis
991 5626 1108 5695 immam
1127 5628 1245 5698 χρήματα
1261 5626 1373 5698 (tosqrh.
1387 5627 1435 5680 lib.
1449 5640 1481 5682 rx
1497 5626 1636 5692 Antiquit.
1652 5640 1673 5680 c.
1690 5629 1716 5680 8.
1730 5626 1794 5684 Sui·

132 5700 382 5754 mentemetiomin
395 5699 502 5770 cuipam
514 5699 769 5770 ulterampermittit
783 5701 888 5763 cadere,
905 5703 937 5756 ut
991 5698 1137 5754 dost'erbo
1150 5702 1234 5767 dous).
1317 5763 1328 5767 ..
1345 5762 1361 5770 ..

134 5769 186 5838 qui
202 5769 288 5838 flendo
307 5775 333 5825 et
347 5769 502 5839 corriando
519 5770 606 5826 notuit
620 5770 754 5828 mundare
771 5772 844 5843 quod
859 5770 934 5838 sccii,

243 5859 376 5916 Parnon.
396 5859 501 5914 Xle.
1645 5853 1688 5901 bb
