3848 6158
113 244 167 298 tlt
394 248 438 303 DE
456 248 694 308 COENOBIORUM
714 253 835 312 lNSTIT.
856 255 920 313 ΗΒ.
940 258 984 314 Xl.
1004 287 1040 299 -
1059 259 1104 315 DE
1124 258 1258 317 SPlRlTU
1276 258 1494 316 obnubente.
1717 265 1769 320 ild

112 368 259 428 chumenis
279 371 402 444 Missam,
425 385 490 434 tunc
516 380 629 438 denium
657 383 775 455 pulsavit
789 385 890 443 ostium
907 407 915 446 ς
931 394 957 456 Α
971 389 1170 463 congressibus,
1191 398 1337 464 antequam
1359 389 1560 462 superveniant,
1576 388 1690 460 eruditi,
1704 408 1770 464 qua·

113 465 163 571 qui
177 480 315 538 egressus,
337 484 540 543 occurrensque
553 475 621 544 seni,
638 478 812 537 veneratione
825 481 916 550 solita,
970 484 1033 541 liter
1054 500 1206 557 praecavere
1228 493 1256 542 et
1276 499 1418 542 occurrere
1442 484 1482 541 eis
1502 484 1543 540 rel
1560 483 1705 556 confligere
1720 486 1769 541 de-

113 560 348 634 introduconsque
363 580 436 634 enm,
450 571 462 600 ³
477 585 559 640 quam
572 570 637 627 olim
650 574 765 641 venerit,
781 576 918 648 cogitatio
971 577 1062 646 beant,
1078 579 1256 636 instruantur.
1272 581 1313 636 Ut
1326 579 1415 637 solent
1429 578 1582 651 peritissimi
1597 580 1770 636 medicorum
1805 601 1808 607 ’

113 670 183 710 nuni
197 670 311 714 suarum
329 661 496 718 conscientia
517 665 703 736 remordente,
719 670 860 741 perquirit.
883 687 925 755 ne,
971 687 1026 726 non
1041 671 1131 728 solum
1141 672 1243 728 mederi
1256 673 1434 744 prementibus
1448 670 1564 740 morbis,
1584 671 1770 728 verumetiam

113 749 217 806 scilicet
231 749 335 809 diutius
350 762 426 811 stans
437 755 472 811 ad
486 759 588 816 ostium
601 760 730 834 iniuriam
744 765 917 838 pertulisset,
971 764 1069 821 tuturis
1080 766 1177 837 peritia
1192 767 1280 839 sagaci
1291 780 1445 835 occurrere,
1458 780 1559 838 eosque
1575 765 1719 837 praeceptis
1729 766 1770 821 vel

109 842 275 916 joculariter
296 861 379 903 senex
400 859 532 924 grateque
558 855 697 927 respondit
719 878 725 914 :
755 859 850 929 Modo,
875 861 917 917 in·
972 860 1076 931 poculis
1089 859 1253 916 salutaribus
1275 860 1440 932 praevenir03
1460 860 1497 916 ita
1514 858 1542 915 hi
1565 874 1675 930 quoque
1690 858 1771 915 veris·

113 936 222 1010 quiens,
236 940 308 1008 veni,
322 943 435 1014 quando
449 953 478 1002 tu
497 946 609 1009 missam
624 949 828 1011 catechumenis
848 953 917 1012 cele·
972 954 1033 1009 simi
1044 953 1198 1010 animarum
1213 952 1322 1021 medici,
1337 957 1512 1010 ‘emersuras
1525 952 1694 1009 valetudines
1709 967 1771 1007 cor·

112 1031 224 1090 brabia
972 1048 1048 1105 diurn
1061 1048 1175 1120 spiritali
1190 1047 1342 1110 collatione,
1364 1047 1438 1103 velut
1450 1045 1569 1118 quodam
1584 1045 1688 1103 coelesti
1701 1044 1771 1101 anti·

415 1132 534 1190 CAPUT
552 1137 623 1192 XVI.
972 1140 1039 1198 doto
1053 1149 1249 1214 praenecantes,
1272 1141 1300 1196 in
1317 1140 1461 1212 juniorum
1483 1139 1622 1196 mentibus
1642 1155 1700 1196 non
1722 1155 1771 1212 pa·
1854 1164 1857 1169 r

115 1227 463 1297 Quodcliterav'tiociiraia‘
469 1249 521 1288 ivon
531 1238 645 1304 possint,
654 1241 710 1294 nisi
718 1255 808 1295 eorum
817 1241 920 1298 radices
971 1237 1079 1293 tiuntur
1096 1236 1263 1303 adolescere,
1289 1234 1440 1306 aperientes
1462 1234 1501 1290 eis
1519 1240 1546 1289 et
1565 1248 1660 1290 caunas
1682 1233 1770 1290 immi·

365 1307 391 1357 εἴ
401 1319 486 1359 ⁰⁶¹²ssOE
496 1309 670 1364 hildimini·
971 1331 1096 1387 nentium
1111 1331 1280 1403 passionum,
1296 1336 1324 1384 et
1336 1326 1457 1384 remedia
1470 1327 1627 1384 sanitatum.

152 1407 221 1463 Haec
238 1405 341 1464 idcirco
365 1408 484 1468 inserere
505 1410 568 1469 huic
587 1414 720 1486 opusculo
736 1418 918 1474 necessarium
1256 1422 1377 1477 CAPUT
1394 1422 1485 1477 lel.
1565 1448 1570 1457 ·

116 1499 195 1567 duxi,
212 1494 312 1559 l’utde
326 1501 565 1575 impugnationum
580 1508 617 1575 vi,
632 1517 713 1581 atque
728 1511 824 1568 ordine
839 1512 918 1568 vitio·
972 1516 1047 1583 Quod
1064 1515 1208 1570 monachus
1227 1516 1351 1570 mulieres
1363 1519 1389 1570 et
1407 1517 1539 1584 episcopos
1558 1514 1646 1568 eitum
1668 1512 1771 1568 debeat.

115 1610 192 1663 rum,
207 1595 306 1666 quibus
320 1598 480 1655 miserabilis
492 1601 583 1657 anima
598 1602 812 1692 laceratur,non
828 1606 918 1662 solum
1007 1599 1176 1680 Quapropter
1189 1608 1249 1664 haec
1262 1616 1303 1663 est
1322 1607 1472 1679 antiquitus
1487 1611 1597 1663 Petrum
1612 1620 1773 1679 permanens

115 1689 235 1761 ratione,
250 1690 298 1748 sed
314 1693 398 1748 etiam
417 1694 546 1768 exemplis
562 1696 698 1766 instructi,
711 1699 745 1756 ad
761 1698 918 1758 devitandos
938 1752 941 1757 .
971 1717 1144 1774 nuncusque
1158 1703 1303 1769 sententia,
1319 1716 1403 1773 quam
1423 1700 1546 1774 prolerre
1560 1701 1617 1756 sine
1628 1715 1689 1755 mea
1704 1716 1774 1755 con-

116 1781 231 1854 laqueos
255 1791 283 1841 et
304 1785 468 1858 multiplices
489 1788 651 1861 ‘decipulas
662 1790 764 1848 inimici
779 1792 916 1850 scerdotes
934 1794 1077 1865 [elusione
1091 1811 1147 1852 non
1162 1803 1269 1867 potero,
1283 1795 1329 1868 qiii
1350 1810 1399 1851 nec
1414 1809 1574 1868 germanam
1587 1793 1669 1849 vitare
1685 1792 1771 1865 potui,

116 1891 179 1933 esse
206 1878 354 1951 possimus.
379 1883 419 1936 lta
442 1897 561 1954 namquo
586 1883 777 1941 indifferenter
802 1885 861 1942 haec
883 1887 918 1944 ab
973 1903 1027 1944 nec
1050 1887 1171 1960 episcopi
1192 1887 1308 1944 evadere
1328 1903 1436 1955 manus,
1464 1886 1631 1943 omnimodis
1653 1878 1775 1942 rinona-

116 1972 254 2045 AEgyptiis
275 1973 401 2030 Patribus
424 1975 603 2048 proteruntur
617 1978 790 2049 inmedium,
805 1988 838 2036 ut
859 1995 917 2037 om·
972 1981 1054 2038 chum
1076 1979 1169 2053 fugere
1192 1979 1293 2037 debere
1304 1980 1432 2036 mulieres
1442 1987 1470 2036 et
1491 1978 1645 2052 episcopos.
1671 1982 1775 2036 Neuter

116 2064 198 2122 nium
221 2065 347 2124 vitiorum
369 2069 528 2138 certamina,
554 2071 596 2127 vel
618 2072 663 2128 illa
684 2089 746 2146 quae
766 2075 917 2148 patiuntur,
971 2074 1044 2131 enim
1072 2074 1138 2131 sinit
1162 2090 1237 2138 euin,
1281 2089 1363 2145 quem
1394 2073 1477 2130 semel
1510 2089 1567 2130 suae
1594 2074 1775 2130 familiaritati

118 2159 163 2214 vel
184 2158 229 2214 illa
253 2175 315 2231 quae
337 2163 441 2234 passuri
464 2172 529 2220 sunt
545 2165 679 2236 juniores,
704 2167 835 2224 relatione
858 2185 917 2234 sua,
972 2169 1136 2238 devinxerit,
1157 2168 1197 2225 vel
1224 2168 1305 2241 quieti
1328 2168 1433 2224 cellulae
1447 2167 1559 2224 ulterius
1573 2183 1683 2239 operam
1698 2167 1772 2238 daie,

123 2257 266 2322 tamquam
280 2252 326 2324 qui
338 2253 465 2312 adbucea
480 2257 644 2324 sustineant,
654 2258 726 2330 apud
739 2275 785 2316 eos
796 2260 923 2334 detegant
975 2263 1016 2318 vel
1033 2262 1133 2319 divinas
1158 2260 1272 2319 theoriae
1297 2278 1345 2334 pcr
1364 2270 1520 2318 sanctarum
1542 2277 1633 2317 rerum
1645 2261 1773 2317 intuitum

120 2352 205 2415 atque
236 2345 382 2417 denudent,
417 2365 472 2422 quo
498 2352 697 2424 exponentibus
723 2354 761 2409 eis
784 2354 922 2413 illusiones
976 2355 1128 2428 purissimis
1141 2355 1225 2412 oculis
1249 2355 1391 2411 inherere.

119 2438 248 2495 omnium
261 2441 431 2513 passionum,
448 2431 463 2476 ³
477 2446 644 2518 quicumque
657 2447 843 2520 incipientium
856 2457 922 2506 sunt
1246 2450 1366 2506 CAPUT
1394 2451 1500 2505 xvltt.

119 2548 153 2590 ac
170 2532 357 2607 frequentium
378 2538 488 2610 spiritu,
507 2540 730 2598 colluctationum
749 2557 861 2598 suarum
875 2558 922 2599 ar·
1087 2545 1213 2601 Remedia
1234 2544 1363 2598 adamans
1379 2544 1528 2599 cenationes
1546 2543 1657 2598 mnium.

119 2642 188 2684 cana
199 2639 376 2704 cognoscant,
392 2640 420 2688 et
431 2650 462 2690 ea
475 2641 616 2707 tamquam
629 2635 656 2690 in
670 2636 781 2708 speculo
794 2645 922 2693 contem·
1014 2637 1131 2710 ideoque
1149 2636 1251 2693 athleta
1268 2637 1378 2706 Christi,
1399 2634 1445 2707 qui
1464 2652 1559 2692 verum
1583 2652 1614 2691 ac
1626 2634 1776 2707 spiritalem

118 2722 236 2794 plantes,
250 2733 279 2782 et
290 2742 388 2785 causas
406 2727 535 2785 vitiorum
550 2729 650 2802 quibus
664 2730 819 2802 pulsantur,
832 2739 859 2786 et
879 2747 921 2788 rc·
978 2745 1095 2804 agonem
1115 2731 1235 2803 legitime
1251 2738 1355 2786 certare
1381 2729 1528 2798 desiderat,
1553 2729 1622 2785 hanc
1646 2727 1777 2783 multilor·

120 2817 212 2874 media
235 2818 419 2878 doceantur:
441 2821 600 2880 futurorum
620 2839 728 2896 quoque
742 2823 923 2881 certaminum
965 2840 1051 2881 ·mein
1073 2825 1229 2895 vanamque
1248 2824 1362 2880 bestiam
1390 2819 1778 2895 omnimodissuperarefesti-

672 2950 799 3006 ALthll
819 2951 932 3005 GhZAEl
949 2949 1230 3006 COMMENTARIUS.

121 3052 266 3136 chumenis
279 3057 392 3114 blissam
407 3059 555 3127 celebrare,
568 3059 620 3116 lioc
642 3069 694 3136 est,
709 3061 923 3119 catechumenos
978 3062 1070 3133 frigere
1091 3061 1190 3118 debere
1207 3059 1342 3116 consortia
1365 3060 1524 3127 mulierum,
1537 3059 1606 3116 adeo
1621 3068 1650 3114 ut
1663 3061 1699 3115 D.
1713 3058 1779 3115 Hie-

122 3139 222 3208 missos
237 3126 336 3195 iacere,
349 3139 397 3185 aut
406 3131 541 3187 dimittere
557 3147 620 3187 cuin
637 3131 753 3186 solemni
768 3133 857 3203 aliqua
880 3133 960 3203 ads,
977 3149 1109 3206 ronymus
1119 3133 1284 3188 monachum
1294 3147 1344 3187 nec
1355 3146 1420 3187 cuin
1432 3141 1519 3186 matre
1530 3131 1641 3202 quidem
1654 3130 1777 3185 hahitare

122 3199 291 3280 monitione,
311 3210 359 3257 aut
371 3203 579 3267 exhortatione,
597 3200 672 3272 quod
687 3199 810 3257 cilicium
826 3219 924 3259 mona·
979 3205 1119 3277 permittat
1131 3207 1236 3274 (Epist.
1253 3207 1308 3258 tet
1320 3210 1353 3257 47
1364 3208 1384 3270 ),
1400 3211 1491 3257 tamen
1506 3201 1571 3273 quid
1586 3201 1636 3256 hoc
1651 3202 1685 3256 ad
1696 3215 1778 3256 ceno·

124 3266 196 3323 chus
208 3271 263 3352 ille,
275 3271 310 3352 de
329 3288 384 3343 qiio
399 3273 442 3327 liic
464 3275 562 3345 agitur,
574 3271 689 3346 juvenili
707 3273 798 3328 studio
818 3273 926 3332 allecta-
979 3275 1101 3342 doxiam,
1122 3291 1169 3330 seu
1187 3289 1283 3329 vanam
1304 3272 1440 3344 gloriam?
1463 3273 1564 3328 Deinde
1585 3287 1649 3342 quae
1664 3287 1778 3342 compa-

124 3335 184 3403 bat,
200 3343 333 3399 etimitari
347 3343 508 3400 conabatur.
980 3346 1049 3401 ratio
1070 3352 1117 3400 ant
1137 3344 1254 3399 allinitas
1278 3345 1348 3399 inter
1370 3343 1497 3399 mulieres
1516 3352 1543 3398 ct
1567 3344 1718 3414 episcopos,
1748 3350 1780 3397 ut

162 3413 276 3479 Ὀιιαηι
298 3416 372 3478 olim,
390 3414 417 3471 id
435 3425 486 3478 cst,
508 3430 590 3486 quarn
611 3415 719 3488 pridem
742 3415 854 3481 venerit,
878 3430 927 3472 seu
981 3425 1109 3487 utrosque
1125 3417 1183 3487 pari
1203 3414 1287 3470 modo
1305 3413 1399 3485 lugere
1419 3414 1517 3469 debeat
1528 3415 1681 3469 monachus
1692 3414 1700 3482 (
1712 3413 1779 3470 Vide

124 3483 256 3552 quamdiu
277 3487 383 3541 steterit
402 3497 464 3542 ante
488 3488 600 3552 ostium,
612 3496 640 3543 et
654 3504 690 3543 an
704 3488 833 3562 injuriam
844 3488 925 3556 aeris,
980 3489 1069 3542 collat.
1086 3492 1118 3541 te
1132 3503 1155 3541 c.
1179 3492 1222 3550 16,
1233 3502 1292 3539 enin
1306 3488 1400 3551 notis.)
1419 3484 1531 3540 Videtur
1556 3483 1622 3539 mihi
1636 3493 1708 3539 certe
1721 3483 1779 3540 haec
1848 3548 1854 3560 ,

125 3552 166 3608 vel
194 3554 346 3612 molestiam
380 3558 590 3628 exspectationis
615 3560 666 3615 suh
686 3560 732 3616 dio
760 3558 925 3632 pertulisset.
979 3557 1111 3614 sententia
1135 3573 1150 3613 a
1170 3558 1217 3612 SS.
1233 3557 1285 3612 illis
1299 3557 1424 3612 Patribus
1434 3571 1468 3611 ex
1482 3556 1623 3611 occasione
1637 3564 1664 3610 et
1678 3555 1778 3628 hyper·

129 3623 217 3707 alind·
229 3626 338 3683 interim
366 3631 456 3685 animo
482 3630 600 3702 agitabat
620 3631 795 3689 remordente
820 3631 927 3686 scilicet
979 3629 1068 3685 bolice
1087 3628 1280 3700 prolata3cuni
1295 3627 1499 3699 enimepiscopi
1518 3627 1632 3683 subinde
1646 3626 1683 3681 ob
1703 3624 1779 3681 deie-

127 3699 293 3755 couscientia
305 3701 394 3770 anxia,
416 3717 453 3757 an
467 3701 559 3758 senior
578 3702 708 3759 audiisset
716 3718 789 3765 ‚eum
803 3700 926 3758 diaconi·
979 3710 1054 3756 ctum
1066 3699 1228 3755 clericorum
1241 3698 1392 3754 monachos
1403 3715 1419 3754 e
1430 3699 1555 3755 claustris
1568 3707 1595 3754 et
1602 3698 1706 3753 cellulis
1720 3696 1776 3752 suis

126 3775 248 3825 mutem.
980 3779 1134 3836 evocarent,
1161 3778 1188 3825 et
1202 3785 1235 3824 ex
1255 3769 1295 3825 eis
1317 3770 1358 3825 vel
1372 3769 1522 3841 episcopos,
1548 3769 1589 3824 vel
1604 3768 1671 3823 alios
1692 3767 1780 3822 Eccle-

140 3908 146 3921 .
162 3831 440 3922 bulmpugnationum,
462 3841 488 3898 id
510 3852 563 3912 est,
577 3844 769 3899 tentationum.
783 3842 871 3899 Simili
882 3857 926 3899 ra·
979 3844 1083 3899 siarum
1101 3840 1246 3914 praefcctos
1263 3841 1443 3904 instituerent,
1458 3847 1491 3896 ut
1503 3839 1627 3911 superius
1640 3846 1779 3892 ostensum

126 3912 236 3967 uounio
250 3929 315 3969 usus
325 3923 366 3969 cst
377 3915 424 3968 lib.
438 3928 479 3968 vii
491 3929 551 3982 cap.
565 3918 598 3965 ta
613 3930 619 3965 :
636 3917 706 3974 lloec,
720 3913 817 3982 inquit,
825 3915 929 3968 nemini
979 3923 1036 3980 est·,
1058 3914 1213 3983 complures
1234 3911 1361 3966 monachi
1384 3909 1541 3965 ambitionis
1564 3915 1611 3964 aut
1626 3906 1782 3963 cenodoxiae

126 3981 268 4039 uideuatur
279 3987 424 4054 superflua,
439 3984 481 4037 cel
495 3983 613 4035 molesta.
635 3984 695 4036 Nisi
708 3984 779 4034 einim
790 3986 866 4051 prius
879 4000 928 4038 eac-
981 3984 1100 4039 stimulis
1112 3981 1215 4038 incitati
1228 3982 1310 4037 cellas
1328 3995 1392 4037 suas
1403 3982 1536 4041 deserere,
1563 3978 1645 4034 nrbes
1657 3976 1782 4048 trequen-

123 4057 215 4121 positii
232 4057 338 4122 (usitat
348 4070 445 4122 periero
456 4053 612 4118 etcinerem,
622 4054 649 4104 et
657 4052 774 4119 origines
791 4067 876 4107 causta
895 4069 928 4107 ue
980 4063 1051 4120 tare,
1072 4053 1232 4124 popularem
1261 4067 1358 4107 auram
1387 4051 1488 4111 venari,
1512 4065 1595 4120 seque
1626 4049 1653 4102 in
1678 4047 1782 4172 egisse·

126 4125 279 4179 morborum
288 4127 393 4191 saeviat
404 4123 605 4191 iiidaqataa,nec
616 4123 731 4192 infirmis
738 4124 839 4192 poterit
847 4070 928 4177 cdlii-
982 4138 1080 4204 porum
1103 4123 1229 4194 gratiam,
1258 4119 1484 4185 benevolentiam,
1504 4135 1537 4174 ac
1556 4126 1687 4174 consuetu
1708 4132 1783 4173 ruem

128 4196 188 4249 beri
208 4211 324 4261 coiipmio
344 4195 482 4248 medicinis
501 4195 613 4260 ceratia
628 4209 675 4248 nec
694 4192 793 4247 calidis
812 4195 931 4261 conservi
985 4192 1122 4249 insinuare
1137 4190 1303 4262 gestiebant,
1322 4190 1546 4260 nitebanturque3
1568 4197 1598 4245 ut
1619 4188 1653 4245 ad
1676 4187 1783 4244 clerica·

121 4266 387 4336 perfectissimam
400 4266 537 4321 spiritatis.
552 4265 734 4327 Numetlicec,
750 4269 776 4318 ct
791 4264 929 4319 inultoliis
983 4272 1046 4320 tum
1068 4270 1096 4318 et
1118 4262 1217 4335 gradus
1233 4261 1431 4316 ecclesiasticos
1451 4261 1530 4317 citius
1544 4267 1780 4333 promoverentur.

123 4337 212 4406 phara
225 4335 262 4388 ad
282 4339 481 4392 astructionem
488 4337 627 4406 juniorum
643 4337 726 4392 solent
739 4336 928 4398 ascaioribns,
984 4337 1072 4405 Quam
1098 4333 1256 4404 pravitatem
1284 4333 1405 4388 seniores
1426 4341 1453 4388 et
1476 4333 1625 4388 sanctiores
1644 4331 1781 4399 detestati,

127 4408 506 4476 quii‘iiiiumeruselicersoiton
514 4423 628 4463 casusne
638 4411 733 4463 minos
743 4410 848 4478 cooperti
854 4411 928 4470 saut,
983 4405 1146 4462 sententiam
1167 4404 1243 4460 illain
1264 4419 1320 4460 uon
1341 4403 1400 4459 sine
1417 4404 1622 4487 exaggeratione
1642 4411 1671 4459 et
1692 4404 1785 4477 hyper·

129 4481 161 4532 in
174 4478 314 4534 collatione
328 4483 457 4550 profani.
473 4479 549 4536 idem
563 4494 659 4535 rursus
673 4479 791 4536 inculcat
803 4479 851 4536 tib.
868 4492 928 4546 xit,
942 4514 968 4577 D
984 4476 1046 4533 bole
1062 4476 1246 4549 protulerunt,
1266 4484 1294 4531 et
1306 4475 1334 4531 iu
1352 4476 1526 4546 proverbium
1549 4481 1699 4543 verterunt,
1720 4490 1784 4532 mo·

130 4555 236 4619 capt.
983 4549 1088 4617 nacliis,
1108 4549 1131 4604 si
1157 4563 1221 4605 vere
1244 4545 1371 4604 monachi
1400 4561 1458 4604 esse
1484 4546 1782 4618 velint,episcoporum

168 4629 178 4653 ⁶
195 4621 324 4691 Decipula
339 4621 446 4693 proprie
460 4629 500 4677 est
512 4620 726 4678 instrumentum
736 4619 876 4691 quoddam
888 4619 932 4679 de
985 4619 1096 4690 perinde
1109 4635 1142 4676 ac
1158 4620 1305 4676 mulierum
1321 4618 1460 4675 vitandam
1474 4634 1533 4675 csse
1547 4616 1785 4683 cousuetudinem,

131 4690 261 4761 cipiendis
282 4702 310 4747 et
328 4692 467 4764 capiendis
482 4692 576 4748 avibus
590 4691 631 4746 vel
646 4691 771 4747 muribus
788 4691 931 4747 idoneum.
985 4693 1059 4764 qnod
1073 4691 1108 4747 ab
1119 4692 1241 4774 utrisque
1261 4688 1389 4746 monachi
1408 4705 1422 4745 a
1435 4690 1492 4747 suis
1505 4689 1609 4744 cellulis
1624 4695 1652 4741 et
1665 4701 1680 4740 a
1692 4686 1783 4765 studio

132 4762 257 4818 Sumitur
280 4764 443 4835 generaliter
466 4778 515 4835 pro
534 4760 631 4819 iraude
649 4769 677 4817 et
698 4760 762 4817 dolo
780 4761 815 4818 ad
826 4762 933 4834 capien·
986 4762 1223 4843 contemplatioms
1259 4759 1503 4817 abstraherentur:
1535 4765 1562 4810 et
1593 4755 1627 4809 ad
1660 4762 1784 4834 utrisque

133 4831 200 4887 dum
213 4835 341 4906 aliquem.
356 4835 550 4905 paraphrastes
569 4832 647 4904 ponit
661 4830 789 4888 fallacias.
986 4836 1060 4891 idem
1083 4832 1243 4897 discrimen,
1266 4831 1361 4885 cadem
1392 4830 1560 4898 praeberetur
1596 4837 1704 4878 occasio
1728 4838 1786 4878 eva·

170 4891 347 4976 dDionysius
370 4908 508 4960 :Juiii'ores
517 4905 700 4973 (cruentasque
725 4905 826 4974 spirata
849 4920 934 4974 opno-
988 4904 1086 4975 gaudie
1101 4899 1151 4956 sed
1175 4916 1190 4956 a
1208 4899 1366 4955 mulieribus
1383 4898 1417 4953 ad
1438 4894 1587 4958 libidinem,
1610 4894 1643 4950 ab
1656 4893 1789 4975 episcopis

133 4980 208 5030 scant
221 4981 390 5040 sociatmctc.
990 4973 1025 5029 ad
1049 4970 1228 5027 ambitionem
1259 4978 1288 5024 et
1313 4966 1510 5033 cenodoxiam
1544 4964 1617 5036 quod
1640 4965 1684 5021 bic
1706 4966 1788 5021 etiam

169 5046 225 5103 eld
244 5056 297 5115 cst,
317 5048 429 5103 morbos
453 5046 620 5103 animorum.
648 5044 841 5103 Valetudinem
861 5045 937 5103 enim
992 5051 1088 5100 auctor
1101 5040 1174 5097 haud
1195 5039 1310 5096 obscure
1330 5038 1459 5106 insinuat,
1480 5037 1546 5094 dum
1569 5037 1680 5093 subdit:
1697 5042 1790 5093 amer

135 5118 240 5242 passim
254 5127 367 5200 usurpat
385 5116 802 5199 Auctor-proinvaletudiueseu
815 5116 939 5199 imbecil·
993 5117 1063 5196 enim
1078 5113 1222 5195 sinitensis,
1241 5119 1293 5193 etc.
1313 5110 1392 5166 Tales
1404 5111 1484 5166 etiam
1494 5181 1499 5191 ι
1509 5117 1619 5165 notasse
1633 5108 1739 5191 videtur
1753 5113 1787 5165 D.

145 5197 400 5261 itate,qnippecum
414 5190 546 5243 illaetiam
559 5189 696 5244 inmalam
708 5193 941 5259 partemaecipia·
995 5188 1179 5256 Hieronymus
1197 5200 1224 5237 in
1244 5177 1350 5253 epistol.
1370 5180 1404 5237 ad
1426 5181 1570 5237 Paulinum
1594 5184 1699 5250 (Epist.
1731 5180 1789 5251 13),

135 5268 182 5315 tur
194 5269 264 5316 teste
278 5260 367 5318 Gellio
386 5261 473 5331 (Nost.
489 5261 573 5324 Attia,
585 5261 633 5315 ito.
644 5274 690 5316 xii
704 5274 763 5329 cap.
778 5263 820 5322 9).
834 5257 937 5314 Tertul-
992 5257 1040 5314 ubi
1055 5255 1220 5312 monachum
1242 5252 1392 5324 quemlibet
1414 5252 1466 5308 sub
1485 5253 1566 5309 unius
1580 5252 1790 5379 compellatione

135 5331 224 5387 liunus
246 5331 292 5389 lib.
319 5331 353 5388 de
373 5331 514 5403 Baptismo
539 5348 599 5403 cap.
616 5337 654 5388 5:
674 5333 820 5393 Piscinam,
836 5328 936 5401 inquit,
992 5330 1135 5400 alloquens
1166 5347 1173 5381 ·.
1205 5326 1237 5382 Si‘
1263 5327 1348 5394 cupis,
1378 5323 1476 5395 inquit,
1508 5340 1562 5379 esse
1588 5339 1640 5395 qno

136 5404 254 5472 Angelus
269 5407 444 5458 i'ietciueiiiens
457 5404 635 5458 commonebat
647 5406 737 5468 (loun.
754 5401 807 5472 v);
819 5401 939 5456 obserua-
992 5401 1146 5461 monachus,
1163 5397 1193 5452 id
1213 5399 1263 5462 est,
1278 5397 1364 5462 soliis;
1382 5395 1449 5466 quid
1463 5396 1533 5462 sacis
1553 5397 1584 5451 iri
1597 5397 1717 5458 nimbus,
1731 5409 1791 5465 ques

51 5468 55 5477 “
140 5473 213 5538 aaut,
234 5478 282 5545 qiii‘
294 5476 476 5530 valetudinem
488 5476 676 5544 querebantur,
692 5473 720 5530 id
734 5479 784 5542 est,
801 5471 848 5545 qui
861 5470 939 5539 inlit-
992 5473 1233 5541 aliquanao-sunt
1250 5469 1365 5522 solorum
1380 5467 1544 5530 habitantia,
1559 5468 1790 5523 scdmuttoruin:

140 5544 233 5602 mitate
245 5547 336 5617 aliqua
349 5545 549 5602 detinebantur.
994 5552 1022 5598 et
1035 5541 1099 5597 alibi
1113 5541 1213 5612 (Epist.
1230 5546 1240 5594 t
1256 5539 1293 5594 ud
1307 5537 1459 5608 Heliades.)
1472 5540 1671 5608 :interpretare
1681 5537 1791 5590 uocabu-

176 5608 339 5673 ¹Nemiuem
360 5626 426 5689 puto
442 5617 500 5673 baec
518 5616 602 5673 verba
614 5617 748 5673 lecturum
767 5613 871 5685 absque
884 5610 939 5669 att·
995 5616 1050 5669 iiim
1073 5613 1206 5674 menuclii,
1229 5612 1275 5665 lioo
1292 5613 1341 5673 est,
1360 5624 1455 5664 tiomeii
1469 5614 1563 5674 tuum;
1585 5606 1653 5676 quid
1671 5608 1741 5673 focis
1763 5607 1792 5658 i'ii

141 5701 193 5757 qua
219 5687 409 5757 admiratione,
437 5697 485 5744 aut
511 5686 691 5745 haesitatione.
713 5686 839 5743 Primum
866 5683 938 5740 enim
994 5683 1227 5753 turba,quisoliis
1242 5681 1330 5738 estid
1352 5688 1403 5751 est,
1421 5679 1468 5751 qni
1483 5677 1594 5761 proprio
1617 5677 1750 5732 vocabulo
1766 5682 1794 5729 et

139 5773 271 5829 quorsum
287 5759 346 5816 lieec
359 5759 393 5816 ad
415 5767 578 5832 presentem
602 5761 768 5816 tractatum?
792 5754 852 5812 Etsi
865 5755 940 5811 enirn
993 5756 1198 5813 nomenclatura
1207 5753 1384 5812 solitudinem
1397 5750 1546 5824 profiteris.

138 5829 323 5889 senissimum
345 5830 381 5887 sit
410 5829 572 5902 monachos,
599 5830 622 5887 si
652 5829 805 5887 cashmtcm
835 5833 939 5899 ament,

1683 5325 1789 5385 diceris,
1895 5372 1902 5377 .
