3848 6158
218 343 269 398 367
891 332 1032 389 tornois
1052 331 1204 388 casalini
1826 325 1881 382 368

216 463 292 523 omni
315 479 344 521 se
367 463 441 521 dolet
459 462 573 535 spiritali
593 467 700 532 questu
715 455 838 521 inanem,
859 454 887 511 in
902 456 1018 528 locoque
1030 460 1058 523 Α
1073 471 1126 527 que
1141 453 1326 522 infirmorum,
1341 451 1382 509 rel
1397 448 1519 519 eminus,
1534 449 1574 505 rel
1589 447 1695 522 longius
1709 446 1878 520 positorum.

216 573 333 617 vacuum
361 557 524 616 consistere,
546 561 641 624 utpote
663 550 710 621 qui
734 565 797 606 cum
818 557 911 621 posset
936 549 1018 606 etiam
1073 548 1205 618 Quaedam
1215 546 1295 604 etiarn
1307 546 1350 619 pia
1364 561 1396 602 ae
1408 544 1536 618 religiosa
1546 542 1630 600 dictat
1643 540 1746 610 officia,
1759 540 1823 598 lbos
1837 541 1879 599 rel

215 652 284 709 alios
298 665 391 722 regere
411 664 443 703 ac
467 645 595 717 prodesse
615 642 747 714 plurimis,
770 641 876 699 nullum
897 641 1016 699 edifica·
1071 642 1131 699 illas
1152 641 1250 699 debere
1271 648 1397 712 parentes
1415 637 1534 711 inquiri,
1554 644 1582 692 et
1601 634 1635 693 ad
1655 632 1818 692 salutandos
1831 650 1880 693 eos

216 744 298 809 verit,
321 757 371 796 nec
392 754 556 810 quemquam
575 737 746 794 institutione
770 752 818 794 sua
837 735 1016 810 doctrinaque
1071 734 1193 792 crebrius
1215 734 1371 807 properari;
1402 733 1478 789 illam
1507 729 1662 802 religiosam
1693 726 1878 802 devotamque

214 835 334 891 lucratus
357 832 404 886 sit.
432 830 563 887 absentia
587 830 719 904 longeque
752 829 838 902 posita
862 829 1017 902 magnificat
1070 831 1130 886 Deo
1148 827 1290 896 feminam,
1308 827 1384 884 omni
1410 823 1563 898 presertim
1585 830 1730 896 parentum
1748 822 1878 894 praesidio

214 924 392 996 monasteria,
408 924 465 980 loca
480 924 563 980 etiam
576 925 621 981 illa
632 924 728 997 {magis
746 924 781 983 ad
797 922 950 996 profectum
964 923 1018 981 uti·
1069 920 1240 987 destitutam,
1261 935 1391 993 magnum
1414 934 1484 991 opus
1503 930 1562 973 esse
1587 914 1694 988 pictatis
1708 913 1878 986 frequentius

212 1018 249 1074 lia
262 1026 290 1074 et
301 1016 382 1074 saluti
396 1019 605 1090 congruentiora
619 1017 765 1087 describit,
787 1019 925 1074 consortia
943 1034 1017 1089 quo·
1070 1015 1204 1084 inrisere,
1227 1030 1259 1071 ae
1277 1013 1300 1071 si
1323 1011 1389 1086 quid
1402 1011 1426 1068 ei
1444 1010 1481 1067 sit
1499 1008 1692 1076 necessarium,
1706 1023 1770 1081 quae
1784 1022 1800 1063 a
1814 1024 1880 1079 pro-

213 1127 267 1184 que
281 1111 384 1168 ibidem
404 1110 523 1168 fratrum
542 1112 635 1169 suavia
649 1120 676 1168 et
698 1112 778 1184 plena
797 1111 928 1183 spirituali
948 1127 1015 1168 con·
1071 1108 1135 1183 priis
1148 1108 1308 1180 parentibus
1328 1104 1475 1179 negligitur
1488 1112 1571 1174 atque
1589 1101 1745 1174 despicitur,
1762 1100 1877 1159 sanctis·

213 1206 366 1263 versatione
378 1205 510 1278 depingit;
534 1214 645 1262 econtra
661 1205 784 1262 universa
797 1220 858 1277 quae
881 1204 1018 1261 habentur
1070 1201 1174 1258 simum
1189 1200 1348 1273 procurari,
1364 1197 1502 1271 magisque
1523 1203 1651 1267 oportere
1665 1193 1693 1250 iii
1708 1192 1751 1251 liis
1765 1209 1879 1266 operam

213 1299 241 1356 in
266 1299 390 1356 manibus
411 1315 521 1372 aspera,
551 1308 580 1356 et
604 1315 661 1355 non
687 1299 779 1355 solum
808 1297 1017 1355 aedificationem
1071 1296 1180 1368 pietatis
1193 1293 1325 1366 impendi,
1341 1307 1423 1365 quam
1437 1289 1608 1347 infructuose
1622 1303 1654 1344 ac
1670 1287 1729 1344 sine
1745 1288 1801 1345 ullo
1816 1303 1879 1361 pro·

213 1393 318 1451 nullam
336 1408 394 1449 esse
410 1393 437 1448 in
453 1391 582 1449 iratribus
599 1393 646 1466 qui
667 1402 811 1449 morantur
824 1392 853 1448 in
869 1392 945 1461 ioan,
968 1391 1016 1449 sed
1073 1387 1146 1448 lectu
1159 1389 1187 1446 in
1202 1389 1300 1447 cellula
1314 1385 1442 1476 residere.

211 1497 248 1539 ne
269 1483 359 1555 ipsum
383 1480 493 1554 quidem
514 1480 613 1538 victum
639 1481 761 1555 corporis
788 1480 890 1552 absque
913 1481 1015 1554 ingenti

213 1575 307 1633 labore
329 1575 464 1647 conquiri.
490 1578 633 1631 Postremo
661 1590 718 1631 nou
742 1588 822 1646 posse
847 1589 877 1630 so
902 1575 1016 1630 salutari
1372 1548 1494 1607 CAPUT
1511 1548 1563 1603 ¹¹¹·

215 1677 294 1743 putat
308 1670 336 1726 in
362 1685 394 1725 co
416 1669 475 1725 loco
494 1668 655 1735 durantem,
675 1666 728 1724 nisi
748 1667 841 1724 relicta
860 1668 938 1736 aella,
952 1683 1016 1725 oum

213 1779 269 1839 qua
284 1764 352 1834 sibi,
367 1764 390 1821 si
405 1762 493 1820 adbuc
510 1763 539 1819 in
557 1778 589 1819 ea
608 1759 690 1818 fuerit
707 1769 878 1831 remoratus,
901 1777 1017 1835 pereun-

216 1858 285 1918 dum
305 1861 374 1928 erit,
396 1857 493 1916 exinde
514 1858 691 1931 semetipsum
713 1857 876 1929 quantocius
899 1866 1060 1936 asporta-B
1109 1863 1208 1936 Agitur
1232 1863 1325 1936 itaque
1349 1859 1442 1918 infelix
1465 1859 1555 1916 anima
1580 1857 1675 1915 talibus
1696 1856 1881 1916 inimieorum

1144 1704 1246 1772 Quibus
1257 1701 1395 1772 qenmibns
1409 1699 1569 1754 monachum
1580 1699 1686 1766 saperet
1698 1695 1806 1752 media.

213 1953 293 2012 ierit.
307 1952 413 2010 Deinde
427 1951 617 2008 lassitudinem
631 1951 755 2023 corporis
769 1951 875 2027 cibique
886 1951 1016 2023 esuriem,
1069 1956 1200 2014 machinis
1226 1954 1371 2028 impedita,
1411 1953 1499 2011 donec
1526 1951 1626 2010 acediae
1649 1951 1763 2024 spiritu,
1796 1945 1887 2009 velut'

213 2050 337 2122 ¹quinta
359 2055 490 2118 sextaque
512 2045 580 2102 liora
601 2053 707 2102 tantam
731 2047 860 2114 suscitat,
887 2055 918 2105 ut
944 2047 1016 2106 velut
1069 2051 1154 2109 ariete
1170 2048 1337 2107 validissimo
1361 2046 1490 2121 fatigata,
1519 2046 1614 2102 autin
1640 2060 1773 2102 somnum
1791 2042 1878 2103 discat

213 2143 297 2213 longo
313 2140 409 2196 itinere
423 2139 635 2212 gravissimoque
648 2139 740 2197 labore
751 2139 894 2198 confectus
905 2142 1016 2199 sibimet
1069 2143 1225 2210 concidere,
1244 2137 1438 2200 autbexcussa
1461 2139 1587 2197 claustris
1609 2137 1714 2195 cellulae
1736 2151 1795 2193 suae
1813 2151 1879 2194 eon-

215 2237 356 2307 lassusque
379 2233 513 2302 rideatur,
534 2243 581 2290 aut
603 2236 679 2306 quasi
699 2234 876 2292 refectionem
901 2235 953 2294 cibi
975 2236 1015 2295 bi·
1070 2239 1233 2297 solationem
1260 2233 1472 2310 impugnationis
1495 2233 1576 2305 hujus
1602 2231 1760 2289 visitatione
1786 2229 1877 2289 fratris

213 2328 305 2386 duano
319 2327 423 2401 jejunio
435 2327 614 2400 triduanoque
635 2327 778 2386 distulerit.
797 2331 869 2385 Tum
884 2338 1016 2403 praterea
1070 2342 1232 2392 consuescat
1258 2333 1415 2404 acquirere,
1438 2329 1492 2385 iioc
1509 2343 1564 2400 quo
1587 2325 1674 2383 utitur
1692 2323 1729 2383 ad
1758 2340 1877 2398 presens

213 2424 268 2481 liuc
283 2424 400 2496 illucque
420 2423 515 2480 aniius
538 2425 762 2497 circumspectat,
786 2432 816 2481 et
835 2441 885 2482 nec
904 2424 1017 2484 fratrem
1070 2426 1209 2495 remedio,
1238 2425 1402 2498 paulopost
1423 2422 1513 2479 acrius
1532 2417 1707 2476 infirmanda.
1734 2421 1876 2491 Frequen-

213 2519 264 2577 sibi
288 2518 443 2592 quempiam
468 2518 612 2576 adventare
625 2517 750 2591 suspirat,
775 2519 929 2591 sepiusque
943 2535 1017 2592 egre·
1071 2525 1128 2580 tius
1154 2521 1227 2579 enim
1259 2537 1291 2577 ae
1314 2519 1409 2577 durius
1443 2515 1617 2575 adversarius
1647 2512 1795 2571 attentabit
1815 2527 1879 2572 cuin

197 2612 288 2670 'ditur
309 2623 336 2670 et
357 2613 506 2687 ingreditur
528 2612 624 2670 cellam
643 2628 675 2669 ac
692 2611 866 2670 solemrelut
885 2611 920 2670 ad
940 2628 1018 2670 ecca·
1071 2633 1153 2690 quem
1182 2622 1307 2672 conserto
1334 2612 1427 2686 praelio
1461 2610 1643 2682 praebiturum
1671 2607 1802 2666 eominus
1827 2605 1879 2665 silii

213 2723 275 2764 siim
290 2706 393 2764 tardius
409 2715 603 2779 properantem
616 2706 743 2775 ,crebrius
764 2707 909 2763 intuetur:
931 2714 958 2762 ct
980 2707 1017 2763 ita
1071 2718 1147 2783 terga
1170 2706 1320 2782 cognoscit,
1342 2706 1512 2777 salutemque
1532 2704 1584 2761 sibi
1614 2717 1665 2761 nec
1691 2701 1727 2760 de
1754 2701 1880 2772 victoria,

212 2799 331 2874 quadam
344 2800 519 2857 irrationabili
543 2799 642 2857 mentis
656 2798 834 2868 confusione,
855 2800 929 2856 velut
943 2810 1018 2856 terra
1071 2820 1122 2861 nee
1147 2803 1181 2860 de
1210 2802 1357 2872 conflictu,
1382 2799 1429 2858 sed
1456 2797 1578 2871 defuga
1602 2813 1712 2869 sperare
1734 2794 1880 2870 pervidet,

213 2894 354 2968 suppletur
373 2895 496 2969 caligine,
525 2893 655 2966 omnique
668 2902 731 2950 actu
752 2893 869 2966 spiritali
892 2892 1018 2951 redditur
1072 2898 1190 2953 ⁰donee
1211 2895 1342 2969 paulatim
1367 2900 1521 2966 protractus
1535 2893 1556 2964 [e
1579 2889 1658 2960 cella,
1680 2878 1694 2924 ⁴
1716 2898 1799 2947 actus
1822 2902 1882 2949 siin

214 2989 319 3047 otiosus
332 3006 363 3044 ae
380 3006 496 3059 vacuus,
519 2990 637 3046 utnulla
653 2987 746 3045 realia
764 2995 848 3045 tantae
874 3003 1018 3070 oppugna·
1072 2988 1248 3063 professionis
1270 2988 1381 3061 incipiat
1408 2986 1544 3054 oblivisci,
1572 2984 1620 3057 qui
1648 2998 1704 3040 non
1726 2990 1771 3040 est
1803 2980 1883 3042 aliud

215 3083 298 3139 tionis
312 3084 474 3152 remedium,
487 3101 570 3157 qnam
583 3084 735 3141 visitatione
746 3080 841 3139 fratris
853 3083 1015 3157 cujuspiam,
1072 3100 1157 3159 quam
1176 3083 1292 3140 intuitus
1308 3090 1335 3139 et
1351 3080 1545 3154 contemplatio
1556 3079 1655 3137 diiinae
1668 3077 1740 3153 illius
1751 3085 1780 3135 et
1789 3076 1883 3136 excel·

215 3189 264 3233 seu
289 3178 380 3234 somni
405 3177 488 3234 solius
513 3178 613 3235 solatio
637 3193 716 3250 posse
744 3177 863 3235 aestimct
892 3178 1016 3235 inveniri.
1072 3180 1153 3238 lentis
1176 3195 1258 3251 super
1279 3177 1372 3234 omnia
1391 3175 1600 3250 puritatis,quae
1613 3190 1671 3232 non
1690 3172 1756 3231 alibi
1776 3165 1886 3247 potest,

215 3270 320 3328 Deinde
338 3270 465 3328 honestas
488 3271 560 3328 idem
582 3271 696 3329 morbus
714 3285 747 3329 ec
768 3272 933 3329 necessarias
953 3287 1017 3346 sug·
1037 3275 1126 3341 cnisi
1146 3273 1199 3330 ‘in
1217 3272 1324 3331 silentio
1347 3280 1374 3328 ct
1387 3271 1446 3344 jugi
1467 3269 1542 3326 cellae
1557 3267 1756 3340 perseverantia
1769 3282 1805 3324 ae
1826 3281 1883 3324 me-

216 3365 286 3438 gerit
307 3365 483 3423 salutationes
497 3363 629 3423 fratribus
641 3365 819 3437 exhibendas,
842 3365 1020 3424 visitationes·
1075 3365 1207 3423 ditatione
1230 3363 1354 3436 conquiri
1374 3369 1476 3435 :atque
1490 3361 1525 3417 ita
1543 3360 1649 3417 militiae
1669 3374 1728 3418 suar
1751 3357 1883 3435 fugitivus

765 3492 895 3546 Abeant
913 3492 1028 3547 GAZAEI
1047 3489 1327 3548 coanNTnRibs.

251 3603 336 3657 aHoc
353 3610 404 3670 est,
416 3603 485 3659 circa
510 3602 664 3660 meridiem.
678 3603 831 3660 Camenim
850 3613 955 3661 veteres
976 3611 1017 3673 tu,
1073 3605 1123 3662 sed
1148 3603 1239 3676 quoad
1256 3604 1332 3661 oollae
1352 3603 1594 3676 perseverantiam,
1607 3602 1676 3661 illud
1696 3602 1881 3686 singularein

216 3671 321 3729 dictum
339 3681 397 3743 est,
411 3682 501 3730 totum
520 3675 571 3731 diei
588 3675 705 3747 spatium
722 3674 757 3731 ab
772 3683 835 3732 ortu
852 3675 918 3731 solis
931 3691 1019 3747 iisque
1073 3675 1193 3732 Macaria
1215 3675 1261 3731 illo
1279 3674 1480 3746 Alexandrino,
1501 3675 1547 3749 qui
1569 3690 1661 3732 cuma
1684 3674 1801 3746 spiritu,
1824 3674 1880 3733 sire

215 3744 250 3799 ad
265 3759 392 3800 occasum
409 3745 435 3800 in
448 3745 595 3802 duodecim
608 3752 697 3816 partes
715 3746 834 3818 equites
848 3744 1016 3814 dividerent,
1073 3745 1183 3813 acediae,
1195 3745 1252 3802 sive
1261 3746 1350 3802 inanis
1364 3746 1469 3819 gloria,
1482 3755 1513 3803 ut
1522 3745 1579 3803 vult
1588 3744 1734 3814 Palladius,
1747 3744 1881 3818 frequen-

215 3831 283 3888 quas
292 3814 374 3872 horas
382 3817 527 3885 vocabant,
540 3823 614 3872 sorita
628 3816 694 3872 hora
703 3816 738 3872 ab
749 3816 883 3873 ortusolis
894 3832 1018 3874 necessa·
1073 3826 1114 3875 ter
1124 3818 1197 3874 etim
1218 3825 1316 3874 ortune
1330 3816 1482 3874 admodum
1496 3826 1638 3900 urgeretur
1651 3816 1686 3874 ad
1698 3815 1882 3875 deserendam

215 3888 256 3942 rio
271 3896 328 3943 erat
339 3887 396 3958 ipsa
408 3888 546 3957 meridies,
561 3887 796 3959 quinta,proiima
806 3887 873 3943 bora
884 3897 947 3944 aiite
960 3904 1019 3946 me·
1073 3904 1153 3946 suam
1168 3834 1283 3959 ceilam,
1306 3896 1458 3960 prostratus
1479 3888 1508 3944 in
1528 3888 1635 3958 limine,
1658 3885 1774 3959 pedibus
1801 3896 1881 3947 extiti

215 3958 323 4014 ridiem.
337 3958 418 4016 Unde
438 3958 589 4014 etiamnum
608 3956 675 4014 bora
689 3967 765 4015 sexta
779 3957 807 4015 iii
825 3957 917 4014 officio
929 3959 1020 4018 ecele-
1074 3961 1169 4018 cellam
1183 3960 1316 4033 porrectis
1333 3979 1340 4015 :
1357 3962 1476 4023 Tradite,
1487 3959 1584 4030 iuquit,
1595 3960 1695 4015 trahite
1706 3975 1761 4023 rna,
1775 3958 1881 4017 ἀαιηο-

215 4028 335 4097 siastieo,
347 4029 512 4096 meridiana,
522 4029 563 4084 rel
573 4029 728 4087 meridiesa
748 4031 871 4102 pellatur.
880 4032 942 4087 Huc
953 4040 1019 4102 puto
1073 4049 1130 4098 nes,
1143 4036 1168 4088 si
1175 4035 1297 4104 potestis.
1309 4036 1366 4102 Epo
1377 4032 1568 4102 enimpedi'bus
1588 4047 1640 4086 non
1656 4029 1722 4085 cado
1731 4030 1807 4098 (nto.
1823 4046 1845 4089 v
1855 4047 1880 4087 e.

215 4108 353 4170 spectasse
372 4101 521 4158 climacum
541 4116 640 4228 suqra,
663 4101 710 4158 ubi
725 4047 792 4159 diiii
810 4102 923 4167 (Gradu
939 4106 987 4170 ft)
1010 4121 1018 4159 ε
1075 4109 1133 4172 ai),
1143 4119 1198 4174 quo
1212 4100 1433 4160 factodaemoiiee
1443 4102 1534 4171 elusit,
1546 4110 1573 4159 et
1587 4100 1738 4182 tentatione
1751 4101 1883 4174 superior

218 4172 314 4225 Didus
328 4173 555 4237 bonsbarrorem,
585 4173 853 4244 olorernqueeopitis,
865 4175 1021 4246 sciremque
1075 4174 1168 4230 evasit.
1195 4173 1338 4300 Porrodde
1357 4173 1423 4230 cella
1438 4182 1465 4231 ct
1487 4173 1584 4229 cellula
1607 4172 1674 4229 alias
1696 4170 1805 4229 dietum
1828 4179 1880 4230 est.

217 4254 249 4292 ae
261 4242 419 4318 iteriiqi‘nem
434 4247 602 4300 anactoretis
613 4251 638 4300 et
653 4246 782 4301 solitariis
795 4247 849 4301 illis
860 4246 974 4302 subinde
985 4245 1020 4301 ab
1075 4245 1142 4316 Ejus
1156 4259 1219 4300 vero
1243 4243 1285 4300 lau
1306 4260 1335 4300 es
1355 4254 1383 4300 et
1400 4243 1547 4302 commoda
1562 4243 1630 4300 mire
1643 4242 1774 4316 praedicat
1788 4252 1818 4301 et
1829 4258 1883 4301 ex·

216 4306 316 4385 credre
324 4311 426 4375 spiritu
434 4315 520 4377 {uisse
530 4319 696 4381 generatam.
708 4316 858 4384 Nimirum,
870 4317 936 4372 dum
946 4315 1019 4373 circa
1074 4314 1146 4369 tollit
1157 4316 1192 4369 D.
1211 4314 1326 4370 Basilius
1338 4315 1367 4370 iii
1384 4313 1503 4387 quodam
1524 4314 1673 4388 opusculo,
1684 4313 1719 4371 de
1736 4313 1884 4373 laudibus

217 4372 364 4430 meridiem
389 4379 479 4434 inedia
506 4391 534 4435 et
556 4381 649 4438 labore
674 4382 793 4453 fatigati,
818 4388 909 4442 adliuc
932 4386 1021 4443 tribus
1075 4384 1140 4440 vitae
1158 4384 1298 4451 solitariae,
1315 4385 1360 4442 ubi
1379 4385 1438 4442 liaee
1453 4387 1589 4442 lateralia
1604 4407 1610 4441 :
1637 4387 1659 4444 0
1676 4384 1741 4441 cella
1753 4387 1882 4455 nego&-

216 4440 302 4509 horis,
320 4458 420 4572 neinqe
434 4447 468 4502 ad
483 4463 584 4503 nonam
600 4465 695 4520 iisque,
716 4467 763 4508 sou
781 4455 889 4511 tertiam
901 4455 1019 4580 qiomeri·
1075 4460 1164 4510 torum
1178 4456 1320 4511 celestium
1340 4458 1484 4528 apotheca,
1504 4460 1533 4512 in
1549 4474 1603 4528 qua
1626 4457 1747 4512 videlicet
1765 4457 1883 4513 illam

216 4513 343 4597 dianam
363 4515 387 4570 oi
408 4532 455 4573 um
480 4527 667 4589 exspectarent
689 4520 856 4578 abstinentes
883 4526 949 4596 peri
970 4541 1018 4593 ue,
1074 4528 1201 4581 mern'um
1213 4541 1318 4582 samma
1337 4530 1501 4594 rescinditur,
1521 4529 1618 4600 quibus
1636 4533 1716 4584 terre
1730 4528 1882 4584 oioentiriiii

217 4583 385 4643 infirmiores
402 4603 459 4644 non
476 4588 560 4656 item,
580 4604 649 4660 quos
669 4589 762 4647 acedia
776 4594 931 4664 superabat.
967 4595 1020 4653 nde
1072 4600 1202 4667 possessis
1216 4601 1503 4669 camporotonoceila
1516 4600 1651 4672 spiritales
1664 4600 1882 4655 mercitiimia»

215 4656 373 4728 horrorem,
388 4658 511 4717 dolorem
531 4676 563 4716 ac
577 4660 739 4735 vertiginem
760 4661 814 4719 illis
828 4661 913 4722 fuisse
933 4682 1018 4740 gene·
1077 4670 1138 4724 bilis
1152 4671 1272 4739 officina,
1287 4672 1316 4724 in
1339 4687 1394 4742 qno
1415 4672 1614 4726 sarachamano
1628 4673 1723 4725 anima
1746 4670 1882 4727 Crantoris

114 4795 119 4805 ,
216 4737 316 4788 ratam.
875 4762 883 4785 i
1072 4742 1218 4810 imaginem
1228 4742 1257 4795 in
1268 4755 1295 4796 se
1303 4747 1449 4809 restaurat,
1463 4747 1488 4797 et
1500 4742 1601 4798 odnie
1613 4743 1731 4812 originis
1743 4740 1881 4825 reditpii·

248 4794 267 4885 ‘b
278 4804 326 4884 De·
336 4801 461 4861 claustris
477 4811 505 4861 et
520 4803 645 4861 clausura
661 4802 811 4861 monastica
831 4805 917 4865 habes
932 4810 1019 4868 multa
1072 4814 1198 4879 ritatem
1209 4812 1451 4868 abisnrsasobtiisi
1461 4813 1682 4869 odsabniitotern
1691 4814 1880 4869 saiaaamriiis

216 4881 288 4931 scitu
299 4872 380 4955 digna
390 4874 424 4958 ad
434 4875 523 4932 collat.
538 4881 573 4932 24
579 4892 642 4959 cap.
658 4882 675 4932 4
689 4884 828 4961 annotata.
1031 4899 1056 4964 Ι)
1072 4883 1195 4946 redeunt,
1208 4887 1234 4938 et
1261 4899 1289 4937 ro
1299 4885 1399 4939 uitiata
1408 4890 1509 4940 notura
1521 4885 1684 4940 sinceritatis
1697 4897 1798 4953 capara
1807 4898 1882 4955 repe·

254 4946 271 5024 ἦ
280 4945 368 5025 Hujus
380 4960 419 5002 rei
434 4947 612 5004 memorabile
629 4948 784 5019 exemplum
795 4948 857 5006 iiidc
869 4950 942 5022 apud
953 4951 1017 5007 Pal·
1071 4956 1152 5010 riter.
1170 4899 1266 5011 Ocelld
1278 4956 1423 5025 spirituale
1434 4971 1544 5024 proesius
1555 4955 1880 5025 babitanrlurmaornqiie

217 5011 321 5095 ladrum
334 5029 360 5068 iii
372 5017 511 5098 Lausimis
527 5035 586 5091 cap.
599 5024 645 5075 26.
660 5019 742 5076 Aliud
754 5020 820 5077 item
837 5021 910 5095 apud
924 5020 1017 5095 Sulpi·
1072 5025 1105 5080 de
1114 5026 1237 5095 superbis
1248 5027 1319 5093 focis
1328 5026 1452 5089 lumilas,
1467 5027 1727 5097 deqaiosissobrios,
1737 5024 1772 5081 dc
1782 5026 1880 5081 erade

217 5091 289 5140 tium
304 5084 434 5168 Severum
447 5104 476 5143 iii
488 5087 599 5170 dialogo
614 5091 701 5162 primo
717 5107 776 5164 cap.
790 5097 833 5148 ta.
1073 5096 1142 5150 libas
1153 5098 1223 5166 pios,
1238 5097 1271 5151 de
1284 5098 1421 5153 ironindts
1433 5099 1519 5161 mites,
1531 5099 1564 5154 de
1577 5100 1668 5154 otiosis
1681 5096 1778 5153 reddis
1791 5099 1823 5152 in
1834 5096 1880 5153 di·

253 5143 268 5186 d
282 5155 422 5246 Actusliic
434 5167 541 5240 genitivi
560 5175 655 5243 casus-e
670 5161 755 5218 codex
766 5163 927 5220 basileensis
941 5165 1014 5236 (nit.
1072 5169 1137 5222 oino
1149 5168 1432 5252 cbaritatcserociites.
1448 5170 1593 5253 lbodrbsai
1605 5171 1707 5252 linque
1715 5170 1838 5252 frenata,
1847 5170 1879 5224 ts

216 5228 470 5380 §.infinibilis
481 5244 517 5354 l.
525 5233 950 5371 titillamentis
948 5236 1017 5377 ,lii
1073 5239 1880 5383 mttetbtitttiiitiifstttfm

217 5368 353 5435 fessionis,
367 5372 477 5452 quirion
487 5374 649 5454 santeliud,
665 5380 718 5456 9¹⁰:
734 5373 791 5429 Ubi
808 5374 921 5457 observa
934 5392 1017 5435 roca-
1072 5382 1281 5436 smniiitotibus
1292 5387 1419 5453 parcant,
1432 5387 1464 5438 ut
1472 5385 1614 5454 vaniloqui
1621 5388 1779 5455 etpmoaoes
1789 5397 1820 5438 se
1829 5381 1878 5439 aad

217 5437 315 5520 bulum
324 5438 510 5520 ‘professionis
522 5450 603 5499 etiam
617 5452 734 5525 antiquis
743 5445 871 5502 Patribus
887 5456 915 5504 et
924 5464 1017 5505 mone
1071 5451 1195 5506 anania
1209 5453 1313 5507 silentii
1324 5469 1436 5509 canoro
1447 5457 1588 5525 castigent,
1602 5462 1655 5510 etc.
1672 5451 1812 5511 Praeelare
1833 5451 1877 5509 iti·

187 5534 189 5543 ·
217 5507 278 5566 cliis
290 5517 432 5593 usitatum,
441 5511 474 5594 de
486 5529 542 5594 quo
556 5515 712 5571 etiamalias
723 5514 838 5587 egimus.
852 5523 936 5575 Actus
951 5534 1016 5577 iero
1072 5517 1137 5577 dem
1155 5523 1188 5576 D.
1204 5522 1376 5591 bernardus,
1396 5532 1424 5580 et
1445 5524 1479 5581 ad
1503 5526 1578 5582 hunc
1592 5525 1685 5582 locum
1706 5523 1876 5595 aptissime:

216 5578 393 5663 professionis
406 5581 589 5667 dici-videtur,
602 5586 649 5659 qui
671 5582 834 5657 professioni
855 5591 1017 5648 monasticae
1072 5592 1722 5666 cetia,inquit,etratihabitatiocognatasant:
1777 5597 1783 5609 '
1808 5596 1877 5650 sieut

217 5658 352 5735 congmit,
366 5654 406 5710 iel
419 5670 463 5710 cui
478 5669 507 5710 se
521 5672 548 5711 in
563 5672 613 5715 sua
626 5655 795 5730 professione
807 5661 961 5719 monachus
972 5660 1017 5718 ad·
1071 5664 1163 5720 cetam
1175 5665 1274 5721 etoetla
1285 5666 1442 5722 aditionem
1455 5668 1718 5738 emmauraitquam
1729 5611 1876 5723 adamae

213 5719 293 5778 diiii.
334 5795 341 5807 .
1070 5739 1223 5806 pactionem
1236 5739 1361 5808 nominis,
1371 5740 1409 5793 sic
1419 5743 1444 5793 et
1450 5738 1874 5810 pietalisifceiondoeniinooe-

241 5793 256 5823 ²
274 5795 426 5882 lituusque
446 5797 583 5872 preclara
606 5799 734 5875 exempla
762 5803 920 5879 suppeditat
943 5802 1017 5863 idem
1071 5807 1127 5863 iarn
1139 5812 1164 5863 et
1183 5809 1361 5866 cellcroman
1373 5808 1621 5877 intercedentem
1636 5814 1663 5865 et
1682 5808 1758 5885 quod
1774 5809 1875 5865 aeraria

189 5858 509 5942 Palladiuspluribusi'n
527 5872 599 5935 locis
614 5873 752 5951 (dominc.
770 5880 840 5939 fiet
851 5883 897 5938 20.
915 5881 1020 5951 cittii:
1075 5879 1221 5956 ingratis,
1244 5879 1294 5936 iioc
1311 5884 1337 5936 et
1356 5883 1388 5935 in
1410 5881 1497 5951 atltae
1518 5880 1591 5952 quoii
1615 5883 1723 5953 peitur
1736 5882 1768 5937 in
1780 5879 1873 5941 mtto.
