3848 6158
166 235 219 290 255
838 227 978 285 torulus
996 227 1147 287 csssltttt
1769 226 1823 282 256

87 349 91 355 ’
167 359 272 415 mnam
279 372 343 414 reor
350 354 530 415 memorabile
542 351 610 428 opus
620 353 770 421 charitatis,
779 367 862 424 quam
871 361 884 388 ¹
893 342 969 408 suur-
981 356 1007 420 Α
1021 354 1149 410 sterilitas
1160 352 1261 426 patitur
1271 366 1417 409 arenarum
1424 369 1436 419 ς4
1445 349 1481 408 ad
1495 348 1556 418 bos,
1572 348 1696 422 inquam,
1711 345 1823 406 summo

168 454 208 509 mi
223 453 275 509 riri
291 452 418 509 archebii
433 450 606 507 hmuanitate
622 463 718 504 sumus
741 445 858 517 experti,
873 446 902 502 iu
916 447 970 502 boc
1022 444 1160 504 desiderio
1182 444 1353 514 festinantes,
1370 444 1441 502 ultra
1457 443 1573 501 modum
1595 457 1692 500 sumus
1714 440 1824 499 labores

169 545 308 604 volumine
331 543 545 610 commendare,
574 555 628 613 quo
659 538 765 611 puritas
793 537 969 595 continentiae
1023 556 1132 608 eorum,
1147 556 1218 612 quos
1231 539 1462 612 mutemplatione
1474 539 1608 595 virtutum
1622 543 1650 593 et
1669 550 1765 593 amore
1778 549 1825 592 su-

168 643 244 715 operi
260 640 400 696 charitatis
415 639 517 694 inserta
532 633 695 706 propensius
708 631 838 687 enitescat
856 631 968 703 pulchra
1024 633 1147 691 litudinis
1168 634 1295 701 tolerant,
1311 633 1450 692 admirati.
1468 635 1541 690 llam
1554 632 1640 706 ipsius
1652 645 1730 705 nquae
1746 637 1823 686 tanta

170 736 301 792 varietate
316 732 453 789 distincta.
468 727 579 783 Etenim
599 734 666 782 tunc
677 733 785 798 matum
800 729 859 781 Dco
873 725 968 799 jejunii
1023 729 1136 800 penuria
1150 730 1386 802 constringuntur,
1401 736 1433 785 nt
1445 726 1492 785 tali
1512 742 1574 784 eam
1588 724 1728 798 diligentia
1742 739 1824 781 scru-

171 840 272 885 munus
292 824 420 890 efficitur,
434 836 498 878 cum
513 820 566 877 hoc
580 818 716 876 fructibus
727 819 867 875 clraritatis
885 817 970 875 luerit
1023 821 1141 894 puloque
1161 819 1335 893 dispensent,
1360 821 1434 893 quali
1460 835 1547 877 nemo
1569 817 1824 892 nugalissimorum

171 925 408 977 consummatum.
1023 916 1142 988 speeiem
1156 915 1351 988 pretiosissimi
1361 915 1416 971 viui
1428 920 1573 972 conseruat
1584 920 1613 970 ct
1626 912 1723 985 parcit.
1736 915 1748 941 ⁸
1762 911 1824 968 Tri·

430 1015 551 1074 CAPUT
568 1018 705 1074 xxxvl.
1023 1008 1075 1068 bus
1092 1025 1212 1084 namque
1224 1010 1357 1078 millibus,
1375 1009 1415 1065 vel
1427 1023 1460 1066 co
1474 1007 1603 1081 amplius,
1621 1022 1684 1064 eam
1704 1005 1740 1063 de
1752 1019 1822 1078 prae-

170 1112 321 1181 Descriptio
331 1112 481 1181 eremique
494 1114 533 1166 est
546 1111 970 1181 inmolaninqaaanochorctoe
1022 1103 1090 1161 dicti
1112 1103 1236 1160 {luminis
1258 1105 1334 1160 alveo
1359 1102 1521 1163 necessariis
1542 1102 1637 1159 usibus
1659 1099 1821 1168 advebunt,

464 1186 672 1237 mmmmm?-
1022 1196 1098 1271 quod
1117 1205 1224 1255 tantum
1247 1197 1433 1265 intervalium,
1456 1195 1580 1253 arenosis
1600 1193 1719 1250 diuisum
1740 1206 1824 1249 mon·

206 1295 301 1365 ltaque
311 1284 435 1349 cumbde
446 1291 597 1349 Palaestinae
608 1291 783 1348 monasteriis
789 1290 823 1347 ad
833 1291 967 1366 oppidum
1022 1292 1109 1368 tibus,
1120 1292 1222 1350 laboris
1235 1291 1396 1350 difficultate
1411 1288 1571 1365 mathaeus
1585 1286 1749 1360 duplicatur.

170 1385 289 1460 AEgypti,
305 1383 403 1458 quod-⁰
415 1385 528 1441 Diolcos
538 1383 698 1456 appellatur,
721 1380 801 1439 rudes
816 1382 968 1440 admodum
1279 1385 1402 1443 cxPUT
1419 1385 1571 1441 xxxvn.

169 1479 351 1548 venissemus,
365 1478 456 1549 ibique
470 1479 618 1551 plurimam
628 1477 739 1534 turbam
752 1477 872 1535 eoenobii
884 1477 969 1535 disci·
1093 1480 1209 1537 abbatis
1225 1479 1520 1536 Asehbiihnmanitos
1540 1475 1749 1533 manniatur.

170 1575 244 1648 plina
264 1574 453 1639 constrictam,
472 1579 500 1628 et
511 1573 618 1645 optimo
642 1570 741 1629 ordine
756 1569 969 1641 monachorum,
1059 1576 1111 1633 His
1125 1575 1209 1648 igitur
1219 1575 1294 1645 visis,
1309 1590 1375 1632 cum
1386 1572 1552 1632 imitationis
1567 1587 1663 1630 corum
1674 1585 1725 1629 nos
1739 1568 1825 1629 ardor

169 1669 216 1741 qui
228 1668 313 1724 etiam
327 1667 432 1738 primus
441 1673 494 1735 est,
509 1666 665 1722 institutam
674 1662 969 1733 mirilleerideremus3
1024 1669 1195 1734 appenderes,
1219 1669 1422 1743 praedictusque
1446 1667 1600 1726 Arehehius
1613 1664 1826 1739 probatissimus

171 1750 410 1833 “cirumquaque
429 1757 568 1827 ordinem,
583 1759 630 1831 qni
652 1758 830 1816 exestlenttor
842 1742 1007 1828 habetunss
1024 1767 1096 1823 inter
1118 1779 1167 1824 eos
1182 1765 1363 1822 humanitatis
1375 1763 1461 1838 gratia
1474 1778 1527 1821 nas
1548 1761 1584 1819 ad
1605 1776 1683 1819 suam
1696 1759 1824 1817 cellulam

170 1853 265 1921 idest,
285 1852 529 1921 asslchmlarllffls
549 1860 713 1911 multotum
729 1853 875 1925 {mitiis
889 1852 971 1909 insti·
1025 1859 1209 1934 pertraxisset,
1232 1858 1374 1933 explmam
1397 1856 1534 1916 desiderio
1553 1862 1666 1923 nostro,
1691 1853 1826 1910 coniinxit

170 1946 236 2018 sati.
253 1946 431 2019 sagacissima
455 1945 538 2003 corde
552 1943 642 2003 videre
665 1947 872 2020 properavimus
887 1946 972 2020 (Vide
1024 1969 1053 2012 se
1064 1953 1099 2011 de
1113 1952 1210 2011 mrtem
1221 1951 1283 2010 loeo
1297 1952 1367 2010 velte
1382 1949 1531 2019 simeona
1552 1965 1584 2007 ae
1599 1948 1681 2006 nonis
1698 1947 1825 2004 attalam

171 2040 261 2096 collal-
286 2044 318 2097 1⁸
335 2057 358 2096 c·
386 2041 426 2111 5).
444 2040 482 2096 Ηί
502 2055 622 2113 namque
648 2041 677 2097 ill
690 2038 826 2099 &noblis
850 2039 970 2114 primum
1023 2063 1103 2106 suam
1122 2047 1197 2105 velut
1216 2045 1313 2104 exinde
1333 2047 1504 2119 migraturus
1517 2042 1628 2114 offerre,
1647 2058 1707 2100 sese
1720 2040 1748 2099 id
1765 2040 1825 2098 iac·

170 2131 326 2191 diutissime
345 2140 560 2203 commorantes,
577 2133 708 2205 omnique
722 2135 863 2207 patientiae
875 2135 972 2192 aedis·
1023 2150 1118 2201 rurum
1126 2142 1232 2200 adamat
1243 2142 1360 2199 minime
1367 2138 1561 2207 adfuissemus,
1571 2137 1725 2196 aitlrmans.
1736 2137 1827 2206 Quam

71 2244 74 2251 '
171 2227 301 2284 mfi⁰⁰¹⁸
314 2227 562 2300 “8⁰¹³dffisselll01
577 2227 677 2297 θᾶθθῑῑι
691 2236 721 2285 0²
738 2227 904 2287 humilitatis
923 2245 970 2301 pa·
1023 2251 1084 2294 rem
1095 2251 1147 2295 uos
1161 2244 1188 2292 et
1208 2235 1345 2293 desiderio
1367 2233 1599 2292 commorationis
1610 2231 1730 2297 accensi,
1744 2238 1771 2286 et
1783 2243 1828 2286 as·

170 2321 238 2378 ῐῑῑθῐ
251 2337 283 2378 ²10
296 2321 429 2379 nuditati!
442 2322 540 2379 Virtute
563 2337 698 2397 podiwa.
717 2321 799 2399 'alque
811 2323 846 2380 ad
868 2339 969 2398 purum
1025 2329 1193 2388 sertionibus
1214 2329 1282 2385 tanti
1307 2329 1358 2406 vjri
1381 2326 1561 2384 indubitatam
1586 2325 1829 2382 accommodantes

172 2415 303 2490 vitiorum
315 2416 491 2474 universitate
504 2425 683 2490 consumpta,
700 2417 844 2476 dirissimis
862 2417 970 2476 ‹tame-
1025 2422 1110 2480 fldem
1123 2421 1240 2479 libenter
1260 2421 1394 2492 amplexi,
1407 2419 1536 2477 cellulam
1559 2432 1623 2474 cnm
1638 2415 1716 2472 omni
1733 2413 1829 2487 supel·

171 2524 240 2566 num
257 2509 358 2582 praeliis
377 2511 561 2583 congressuri,
578 2518 722 2582 penetrant
735 2512 819 2569 eremi
836 2512 970 2585 protunda
1026 2515 1124 2585 lectile,
1147 2513 1362 2586 utensilibusque
1381 2510 1562 2584 suscepimus.
1578 2512 1672 2581 ltaque
1690 2507 1825 2581 religiosa

172 2611 286 2659 secreta.
307 2602 397 2676 Hujus
419 2603 501 2676 igitur
524 2604 656 2677 propositi
679 2603 751 2660 viros
773 2606 972 2678 comperientes
1026 2609 1130 2682 potitus
1150 2604 1391 2674 circumventione,
1406 2603 1501 2676 paucis
1521 2602 1619 2660 diebus
1633 2600 1734 2674 quibus
1759 2612 1829 2657 con·
1902 2604 1908 2613 '

173 2697 245 2754 circa
260 2697 313 2754 Nili
337 2697 462 2755 lluminis
483 2698 592 2754 alveum
604 2699 783 2766 commorari,
803 2700 832 2755 in
849 2701 910 2757 loco
924 2699 971 2773 qui
1027 2703 1166 2761 struendae
1176 2701 1252 2760 cellae
1264 2706 1374 2773 pararet
1385 2696 1525 2772 impendia
1544 2696 1579 2756 dc
1593 2696 1653 2752 loco
1674 2691 1829 2763 discedens,

174 2806 230 2849 uno
246 2791 330 2848 latere
342 2792 440 2850 eodem
461 2791 587 2863 flumine,
605 2793 659 2849 alio
671 2793 759 2850 maris
772 2794 897 2851 vastitate
916 2797 971 2852 cir·
1027 2810 1152 2854 racemus
1173 2802 1236 2868 post
1255 2793 1326 2860 haec,
1341 2791 1423 2852 sliam
1444 2790 1499 2849 sibi
1520 2804 1631 2846 summo
1645 2788 1740 2846 labore
1759 2801 1829 2843 con-

173 2884 329 2955 cumdatus,
346 2888 464 2945 insulam
479 2887 577 2959 reddit,
598 2889 681 2946 nullis
696 2887 756 2945 aliis
769 2904 852 2961 quam
874 2904 972 2947 mona·
1028 2891 1138 2947 struxit.
1155 2889 1248 2959 Quam
1271 2901 1394 2956 rursum,
1414 2898 1472 2942 non
1495 2883 1578 2956 longo
1603 2889 1665 2955 poet
1690 2888 1827 2953 tempore,

174 2977 234 3036 chis
264 2988 369 3036 secreta
391 2982 581 3053 expetentibus
609 2982 802 3052 habitabilem
825 2992 876 3040 n'ec
899 2983 971 3041 enim
1029 2983 1089 3040 aliis
1107 2978 1362 3054 supervenientibus
1381 2976 1524 3046 iratribus,
1548 2974 1701 3047 eodemque
1719 2971 1830 3031 deside-

174 3071 301 3142 cuiquam
324 3072 440 3130 culturae
457 3084 550 3147 aptam
573 3090 633 3132 esse
652 3091 714 3132 eam
737 3076 844 3134 salsitas
866 3077 918 3133 soli
939 3093 971 3133 ac
1031 3077 1073 3134 rio
1097 3068 1107 3108 ¹
1128 3075 1301 3147 cupientibus
1323 3072 1428 3131 ibidem
1441 3069 1622 3139 commorari,
1638 3067 1722 3128 simili
1742 3067 1832 3124 cbari-

720 3192 849 3273 attunt
868 3192 983 3250 GAZAEI
1002 3190 1284 3250 COMMENTARIUS.

212 3290 387 3376 'Dionysius
403 3292 565 3352 Arthebium
583 3306 672 3364 uocat,
688 3313 770 3370 quem
785 3301 916 3357 Petrusin
929 3306 1013 3371 cac
1066 3289 1171 3356 dDuos
1185 3298 1305 3364 ordines,
1325 3311 1374 3353 ssu
1390 3296 1446 3353 diro
1476 3309 1555 3350 encra
1570 3291 1770 3348 monachomm
1784 3292 1831 3350 bic

175 3360 275 3445 talogo.
290 3378 451 3436 episcopum
476 3381 509 3422 ex
533 3369 696 3425 anachoreta
720 3369 825 3427 iactum
847 3380 977 3439 testatur,
1030 3380 1059 3428 et
1072 3372 1219 3441 alibierepe
1235 3376 1436 3425 commemorat
1488 3367 1593 3421 ssianus
1612 3380 1620 3418 c
1636 3364 1752 3420 alterum
1769 3378 1831 3420 ωι-

175 3435 236 3503 ejus
250 3442 334 3516 urtam
349 3434 407 3519 hoo
416 3439 581 3510 compendio
592 3439 758 3508 describens,
771 3457 804 3497 ex
821 3456 876 3513 quo
910 3458 976 3500 nan·
1031 3443 1200 3507 nobitarum,
1215 3439 1310 3502 idest,
1328 3439 1410 3494 simul
1425 3444 1454 3492 et
1469 3434 1656 3492 communiter
1668 3434 1830 3502 viventium,

176 3510 221 3559 tus
233 3519 274 3560 ιιι
289 3504 380 3574 inerit,
399 3509 512 3580 intelligi
532 3517 623 3580 potest
640 3513 754 3578 (Petrus
768 3513 803 3568 de
821 3460 915 3570 Nasoi.
929 3515 976 3568 lib.
1031 3527 1114 3585 quem
1127 3511 1250 3593 primum
1258 3509 1385 3564 ordinem
1396 3508 1598 3564 monachorum
1609 3520 1669 3560 esse
1680 3505 1831 3589 dicit3quia

176 3588 242 3630 ¹¹0·
260 3581 321 3660 ⁵{ll-
343 3579 490 3660 ¹Arthebias
500 3582 637 3665 episcopus
647 3583 978 3652 Pamphiiiense's[al.Po
1032 3583 1061 3638 in
1082 3582 1149 3653 ipsis
1169 3578 1295 3636 Ecclesiae
1314 3578 1475 3650 primordiis
1498 3578 1550 3633 sub
1564 3575 1697 3659 apostolis
1719 3585 1832 3634 mettum

175 3647 682 3728 nephussenses1eaanochoretscam'ta
693 3654 730 3707 od
739 3655 978 3724 episcopolcmjom
1031 3653 1129 3710 babuit
1142 3671 1149 3706 :
1164 3653 1234 3706 tales
1246 3650 1320 3707 enim
1334 3648 1416 3705 fuere·
1430 3649 1512 3730 primi
1527 3646 1674 3704 Christiani
1689 3649 1832 3717 apostolo-

177 3716 279 3803 dectnm
293 3718 381 3773 sedem
392 3721 476 3775 invite
488 3726 514 3776 et
524 3723 672 3780 resitentes
681 3729 845 3794 msomptns.
866 3727 919 3792 Qui
933 3730 978 3780 ta·
1030 3739 1093 3780 rum
1108 3721 1244 3793 discipuli,
1258 3718 1293 3776 de
1306 3720 1405 3791 quibus
1416 3719 1518 3775 dicitur
1533 3723 1595 3774 Act.
1610 3733 1643 3774 rr
1657 3719 1833 3777 :Multitudi-

176 3803 236 3843 men
248 3806 278 3844 sn
288 3792 446 3861 episcopatu
465 3792 563 3862 dcpens
576 3796 754 3850 nnniuitom
769 3810 822 3850 non
836 3796 977 3851 decessit:
1031 3799 1075 3851 nis
1083 3794 1245 3849 cedentem
1257 3795 1467 3853 unicornuum,
1477 3795 1503 3845 et
1514 3793 1688 3855 animosam
1700 3792 1835 3861 mouis-

177 3861 643 3932 quinimmojejunir'setoretionibns
645 3867 753 3937 jupiter
760 3868 978 3922 intentuscnrom
1031 3881 1113 3938 quam
1122 3865 1230 3934 aliquid
1239 3879 1319 3921 suem
1333 3877 1387 3918 esse
1400 3863 1516 3925 timebat,
1529 3861 1576 3917 sed
1586 3865 1664 3916 mant
1673 3862 1732 3916 illis
1741 3863 1834 3916 omnio

175 3934 340 4014 passicratem
353 3935 445 3990 sedulo
462 3936 683 4000 administrabat,
699 3940 725 3991 et
739 3937 777 3991 od
790 3953 907 4001 memsam
927 3939 980 3993 sibi
1031 3939 1198 4003 mmmuniar
1220 3935 1336 3992 alterum
1354 3933 1593 3998 anachoretarum,
1614 3932 1671 3987 sive
1692 3932 1833 3989 solitario-

177 4001 302 4058 aielectom
316 4008 416 4075 sepias
431 4008 681 4072 cenommannica
694 4008 908 4065 anochoretoset
926 4013 979 4066 Pa·
1031 4025 1106 4079 rum,
1128 4022 1212 4082 quem
1235 4007 1335 4064 merito
1357 4005 1425 4062 dicit
1445 4019 1505 4060 esse
1519 4003 1749 4068 excellentiorem,
1765 4003 1832 4074 quia

177 4076 232 4130 tres
241 4090 292 4130 sua
302 4091 415 4146 persma
423 4082 449 4134 et
461 4079 685 4134 benedictionibus
693 4081 833 4136 visitabat.
847 4082 914 4138 llaec
923 4080 976 4137 ille.
1032 4081 1087 4137 sita
1102 4079 1304 4144 anachoretica,
1319 4093 1367 4133 scu
1381 4075 1533 4141 eremitica,
1555 4074 1665 4131 culmen
1679 4081 1721 4129 est
1730 4080 1761 4129 et
1779 4072 1835 4130 las·

178 4144 332 4209 Cassianus,
340 4148 431 4206 collat.
445 4157 490 4218 tt,
503 4167 566 4224 cap.
581 4154 610 4217 2,
624 4151 696 4207 lrunc
709 4150 800 4222 ipsum
811 4152 978 4208 Arelrebium
1032 4152 1130 4225 tigium
1146 4151 1209 4206 ritae
1223 4149 1367 4221 religiosa.
1378 4148 1461 4204 Unde
1471 4148 1563 4202 Patres
1575 4146 1676 4217 passim
1688 4143 1834 4202 docentad

178 4217 349 4288 Panephysis
375 4221 535 4295 episcopum
564 4221 699 4290 nominat,
726 4222 838 4297 ejusque
866 4224 979 4280 uirtutes
1028 4224 1118 4285 ,vitam
1136 4219 1354 4276 anachoreticam
1368 4234 1424 4274 non
1443 4217 1541 4274 debere
1555 4231 1722 4288 quemquam
1744 4225 1861 4272 trans·-

177 4287 362 4367 commendat.
378 4293 547 4348 sozomenum
564 4295 636 4358 (Lib.
653 4309 685 4351 vr
698 4309 721 4348 c.
738 4300 823 4361 tolet
841 4294 979 4366 Nicepho·
1032 4295 1083 4361 ire,
1101 4291 1154 4347 nisi
1169 4291 1245 4360 prius
1260 4289 1402 4360 diligenter
1415 4288 1445 4343 in
1457 4287 1584 4345 coenobio
1605 4287 1688 4345 inerit
1700 4285 1833 4343 exercita·

178 4367 227 4408 rus
238 4353 311 4434 (bib.
323 4370 357 4409 xx
371 4372 394 4410 c.
407 4366 440 4413 aa
450 4367 458 4425 )
469 4362 541 4415 inter
554 4363 716 4419 celebriores
728 4365 881 4422 monachos
894 4365 978 4420 etiam
1032 4372 1077 4419 tus
1091 4370 1118 4417 et
1128 4359 1267 4432 probatus.
1284 4358 1365 4431 Quod
1380 4358 1463 4414 etiam
1478 4360 1505 4415 in
1523 4359 1577 4415 hoc
1589 4374 1650 4431 cap.
1665 4361 1773 4415 Auctor
1786 4357 1833 4413 in-

98 4471 104 4478 ·
178 4425 322 4504 Amfffflm
336 4433 978 4508 ree{ttstttltttlufutrncmupuumetpraeclarum
1032 4431 1273 4499 dicattalupdib.
1297 4429 1469 4486 rdebton'b.
1492 4431 1590 4487 Eccles.
1612 4446 1633 4485 e.
1654 4434 1746 4496 anet
1764 4430 1834 4486 Cos·

178 4502 333 4556 nommant,
345 4502 416 4575 etin
430 4505 580 4552 monastica
596 4498 768 4570 philosophia
788 4504 977 4571 consenuisse,
1031 4509 1103 4559 stan.
1121 4516 1144 4566 t,
1164 4502 1254 4556 collat.
1271 4506 1318 4562 18,
1337 4515 1388 4572 per
1410 4505 1504 4556 lotam.
1534 4502 1690 4557 Videnotcs
1703 4501 1741 4556 ad
1760 4516 1784 4556 c.
1800 4506 1832 4556 tt

178 4577 211 4618 ac
224 4563 368 4620 monachis
380 4568 521 4692 ssraeluissc
535 4567 667 4624 scribunt.
681 4569 762 4626 Unde
769 4568 826 4627 fere
845 4572 976 4640 adducor,
1033 4576 1052 4631 l.
1067 4587 1140 4639 ιιιιις
1154 4574 1306 4642 Hieronem.
1320 4573 1399 4643 epesi.
1413 4579 1429 4627 4
1445 4573 1482 4627 ad
1491 4575 1655 4639 Reatinam).

179 4642 214 4718 ut·
228 4649 278 4706 pro
291 4633 379 4719 Arche
399 4655 426 4695 ιο
439 4638 580 4694 Arscsium
592 4638 637 4696 hic
650 4639 793 4722 legendum
805 4649 898 4713 putem
912 4643 977 4701 :sed
1069 4647 1134 4700 ‘De
1148 4643 1201 4698 hoc
1214 4645 1274 4700 side
1287 4651 1382 4699 uotam
1397 4641 1432 4699 ad
1451 4644 1544 4699 collat.
1559 4646 1605 4709 tl,
1619 4658 1680 4714 cap.
1697 4646 1723 4697 2.
1809 4678 1816 4683 -

179 4706 297 4762 aliorum
312 4706 406 4766 malim
420 4717 577 4795 exspectare
591 4719 766 4795 sententiam.
990 4693 1017 4757 D
1069 4707 1166 4772 ‘Satis
1183 4715 1294 4771 evidens
1312 4722 1374 4769 tum
1392 4729 1425 4770 ex
1447 4712 1500 4770 hoc
1513 4713 1611 4785 capite,
1631 4723 1692 4769 tum
1717 4727 1750 4768 er
1772 4711 1835 4768 aliis

215 4770 284 4863 ''De
299 4782 447 4864 'monachis
459 4789 488 4838 et
509 4790 687 4840 monasterus
706 4783 860 4842 Palaestinae
874 4783 980 4842 dimum
1034 4786 1113 4853 locis,
1128 4786 1183 4842 duo
1195 4801 1294 4857 genera
1306 4784 1450 4841 hominnm
1463 4792 1530 4841 tunc
1548 4783 1683 4856 temporis
1702 4784 1791 4839 solere
1805 4782 1838 4839 in

178 4851 395 4934 estalrb1(bib.
416 4871 452 4913 ιιι
476 4869 536 4924 cop.
562 4852 602 4915 tl.
624 4858 666 4911 De
688 4854 787 4912 iisdem
810 4857 980 4915 sozomenus
1034 4857 1211 4914 monasteriis
1225 4855 1407 4912 commorari.
1423 4855 1476 4911 Alii
1491 4855 1566 4911 enim
1582 4854 1837 4925 monaaicenpro·

178 4922 226 4979 lrb.
240 4939 274 4980 vr
293 4941 355 5008 cap.
368 4931 417 5008 βῆς
436 4925 609 4998 Nicephorus
626 4926 674 4983 lib.
696 4941 729 4984 ιιι
742 4942 802 5000 cap.
821 4935 866 4998 39,
879 4938 907 4984 et
917 4936 980 4985 ante
1033 4930 1110 4997 fessi,
1126 4936 1154 4984 et
1168 4928 1239 4983 votis
1248 4927 1353 4984 astricti
1365 4935 1453 4993 erant,
1465 4934 1495 4983 ut
1506 4927 1545 4982 ibi
1560 4934 1690 4998 perpetuo
1701 4925 1754 4981 sub
1766 4924 1834 4981 obe·

179 4991 230 5049 hos
242 4996 278 5048 D.
293 4997 412 5076 liasrhus
429 4999 509 5069 epist.
531 5002 577 5054 89.
1034 5000 1136 5056 dientia
1152 4999 1283 5066 viverent,
1299 4998 1347 5070 qui
1361 4998 1449 5068 reipsa
1468 5006 1495 5054 et
1515 4997 1627 5054 nomine
1641 4995 1770 5052 monachi
1792 4995 1834 5052 di·

215 5064 378 5134 eOppidum
397 5067 453 5133 hic,
469 5068 534 5123 alibi
557 5069 647 5125 vicum
659 5077 739 5126 vocat
753 5069 910 5140 Cassianus,
921 5071 978 5128 ool·
1035 5071 1176 5127 cebantur.
1190 5069 1246 5126 Alii
1260 5069 1349 5126 solum
1359 5069 1393 5125 ad
1401 5077 1511 5140 tempus
1522 5068 1550 5125 in
1565 5067 1741 5125 monasteriis
1750 5065 1836 5137 dege·

178 5132 227 5188 lat.
243 5140 290 5218 18,Ι
297 5148 357 5205 cap.
375 5144 384 5189 t
402 5138 464 5193 :Aa
473 5140 575 5221 uicum,
584 5140 682 5211 inquit,
696 5143 741 5196 cui
753 5157 848 5198 nomen
858 5144 980 5198 calbici-
1033 5143 1173 5206 brunnon
1186 5149 1244 5197 tam
1261 5139 1429 5195 utmonachi
1441 5140 1640 5211 serenarum
1652 5140 1720 5196 utin
1733 5138 1836 5210 pictate

177 5219 229 5286 cos,
240 5221 357 5260 unicas
393 5213 445 5263 tem
454 5209 598 5265 Nslsosteie
608 5213 791 5266 imminentem
800 5217 981 5283 pervenimus.
1033 5220 1061 5270 et
1075 5213 1134 5269 aliis
1149 5212 1304 5272 virtutibus.
1315 5211 1454 5267 autetiam
1470 5211 1498 5265 in
1509 5212 1609 5268 studiis
1623 5217 1835 5267 exercerentur:

177 5275 352 5360 Nicephorus
375 5279 414 5333 rb.
428 5293 461 5334 ιιι
471 5294 533 5348 cap.
546 5284 581 5335 85
597 5299 603 5336 :
617 5282 695 5340 cirea
709 5285 850 5366 anpuetias
859 5298 921 5337 nero
930 5288 981 5338 ter·
1033 5283 1062 5339 hi
1077 5283 1158 5339 nullis
1172 5283 1243 5366 vocis
1256 5281 1367 5354 obligati
1381 5288 1472 5347 erant;
1488 5291 1516 5365 et
1528 5280 1745 5366 cumurolebant,
1756 5281 1836 5366 abire

176 5352 982 5487 Naaman...
1033 5369 1069 5482 a
1084 5354 1885 5494 atalantam?{latiniacenses·

177 5487 324 5543 mulinum
337 5491 459 5557 frotmm
469 5492 548 5547 duces
564 5492 649 5560 ruere,
664 5503 716 5548 etc.
734 5493 820 5558 (Vide
832 5496 865 5549 D.
887 5495 981 5549 tsero-
1037 5495 1110 5561 loeo,
1132 5503 1160 5550 et
1172 5496 1387 5576 Chrysostomus
1402 5495 1449 5551 lib.
1472 5503 1620 5552 utcontra
1636 5495 1837 5566 vituperatores

84 5594 88 5601 -
177 5574 251 5628 atym.
267 5563 296 5613 in
308 5563 388 5630 epist.
405 5563 607 5632 addentem).
621 5563 712 5619 lnhoc
722 5562 818 5618 itidem
830 5565 891 5620 loco
902 5567 983 5621 Sozo-
1036 5567 1098 5622 vitae
1112 5573 1274 5622 monasticae
1285 5566 1336 5623 sub
1357 5565 1451 5631 linem,
1471 5565 1517 5623 ubi
1530 5567 1603 5622 eires
1621 5581 1686 5622 suos
1708 5566 1838 5621 hortatur

178 5644 277 5686 meuus
293 5631 448 5702 complures
462 5643 572 5688 sanctos
586 5633 738 5689 monachos
750 5632 847 5690 risisse
858 5650 979 5691 commc-
1036 5645 1069 5692 ut
1080 5635 1150 5692 lilius
1168 5652 1234 5692 suos
1252 5636 1287 5693 ad
1301 5637 1468 5693 monasteria
1481 5637 1610 5704 mittant3
1633 5638 1723 5693 immo
1737 5643 1769 5692 ut
1783 5634 1837 5706 ipsi

178 5700 510 5785 morsalin-vicanis,
521 5718 640 5776 quorum
653 5704 739 5760 vitam
755 5703 835 5762 latius
847 5703 982 5763 describit
1036 5707 1130 5772 etiam,
1152 5707 1215 5763 licet
1233 5707 1381 5779 coniugati,
1398 5723 1432 5766 eo
1452 5722 1482 5764 se
1494 5707 1647 5775 conserant,
1673 5708 1769 5780 ibique
1782 5704 1835 5762 ali-

180 5770 315 5830 l’alladrus
330 5788 359 5829 m
378 5774 529 5832 Lausracis.
1037 5778 1169 5851 quamdiu
1182 5787 1399 5837 commorentur.
1410 5779 1452 5836 sd
1464 5778 1537 5836 huuc
1549 5779 1632 5850 igitur
1643 5777 1761 5835 modum
1772 5789 1838 5833 nos·
