3824 6164
126 224 195 279 tuba
665 216 806 274 tumetis
826 216 977 273 cassiani
995 214 1239 273 detentiores.
1713 212 1785 269 tibi)

123 346 206 403 niune
231 342 362 401 consortii
388 341 535 400 cenobitae
556 341 684 415 celtaeque
718 357 750 399 ae
780 340 926 398 diversoria
940 346 967 409 Α
981 334 1781 413 adhueindistrictiscoenobiisccrttimusresiderescstigia.

122 454 220 496 eorum
241 437 367 494 eoenobia
388 444 563 493 vocarentur.
587 433 662 491 lstud
686 450 751 508 erga
774 434 863 491 sotum
878 433 930 493 init
1288 434 1413 490 CAPUT
1431 423 1478 489 Vt.

121 531 344 603 antiquissimum
357 528 556 585 monachorum
571 542 675 599 genus;
691 527 767 601 quod
778 542 835 583 non
844 526 928 584 modu
1089 531 1126 584 De
1138 528 1360 583 armchoretnntm
1376 527 1467 581 ordine
1479 542 1510 581 oc
1527 526 1676 597 ptincipio.

122 634 256 699 tempure,
278 623 422 681 sedetiam
436 622 522 695 gratia
540 623 658 693 primum
670 630 721 691 est,
736 621 864 694 quodque
879 636 927 693 per
1016 621 1121 679 Debeo
1147 622 1461 694 perfecturumnumero
1476 628 1513 687 et,
1530 627 1561 675 ut
1587 619 1625 674 ita
1652 616 1784 685 dixerim,

122 720 356 793 annospiurimos
372 720 463 775 solum
485 717 639 773 inviolabile
662 732 749 789 usque
770 714 806 772 ad
820 715 929 773 abbatis
980 715 1173 773 fecundissima
1194 715 1301 781 radice,
1316 723 1477 772 sanctorum
1496 713 1580 770 etiam
1605 710 1784 769 anachoreta·

124 814 218 872 ιιΡιιιιΙι
231 814 271 870 rel
285 813 397 869 Antonii
411 813 518 871 durarit
532 820 652 869 aetatem.
664 812 748 885 Cujus
757 811 840 867 etiam
855 826 929 867 nunc
982 826 1044 866 rum
1057 818 1118 881 post
1132 809 1191 867 haec
1205 809 1287 866 ssorm
1303 808 1463 882 fructusque
1476 806 1576 881 prolati
1587 813 1662 863 sunt.
1674 806 1689 841 t
1701 805 1786 878 Cujus

678 969 805 1026 ALARDI
823 970 937 1026 GAZAEI
957 969 1235 1026 COMMENTARIUS.

123 1115 179 1167 tum
192 1110 784 1178 Putrem,etcunueniuttiadsiapuiost’utres
799 1114 928 1173 ternant
1015 1111 1103 1165 tuan
1119 1117 1230 1177 temere,
1254 1115 1301 1164 aut
1320 1105 1443 1173 fortuito,
1469 1102 1518 1160 sed
1540 1102 1650 1185 {trepide
1665 1110 1701 1186 'et
1726 1104 1783 1160 eir·

123 1185 277 1245 miuimum,
297 1183 432 1235 horninum
448 1182 546 1234 ntittia.
565 1182 634 1235 itam
644 1182 724 1234 etiam
738 1182 820 1234 mutto
831 1196 927 1235 uume-
981 1189 1137 1250 cumspecte
1149 1195 1213 1235 usus
1225 1179 1329 1235 videtur
1345 1179 1388 1233 itta
1402 1174 1707 1257 particula-disjunctus
1730 1177 1783 1240 oet,

123 1253 292 1309 restoressub
304 1256 459 1319 unoupnat.
475 1251 602 1306 Arretium
613 1252 866 1306 autemiacredibiti
874 1256 927 1307 stu·
980 1250 1111 1323 quoniam
1129 1266 1145 1307 a
1158 1250 1252 1307 multis
1271 1249 1443 1306 dubitaretur
1456 1256 1517 1303 uter
1536 1246 1648 1301 titorunt
1663 1244 1784 1326 enachu-

123 1326 177 1387 dio,
195 1338 296 1377 summo
319 1322 435 1385 silentio,
454 1324 612 1389 ortationes
630 1324 783 1376 animorum
803 1338 924 1389 suorum,
980 1322 1071 1378 reticui
1086 1322 1147 1378 ritae
1175 1324 1280 1392 peintus
1299 1329 1394 1376 auctor
1407 1327 1454 1374 aut
1474 1318 1601 1389 princeps
1621 1316 1783 1373 exstitisset.

120 1398 204 1466 prout
216 1410 258 1451 eos
269 1394 405 1463 pepulerit
422 1393 577 1447 disserentis
590 1395 686 1455 oratio,
704 1394 746 1446 eei
759 1395 869 1461 pemt'tu,
885 1395 927 1449 uei
980 1392 1022 1448 Sic
1033 1393 1105 1449 enim
1117 1396 1148 1447 B.
1164 1393 1351 1465 Hieronymus
1364 1390 1442 1459 Pauli,
1454 1389 1585 1447 Eremitae
1600 1389 1694 1443 Vitam
1707 1403 1784 1444 esor-

122 1470 196 1535 tietu,
208 1465 254 1521 sed
268 1464 384 1519 modesto
396 1468 420 1517 et
438 1465 552 1518 ciamare
568 1480 651 1518 eiectio
671 1464 802 1532 pendium
820 1467 924 1533 sinaiti-
980 1463 1074 1519 ditur:
1094 1466 1166 1519 Inter
1179 1466 1279 1518 mattos
1293 1464 1448 1518 dubitatum
1460 1466 1501 1515 cst
1516 1477 1533 1514 a
1548 1475 1601 1530 qtae
1614 1461 1782 1530 potissimum

123 1543 222 1593 euntes.
233 1534 437 1605 Corpusdeiude
449 1538 576 1604 relicitur,
588 1540 721 1604 qttrtntum
727 1536 811 1589 satuti
820 1540 845 1589 ei
856 1536 925 1590 saiu-
980 1536 1167 1589 rnottacharum
1181 1550 1281 1590 creatus
1292 1535 1416 1588 tradituri
1428 1537 1514 1603 empta.
1528 1534 1574 1586 sit.
1586 1531 1704 1598 [tetidem
1716 1533 1783 1586 enam

125 1610 221 1664 initiati
230 1611 274 1676 sus
289 1612 336 1669 est,
350 1612 480 1661 coercente
499 1622 656 1677 euocatique
676 1609 926 1677 concupiscentiam,
981 1608 1064 1661 attius
1075 1612 1244 1677 repetenteso
1259 1608 1332 1661 beate
1344 1607 1404 1661 Etia
1417 1606 1551 1659 ettouttne
1560 1604 1783 1671 sumpserepne‘a·

123 1696 156 1735 ne
167 1695 194 1735 se
204 1678 454 1749 profundateetin
465 1694 494 1732 ea
508 1680 578 1748 apsa,
589 1682 927 1748 qtrapt·aestosuttt,1trat·ca
982 1680 1101 1747 upiutn5
1118 1693 1230 1747 quonun
1250 1682 1275 1731 et
1289 1678 1364 1732 Elius
1388 1677 1452 1746 ptus
1472 1675 1547 1729 trabis
1571 1674 1682 1728 uidetur
1699 1676 1783 1740 [uisse

124 1756 149 1806 et
158 1751 298 1805 citissima.
312 1752 353 1804 tta
363 1749 508 1804 ttonsoiutn
519 1767 536 1804 a
546 1750 674 1804 carnibus
688 1754 713 1803 et
722 1751 783 1804 vitto
793 1750 929 1803 abstitn’nt
982 1764 1065 1818 priam
1083 1750 1239 1816 inonachus,
1258 1754 1285 1803 et
1297 1751 1410 1803 Joetttnes
1426 1751 1487 1801 aute
1498 1746 1664 1815 paeniteatne
1677 1746 1782 1815 ceptae

123 1838 171 1893 pro
179 1822 333 1890 stcffitientia
342 1822 539 1875 domandarum
548 1820 701 1881 libidinum,
716 1821 763 1875 sed
768 1820 840 1873 abiis
848 1823 928 1875 etnim
982 1835 1063 1889 qtatm
1076 1824 1154 1873 ttotus
1167 1826 1218 1874 est.
1226 1820 1286 1874 Atii
1295 1824 1385 1874 autem
1397 1817 1521 1888 (iriquum
1533 1817 1783 1887 apintmteottutptu

125 1909 185 1965 aaa
200 1893 548 1948 totttoeorteitatinsuentus
562 1899 587 1947 et
599 1895 927 2015 putturisprorocuatap·
943 1928 966 1989 B
982 1905 1056 1945 otntte
1078 1892 1223 1959 consentu)
1237 1895 1362 1945 asserunt
1383 1891 1533 1945 Antonium
1549 1888 1629 1957 hujus
1646 1890 1781 1959 propositi

121 1968 249 2036 petitum,
261 1968 362 2033 quanto
375 1966 454 2032 quiesi
473 1964 615 2018 tttutatiora
628 1980 716 2018 nortun
732 1964 765 2017 iis
788 1962 926 2016 uidentur.
981 1964 1162 2032 suissecuput.
1180 1962 1256 2029 Quod
1267 1978 1300 2016 es
1311 1965 1389 2032 parte
1398 1976 1491 2014 rernm
1506 1966 1556 2013 est.
1573 1960 1710 2015 donanim
1723 1962 1779 2013 tum

124 2040 194 2093 sne
221 2034 340 2104 ut'dquid
352 2037 498 2088 tteecssario
509 2037 593 2089 eiettri
602 2034 813 2098 t·edurtdat(tuuu
828 2033 925 2087 redun-
981 2035 1037 2102 ipso
1048 2036 1111 2086 aute
1124 2048 1211 2087 onutes
1221 2035 1287 2099 suit,
1296 2049 1376 2102 quern
1390 2032 1424 2085 ab
1436 2046 1464 2085 ea
1473 2032 1712 2085 omniuntincitata
1720 2034 1780 2085 sunt

125 2108 174 2163 dett
184 2053 335 2175 piutirttum
346 2106 509 2173 exoperibus
519 2122 649 2159 manuum
659 2110 685 2159 et
691 2104 830 2173 meritarum
840 2107 927 2159 restri-
980 2104 1082 2158 studia.
1099 2105 1231 2159 Atttathas
1244 2119 1305 2157 cero
1320 2109 1344 2158 et
1359 2104 1496 2159 Mescinius
1515 2102 1649 2171 dismpnii
1661 2102 1781 2164 Antonii,

125 2176 218 2247 ctione)
228 2180 376 2231 tuntaeura
389 2176 713 2241 epetttibiesdistribuitur,
723 2176 925 2243 utrorrtauonatt
979 2190 1093 2245 uteorum
1103 2178 1223 2244 superior
1234 2178 1362 2243 mapistri
1368 2190 1462 2243 eorpus
1474 2174 1609 2243 sererent,
1624 2174 1708 2226 etitem
1717 2187 1783 2226 nmio

124 2251 193 2375 ppsis
202 2246 610 2315 quidistribuuntcotuparutum
620 2251 669 2301 est.
677 2246 744 2301 nac
756 2245 925 2318 Augustinus
979 2248 1121 2315 respirarent
1128 2247 1240 2300 Paetum
1248 2246 1389 2316 quemdam
1399 2245 1539 2300 Titeboeum
1546 2246 1700 2313 prineipern
1706 2245 1782 2299 istius

144 2314 371 2374 eeoettobitarunt
386 2314 492 2369 risendi
504 2315 598 2380 modo,
619 2315 717 2389 quibus
731 2316 829 2371 simitia
844 2316 925 2372 habet
979 2320 1021 2371 rei
1037 2319 1132 2384 fuisse,
1151 2318 1223 2385 atiud
1235 2334 1286 2372 tton
1298 2323 1352 2372 tatu
1371 2319 1477 2370 trientina
1493 2331 1576 2385 uticem
1596 2316 1718 2384 opinione
1736 2330 1781 2369 aas

125 2385 295 2461 Epiphanius
309 2383 390 2457 (itae.
408 2390 464 2447 80¹1.
480 2387 541 2441 Jurn
551 2386 623 2467 qaod
639 2385 673 2443 ad
689 2387 847 2443 coeuobiunt
859 2388 925 2443 atti·
980 2390 1303 2457 atroquecomprobutant.
1320 2390 1354 2443 Et
1366 2385 1435 2441 intra
1450 2408 1456 2441 ε
1469 2387 1534 2443 Gran
1543 2386 1607 2455 jam
1617 2392 1718 2439 ceritum
1730 2391 1780 2439 tre·

125 2468 182 2527 net,
202 2459 260 2529 ejus
280 2456 402 2511 vocabuit
420 2458 613 2529 etymotogtam
631 2458 667 2513 ita
691 2457 785 2513 reddit
805 2458 926 2514 isidorus
980 2459 1065 2513 decim
1084 2474 1166 2513 uttttos
1178 2460 1269 2514 barattis
1279 2461 1379 2515 Pituita
1398 2461 1482 2512 citam
1496 2459 1628 2513 caelestem
1648 2462 1736 2526 auctet
1752 2458 1780 2511 in

127 2530 253 2603 (Btpmoi.
270 2529 317 2583 tib.
331 2542 367 2581 xv
382 2536 440 2598 c'ap.
456 2535 483 2596 t)
501 2547 508 2583 ι
524 2532 676 2585 dictantium
690 2535 728 2585 est
741 2530 925 2584 habitaculum
981 2532 1071 2593 terris,
1080 2534 1105 2583 et
1114 2533 1311 2599 rtonapcuarius
1321 2534 1349 2584 in
1359 2532 1415 2584 aliu
1425 2529 1574 2583 solitudine
1582 2530 1716 2584 Autortius
1724 2544 1780 2582 rito-

125 2604 273 2658 multarunt
287 2601 316 2653 iu
331 2601 619 2656 eomrtrtmeriuetttitmt
635 2620 643 2655 :
657 2601 740 2653 nottho
750 2604 818 2655 enim
839 2602 926 2657 Grmee
980 2605 1099 2663 rurehu,
1115 2606 1146 2655 ut
1157 2604 1215 2671 ipse
1225 2618 1340 2656 auserem
1359 2602 1470 2662 solebat,
1486 2602 1540 2654 baec
1556 2602 1711 2654 iumentum
1727 2599 1781 2667 eicis

125 2688 261 2731 commune
279 2671 389 2726 dieitur.
411 2672 521 2726 Plenius
542 2678 575 2726 att
591 2672 651 2728 aliis
672 2672 710 2727 ita
732 2671 895 2728 describitur
917 2691 925 2727 :
980 2673 1105 2741 eoaitattio
1117 2673 1222 2735 incidit,
1237 2673 1341 2726 titatium
1353 2673 1423 2726 uitro
1434 2673 1614 2741 scutataecmm
1627 2672 1780 2725 nimiae-hum

126 2746 277 2806 carubium
291 2749 329 2797 est
350 2743 430 2804 iocus,
446 2744 494 2797 ubi
506 2747 650 2800 certarnen-is
664 2747 709 2798 eia
722 2744 845 2809 decadae,-
863 2760 926 2799 riom
982 2746 1009 2797 ia
1022 2758 1107 2797 eremo
1120 2745 1276 2799 consedisse.
1292 2747 1331 2800 At
1350 2742 1392 2797 itti
1401 2759 1451 2813 per
1465 2747 1569 2797 uectem
1582 2744 1730 2811 quiescenti
1740 2758 1782 2797 re-

126 2818 217 2885 κοινὸς,
233 2814 319 2881 idest,
328 2814 495 2879 contemnitis,
509 2815 570 2883 βίος,
582 2825 646 2870 rttu.
661 2817 730 2871 Sunt
743 2814 926 2870 autetnetaiia
980 2814 1097 2868 retritum
1112 2821 1160 2877 est,
1173 2831 1227 2869 esse
1237 2816 1320 2869 atium
1333 2817 1445 2869 atterius
1460 2815 1544 2868 tntttto
1554 2829 1581 2868 se
1590 2814 1738 2881 metuerem,
1747 2812 1782 2869 ad

125 2887 286 2945 vueahuiaa
308 2883 344 2938 ud
359 2884 471 2940 Graecos
484 2887 592 2950 usitata,
614 2886 711 2955 quihus
724 2885 926 2940 ntouaehuruttt
980 2900 1057 2954 utrem
1076 2886 1216 2939 cisettduut
1240 2887 1345 2940 etcbcret
1365 2887 1506 2955 proticisci.
1528 2887 1602 2939 iiiito
1626 2890 1782 2955 erumpente

124 2958 261 3015 dotnicitia
295 2957 464 3023 esigitatttur,
486 2956 640 3025 μοναστήρια
653 2954 728 3025 apud
743 2954 927 3010 Athanasium
980 2956 1045 3021 itae,
1059 2958 1217 3011 ttettcnuttis
1231 2972 1312 3011 senes
1335 2958 1450 3026 ittae-mos
1464 2961 1543 3010 terties
1567 2956 1661 3010 bactrio
1677 2960 1781 3025 repente

124 3030 151 3083 itt
162 3030 225 3083 Vita
239 3027 266 3081 S.
280 3024 406 3078 Antonii.
423 3025 506 3094 Cujus
519 3026 639 3078 nominis
652 3025 757 3093 peintus
770 3024 845 3079 eurio
857 3026 924 3095 (Lib.
979 3030 1144 3096 sustentem,
1171 3031 1251 3099 capnt
1268 3032 1307 3082 ire
1329 3030 1395 3083 reite
1408 3044 1460 3098 atto
1476 3027 1621 3089 nesciebat,
1637 3034 1690 3082 ete.
1715 3026 1780 3081 Aiibi

124 3100 158 3153 de
188 3100 253 3153 Vita
278 3092 425 3162 Conternp.)
444 3094 578 3149 rationem
602 3095 717 3150 reddidit
744 3094 784 3150 his
806 3096 923 3152 serbis:
979 3112 1073 3153 rursus
1087 3100 1186 3168 (Epist.
1213 3107 1257 3165 aa)
1276 3100 1310 3154 de
1327 3097 1498 3154 attacharctis
1518 3097 1633 3167 inquens
1649 3118 1656 3153 :
1673 3101 1717 3161 Hi,
1743 3098 1779 3151 in-

125 3168 220 3237 tete-,qt
229 3166 295 3216 ἔστιν
315 3162 410 3231 οἴκημα
430 3163 505 3233 isphr,
526 3168 540 3217 b
554 3164 668 3217 καλεῖται
686 3168 802 3236 σεμνεῖον
816 3167 856 3217 nai
895 3188 924 3220 o·
980 3167 1049 3238 quit,
1061 3171 1186 3224 adierunt
1198 3171 1230 3225 du
1242 3171 1413 3233 mentelianus,
1429 3168 1781 3240 capentoratensium

125 3238 267 3308 νιπήριον,
279 3233 304 3286 ἐν
322 3230 344 3305 ᾧ
364 3236 496 3304 peregre-nn
515 3236 544 3288 :it
560 3241 603 3289 tab
621 3241 714 3307 σεμνοῦ
730 3238 784 3307 βίον
802 3188 923 3310 pereipiat
979 3239 1083 3293 deserta
1106 3243 1176 3295 rtittii
1188 3245 1332 3311 pretence
1353 3242 1481 3310 canapinis.
1502 3243 1594 3310 Ipsius
1612 3242 1778 3294 uitaeanetor

124 3310 264 3364 sciebatne.
289 3306 383 3367 idest,
410 3308 554 3377 uuicuique
568 3325 672 3363 satorum
689 3310 855 3364 dornicih'um
875 3315 923 3374 est,
943 3310 1089 3377 CPuuius,
1106 3314 1258 3367 illustratur
1269 3315 1413 3378 Aritattius,
1429 3318 1454 3365 et
1469 3312 1548 3365 iitiai
1567 3313 1702 3382 superiora
1714 3326 1779 3364 con·

125 3384 197 3453 acted
212 3382 400 3436 ntottastett'um
423 3385 543 3440 uocatur.
563 3382 591 3434 in
606 3397 658 3462 que
678 3386 813 3436 nutrientes
827 3390 925 3437 scariotae

122 3458 186 3510 rita
197 3452 327 3521 ntpsteria
346 3450 489 3531 oetetpant.
506 3452 655 3521 Gregortus
671 3453 860 3509 Nazianzenus
875 3453 922 3508 lib.

123 3524 332 3584 Definitionum,
358 3538 436 3587 pomp
460 3530 549 3589 vocat,
574 3522 602 3576 id
625 3531 675 3585 est,
701 3532 731 3577 ut
748 3523 825 3579 Phiio
849 3524 924 3593 aiibi,

125 3593 272 3666 μοναυλίαν,
288 3588 378 3654 idest,
398 3600 530 3647 secretam
553 3593 653 3656 attium,
670 3593 712 3647 ret
733 3593 923 3662 domicilium3

124 3675 152 3721 et
165 3664 287 3720 oratione
310 3660 395 3729 prima
409 3660 437 3714 in
458 3663 609 3725 tutiauuat,
637 3663 808 3734 ἁννεντήρνιν,
828 3664 923 3734 idest,

123 3734 322 3796 sanctuarium,
343 3739 390 3784 aut
407 3747 574 3797 saerartunt,·
597 3736 732 3799 Socrates,
748 3737 849 3791 ttistor.
870 3740 924 3791 Ee-

123 3806 292 3864 cies.iib.1v
314 3817 373 3871 cap.
395 3806 439 3863 28,
462 3801 627 3873 ἀσκητῆρνονς
651 3804 850 3872 theodoretus,
874 3807 921 3863 tib.

124 3892 157 3935 t't
178 3886 240 3935 ctu
265 3872 486 3943 Titerapaaicas,
505 3874 618 3942 ἀσκητῶν
641 3875 806 3948 καταγωγὴν,
830 3877 857 3932 id
872 3886 923 3943 est,

123 3958 276 4007 ascetarum
300 3944 496 4012 diversorium,
516 3947 616 4003 Suidas
641 3947 757 4019 denique
778 3950 924 4019 φροντιστή-

123 4042 188 4093 ριον,
204 4020 297 4084 idest,
314 4015 435 4071 scholam
451 4017 490 4071 rei
507 4029 680 4074 contentum.

159 4093 267 4165 *igitur
288 4098 354 4144 ante
376 4089 453 4143 Pauii
475 4097 502 4143 et
524 4092 634 4146 Antonii
658 4097 779 4157 aetatera,
802 4107 857 4147 non
880 4092 923 4147 aiii

123 4174 202 4221 erant
215 4160 341 4219 monaehi
355 4174 438 4229 uttam
454 4160 611 4229 coettobitae,
629 4162 674 4233 qui
687 4162 722 4217 ah
739 4164 881 4233 apostolis,
893 4172 924 4219 ut

123 4237 290 4298 dictumest,
305 4232 422 4287 instituti
439 4230 474 4285 ad
494 4231 522 4286 id
537 4248 623 4303 usque
638 4234 781 4303 temporis,
801 4233 853 4289 huc
870 4242 923 4303 est,

123 4308 157 4363 ad
171 4310 253 4362 tinem
266 4318 354 4373 usaue
369 4303 441 4357 attii
462 4303 572 4369 saecuti,
590 4305 769 4359 ataachoretas
785 4320 925 4374 praeeesse·

123 4385 197 4433 runt.
213 4380 297 4431 Erant
313 4372 422 4440 attidem
438 4382 500 4428 ante
511 4376 676 4441 Atticinum,
692 4376 737 4446 qui
751 4376 851 4432 timore
868 4391 924 4447 per·

123 4447 271 4502 secutiottis
292 4442 445 4498 ciuitatibus
471 4443 624 4509 derelictis,
645 4446 702 4500 sire
730 4446 799 4511 euri,
825 4446 922 4503 sivein

978 3382 1113 3447 scendum,
1132 3386 1256 3455 prittoeps
1274 3388 1387 3439 doctrines
1400 3384 1533 3452 baptista.
1561 3385 1628 3438 Haec
1645 3383 1779 3453 Hieronp-

980 3470 1051 3508 ntus.
1061 3454 1129 3508 Cum
1142 3455 1220 3525 igitur
1235 3464 1340 3511 constet
1357 3454 1470 3509 Paulum
1482 3454 1528 3508 diu
1547 3462 1613 3509 ante
1628 3454 1778 3509 Antonium

980 3525 1091 3593 obiisse,
1104 3526 1182 3581 anuis
1198 3526 1253 3581 tere
1268 3534 1379 3581 centiam
1403 3525 1429 3579 in
1446 3539 1539 3579 eremo
1562 3527 1674 3593 exactis,
1688 3533 1719 3581 ut
1738 3524 1779 3581 di·

979 3604 1054 3651 ctum
1069 3605 1119 3664 est,
1140 3612 1307 3669 consequens
1319 3607 1360 3651 est
1373 3612 1435 3651 eum
1450 3605 1513 3650 ante
1531 3597 1682 3652 Antonium
1696 3596 1778 3651 ritant

979 3665 1089 3723 duxisse
1112 3668 1339 3733 anachoreticam,
1364 3678 1391 3722 et
1407 3668 1520 3737 proinde
1545 3668 1642 3721 merito
1676 3666 1778 3721 rimam

978 3738 1121 3792 eremitam
1139 3753 1187 3792 scu
1209 3738 1400 3795 anachoretam
1423 3738 1566 3793 nominari.
1583 3738 1645 3805 Quo
1681 3745 1777 3792 autem

979 3808 1018 3863 ait
1038 3812 1070 3865 B.
1084 3810 1268 3865 Hieronrtnus
1294 3810 1442 3864 Antonium
1457 3811 1599 3865 ittustrasse
1613 3806 1696 3861 sitam
1711 3822 1776 3862 ana·

978 3879 1156 3948 choreticam,
1171 3868 1209 3935 sie
1228 3881 1416 3951 accipiendum
1434 3889 1489 3947 cst,
1504 3877 1576 3952 quod
1594 3877 1669 3933 idern
1683 3882 1776 3934 Anto-

978 3952 1038 4006 nius
1054 3951 1172 4022 primunt
1186 3951 1254 4007 iiiud
1263 3967 1347 4023 gentis
1362 3951 1473 4006 risendi
1487 3949 1609 4006 exercuit
1623 3948 1776 4021 [siquidem

977 4021 1158 4095 annisviginti
1180 4024 1208 4077 in
1230 4024 1374 4078 solitudine
1386 4022 1509 4090 delituit,
1534 4030 1604 4077 teste
1628 4020 1777 4078 Athanasio

979 4095 1019 4163 (tu
1035 4097 1099 4149 t'ita
1113 4095 1141 4150 S.
1158 4096 1287 4160 Antonii)
1297 4098 1321 4162 ],
1336 4105 1428 4165 postea
1443 4102 1537 4148 tamen
1552 4092 1647 4148 divino
1663 4092 1776 4159 monitu,

978 4180 1040 4220 eum
1055 4166 1155 4220 mattos
1168 4166 1264 4221 tratres
1278 4166 1304 4220 itt
1322 4181 1409 4220 nitunt
1427 4165 1592 4235 cottegissct,
1606 4173 1634 4219 et
1650 4166 1712 4220 ritae
1726 4180 1778 4219 mo

977 4237 1088 4292 nesticae
1101 4237 1242 4307 praecptis
1253 4236 1403 4301 imbuisset,
1414 4237 1496 4290 eitam
1506 4235 1704 4291 coenobiticam
1715 4250 1775 4291 cum

978 4308 1016 4362 eis
1028 4309 1156 4373 instituit,
1171 4316 1198 4361 et
1208 4308 1234 4361 itt
1247 4308 1359 4363 diversis
1374 4306 1438 4361 tucis
1450 4308 1535 4362 muita
1553 4307 1719 4364 monasteria
1734 4322 1775 4361 er·

977 4378 1080 4433 citarit.
1098 4381 1138 4433 De
1151 4378 1192 4432 his
1201 4378 1276 4433 enim
1288 4380 1326 4433 sic
1337 4378 1503 4434 Athanasius
1520 4397 1526 4432 :
1542 4380 1634 4433 Erant
1652 4381 1679 4432 iu
1692 4382 1776 4432 raritate

976 4452 1139 4503 raertrtsteriu
1152 4451 1479 4519 tarttqnnmtaberttacaia,
1488 4451 1571 4520 pterea
1582 4450 1683 4505 diet'uis
1693 4450 1774 4503 choris

123 4518 191 4574 loeis
207 4514 331 4581 occutus,
348 4517 451 4583 attactis
461 4514 581 4570 similent
595 4516 679 4570 ritant
695 4515 838 4585 ducebant,
851 4533 924 4589 quo·
974 4518 1774 4591 penitentium,tepentinhaerentium,tanturm]trejep'unandi

123 4606 186 4647 ruth
196 4586 345 4645 nounnttos
356 4588 437 4641 reteri
455 4586 589 4666 Eusebius
602 4588 669 4655 (Lib.
686 4604 709 4640 ιι
724 4590 825 4641 histor.
840 4606 861 4642 e.
877 4593 923 4657 st,
977 4596 1002 4646 et
1014 4593 1167 4659 diuitiarum
1182 4593 1468 4647 ardorumcaetratorum
1479 4594 1616 4648 tuentibus
1627 4592 1771 4659 semitonius

124 4669 148 4719 et
161 4664 208 4719 tib.
222 4676 280 4718 vin
295 4674 316 4713 c.
331 4664 347 4713 7
363 4664 387 4713 et
406 4662 492 4729 sena.)
504 4655 589 4712 inisse
608 4659 740 4729 martyrio
755 4668 900 4714 coronatos
915 4682 921 4717 :
978 4665 1131 4730 inmerserat,
1142 4668 1182 4725 ut,
1193 4666 1296 4729 futura
1306 4667 1364 4735 spei
1373 4664 1516 4729 auiditate,
1530 4665 1569 4718 ad
1579 4669 1692 4718 irrideam
1705 4662 1769 4714 cha-

123 4732 365 4808 repetitethoruut
380 4731 484 4801 aliquos
500 4728 617 4799 ipsemet
630 4730 773 4796 Antonius,
792 4728 857 4785 dunt
872 4746 921 4802 pu·
939 4706 1085 4788 lit-reaten
1102 4740 1127 4789 et
1149 4737 1359 4790 raheria-ordiam
1389 4736 1578 4804 itatt'peutibns
1601 4732 1768 4789 eabihutdam

122 4806 204 4863 riuris
218 4807 281 4861 ritae
305 4802 396 4857 studio
415 4802 442 4857 iu
457 4801 600 4857 desertum
615 4803 706 4857 iocum
721 4803 886 4867 secessisset,
898 4811 924 4858 ct
971 4805 1037 4875 jupi
1047 4806 1136 4860 startia
1149 4808 1311 4873 tetta-arear,
1326 4809 1374 4877 qui
1385 4809 1516 4877 irtfita'tant
1538 4809 1770 4875 tnth'oitomuuum-

124 4877 158 4933 ah
172 4890 228 4933 uno
247 4876 356 4931 iliorum
372 4874 458 4941 prima
481 4874 633 4929 rudimenta
646 4874 802 4930 monasticae
815 4874 924 4929 institu-
976 4877 1049 4946 iteam,
1065 4883 1091 4931 et
1101 4878 1229 4947 oppidum
1239 4897 1255 4932 u
1267 4877 1771 4947 tnttrntouuretransmitteresejunctum,

125 4948 208 5003 tionis
218 4946 406 5025 accepit,teste
423 4943 573 5001 ntttatnsio
590 4945 630 5015 (tu
647 4947 704 5016 ejus
716 4947 804 5012 t'ita).
821 4948 923 5000 terunt
973 4949 1084 5018 pterttua
1094 4953 1206 5019 pietatis
1220 4956 1245 5005 et
1262 4950 1387 5019 justitia,
1402 4951 1566 5005 ridebantur
1585 4950 1768 5013 irretierunt.

124 5017 163 5075 itii
174 5015 298 5074 nondum
311 5029 337 5066 tn
357 5014 450 5069 ordine
469 5015 665 5071 ntunaehmunt
680 5026 730 5072 aut
743 5017 923 5073 anachoreta-

124 5106 185 5147 runt
200 5088 390 5151 censebantur,
405 5085 478 5157 quod
492 5088 592 5142 nutiaut
606 5098 708 5143 certam
725 5088 832 5143 vivendi
846 5088 922 5143 ratio·

123 5178 188 5220 nem
203 5162 253 5219 sihi
266 5158 451 5233 praescriptam
468 5169 659 5228 sequerentur;
679 5158 738 5223 sed,
758 5169 789 5214 ut
803 5158 924 5281 torpuitur

124 5236 262 5308 Scriptura
279 5254 285 5287 z
304 5234 491 5301 tittersiprisque
503 5230 574 5300 quaed
586 5232 640 5285 sibi
654 5235 754 5285 rectum
772 5230 832 5283 uide
850 5235 922 5293 atta,

124 5308 171 5362 huc
184 5308 300 5375 fauebat
316 5304 412 5375 Attidio.
428 5302 514 5372 ινιι),
526 5302 613 5366 idest,
627 5316 679 5355 suo
689 5315 764 5355 nterc
775 5308 804 5354 et
816 5300 924 5357 arbitra·

125 5387 167 5444 tu,
180 5378 296 5435 virebat.
311 5376 385 5431 Obiit
399 5384 491 5428 auten
503 5371 601 5427 Paulus
614 5371 736 5426 Eretnita
746 5372 923 5429 anuoChristi

127 5452 178 5504 343
207 5464 294 5504 annos
319 5454 398 5502 natus
418 5454 528 5501 eentum
552 5442 694 5509 tredecim,
718 5458 732 5498 e
753 5442 853 5515 quihus
868 5442 924 5501 iere

126 5526 236 5574 eentum
250 5520 277 5574 in
290 5534 382 5574 creato
405 5518 498 5587 exigit,
515 5516 596 5588 paulo
611 5525 676 5571 ante
690 5515 798 5571 obitum
813 5515 863 5573 soii
875 5533 923 5573 co·

127 5589 216 5663 gnitus
239 5590 368 5643 Antonio.
391 5588 528 5643 Antonias
553 5605 615 5644 reru
637 5604 709 5643 anno
730 5588 924 5644 trecentesimo

127 5660 353 5732 quiuquagesimo
366 5669 472 5723 octavo,
486 5675 550 5715 eum
558 5660 616 5731 inat
629 5661 757 5731 quintum
771 5674 853 5730 snpra
864 5674 925 5713 een·

128 5732 256 5789 tesintuut
276 5730 392 5785 risisset
410 5744 512 5783 anuum
531 5729 641 5800 (aaran.
659 5736 722 5786 tom.
736 5732 774 5784 ut
789 5729 891 5785 Armet.
902 5728 921 5799 ).

128 5804 181 5862 Sed
195 5802 230 5862 de
244 5802 289 5860 his
299 5801 375 5875 ptura
387 5800 507 5870 sequenti
518 5799 615 5870 capite.

977 5022 1082 5075 Ihrrsus
1096 5036 1158 5075 sero
1185 5036 1216 5075 ae
1240 5030 1378 5091 postremo
1403 5020 1541 5076 Atttonius
1574 5020 1609 5075 ad
1627 5020 1769 5075 anachore·

976 5091 1059 5146 tieant
1084 5090 1174 5157 rediit,
1189 5092 1250 5147 ticet
1273 5107 1386 5146 suerunt
1405 5092 1515 5146 interim
1536 5108 1634 5147 euram
1655 5108 1708 5147 nou
1730 5087 1769 5144 di·

976 5162 1092 5217 ntiserit.
1120 5163 1203 5234 CuJus
1217 5164 1341 5233 exempto
1361 5164 1475 5237 contigit
1498 5163 1643 5233 reciproco
1658 5160 1769 5234 quodam

977 5232 1072 5289 ordine
1097 5235 1274 5290 anachoretas
1307 5249 1436 5305 generare
1464 5234 1636 5300 eoettohitas,
1666 5244 1694 5290 et
1720 5232 1770 5286 tice

978 5320 1052 5359 rcrsu
1061 5304 1211 5360 eoeuohitas
1229 5321 1321 5376 parere
1335 5307 1533 5373 anachoretam
1548 5306 1594 5376 qui
1610 5305 1712 5361 scilicet
1724 5300 1770 5359 suh

977 5374 1092 5446 imperio
1119 5374 1225 5431 abbatis
1246 5386 1293 5433 aut
1317 5376 1430 5431 scitioris
1449 5376 1581 5432 omnibus
1609 5372 1772 5449 praesidente

977 5462 1055 5519 agere
1075 5446 1187 5502 solitarii
1215 5448 1444 5517 permitterentur,
1477 5456 1510 5504 ut
1542 5457 1637 5503 tamen
1669 5444 1771 5503 rincuio

977 5534 1084 5591 quoque
1098 5518 1260 5575 obedientiae
1288 5527 1424 5575 ntatterent
1437 5521 1541 5575 astricti
1566 5539 1572 5574 :
1596 5520 1660 5576 iicet
1676 5515 1771 5598 alioqui

977 5606 1034 5645 non
1055 5588 1189 5646 defuerint
1210 5591 1256 5646 tiri
1282 5590 1446 5646 sanctissimi
1460 5591 1522 5661 qui,
1549 5590 1609 5662 ipso
1624 5592 1714 5663 priato
1737 5602 1770 5644 ιιι·

977 5676 1072 5731 gressu
1086 5662 1147 5719 vitm
1161 5662 1330 5727 ntunastieae,
1345 5678 1468 5719 eremum
1483 5668 1611 5733 petentes
1624 5660 1772 5719 solitariam

977 5732 1059 5789 ritant
1072 5733 1166 5789 sectati
1180 5741 1255 5798 suut,
1269 5742 1299 5788 ut
1313 5732 1368 5804 ipse
1382 5734 1483 5790 Pautus
1502 5732 1537 5789 de
1548 5749 1605 5805 qtto
1621 5732 1667 5791 hie
1680 5732 1771 5805 agitur.

978 5803 1020 5859 Sic
1039 5803 1119 5875 igitttr
1136 5806 1190 5860 rita
1201 5804 1356 5874 eretnttica,
1369 5805 1424 5861 sire
1435 5803 1642 5879 anachoretice,
1655 5807 1772 5879 primurn
