<?xml version="1.0" encoding="UTF-8"?>
<!DOCTYPE html PUBLIC "-//W3C//DTD XHTML 1.0 Transitional//EN"
    "http://www.w3.org/TR/xhtml1/DTD/xhtml1-transitional.dtd">
<html xmlns="http://www.w3.org/1999/xhtml" xml:lang="en" lang="en">
 <head>
  <title>
</title>
<meta http-equiv="Content-Type" content="text/html;charset=utf-8" />
  <meta name='ocr-system' content='tesseract 3.04.00' />
  <meta name='ocr-capabilities' content='ocr_page ocr_carea ocr_par ocr_line ocrx_word'/>
</head>
<body>
  <div class='ocr_page' id='page_1' title='image "./patrologiaecurs29unkngoog/patrologiaecurs29unkngoog_0427.png"; bbox 0 0 3848 6158; ppageno 0'>
   <div class='ocr_carea' id='block_1_1' title="bbox 151 208 204 263">
    <p class='ocr_par' dir='ltr' id='par_1_1' title="bbox 151 208 204 263">
     <span class='ocr_line' id='line_1_1' title="bbox 151 208 204 263; baseline -0.019 0"><span class='ocrx_word' id='word_1_1' title='bbox 151 208 204 263; x_wconf 78' lang='lat' dir='ltr'>titt</span> 
     </span>
    </p>
   </div>
   <div class='ocr_carea' id='block_1_2' title="bbox 692 191 1267 251">
    <p class='ocr_par' dir='ltr' id='par_1_2' title="bbox 692 191 1267 251">
     <span class='ocr_line' id='line_1_2' title="bbox 692 191 1267 251; baseline -0.005 0"><span class='ocrx_word' id='word_1_2' title='bbox 692 193 833 251; x_wconf 81' lang='lat' dir='ltr'>toan&#39;ttts</span> <span class='ocrx_word' id='word_1_3' title='bbox 851 191 1004 249; x_wconf 76' lang='lat' dir='ltr'>cassiani</span> <span class='ocrx_word' id='word_1_4' title='bbox 1023 191 1267 251; x_wconf 72' lang='lat' dir='ltr'>cantationes.</span> 
     </span>
    </p>
   </div>
   <div class='ocr_carea' id='block_1_3' title="bbox 1759 194 1813 253">
    <p class='ocr_par' dir='ltr' id='par_1_3' title="bbox 1759 194 1813 253">
     <span class='ocr_line' id='line_1_3' title="bbox 1759 194 1813 253; baseline 0.037 -2"><span class='ocrx_word' id='word_1_5' title='bbox 1759 194 1813 253; x_wconf 88' lang='lat' dir='ltr'>tito</span> 
     </span>
    </p>
   </div>
   <div class='ocr_carea' id='block_1_4' title="bbox 152 320 1815 403">
    <p class='ocr_par' dir='ltr' id='par_1_4' title="bbox 152 320 1815 403">
     <span class='ocr_line' id='line_1_4' title="bbox 152 320 1815 403; baseline -0.006 -10"><span class='ocrx_word' id='word_1_6' title='bbox 152 328 425 403; x_wconf 79' lang='lat' dir='ltr'>aiiectibusJemditi,</span> <span class='ocrx_word' id='word_1_7' title='bbox 440 342 497 384; x_wconf 91' lang='lat' dir='ltr'>non</span> <span class='ocrx_word' id='word_1_8' title='bbox 511 333 543 383; x_wconf 93' lang='lat' dir='ltr'>ut</span> <span class='ocrx_word' id='word_1_9' title='bbox 556 322 720 393; x_wconf 87' lang='lat' dir='ltr'>auditn,sed</span> <span class='ocrx_word' id='word_1_10' title='bbox 735 330 877 394; x_wconf 80' lang='lat' dir='ltr'>tamquam</span> <span class='ocrx_word' id='word_1_11' title='bbox 893 326 990 395; x_wconf 62' lang='lat' dir='ltr'>peri</span> <span class='ocrx_word' id='word_1_12' title='bbox 1019 337 1067 378; x_wconf 94' lang='lat' dir='ltr'>um</span> <span class='ocrx_word' id='word_1_13' title='bbox 1088 321 1163 378; x_wconf 88' lang='lat' dir='ltr'>brevi</span> <span class='ocrx_word' id='word_1_14' title='bbox 1189 336 1317 378; x_wconf 89' lang='lat' dir='ltr'>sermone</span> <span class='ocrx_word' id='word_1_15' title='bbox 1341 320 1518 379; x_wconf 75' lang='lat' dir='ltr'>concludere!</span> <span class='ocrx_word' id='word_1_16' title='bbox 1540 322 1576 379; x_wconf 81' lang='lat' dir='ltr'>ttt</span> <span class='ocrx_word' id='word_1_17' title='bbox 1598 320 1701 379; x_wconf 90' lang='lat' dir='ltr'>idcireo</span> <span class='ocrx_word' id='word_1_18' title='bbox 1724 338 1815 383; x_wconf 90' lang='lat' dir='ltr'>unuut</span> 
     </span>
    </p>
   </div>
   <div class='ocr_carea' id='block_1_5' title="bbox 151 416 954 592">
    <p class='ocr_par' dir='ltr' id='par_1_5' title="bbox 151 416 954 592">
     <span class='ocr_line' id='line_1_5' title="bbox 151 416 954 500; baseline -0.02 -13"><span class='ocrx_word' id='word_1_19' title='bbox 151 430 221 488; x_wconf 87' lang='lat' dir='ltr'>iectu</span> <span class='ocrx_word' id='word_1_20' title='bbox 237 428 391 500; x_wconf 76' lang='lat' dir='ltr'><strong>palpemus,</strong></span> <span class='ocrx_word' id='word_1_21' title='bbox 415 436 466 479; x_wconf 92' lang='lat' dir='ltr'>nec</span> <span class='ocrx_word' id='word_1_22' title='bbox 485 430 628 491; x_wconf 91' lang='lat' dir='ltr'>tamquam</span> <span class='ocrx_word' id='word_1_23' title='bbox 652 416 795 473; x_wconf 82' lang='lat' dir='ltr'>memoria·</span> <span class='ocrx_word' id='word_1_24' title='bbox 809 431 954 473; x_wconf 91' lang='lat' dir='ltr'>commen-</span> 
     </span>
     <span class='ocr_line' id='line_1_6' title="bbox 151 508 953 592; baseline -0.021 -9"><span class='ocrx_word' id='word_1_25' title='bbox 151 524 225 592; x_wconf 91' lang='lat' dir='ltr'>data,</span> <span class='ocrx_word' id='word_1_26' title='bbox 244 521 292 581; x_wconf 91' lang='lat' dir='ltr'>sed</span> <span class='ocrx_word' id='word_1_27' title='bbox 305 520 377 575; x_wconf 88' lang='lat' dir='ltr'>velut</span> <span class='ocrx_word' id='word_1_28' title='bbox 392 514 442 588; x_wconf 92' lang='lat' dir='ltr'>ipsi</span> <span class='ocrx_word' id='word_1_29' title='bbox 458 529 549 570; x_wconf 89' lang='lat' dir='ltr'>rerum</span> <span class='ocrx_word' id='word_1_30' title='bbox 566 518 674 567; x_wconf 76' lang='lat' dir='ltr'>naturae</span> <span class='ocrx_word' id='word_1_31' title='bbox 686 509 777 579; x_wconf 86' lang='lat' dir='ltr'>insita,</span> <span class='ocrx_word' id='word_1_32' title='bbox 798 508 833 566; x_wconf 88' lang='lat' dir='ltr'>de</span> <span class='ocrx_word' id='word_1_33' title='bbox 846 511 953 567; x_wconf 90' lang='lat' dir='ltr'>interno</span> 
     </span>
    </p>
   </div>
   <div class='ocr_carea' id='block_1_6' title="bbox 151 606 954 1341">
    <p class='ocr_par' dir='ltr' id='par_1_6' title="bbox 151 606 954 1341">
     <span class='ocr_line' id='line_1_7' title="bbox 151 606 953 687; baseline -0.02 -10"><span class='ocrx_word' id='word_1_34' title='bbox 151 619 241 677; x_wconf 90' lang='lat' dir='ltr'>cordis</span> <span class='ocrx_word' id='word_1_35' title='bbox 262 614 449 687; x_wconf 80' lang='lat' dir='ltr'>parturiamus</span> <span class='ocrx_word' id='word_1_36' title='bbox 463 606 576 674; x_wconf 86' lang='lat' dir='ltr'>ellectu,</span> <span class='ocrx_word' id='word_1_37' title='bbox 599 612 749 660; x_wconf 92' lang='lat' dir='ltr'>uteorum</span> <span class='ocrx_word' id='word_1_38' title='bbox 775 618 872 661; x_wconf 90' lang='lat' dir='ltr'>sensus</span> <span class='ocrx_word' id='word_1_39' title='bbox 897 620 953 661; x_wconf 93' lang='lat' dir='ltr'>nou</span> 
     </span>
     <span class='ocr_line' id='line_1_8' title="bbox 154 698 954 773; baseline -0.016 -4"><span class='ocrx_word' id='word_1_40' title='bbox 154 720 229 769; x_wconf 88' lang='lat' dir='ltr'>textu</span> <span class='ocrx_word' id='word_1_41' title='bbox 243 707 382 773; x_wconf 85' lang='lat' dir='ltr'>lectionis,</span> <span class='ocrx_word' id='word_1_42' title='bbox 397 701 447 759; x_wconf 92' lang='lat' dir='ltr'>scd</span> <span class='ocrx_word' id='word_1_43' title='bbox 460 699 627 773; x_wconf 76' lang='lat' dir='ltr'>experientia</span> <span class='ocrx_word' id='word_1_44' title='bbox 644 698 815 771; x_wconf 82' lang='lat' dir='ltr'>ptaecedente</span> <span class='ocrx_word' id='word_1_45' title='bbox 827 707 954 772; x_wconf 90' lang='lat' dir='ltr'>penetre-</span> 
     </span>
     <span class='ocr_line' id='line_1_9' title="bbox 155 793 953 875; baseline -0.014 -12"><span class='ocrx_word' id='word_1_46' title='bbox 155 820 234 875; x_wconf 87' lang='lat' dir='ltr'>mus,</span> <span class='ocrx_word' id='word_1_47' title='bbox 254 812 336 873; x_wconf 90' lang='lat' dir='ltr'>atque</span> <span class='ocrx_word' id='word_1_48' title='bbox 357 800 396 854; x_wconf 92' lang='lat' dir='ltr'>ita</span> <span class='ocrx_word' id='word_1_49' title='bbox 414 797 448 853; x_wconf 93' lang='lat' dir='ltr'>ad</span> <span class='ocrx_word' id='word_1_50' title='bbox 463 796 538 852; x_wconf 92' lang='lat' dir='ltr'>illam</span> <span class='ocrx_word' id='word_1_51' title='bbox 562 795 695 852; x_wconf 88' lang='lat' dir='ltr'>orationis</span> <span class='ocrx_word' id='word_1_52' title='bbox 720 793 953 866; x_wconf 85' lang='lat' dir='ltr'>incorruptionem</span> 
     </span>
     <span class='ocr_line' id='line_1_10' title="bbox 155 888 954 966; baseline -0.011 -9"><span class='ocrx_word' id='word_1_53' title='bbox 155 915 235 957; x_wconf 91' lang='lat' dir='ltr'>mens</span> <span class='ocrx_word' id='word_1_54' title='bbox 246 904 340 953; x_wconf 89' lang='lat' dir='ltr'>nostra</span> <span class='ocrx_word' id='word_1_55' title='bbox 353 890 503 966; x_wconf 89' lang='lat' dir='ltr'>perveniat,</span> <span class='ocrx_word' id='word_1_56' title='bbox 517 888 552 945; x_wconf 92' lang='lat' dir='ltr'>ad</span> <span class='ocrx_word' id='word_1_57' title='bbox 566 905 650 961; x_wconf 90' lang='lat' dir='ltr'>quam</span> <span class='ocrx_word' id='word_1_58' title='bbox 664 890 693 945; x_wconf 91' lang='lat' dir='ltr'>in</span> <span class='ocrx_word' id='word_1_59' title='bbox 704 891 848 961; x_wconf 82' lang='lat' dir='ltr'>superiore</span> <span class='ocrx_word' id='word_1_60' title='bbox 859 898 954 948; x_wconf 81' lang='lat' dir='ltr'>tracta</span> 
     </span>
     <span class='ocr_line' id='line_1_11' title="bbox 153 980 953 1063; baseline -0.011 -14"><span class='ocrx_word' id='word_1_61' title='bbox 153 1002 194 1062; x_wconf 92' lang='lat' dir='ltr'>tu,</span> <span class='ocrx_word' id='word_1_62' title='bbox 209 997 341 1063; x_wconf 84' lang='lat' dir='ltr'>quamam</span> <span class='ocrx_word' id='word_1_63' title='bbox 352 984 485 1042; x_wconf 81' lang='lat' dir='ltr'>Dominus</span> <span class='ocrx_word' id='word_1_64' title='bbox 498 983 598 1039; x_wconf 82' lang='lat' dir='ltr'>datare</span> <span class='ocrx_word' id='word_1_65' title='bbox 611 980 740 1053; x_wconf 91' lang='lat' dir='ltr'>dignatus</span> <span class='ocrx_word' id='word_1_66' title='bbox 753 990 804 1051; x_wconf 92' lang='lat' dir='ltr'>est,</span> <span class='ocrx_word' id='word_1_67' title='bbox 817 982 887 1040; x_wconf 92' lang='lat' dir='ltr'>ordo</span> <span class='ocrx_word' id='word_1_68' title='bbox 899 983 953 1040; x_wconf 91' lang='lat' dir='ltr'>col·</span> 
     </span>
     <span class='ocr_line' id='line_1_12' title="bbox 153 1074 952 1149; baseline -0.015 -5"><span class='ocrx_word' id='word_1_69' title='bbox 153 1085 265 1143; x_wconf 90' lang='lat' dir='ltr'>lationis</span> <span class='ocrx_word' id='word_1_70' title='bbox 278 1078 398 1138; x_wconf 90' lang='lat' dir='ltr'>ascendit</span> <span class='ocrx_word' id='word_1_71' title='bbox 412 1078 516 1145; x_wconf 82' lang='lat' dir='ltr'>(Callai.</span> <span class='ocrx_word' id='word_1_72' title='bbox 536 1082 553 1131; x_wconf 82' lang='lat' dir='ltr'>ti</span> <span class='ocrx_word' id='word_1_73' title='bbox 568 1090 627 1146; x_wconf 78' lang='lat' dir='ltr'>cap</span> <span class='ocrx_word' id='word_1_74' title='bbox 643 1074 709 1149; x_wconf 79' lang='lat' dir='ltr'>ab),</span> <span class='ocrx_word' id='word_1_75' title='bbox 720 1090 783 1147; x_wconf 76' lang='lat' dir='ltr'>quer</span> <span class='ocrx_word' id='word_1_76' title='bbox 795 1091 851 1132; x_wconf 94' lang='lat' dir='ltr'>non</span> <span class='ocrx_word' id='word_1_77' title='bbox 862 1075 952 1133; x_wconf 91' lang='lat' dir='ltr'>solnm</span> 
     </span>
     <span class='ocr_line' id='line_1_13' title="bbox 155 1166 953 1244; baseline -0.014 -9"><span class='ocrx_word' id='word_1_78' title='bbox 155 1177 256 1235; x_wconf 92' lang='lat' dir='ltr'>nullius</span> <span class='ocrx_word' id='word_1_79' title='bbox 269 1172 398 1244; x_wconf 83' lang='lat' dir='ltr'>imaginis</span> <span class='ocrx_word' id='word_1_80' title='bbox 417 1177 568 1241; x_wconf 91' lang='lat' dir='ltr'>occupatur</span> <span class='ocrx_word' id='word_1_81' title='bbox 583 1166 701 1237; x_wconf 91' lang='lat' dir='ltr'>intuitu,</span> <span class='ocrx_word' id='word_1_82' title='bbox 720 1166 864 1225; x_wconf 86' lang='lat' dir='ltr'>sedetiam</span> <span class='ocrx_word' id='word_1_83' title='bbox 877 1168 953 1225; x_wconf 93' lang='lat' dir='ltr'>nulla</span> 
     </span>
     <span class='ocr_line' id='line_1_14' title="bbox 152 1262 951 1341; baseline -0.011 -12"><span class='ocrx_word' id='word_1_84' title='bbox 152 1273 241 1341; x_wconf 85' lang='lat' dir='ltr'>uocis,</span> <span class='ocrx_word' id='word_1_85' title='bbox 274 1269 347 1325; x_wconf 93' lang='lat' dir='ltr'>nulla</span> <span class='ocrx_word' id='word_1_86' title='bbox 375 1265 521 1323; x_wconf 87' lang='lat' dir='ltr'>verborum</span> <span class='ocrx_word' id='word_1_87' title='bbox 551 1262 740 1336; x_wconf 70' lang='lat' dir='ltr'>prosecutione</span> <span class='ocrx_word' id='word_1_88' title='bbox 762 1262 951 1336; x_wconf 78' lang='lat' dir='ltr'>distinguitur,</span> 
     </span>
    </p>
   </div>
   <div class='ocr_carea' id='block_1_7' title="bbox 1008 413 1816 939">
    <p class='ocr_par' dir='ltr' id='par_1_7' title="bbox 1008 413 1816 939">
     <span class='ocr_line' id='line_1_15' title="bbox 1008 413 1816 487; baseline 0.005 -18"><span class='ocrx_word' id='word_1_89' title='bbox 1008 413 1081 486; x_wconf 88' lang='lat' dir='ltr'>qaod</span> <span class='ocrx_word' id='word_1_90' title='bbox 1092 422 1232 485; x_wconf 80' lang='lat' dir='ltr'>superest,</span> <span class='ocrx_word' id='word_1_91' title='bbox 1243 413 1333 470; x_wconf 88' lang='lat' dir='ltr'>adbuc</span> <span class='ocrx_word' id='word_1_92' title='bbox 1351 413 1433 471; x_wconf 89' lang='lat' dir='ltr'>nobis</span> <span class='ocrx_word' id='word_1_93' title='bbox 1443 428 1584 487; x_wconf 82' lang='lat' dir='ltr'>precamur</span> <span class='ocrx_word' id='word_1_94' title='bbox 1593 414 1709 487; x_wconf 87' lang='lat' dir='ltr'>exponi,</span> <span class='ocrx_word' id='word_1_95' title='bbox 1719 429 1816 487; x_wconf 83' lang='lat' dir='ltr'>quem</span> 
     </span>
     <span class='ocr_line' id='line_1_16' title="bbox 1008 506 1814 581; baseline 0.007 -18"><span class='ocrx_word' id='word_1_96' title='bbox 1008 506 1159 564; x_wconf 87' lang='lat' dir='ltr'>admodum</span> <span class='ocrx_word' id='word_1_97' title='bbox 1182 508 1255 564; x_wconf 80' lang='lat' dir='ltr'>lianc</span> <span class='ocrx_word' id='word_1_98' title='bbox 1276 507 1405 566; x_wconf 89' lang='lat' dir='ltr'>eumdem</span> <span class='ocrx_word' id='word_1_99' title='bbox 1431 506 1595 567; x_wconf 86' lang='lat' dir='ltr'>versiculum</span> <span class='ocrx_word' id='word_1_100' title='bbox 1618 523 1706 581; x_wconf 90' lang='lat' dir='ltr'>quem</span> <span class='ocrx_word' id='word_1_101' title='bbox 1731 508 1814 569; x_wconf 79' lang='lat' dir='ltr'>nobis</span> 
     </span>
     <span class='ocr_line' id='line_1_17' title="bbox 1009 600 1813 674; baseline 0.006 -19"><span class='ocrx_word' id='word_1_102' title='bbox 1009 601 1068 658; x_wconf 89' lang='lat' dir='ltr'>vice</span> <span class='ocrx_word' id='word_1_103' title='bbox 1081 600 1209 658; x_wconf 78' lang='lat' dir='ltr'>turmula</span> <span class='ocrx_word' id='word_1_104' title='bbox 1221 600 1367 671; x_wconf 80' lang='lat' dir='ltr'>tradidisti,</span> <span class='ocrx_word' id='word_1_105' title='bbox 1381 600 1516 659; x_wconf 88' lang='lat' dir='ltr'>stabiliter</span> <span class='ocrx_word' id='word_1_106' title='bbox 1527 601 1648 658; x_wconf 90' lang='lat' dir='ltr'>retinere</span> <span class='ocrx_word' id='word_1_107' title='bbox 1661 602 1813 674; x_wconf 86' lang='lat' dir='ltr'>possimus,</span> 
     </span>
     <span class='ocr_line' id='line_1_18' title="bbox 1008 694 1814 773; baseline 0.005 -22"><span class='ocrx_word' id='word_1_108' title='bbox 1008 702 1039 751; x_wconf 90' lang='lat' dir='ltr'>ut</span> <span class='ocrx_word' id='word_1_109' title='bbox 1051 694 1121 751; x_wconf 90' lang='lat' dir='ltr'>sicut</span> <span class='ocrx_word' id='word_1_110' title='bbox 1137 710 1183 766; x_wconf 91' lang='lat' dir='ltr'>per</span> <span class='ocrx_word' id='word_1_111' title='bbox 1206 695 1256 752; x_wconf 84' lang='lat' dir='ltr'>liei</span> <span class='ocrx_word' id='word_1_112' title='bbox 1271 694 1387 767; x_wconf 89' lang='lat' dir='ltr'>gratiam</span> <span class='ocrx_word' id='word_1_113' title='bbox 1400 710 1527 752; x_wconf 90' lang='lat' dir='ltr'>sumusa</span> <span class='ocrx_word' id='word_1_114' title='bbox 1544 694 1723 753; x_wconf 73' lang='lat' dir='ltr'>sacularium</span> <span class='ocrx_word' id='word_1_115' title='bbox 1737 698 1814 773; x_wconf 89' lang='lat' dir='ltr'>cogi·</span> 
     </span>
     <span class='ocr_line' id='line_1_19' title="bbox 1008 786 1814 863; baseline 0.005 -19"><span class='ocrx_word' id='word_1_116' title='bbox 1008 789 1148 844; x_wconf 86' lang='lat' dir='ltr'>tatianum</span> <span class='ocrx_word' id='word_1_117' title='bbox 1163 789 1275 862; x_wconf 91' lang='lat' dir='ltr'>ineptiis</span> <span class='ocrx_word' id='word_1_118' title='bbox 1286 787 1407 857; x_wconf 87' lang='lat' dir='ltr'>liberati,</span> <span class='ocrx_word' id='word_1_119' title='bbox 1420 788 1456 845; x_wconf 92' lang='lat' dir='ltr'>ita</span> <span class='ocrx_word' id='word_1_120' title='bbox 1475 786 1611 861; x_wconf 88' lang='lat' dir='ltr'>spiritales</span> <span class='ocrx_word' id='word_1_121' title='bbox 1621 802 1748 863; x_wconf 87' lang='lat' dir='ltr'>quasque</span> <span class='ocrx_word' id='word_1_122' title='bbox 1762 790 1814 848; x_wconf 89' lang='lat' dir='ltr'>int·</span> 
     </span>
     <span class='ocr_line' id='line_1_20' title="bbox 1009 881 1335 939; baseline -0.003 -1"><span class='ocrx_word' id='word_1_123' title='bbox 1009 881 1146 939; x_wconf 83' lang='lat' dir='ltr'>mobiliter</span> <span class='ocrx_word' id='word_1_124' title='bbox 1155 883 1335 939; x_wconf 90' lang='lat' dir='ltr'>retineamus.</span> 
     </span>
    </p>
   </div>
   <div class='ocr_carea' id='block_1_8' title="bbox 1166 1018 1641 1206">
    <p class='ocr_par' dir='ltr' id='par_1_8' title="bbox 1166 1018 1641 1206">
     <span class='ocr_line' id='line_1_21' title="bbox 1291 1018 1520 1077; baseline -0.009 0"><span class='ocrx_word' id='word_1_125' title='bbox 1291 1020 1411 1077; x_wconf 76' lang='lat' dir='ltr'>catut</span> <span class='ocrx_word' id='word_1_126' title='bbox 1438 1018 1520 1075; x_wconf 81' lang='lat' dir='ltr'>Xlll.</span> 
     </span>
     <span class='ocr_line' id='line_1_22' title="bbox 1166 1137 1641 1206; baseline -0.006 -12"><span class='ocrx_word' id='word_1_127' title='bbox 1166 1141 1205 1194; x_wconf 86' lang='lat' dir='ltr'>De</span> <span class='ocrx_word' id='word_1_128' title='bbox 1227 1137 1415 1193; x_wconf 79' lang='lat' dir='ltr'>mutabilitate</span> <span class='ocrx_word' id='word_1_129' title='bbox 1435 1137 1641 1206; x_wconf 76' lang='lat' dir='ltr'>capitationem.</span> 
     </span>
    </p>
   </div>
   <div class='ocr_carea' id='block_1_9' title="bbox 1042 1252 1811 1331">
    <p class='ocr_par' dir='ltr' id='par_1_9' title="bbox 1042 1252 1811 1331">
     <span class='ocr_line' id='line_1_23' title="bbox 1042 1252 1811 1331; baseline 0.004 -15"><span class='ocrx_word' id='word_1_130' title='bbox 1042 1260 1112 1316; x_wconf 86' lang='lat' dir='ltr'>Cum</span> <span class='ocrx_word' id='word_1_131' title='bbox 1123 1252 1222 1315; x_wconf 63' lang='lat' dir='ltr'>enimi</span> <span class='ocrx_word' id='word_1_132' title='bbox 1233 1258 1383 1331; x_wconf 89' lang='lat' dir='ltr'>capitulum</span> <span class='ocrx_word' id='word_1_133' title='bbox 1393 1256 1536 1331; x_wconf 89' lang='lat' dir='ltr'>cujuslibet</span> <span class='ocrx_word' id='word_1_134' title='bbox 1548 1257 1648 1331; x_wconf 83' lang='lat' dir='ltr'>psalmi</span> <span class='ocrx_word' id='word_1_135' title='bbox 1663 1273 1746 1316; x_wconf 84' lang='lat' dir='ltr'>mens</span> <span class='ocrx_word' id='word_1_136' title='bbox 1759 1274 1811 1319; x_wconf 90' lang='lat' dir='ltr'>no·</span> 
     </span>
    </p>
   </div>
   <div class='ocr_carea' id='block_1_10' title="bbox 146 1350 1810 1713">
    <p class='ocr_par' dir='ltr' id='par_1_10' title="bbox 146 1350 1810 1713">
     <span class='ocr_line' id='line_1_24' title="bbox 153 1350 1810 1441; baseline -0.007 -18"><span class='ocrx_word' id='word_1_137' title='bbox 153 1366 235 1441; x_wconf 86' lang='lat' dir='ltr'>ignita</span> <span class='ocrx_word' id='word_1_138' title='bbox 248 1378 312 1420; x_wconf 90' lang='lat' dir='ltr'>vero</span> <span class='ocrx_word' id='word_1_139' title='bbox 327 1360 427 1417; x_wconf 87' lang='lat' dir='ltr'>mentis</span> <span class='ocrx_word' id='word_1_140' title='bbox 449 1357 597 1413; x_wconf 89' lang='lat' dir='ltr'>intentione</span> <span class='ocrx_word' id='word_1_141' title='bbox 611 1372 658 1429; x_wconf 90' lang='lat' dir='ltr'>per</span> <span class='ocrx_word' id='word_1_142' title='bbox 670 1354 839 1414; x_wconf 88' lang='lat' dir='ltr'>ineiiabilem</span> <span class='ocrx_word' id='word_1_143' title='bbox 860 1358 952 1416; x_wconf 89' lang='lat' dir='ltr'>cordis</span> <span class='ocrx_word' id='word_1_144' title='bbox 1005 1362 1061 1410; x_wconf 90' lang='lat' dir='ltr'>stra</span> <span class='ocrx_word' id='word_1_145' title='bbox 1073 1353 1239 1426; x_wconf 87' lang='lat' dir='ltr'>conceperit,</span> <span class='ocrx_word' id='word_1_146' title='bbox 1262 1352 1454 1410; x_wconf 88' lang='lat' dir='ltr'>insensibiliter</span> <span class='ocrx_word' id='word_1_147' title='bbox 1467 1367 1500 1409; x_wconf 90' lang='lat' dir='ltr'>eo</span> <span class='ocrx_word' id='word_1_148' title='bbox 1519 1350 1676 1423; x_wconf 89' lang='lat' dir='ltr'>subtracto,</span> <span class='ocrx_word' id='word_1_149' title='bbox 1693 1351 1731 1410; x_wconf 91' lang='lat' dir='ltr'>ad</span> <span class='ocrx_word' id='word_1_150' title='bbox 1743 1354 1810 1413; x_wconf 88' lang='lat' dir='ltr'>alte·</span> 
     </span>
     <span class='ocr_line' id='line_1_25' title="bbox 151 1447 1810 1525; baseline -0.007 -7"><span class='ocrx_word' id='word_1_151' title='bbox 151 1473 294 1519; x_wconf 86' lang='lat' dir='ltr'>excessum</span> <span class='ocrx_word' id='word_1_152' title='bbox 317 1450 518 1525; x_wconf 79' lang='lat' dir='ltr'>inexpugnabili</span> <span class='ocrx_word' id='word_1_153' title='bbox 547 1450 660 1523; x_wconf 89' lang='lat' dir='ltr'>spiritus</span> <span class='ocrx_word' id='word_1_154' title='bbox 686 1450 825 1507; x_wconf 87' lang='lat' dir='ltr'>alacritate</span> <span class='ocrx_word' id='word_1_155' title='bbox 843 1450 952 1523; x_wconf 86' lang='lat' dir='ltr'>proler—</span> <span class='ocrx_word' id='word_1_156' title='bbox 1005 1450 1062 1505; x_wconf 90' lang='lat' dir='ltr'>rins</span> <span class='ocrx_word' id='word_1_157' title='bbox 1077 1448 1222 1520; x_wconf 79' lang='lat' dir='ltr'>scripturae</span> <span class='ocrx_word' id='word_1_158' title='bbox 1236 1455 1345 1505; x_wconf 86' lang='lat' dir='ltr'>textum</span> <span class='ocrx_word' id='word_1_159' title='bbox 1361 1447 1486 1504; x_wconf 88' lang='lat' dir='ltr'>nesciens</span> <span class='ocrx_word' id='word_1_160' title='bbox 1498 1454 1673 1520; x_wconf 74' lang='lat' dir='ltr'>stupensque</span> <span class='ocrx_word' id='word_1_161' title='bbox 1690 1448 1810 1507; x_wconf 85' lang='lat' dir='ltr'>devolvi·</span> 
     </span>
     <span class='ocr_line' id='line_1_26' title="bbox 147 1540 1806 1625; baseline -0.006 -14"><span class='ocrx_word' id='word_1_162' title='bbox 147 1564 205 1618; x_wconf 89' lang='lat' dir='ltr'>tur,</span> <span class='ocrx_word' id='word_1_163' title='bbox 220 1563 358 1625; x_wconf 88' lang='lat' dir='ltr'>quamque</span> <span class='ocrx_word' id='word_1_164' title='bbox 369 1562 446 1602; x_wconf 91' lang='lat' dir='ltr'>mens</span> <span class='ocrx_word' id='word_1_165' title='bbox 462 1552 542 1601; x_wconf 88' lang='lat' dir='ltr'>extra</span> <span class='ocrx_word' id='word_1_166' title='bbox 557 1559 657 1602; x_wconf 91' lang='lat' dir='ltr'>omnes</span> <span class='ocrx_word' id='word_1_167' title='bbox 669 1559 768 1601; x_wconf 89' lang='lat' dir='ltr'>sensus</span> <span class='ocrx_word' id='word_1_168' title='bbox 786 1559 819 1599; x_wconf 93' lang='lat' dir='ltr'>ac</span> <span class='ocrx_word' id='word_1_169' title='bbox 834 1543 952 1601; x_wconf 87' lang='lat' dir='ltr'>visibiles</span> <span class='ocrx_word' id='word_1_170' title='bbox 1004 1549 1060 1599; x_wconf 92' lang='lat' dir='ltr'>tur.</span> <span class='ocrx_word' id='word_1_171' title='bbox 1088 1542 1210 1613; x_wconf 87' lang='lat' dir='ltr'>Cumque</span> <span class='ocrx_word' id='word_1_172' title='bbox 1226 1540 1292 1597; x_wconf 93' lang='lat' dir='ltr'>illud</span> <span class='ocrx_word' id='word_1_173' title='bbox 1312 1540 1340 1596; x_wconf 92' lang='lat' dir='ltr'>in</span> <span class='ocrx_word' id='word_1_174' title='bbox 1361 1541 1509 1613; x_wconf 90' lang='lat' dir='ltr'>semetipsa</span> <span class='ocrx_word' id='word_1_175' title='bbox 1531 1542 1647 1613; x_wconf 84' lang='lat' dir='ltr'>coeperit</span> <span class='ocrx_word' id='word_1_176' title='bbox 1664 1542 1806 1615; x_wconf 84' lang='lat' dir='ltr'>volutare,</span> 
     </span>
     <span class='ocr_line' id='line_1_27' title="bbox 146 1634 1806 1713; baseline -0.006 -8"><span class='ocrx_word' id='word_1_177' title='bbox 146 1646 245 1707; x_wconf 89' lang='lat' dir='ltr'>eiieeta</span> <span class='ocrx_word' id='word_1_178' title='bbox 270 1642 415 1709; x_wconf 89' lang='lat' dir='ltr'>materias,</span> <span class='ocrx_word' id='word_1_179' title='bbox 444 1639 590 1713; x_wconf 80' lang='lat' dir='ltr'>gemitibus</span> <span class='ocrx_word' id='word_1_180' title='bbox 619 1638 846 1696; x_wconf 89' lang='lat' dir='ltr'>inenarrabilibus</span> <span class='ocrx_word' id='word_1_181' title='bbox 871 1648 951 1711; x_wconf 90' lang='lat' dir='ltr'>atque</span> <span class='ocrx_word' id='word_1_182' title='bbox 1005 1634 1123 1692; x_wconf 91' lang='lat' dir='ltr'>necdum</span> <span class='ocrx_word' id='word_1_183' title='bbox 1137 1635 1184 1692; x_wconf 92' lang='lat' dir='ltr'>illo</span> <span class='ocrx_word' id='word_1_184' title='bbox 1198 1635 1232 1691; x_wconf 93' lang='lat' dir='ltr'>ad</span> <span class='ocrx_word' id='word_1_185' title='bbox 1247 1636 1384 1709; x_wconf 88' lang='lat' dir='ltr'>integrum</span> <span class='ocrx_word' id='word_1_186' title='bbox 1407 1635 1556 1705; x_wconf 89' lang='lat' dir='ltr'>ventilato,</span> <span class='ocrx_word' id='word_1_187' title='bbox 1582 1635 1674 1692; x_wconf 90' lang='lat' dir='ltr'>oborta</span> <span class='ocrx_word' id='word_1_188' title='bbox 1692 1634 1806 1695; x_wconf 84' lang='lat' dir='ltr'>alterius</span> 
     </span>
    </p>
   </div>
   <div class='ocr_carea' id='block_1_11' title="bbox 149 1733 644 1894">
    <p class='ocr_par' dir='ltr' id='par_1_11' title="bbox 149 1733 644 1894">
     <span class='ocr_line' id='line_1_28' title="bbox 149 1733 584 1813; baseline -0.023 -15"><span class='ocrx_word' id='word_1_189' title='bbox 149 1739 273 1813; x_wconf 88' lang='lat' dir='ltr'>suspiriis</span> <span class='ocrx_word' id='word_1_190' title='bbox 287 1734 426 1809; x_wconf 78' lang='lat' dir='ltr'>profundit</span> <span class='ocrx_word' id='word_1_191' title='bbox 438 1733 471 1790; x_wconf 92' lang='lat' dir='ltr'>ad</span> <span class='ocrx_word' id='word_1_192' title='bbox 487 1734 584 1789; x_wconf 81' lang='lat' dir='ltr'>Dauni.</span> 
     </span>
     <span class='ocr_line' id='line_1_29' title="bbox 443 1836 644 1894; baseline -0.02 0"><span class='ocrx_word' id='word_1_193' title='bbox 443 1837 564 1894; x_wconf 82' lang='lat' dir='ltr'><strong>CAPUT</strong></span> <span class='ocrx_word' id='word_1_194' title='bbox 577 1836 644 1890; x_wconf 87' lang='lat' dir='ltr'>xit.</span> 
     </span>
    </p>
   </div>
   <div class='ocr_carea' id='block_1_12' title="bbox 171 1932 920 2061">
    <p class='ocr_par' dir='ltr' id='par_1_12' title="bbox 171 1932 920 2061">
     <span class='ocr_line' id='line_1_30' title="bbox 171 1932 920 2008; baseline -0.011 -10"><span class='ocrx_word' id='word_1_195' title='bbox 171 1940 347 2008; x_wconf 69' lang='lat' dir='ltr'>interrobatm</span> <span class='ocrx_word' id='word_1_196' title='bbox 359 1933 584 2007; x_wconf 78' lang='lat' dir='ltr'>quamadmodum</span> <span class='ocrx_word' id='word_1_197' title='bbox 595 1932 733 2003; x_wconf 63' lang='lat' dir='ltr'>miracles</span> <span class='ocrx_word' id='word_1_198' title='bbox 748 1935 920 2002; x_wconf 79' lang='lat' dir='ltr'>capitaliorem</span> 
     </span>
     <span class='ocr_line' id='line_1_31' title="bbox 378 2005 713 2061; baseline -0.012 0"><span class='ocrx_word' id='word_1_199' title='bbox 378 2005 713 2061; x_wconf 76' lang='lat' dir='ltr'>irretitabiliter·teneantur.</span> 
     </span>
    </p>
   </div>
   <div class='ocr_carea' id='block_1_13' title="bbox 143 2104 948 2848">
    <p class='ocr_par' dir='ltr' id='par_1_13' title="bbox 143 2104 948 2848">
     <span class='ocr_line' id='line_1_32' title="bbox 186 2104 947 2180; baseline -0.008 -10"><span class='ocrx_word' id='word_1_200' title='bbox 186 2116 367 2172; x_wconf 84' lang='lat' dir='ltr'>Germanus:</span> <span class='ocrx_word' id='word_1_201' title='bbox 388 2109 451 2164; x_wconf 79' lang='lat' dir='ltr'>lion</span> <span class='ocrx_word' id='word_1_202' title='bbox 472 2106 562 2161; x_wconf 87' lang='lat' dir='ltr'>solum</span> <span class='ocrx_word' id='word_1_203' title='bbox 576 2105 655 2161; x_wconf 92' lang='lat' dir='ltr'>nobis</span> <span class='ocrx_word' id='word_1_204' title='bbox 676 2104 852 2163; x_wconf 88' lang='lat' dir='ltr'>traditionem</span> <span class='ocrx_word' id='word_1_205' title='bbox 867 2108 947 2180; x_wconf 87' lang='lat' dir='ltr'>spiri-</span> 
     </span>
     <span class='ocr_line' id='line_1_33' title="bbox 146 2200 946 2277; baseline -0.009 -10"><span class='ocrx_word' id='word_1_206' title='bbox 146 2209 212 2267; x_wconf 90' lang='lat' dir='ltr'>talis</span> <span class='ocrx_word' id='word_1_207' title='bbox 225 2206 306 2277; x_wconf 81' lang='lat' dir='ltr'>bajus</span> <span class='ocrx_word' id='word_1_208' title='bbox 324 2218 409 2277; x_wconf 92' lang='lat' dir='ltr'>quam</span> <span class='ocrx_word' id='word_1_209' title='bbox 423 2200 597 2275; x_wconf 86' lang='lat' dir='ltr'>poposcimus</span> <span class='ocrx_word' id='word_1_210' title='bbox 606 2200 775 2273; x_wconf 76' lang='lat' dir='ltr'>disciplinae,</span> <span class='ocrx_word' id='word_1_211' title='bbox 791 2202 839 2259; x_wconf 90' lang='lat' dir='ltr'>sed</span> <span class='ocrx_word' id='word_1_212' title='bbox 858 2203 946 2276; x_wconf 90' lang='lat' dir='ltr'>ipsam</span> 
     </span>
     <span class='ocr_line' id='line_1_34' title="bbox 147 2293 947 2378; baseline -0.006 -18"><span class='ocrx_word' id='word_1_213' title='bbox 147 2305 227 2378; x_wconf 88' lang='lat' dir='ltr'>plane</span> <span class='ocrx_word' id='word_1_214' title='bbox 246 2300 438 2373; x_wconf 86' lang='lat' dir='ltr'>perlectionem</span> <span class='ocrx_word' id='word_1_215' title='bbox 454 2296 521 2352; x_wconf 91' lang='lat' dir='ltr'>satis</span> <span class='ocrx_word' id='word_1_216' title='bbox 539 2302 633 2367; x_wconf 88' lang='lat' dir='ltr'>aperte</span> <span class='ocrx_word' id='word_1_217' title='bbox 654 2304 736 2367; x_wconf 86' lang='lat' dir='ltr'>atque</span> <span class='ocrx_word' id='word_1_218' title='bbox 755 2293 878 2354; x_wconf 85' lang='lat' dir='ltr'>dilucide</span> <span class='ocrx_word' id='word_1_219' title='bbox 893 2316 947 2371; x_wconf 91' lang='lat' dir='ltr'>pu-</span> 
     </span>
     <span class='ocr_line' id='line_1_35' title="bbox 146 2389 943 2466; baseline -0.009 -11"><span class='ocrx_word' id='word_1_220' title='bbox 146 2407 239 2455; x_wconf 90' lang='lat' dir='ltr'>tamus</span> <span class='ocrx_word' id='word_1_221' title='bbox 253 2406 418 2466; x_wconf 90' lang='lat' dir='ltr'>expressam.</span> <span class='ocrx_word' id='word_1_222' title='bbox 430 2389 502 2460; x_wconf 84' lang='lat' dir='ltr'>Quid</span> <span class='ocrx_word' id='word_1_223' title='bbox 516 2389 592 2445; x_wconf 85' lang='lat' dir='ltr'>enim</span> <span class='ocrx_word' id='word_1_224' title='bbox 605 2396 765 2460; x_wconf 90' lang='lat' dir='ltr'>potestesse</span> <span class='ocrx_word' id='word_1_225' title='bbox 779 2389 943 2464; x_wconf 79' lang='lat' dir='ltr'>perfectius,</span> 
     </span>
     <span class='ocr_line' id='line_1_36' title="bbox 147 2484 944 2567; baseline -0.008 -18"><span class='ocrx_word' id='word_1_226' title='bbox 147 2492 247 2567; x_wconf 88' lang='lat' dir='ltr'>quidve</span> <span class='ocrx_word' id='word_1_227' title='bbox 262 2487 417 2555; x_wconf 90' lang='lat' dir='ltr'>sublimius,</span> <span class='ocrx_word' id='word_1_228' title='bbox 436 2499 519 2558; x_wconf 90' lang='lat' dir='ltr'>quam</span> <span class='ocrx_word' id='word_1_229' title='bbox 537 2484 589 2540; x_wconf 90' lang='lat' dir='ltr'>Dei</span> <span class='ocrx_word' id='word_1_230' title='bbox 606 2484 769 2541; x_wconf 90' lang='lat' dir='ltr'>memoriam</span> <span class='ocrx_word' id='word_1_231' title='bbox 786 2494 844 2541; x_wconf 89' lang='lat' dir='ltr'>tum</span> <span class='ocrx_word' id='word_1_232' title='bbox 865 2502 944 2543; x_wconf 92' lang='lat' dir='ltr'>eom·</span> 
     </span>
     <span class='ocr_line' id='line_1_37' title="bbox 150 2579 948 2660; baseline -0.004 -18"><span class='ocrx_word' id='word_1_233' title='bbox 150 2585 279 2660; x_wconf 89' lang='lat' dir='ltr'>pendiosa</span> <span class='ocrx_word' id='word_1_234' title='bbox 291 2581 466 2640; x_wconf 91' lang='lat' dir='ltr'>meditatione</span> <span class='ocrx_word' id='word_1_235' title='bbox 481 2579 639 2652; x_wconf 92' lang='lat' dir='ltr'>complecti,</span> <span class='ocrx_word' id='word_1_236' title='bbox 655 2586 736 2651; x_wconf 90' lang='lat' dir='ltr'>atque</span> <span class='ocrx_word' id='word_1_237' title='bbox 748 2588 761 2616; x_wconf 81' lang='lat'>⁸</span> <span class='ocrx_word' id='word_1_238' title='bbox 772 2580 854 2638; x_wconf 91' lang='lat' dir='ltr'>unius</span> <span class='ocrx_word' id='word_1_239' title='bbox 867 2582 948 2639; x_wconf 90' lang='lat' dir='ltr'>versi·</span> 
     </span>
     <span class='ocr_line' id='line_1_38' title="bbox 147 2674 947 2738; baseline -0.006 0"><span class='ocrx_word' id='word_1_240' title='bbox 147 2679 201 2738; x_wconf 93' lang='lat' dir='ltr'>culi</span> <span class='ocrx_word' id='word_1_241' title='bbox 225 2678 393 2736; x_wconf 85' lang='lat' dir='ltr'>volutatione</span> <span class='ocrx_word' id='word_1_242' title='bbox 406 2691 423 2732; x_wconf 91' lang='lat' dir='ltr'>a</span> <span class='ocrx_word' id='word_1_243' title='bbox 442 2674 547 2732; x_wconf 91' lang='lat' dir='ltr'>cunctis</span> <span class='ocrx_word' id='word_1_244' title='bbox 560 2674 704 2731; x_wconf 82' lang='lat' dir='ltr'>visibilium</span> <span class='ocrx_word' id='word_1_245' title='bbox 717 2675 843 2732; x_wconf 87' lang='lat' dir='ltr'>terminis</span> <span class='ocrx_word' id='word_1_246' title='bbox 856 2674 947 2733; x_wconf 90' lang='lat' dir='ltr'>demi-</span> 
     </span>
     <span class='ocr_line' id='line_1_39' title="bbox 143 2766 944 2848; baseline -0.005 -19"><span class='ocrx_word' id='word_1_247' title='bbox 143 2788 241 2848; x_wconf 85' lang='lat' dir='ltr'>grare,</span> <span class='ocrx_word' id='word_1_248' title='bbox 255 2778 283 2828; x_wconf 92' lang='lat' dir='ltr'>et</span> <span class='ocrx_word' id='word_1_249' title='bbox 305 2766 511 2844; x_wconf 90' lang='lat' dir='ltr'>quodammodo</span> <span class='ocrx_word' id='word_1_250' title='bbox 525 2766 642 2825; x_wconf 83' lang='lat' dir='ltr'>allectus</span> <span class='ocrx_word' id='word_1_251' title='bbox 657 2769 816 2825; x_wconf 90' lang='lat' dir='ltr'>orationum</span> <span class='ocrx_word' id='word_1_252' title='bbox 830 2776 944 2826; x_wconf 85' lang='lat' dir='ltr'>cuneta-</span> 
     </span>
    </p>
   </div>
   <div class='ocr_carea' id='block_1_14' title="bbox 966 1729 1805 1803">
    <p class='ocr_par' dir='ltr' id='par_1_14' title="bbox 966 1729 1805 1803">
     <span class='ocr_line' id='line_1_40' title="bbox 966 1729 1805 1803; baseline 0.005 -18"><span class='ocrx_word' id='word_1_253' title='bbox 966 1730 1153 1799; x_wconf 80' lang='lat' dir='ltr'>sstestimouii</span> <span class='ocrx_word' id='word_1_254' title='bbox 1177 1730 1321 1799; x_wconf 89' lang='lat' dir='ltr'>memoria,</span> <span class='ocrx_word' id='word_1_255' title='bbox 1340 1729 1546 1787; x_wconf 90' lang='lat' dir='ltr'>meditationem</span> <span class='ocrx_word' id='word_1_256' title='bbox 1562 1729 1679 1787; x_wconf 74' lang='lat' dir='ltr'>materia</span> <span class='ocrx_word' id='word_1_257' title='bbox 1700 1731 1805 1803; x_wconf 85' lang='lat' dir='ltr'>prioris</span> 
     </span>
    </p>
   </div>
   <div class='ocr_carea' id='block_1_15' title="bbox 998 1821 1805 2839">
    <p class='ocr_par' dir='ltr' id='par_1_15' title="bbox 998 1821 1805 2839">
     <span class='ocr_line' id='line_1_41' title="bbox 1003 1821 1802 1895; baseline 0.003 -16"><span class='ocrx_word' id='word_1_258' title='bbox 1003 1823 1132 1893; x_wconf 90' lang='lat' dir='ltr'>excludit,</span> <span class='ocrx_word' id='word_1_259' title='bbox 1144 1821 1178 1880; x_wconf 90' lang='lat' dir='ltr'>de</span> <span class='ocrx_word' id='word_1_260' title='bbox 1191 1822 1242 1879; x_wconf 91' lang='lat' dir='ltr'>bac</span> <span class='ocrx_word' id='word_1_261' title='bbox 1254 1838 1363 1895; x_wconf 91' lang='lat' dir='ltr'>quoque</span> <span class='ocrx_word' id='word_1_262' title='bbox 1374 1823 1409 1880; x_wconf 92' lang='lat' dir='ltr'>ad</span> <span class='ocrx_word' id='word_1_263' title='bbox 1426 1823 1554 1893; x_wconf 89' lang='lat' dir='ltr'>alteram,</span> <span class='ocrx_word' id='word_1_264' title='bbox 1568 1822 1735 1881; x_wconf 88' lang='lat' dir='ltr'>subintrante</span> <span class='ocrx_word' id='word_1_265' title='bbox 1748 1824 1802 1881; x_wconf 89' lang='lat' dir='ltr'>alia</span> 
     </span>
     <span class='ocr_line' id='line_1_42' title="bbox 1002 1912 1805 1989; baseline 0.005 -18"><span class='ocrx_word' id='word_1_266' title='bbox 1002 1915 1178 1973; x_wconf 88' lang='lat' dir='ltr'>meditatione</span> <span class='ocrx_word' id='word_1_267' title='bbox 1200 1912 1374 1986; x_wconf 85' lang='lat' dir='ltr'>transfertur,</span> <span class='ocrx_word' id='word_1_268' title='bbox 1397 1924 1424 1973; x_wconf 92' lang='lat' dir='ltr'>et</span> <span class='ocrx_word' id='word_1_269' title='bbox 1446 1916 1484 1973; x_wconf 93' lang='lat' dir='ltr'>ita</span> <span class='ocrx_word' id='word_1_270' title='bbox 1506 1916 1618 1973; x_wconf 91' lang='lat' dir='ltr'>animus</span> <span class='ocrx_word' id='word_1_271' title='bbox 1643 1930 1748 1989; x_wconf 88' lang='lat' dir='ltr'>semper</span> <span class='ocrx_word' id='word_1_272' title='bbox 1769 1916 1805 1975; x_wconf 91' lang='lat' dir='ltr'>de</span> 
     </span>
     <span class='ocr_line' id='line_1_43' title="bbox 1002 2008 1805 2083; baseline 0 -16"><span class='ocrx_word' id='word_1_273' title='bbox 1002 2010 1109 2083; x_wconf 90' lang='lat' dir='ltr'>psalmo</span> <span class='ocrx_word' id='word_1_274' title='bbox 1122 2017 1228 2067; x_wconf 91' lang='lat' dir='ltr'>rotatus</span> <span class='ocrx_word' id='word_1_275' title='bbox 1247 2009 1282 2066; x_wconf 89' lang='lat' dir='ltr'>ad</span> <span class='ocrx_word' id='word_1_276' title='bbox 1296 2010 1445 2081; x_wconf 87' lang='lat' dir='ltr'>psalmum,</span> <span class='ocrx_word' id='word_1_277' title='bbox 1459 2008 1495 2067; x_wconf 92' lang='lat' dir='ltr'>dc</span> <span class='ocrx_word' id='word_1_278' title='bbox 1514 2008 1659 2083; x_wconf 83' lang='lat' dir='ltr'>Evangelii</span> <span class='ocrx_word' id='word_1_279' title='bbox 1683 2018 1758 2066; x_wconf 86' lang='lat' dir='ltr'>textu</span> <span class='ocrx_word' id='word_1_280' title='bbox 1773 2008 1805 2067; x_wconf 91' lang='lat' dir='ltr'>ad</span> 
     </span>
     <span class='ocr_line' id='line_1_44' title="bbox 1002 2103 1803 2179; baseline 0.001 -17"><span class='ocrx_word' id='word_1_281' title='bbox 1002 2105 1124 2177; x_wconf 80' lang='lat' dir='ltr'>Apostoli</span> <span class='ocrx_word' id='word_1_282' title='bbox 1146 2104 1303 2160; x_wconf 90' lang='lat' dir='ltr'>transiliens</span> <span class='ocrx_word' id='word_1_283' title='bbox 1329 2104 1489 2174; x_wconf 89' lang='lat' dir='ltr'>lectionem,</span> <span class='ocrx_word' id='word_1_284' title='bbox 1510 2103 1546 2162; x_wconf 87' lang='lat' dir='ltr'>de</span> <span class='ocrx_word' id='word_1_285' title='bbox 1567 2105 1622 2161; x_wconf 87' lang='lat' dir='ltr'>hac</span> <span class='ocrx_word' id='word_1_286' title='bbox 1641 2120 1754 2179; x_wconf 88' lang='lat' dir='ltr'>quoque</span> <span class='ocrx_word' id='word_1_287' title='bbox 1773 2104 1803 2163; x_wconf 88' lang='lat' dir='ltr'>ad</span> 
     </span>
     <span class='ocr_line' id='line_1_45' title="bbox 1001 2198 1803 2274; baseline 0.002 -18"><span class='ocrx_word' id='word_1_288' title='bbox 1001 2199 1158 2273; x_wconf 88' lang='lat' dir='ltr'>prophetica</span> <span class='ocrx_word' id='word_1_289' title='bbox 1172 2198 1316 2257; x_wconf 89' lang='lat' dir='ltr'>devolutus</span> <span class='ocrx_word' id='word_1_290' title='bbox 1338 2199 1456 2272; x_wconf 88' lang='lat' dir='ltr'>eloquia,</span> <span class='ocrx_word' id='word_1_291' title='bbox 1470 2208 1498 2256; x_wconf 90' lang='lat' dir='ltr'>et</span> <span class='ocrx_word' id='word_1_292' title='bbox 1512 2199 1611 2257; x_wconf 84' lang='lat' dir='ltr'>exinde.</span> <span class='ocrx_word' id='word_1_293' title='bbox 1626 2200 1664 2257; x_wconf 95' lang='lat' dir='ltr'>ad</span> <span class='ocrx_word' id='word_1_294' title='bbox 1676 2200 1803 2274; x_wconf 85' lang='lat' dir='ltr'>quasdam</span> 
     </span>
     <span class='ocr_line' id='line_1_46' title="bbox 1001 2294 1803 2370; baseline 0 -17"><span class='ocrx_word' id='word_1_295' title='bbox 1001 2296 1135 2370; x_wconf 90' lang='lat' dir='ltr'>spiritales</span> <span class='ocrx_word' id='word_1_296' title='bbox 1155 2296 1261 2353; x_wconf 89' lang='lat' dir='ltr'>delatus</span> <span class='ocrx_word' id='word_1_297' title='bbox 1276 2294 1421 2366; x_wconf 86' lang='lat' dir='ltr'>historias,</span> <span class='ocrx_word' id='word_1_298' title='bbox 1438 2310 1586 2367; x_wconf 88' lang='lat' dir='ltr'>peremne</span> <span class='ocrx_word' id='word_1_299' title='bbox 1603 2296 1803 2368; x_wconf 84' lang='lat' dir='ltr'>scripturarum</span> 
     </span>
     <span class='ocr_line' id='line_1_47' title="bbox 1000 2388 1803 2464; baseline -0.001 -16"><span class='ocrx_word' id='word_1_300' title='bbox 1000 2406 1100 2463; x_wconf 89' lang='lat' dir='ltr'>corpus</span> <span class='ocrx_word' id='word_1_301' title='bbox 1112 2388 1245 2446; x_wconf 90' lang='lat' dir='ltr'>instabilis</span> <span class='ocrx_word' id='word_1_302' title='bbox 1256 2404 1394 2464; x_wconf 88' lang='lat' dir='ltr'>vagusque</span> <span class='ocrx_word' id='word_1_303' title='bbox 1400 2388 1536 2463; x_wconf 72' lang='lat' dir='ltr'>jactatur,</span> <span class='ocrx_word' id='word_1_304' title='bbox 1549 2389 1615 2446; x_wconf 89' lang='lat' dir='ltr'>nibil</span> <span class='ocrx_word' id='word_1_305' title='bbox 1629 2405 1676 2461; x_wconf 93' lang='lat' dir='ltr'>pro</span> <span class='ocrx_word' id='word_1_306' title='bbox 1690 2389 1803 2447; x_wconf 81' lang='lat' dir='ltr'>arbitrio</span> 
     </span>
     <span class='ocr_line' id='line_1_48' title="bbox 999 2482 1802 2557; baseline 0 -16"><span class='ocrx_word' id='word_1_307' title='bbox 999 2500 1049 2541; x_wconf 91' lang='lat' dir='ltr'>suo</span> <span class='ocrx_word' id='word_1_308' title='bbox 1071 2482 1223 2555; x_wconf 73' lang='lat' dir='ltr'>praevalens</span> <span class='ocrx_word' id='word_1_309' title='bbox 1248 2483 1288 2539; x_wconf 88' lang='lat' dir='ltr'>vel</span> <span class='ocrx_word' id='word_1_310' title='bbox 1305 2482 1422 2555; x_wconf 88' lang='lat' dir='ltr'>abjicere</span> <span class='ocrx_word' id='word_1_311' title='bbox 1448 2484 1490 2539; x_wconf 91' lang='lat' dir='ltr'>vel</span> <span class='ocrx_word' id='word_1_312' title='bbox 1514 2491 1620 2553; x_wconf 88' lang='lat' dir='ltr'>tenere,</span> <span class='ocrx_word' id='word_1_313' title='bbox 1642 2500 1693 2541; x_wconf 90' lang='lat' dir='ltr'>nec</span> <span class='ocrx_word' id='word_1_314' title='bbox 1722 2484 1802 2557; x_wconf 92' lang='lat' dir='ltr'>pleno</span> 
     </span>
     <span class='ocr_line' id='line_1_49' title="bbox 1000 2577 1800 2653; baseline 0.003 -18"><span class='ocrx_word' id='word_1_315' title='bbox 1000 2578 1148 2652; x_wconf 85' lang='lat' dir='ltr'>quidquam</span> <span class='ocrx_word' id='word_1_316' title='bbox 1161 2577 1264 2651; x_wconf 85' lang='lat' dir='ltr'>judicio</span> <span class='ocrx_word' id='word_1_317' title='bbox 1290 2586 1318 2634; x_wconf 91' lang='lat' dir='ltr'>et</span> <span class='ocrx_word' id='word_1_318' title='bbox 1345 2577 1545 2635; x_wconf 85' lang='lat' dir='ltr'>examinatione</span> <span class='ocrx_word' id='word_1_319' title='bbox 1566 2578 1662 2648; x_wconf 84' lang='lat' dir='ltr'>autri,</span> <span class='ocrx_word' id='word_1_320' title='bbox 1681 2580 1800 2653; x_wconf 88' lang='lat' dir='ltr'>palpator</span> 
     </span>
     <span class='ocr_line' id='line_1_50' title="bbox 1000 2672 1798 2747; baseline 0 -16"><span class='ocrx_word' id='word_1_321' title='bbox 1000 2673 1194 2731; x_wconf 92' lang='lat' dir='ltr'>tautummodo</span> <span class='ocrx_word' id='word_1_322' title='bbox 1203 2672 1363 2745; x_wconf 90' lang='lat' dir='ltr'>spiritalium</span> <span class='ocrx_word' id='word_1_323' title='bbox 1374 2687 1505 2731; x_wconf 78' lang='lat' dir='ltr'>mnsuum</span> <span class='ocrx_word' id='word_1_324' title='bbox 1514 2689 1546 2731; x_wconf 90' lang='lat' dir='ltr'>ac</span> <span class='ocrx_word' id='word_1_325' title='bbox 1558 2673 1733 2747; x_wconf 86' lang='lat' dir='ltr'>degustator,</span> <span class='ocrx_word' id='word_1_326' title='bbox 1743 2690 1798 2733; x_wconf 95' lang='lat' dir='ltr'>non</span> 
     </span>
     <span class='ocr_line' id='line_1_51' title="bbox 998 2760 1800 2839; baseline 0.006 -18"><span class='ocrx_word' id='word_1_327' title='bbox 998 2774 1206 2839; x_wconf 88' lang='lat' dir='ltr'>generatornec</span> <span class='ocrx_word' id='word_1_328' title='bbox 1225 2779 1366 2838; x_wconf 91' lang='lat' dir='ltr'>possessor</span> <span class='ocrx_word' id='word_1_329' title='bbox 1379 2763 1513 2837; x_wconf 84' lang='lat' dir='ltr'>eliectus;</span> <span class='ocrx_word' id='word_1_330' title='bbox 1534 2760 1548 2790; x_wconf 74' lang='lat'><strong>⁰</strong></span> <span class='ocrx_word' id='word_1_331' title='bbox 1568 2774 1653 2839; x_wconf 88' lang='lat' dir='ltr'>atque</span> <span class='ocrx_word' id='word_1_332' title='bbox 1673 2767 1712 2825; x_wconf 87' lang='lat' dir='ltr'>ita</span> <span class='ocrx_word' id='word_1_333' title='bbox 1725 2780 1800 2826; x_wconf 76' lang='lat' dir='ltr'>metti</span> 
     </span>
    </p>
   </div>
   <div class='ocr_carea' id='block_1_16' title="bbox 692 2890 1249 2949">
    <p class='ocr_par' dir='ltr' id='par_1_16' title="bbox 692 2890 1249 2949">
     <span class='ocr_line' id='line_1_52' title="bbox 692 2890 1249 2949; baseline -0.007 -1"><span class='ocrx_word' id='word_1_334' title='bbox 692 2894 821 2948; x_wconf 80' lang='lat' dir='ltr'>ALlllllll</span> <span class='ocrx_word' id='word_1_335' title='bbox 839 2894 953 2949; x_wconf 79' lang='lat' dir='ltr'><strong>GAZAEI</strong></span> <span class='ocrx_word' id='word_1_336' title='bbox 971 2890 1249 2949; x_wconf 68' lang='lat' dir='ltr'>costaballenis,</span> 
     </span>
    </p>
   </div>
   <div class='ocr_carea' id='block_1_17' title="bbox 146 2996 1797 3143">
    <p class='ocr_par' dir='ltr' id='par_1_17' title="bbox 146 2996 1797 3143">
     <span class='ocr_line' id='line_1_53' title="bbox 146 2996 1797 3071; baseline -0.012 -8"><span class='ocrx_word' id='word_1_337' title='bbox 146 3005 273 3063; x_wconf 91' lang='lat' dir='ltr'>dentibus</span> <span class='ocrx_word' id='word_1_338' title='bbox 290 3010 317 3059; x_wconf 93' lang='lat' dir='ltr'>et</span> <span class='ocrx_word' id='word_1_339' title='bbox 327 2998 556 3071; x_wconf 86' lang='lat' dir='ltr'>consequentibus</span> <span class='ocrx_word' id='word_1_340' title='bbox 569 2996 698 3053; x_wconf 84' lang='lat' dir='ltr'>coltaeret.</span> <span class='ocrx_word' id='word_1_341' title='bbox 715 3002 749 3051; x_wconf 84' lang='lat' dir='ltr'>At</span> <span class='ocrx_word' id='word_1_342' title='bbox 762 2997 881 3070; x_wconf 87' lang='lat' dir='ltr'>plerique</span> <span class='ocrx_word' id='word_1_343' title='bbox 893 2998 939 3055; x_wconf 90' lang='lat' dir='ltr'>alii</span> <span class='ocrx_word' id='word_1_344' title='bbox 991 3014 1055 3054; x_wconf 82' lang='lat' dir='ltr'>raas</span> <span class='ocrx_word' id='word_1_345' title='bbox 1066 3017 1073 3052; x_wconf 92' lang='lat'>:</span> <span class='ocrx_word' id='word_1_346' title='bbox 1085 3000 1146 3061; x_wconf 80' lang='grc' dir='ltr'>Εῑιι,</span> <span class='ocrx_word' id='word_1_347' title='bbox 1157 3000 1256 3067; x_wconf 84' lang='lat' dir='ltr'>inquit,</span> <span class='ocrx_word' id='word_1_348' title='bbox 1268 3012 1319 3053; x_wconf 83' lang='lat' dir='ltr'>eur</span> <span class='ocrx_word' id='word_1_349' title='bbox 1328 2998 1480 3053; x_wconf 82' lang='lat' dir='ltr'>dormitas?</span> <span class='ocrx_word' id='word_1_350' title='bbox 1490 2998 1714 3069; x_wconf 73' lang='lat' dir='ltr'>l‘aeltiaaansqua</span> <span class='ocrx_word' id='word_1_351' title='bbox 1724 3000 1797 3055; x_wconf 61' lang='lat' dir='ltr'>dem.</span> 
     </span>
     <span class='ocr_line' id='line_1_54' title="bbox 147 3069 1797 3143; baseline -0.004 -9"><span class='ocrx_word' id='word_1_352' title='bbox 147 3078 251 3134; x_wconf 86' lang='lat' dir='ltr'>itabens</span> <span class='ocrx_word' id='word_1_353' title='bbox 272 3092 279 3129; x_wconf 82' lang='grc' dir='ltr'>ι</span> <span class='ocrx_word' id='word_1_354' title='bbox 303 3074 439 3143; x_wconf 73' lang='lat' dir='ltr'>ttaqtsnts</span> <span class='ocrx_word' id='word_1_355' title='bbox 460 3069 599 3138; x_wconf 80' lang='lat' dir='ltr'>affectibus</span> <span class='ocrx_word' id='word_1_356' title='bbox 620 3069 729 3123; x_wconf 74' lang='lat' dir='ltr'>crediti.</span> <span class='ocrx_word' id='word_1_357' title='bbox 745 3072 820 3137; x_wconf 86' lang='lat' dir='ltr'>Quos</span> <span class='ocrx_word' id='word_1_358' title='bbox 833 3078 944 3127; x_wconf 88' lang='lat' dir='ltr'>secutus</span> <span class='ocrx_word' id='word_1_359' title='bbox 962 3070 1797 3141; x_wconf 69' lang='lat' dir='ltr'>cper,cet-mdeiecisset,anbardenmeelletaccipare,sciscia-</span> 
     </span>
    </p>
   </div>
   <div class='ocr_carea' id='block_1_18' title="bbox 146 3138 1630 3220">
    <p class='ocr_par' dir='ltr' id='par_1_18' title="bbox 146 3138 1630 3220">
     <span class='ocr_line' id='line_1_55' title="bbox 146 3138 1630 3220; baseline -0.005 -15"><span class='ocrx_word' id='word_1_360' title='bbox 146 3148 339 3220; x_wconf 88' lang='lat' dir='ltr'>Paraphrastes</span> <span class='ocrx_word' id='word_1_361' title='bbox 356 3162 363 3199; x_wconf 90' lang='lat'>:</span> <span class='ocrx_word' id='word_1_362' title='bbox 378 3142 503 3202; x_wconf 71' lang='lat' dir='ltr'>Erudit,</span> <span class='ocrx_word' id='word_1_363' title='bbox 521 3138 623 3208; x_wconf 90' lang='lat' dir='ltr'>inquit,</span> <span class='ocrx_word' id='word_1_364' title='bbox 647 3138 789 3207; x_wconf 74' lang='lat' dir='ltr'>affectibus</span> <span class='ocrx_word' id='word_1_365' title='bbox 806 3143 942 3211; x_wconf 72' lang='lat' dir='ltr'>propetis,</span> <span class='ocrx_word' id='word_1_366' title='bbox 998 3143 1087 3197; x_wconf 84' lang='lat' dir='ltr'>batur.</span> <span class='ocrx_word' id='word_1_367' title='bbox 1099 3142 1166 3197; x_wconf 75' lang='lat' dir='ltr'>llaec</span> <span class='ocrx_word' id='word_1_368' title='bbox 1177 3142 1374 3211; x_wconf 82' lang='lat' dir='ltr'>Hieronymus.</span> <span class='ocrx_word' id='word_1_369' title='bbox 1385 3140 1630 3197; x_wconf 85' lang='lat' dir='ltr'>Caeterumdeeva</span> 
     </span>
    </p>
   </div>
   <div class='ocr_carea' id='block_1_19' title="bbox 138 3210 943 4210">
    <p class='ocr_par' dir='ltr' id='par_1_19' title="bbox 143 3210 943 3569">
     <span class='ocr_line' id='line_1_56' title="bbox 145 3210 943 3291; baseline -0.013 -15"><span class='ocrx_word' id='word_1_370' title='bbox 145 3227 285 3289; x_wconf 89' lang='lat' dir='ltr'>tamqnam</span> <span class='ocrx_word' id='word_1_371' title='bbox 306 3214 455 3283; x_wconf 76' lang='lat' dir='ltr'>magistris,</span> <span class='ocrx_word' id='word_1_372' title='bbox 477 3210 618 3291; x_wconf 77' lang='lat' dir='ltr'>palpantes</span> <span class='ocrx_word' id='word_1_373' title='bbox 643 3226 684 3274; x_wconf 85' lang='lat' dir='ltr'>cu,</span> <span class='ocrx_word' id='word_1_374' title='bbox 710 3226 763 3266; x_wconf 85' lang='lat' dir='ltr'>noa</span> <span class='ocrx_word' id='word_1_375' title='bbox 790 3213 872 3281; x_wconf 81' lang='lat' dir='ltr'>qrarsi</span> <span class='ocrx_word' id='word_1_376' title='bbox 891 3230 943 3267; x_wconf 89' lang='lat' dir='ltr'>aa·</span> 
     </span>
     <span class='ocr_line' id='line_1_57' title="bbox 143 3281 943 3359; baseline -0.005 -14"><span class='ocrx_word' id='word_1_377' title='bbox 143 3292 218 3353; x_wconf 82' lang='lat' dir='ltr'>dita,</span> <span class='ocrx_word' id='word_1_378' title='bbox 239 3298 310 3357; x_wconf 84' lang='lat' dir='ltr'>etc,</span> <span class='ocrx_word' id='word_1_379' title='bbox 335 3300 397 3359; x_wconf 85' lang='lat' dir='ltr'>quae</span> <span class='ocrx_word' id='word_1_380' title='bbox 411 3291 439 3341; x_wconf 88' lang='lat' dir='ltr'>et</span> <span class='ocrx_word' id='word_1_381' title='bbox 460 3282 582 3341; x_wconf 80' lang='lat' dir='ltr'>Gallicus</span> <span class='ocrx_word' id='word_1_382' title='bbox 600 3281 733 3354; x_wconf 88' lang='lat' dir='ltr'>interpres</span> <span class='ocrx_word' id='word_1_383' title='bbox 759 3282 843 3339; x_wconf 87' lang='lat' dir='ltr'>verbo</span> <span class='ocrx_word' id='word_1_384' title='bbox 864 3290 943 3341; x_wconf 89' lang='lat' dir='ltr'>tenus</span> 
     </span>
     <span class='ocr_line' id='line_1_58' title="bbox 144 3369 943 3497; baseline -0.005 -12"><span class='ocrx_word' id='word_1_385' title='bbox 144 3369 284 3485; x_wconf 44' lang='lat' dir='ltr'>erprleffislilz</span> <span class='ocrx_word' id='word_1_386' title='bbox 301 3428 406 3486; x_wconf 90' lang='lat' dir='ltr'>seilicet</span> <span class='ocrx_word' id='word_1_387' title='bbox 430 3424 554 3483; x_wconf 88' lang='lat' dir='ltr'>versiculi</span> <span class='ocrx_word' id='word_1_388' title='bbox 580 3444 587 3480; x_wconf 93' lang='lat'><strong>:</strong></span> <span class='ocrx_word' id='word_1_389' title='bbox 613 3430 699 3490; x_wconf 83' lang='lat' dir='ltr'>Dctts,</span> <span class='ocrx_word' id='word_1_390' title='bbox 721 3428 752 3482; x_wconf 86' lang='lat' dir='ltr'>ia</span> <span class='ocrx_word' id='word_1_391' title='bbox 775 3424 943 3497; x_wconf 71' lang='lat' dir='ltr'>adjutorium</span> 
     </span>
     <span class='ocr_line' id='line_1_59' title="bbox 143 3498 815 3569; baseline -0.003 -14"><span class='ocrx_word' id='word_1_392' title='bbox 143 3516 232 3555; x_wconf 81' lang='lat' dir='ltr'>maara</span> <span class='ocrx_word' id='word_1_393' title='bbox 243 3501 360 3564; x_wconf 81' lang='lat' dir='ltr'>intende,</span> <span class='ocrx_word' id='word_1_394' title='bbox 374 3508 437 3563; x_wconf 81' lang='lat' dir='ltr'>eta,</span> <span class='ocrx_word' id='word_1_395' title='bbox 451 3499 486 3553; x_wconf 90' lang='lat' dir='ltr'>de</span> <span class='ocrx_word' id='word_1_396' title='bbox 500 3512 554 3569; x_wconf 91' lang='lat' dir='ltr'>quo</span> <span class='ocrx_word' id='word_1_397' title='bbox 565 3511 648 3567; x_wconf 91' lang='lat' dir='ltr'>supra</span> <span class='ocrx_word' id='word_1_398' title='bbox 662 3498 739 3568; x_wconf 70' lang='lat' dir='ltr'>(Cap</span> <span class='ocrx_word' id='word_1_399' title='bbox 762 3498 815 3567; x_wconf 81' lang='lat' dir='ltr'>to).</span> 
     </span>
    </p>

    <p class='ocr_par' dir='ltr' id='par_1_20' title="bbox 138 3563 940 4210">
     <span class='ocr_line' id='line_1_60' title="bbox 178 3563 940 3637; baseline 0.004 -17"><span class='ocrx_word' id='word_1_400' title='bbox 178 3563 192 3598; x_wconf 76' lang='lat'>¹³</span> <span class='ocrx_word' id='word_1_401' title='bbox 205 3568 360 3634; x_wconf 79' lang='lat' dir='ltr'>Capitulum</span> <span class='ocrx_word' id='word_1_402' title='bbox 375 3582 425 3634; x_wconf 90' lang='lat' dir='ltr'>pro</span> <span class='ocrx_word' id='word_1_403' title='bbox 439 3574 614 3636; x_wconf 89' lang='lat' dir='ltr'>argumento,</span> <span class='ocrx_word' id='word_1_404' title='bbox 635 3568 674 3620; x_wconf 89' lang='lat' dir='ltr'>vel</span> <span class='ocrx_word' id='word_1_405' title='bbox 689 3582 739 3637; x_wconf 94' lang='lat' dir='ltr'>pro</span> <span class='ocrx_word' id='word_1_406' title='bbox 753 3565 866 3623; x_wconf 84' lang='lat' dir='ltr'>exordio</span> <span class='ocrx_word' id='word_1_407' title='bbox 884 3567 940 3623; x_wconf 89' lang='lat' dir='ltr'>sive</span> 
     </span>
     <span class='ocr_line' id='line_1_61' title="bbox 142 3634 940 3709; baseline 0.003 -18"><span class='ocrx_word' id='word_1_408' title='bbox 142 3636 282 3709; x_wconf 88' lang='lat' dir='ltr'>principio,</span> <span class='ocrx_word' id='word_1_409' title='bbox 300 3634 429 3699; x_wconf 64' lang='lat' dir='ltr'>sanatum</span> <span class='ocrx_word' id='word_1_410' title='bbox 444 3634 585 3701; x_wconf 91' lang='lat' dir='ltr'>quomodo</span> <span class='ocrx_word' id='word_1_411' title='bbox 598 3635 680 3688; x_wconf 91' lang='lat' dir='ltr'>etiam</span> <span class='ocrx_word' id='word_1_412' title='bbox 706 3640 738 3690; x_wconf 84' lang='lat' dir='ltr'>it.</span> <span class='ocrx_word' id='word_1_413' title='bbox 756 3637 940 3707; x_wconf 89' lang='lat' dir='ltr'>Hieronymus</span> 
     </span>
     <span class='ocr_line' id='line_1_62' title="bbox 141 3704 938 3781; baseline -0.003 -18"><span class='ocrx_word' id='word_1_414' title='bbox 141 3712 184 3781; x_wconf 74' lang='lat' dir='ltr'>lbi</span> <span class='ocrx_word' id='word_1_415' title='bbox 198 3708 297 3775; x_wconf 68' lang='lat' dir='ltr'>maest.</span> <span class='ocrx_word' id='word_1_416' title='bbox 313 3704 393 3761; x_wconf 86' lang='lat' dir='ltr'>liebr.</span> <span class='ocrx_word' id='word_1_417' title='bbox 407 3708 433 3757; x_wconf 87' lang='lat' dir='ltr'>et</span> <span class='ocrx_word' id='word_1_418' title='bbox 444 3705 538 3759; x_wconf 80' lang='lat' dir='ltr'>laisa.</span> <span class='ocrx_word' id='word_1_419' title='bbox 553 3718 576 3757; x_wconf 91' lang='lat' dir='ltr'>c.</span> <span class='ocrx_word' id='word_1_420' title='bbox 590 3717 665 3757; x_wconf 84' lang='lat' dir='ltr'>xxxx</span> <span class='ocrx_word' id='word_1_421' title='bbox 679 3708 704 3757; x_wconf 89' lang='lat' dir='ltr'>ct</span> <span class='ocrx_word' id='word_1_422' title='bbox 722 3707 752 3759; x_wconf 87' lang='lat' dir='ltr'>ia</span> <span class='ocrx_word' id='word_1_423' title='bbox 766 3706 861 3762; x_wconf 80' lang='lat' dir='ltr'>Eaeclt.</span> <span class='ocrx_word' id='word_1_424' title='bbox 877 3722 938 3777; x_wconf 91' lang='lat' dir='ltr'>cap.</span> 
     </span>
     <span class='ocr_line' id='line_1_63' title="bbox 141 3772 940 3851; baseline -0.005 -14"><span class='ocrx_word' id='word_1_425' title='bbox 141 3784 177 3851; x_wconf 91' lang='grc' dir='ltr'>ιι)</span> <span class='ocrx_word' id='word_1_426' title='bbox 191 3778 256 3850; x_wconf 88' lang='lat' dir='ltr'>legit</span> <span class='ocrx_word' id='word_1_427' title='bbox 267 3774 420 3847; x_wconf 89' lang='lat' dir='ltr'>etexponit</span> <span class='ocrx_word' id='word_1_428' title='bbox 430 3773 494 3830; x_wconf 91' lang='lat' dir='ltr'>illud</span> <span class='ocrx_word' id='word_1_429' title='bbox 507 3772 603 3845; x_wconf 90' lang='lat' dir='ltr'>psalmi</span> <span class='ocrx_word' id='word_1_430' title='bbox 618 3789 714 3831; x_wconf 82' lang='lat' dir='ltr'>xvxix</span> <span class='ocrx_word' id='word_1_431' title='bbox 732 3791 739 3829; x_wconf 75' lang='grc' dir='ltr'>ι</span> <span class='ocrx_word' id='word_1_432' title='bbox 754 3778 787 3831; x_wconf 89' lang='lat' dir='ltr'>la</span> <span class='ocrx_word' id='word_1_433' title='bbox 801 3778 888 3845; x_wconf 77' lang='lat' dir='ltr'>capite</span> <span class='ocrx_word' id='word_1_434' title='bbox 899 3778 940 3833; x_wconf 85' lang='lat' dir='ltr'>ael</span> 
     </span>
     <span class='ocr_line' id='line_1_64' title="bbox 141 3845 938 3929; baseline -0.004 -22"><span class='ocrx_word' id='word_1_435' title='bbox 141 3854 169 3907; x_wconf 87' lang='lat' dir='ltr'>ia</span> <span class='ocrx_word' id='word_1_436' title='bbox 177 3851 296 3922; x_wconf 83' lang='lat' dir='ltr'>capitulo</span> <span class='ocrx_word' id='word_1_437' title='bbox 306 3848 368 3904; x_wconf 84' lang='lat' dir='ltr'>libri</span> <span class='ocrx_word' id='word_1_438' title='bbox 378 3848 509 3929; x_wconf 73' lang='lat' dir='ltr'>scriptam</span> <span class='ocrx_word' id='word_1_439' title='bbox 519 3850 557 3901; x_wconf 85' lang='lat' dir='ltr'>est</span> <span class='ocrx_word' id='word_1_440' title='bbox 567 3845 600 3900; x_wconf 88' lang='lat' dir='ltr'>de</span> <span class='ocrx_word' id='word_1_441' title='bbox 609 3861 662 3913; x_wconf 85' lang='lat' dir='ltr'>ate,</span> <span class='ocrx_word' id='word_1_442' title='bbox 671 3845 697 3902; x_wconf 89' lang='lat' dir='ltr'>ld</span> <span class='ocrx_word' id='word_1_443' title='bbox 706 3854 757 3915; x_wconf 89' lang='lat' dir='ltr'>cst,</span> <span class='ocrx_word' id='word_1_444' title='bbox 769 3846 795 3902; x_wconf 89' lang='lat' dir='ltr'>in</span> <span class='ocrx_word' id='word_1_445' title='bbox 805 3847 938 3919; x_wconf 88' lang='lat' dir='ltr'>principio</span> 
     </span>
     <span class='ocr_line' id='line_1_65' title="bbox 138 3917 937 3991; baseline -0.013 -8"><span class='ocrx_word' id='word_1_446' title='bbox 138 3925 280 3983; x_wconf 84' lang='lat' dir='ltr'>Getteseos</span> <span class='ocrx_word' id='word_1_447' title='bbox 289 3922 329 3977; x_wconf 93' lang='lat' dir='ltr'>vel</span> <span class='ocrx_word' id='word_1_448' title='bbox 342 3919 369 3975; x_wconf 89' lang='lat' dir='ltr'>in</span> <span class='ocrx_word' id='word_1_449' title='bbox 381 3920 521 3989; x_wconf 90' lang='lat' dir='ltr'>Scrtptura</span> <span class='ocrx_word' id='word_1_450' title='bbox 536 3924 640 3983; x_wconf 90' lang='lat' dir='ltr'>sancta,</span> <span class='ocrx_word' id='word_1_451' title='bbox 655 3932 718 3989; x_wconf 80' lang='lat' dir='ltr'>quae</span> <span class='ocrx_word' id='word_1_452' title='bbox 729 3933 801 3974; x_wconf 89' lang='lat' dir='ltr'>unus</span> <span class='ocrx_word' id='word_1_453' title='bbox 813 3917 880 3972; x_wconf 86' lang='lat' dir='ltr'>liber</span> <span class='ocrx_word' id='word_1_454' title='bbox 888 3934 937 3991; x_wconf 88' lang='lat' dir='ltr'>ap-</span> 
     </span>
     <span class='ocr_line' id='line_1_66' title="bbox 141 3987 938 4114; baseline -0.008 -63"><span class='ocrx_word' id='word_1_455' title='bbox 141 3994 266 4067; x_wconf 91' lang='lat' dir='ltr'>pellatur.</span> <span class='ocrx_word' id='word_1_456' title='bbox 283 3996 367 4050; x_wconf 84' lang='lat' dir='ltr'>Porro</span> <span class='ocrx_word' id='word_1_457' title='bbox 381 3988 533 4061; x_wconf 84' lang='lat' dir='ltr'>Dionysius</span> <span class='ocrx_word' id='word_1_458' title='bbox 547 3987 600 4043; x_wconf 89' lang='lat' dir='ltr'>boe</span> <span class='ocrx_word' id='word_1_459' title='bbox 613 3988 734 4114; x_wconf 52' lang='lat' dir='ltr'>incasto</span> <span class='ocrx_word' id='word_1_460' title='bbox 753 3988 871 4058; x_wconf 90' lang='lat' dir='ltr'>capitulo</span> <span class='ocrx_word' id='word_1_461' title='bbox 886 4005 938 4061; x_wconf 91' lang='lat' dir='ltr'>po·</span> 
     </span>
     <span class='ocr_line' id='line_1_67' title="bbox 139 4058 938 4132; baseline -0.01 -9"><span class='ocrx_word' id='word_1_462' title='bbox 139 4066 195 4123; x_wconf 90' lang='lat' dir='ltr'>suit</span> <span class='ocrx_word' id='word_1_463' title='bbox 209 4080 319 4122; x_wconf 87' lang='lat' dir='ltr'>versum</span> <span class='ocrx_word' id='word_1_464' title='bbox 332 4062 446 4129; x_wconf 78' lang='lat' dir='ltr'>alicujus</span> <span class='ocrx_word' id='word_1_465' title='bbox 458 4058 565 4132; x_wconf 87' lang='lat' dir='ltr'>psalmi,</span> <span class='ocrx_word' id='word_1_466' title='bbox 580 4074 634 4129; x_wconf 90' lang='lat' dir='ltr'>qno</span> <span class='ocrx_word' id='word_1_467' title='bbox 649 4059 673 4113; x_wconf 91' lang='lat' dir='ltr'>vi</span> <span class='ocrx_word' id='word_1_468' title='bbox 694 4068 755 4115; x_wconf 89' lang='lat' dir='ltr'>etur</span> <span class='ocrx_word' id='word_1_469' title='bbox 775 4074 938 4131; x_wconf 88' lang='lat' dir='ltr'>quemcum-</span> 
     </span>
     <span class='ocr_line' id='line_1_68' title="bbox 139 4130 938 4210; baseline -0.009 -15"><span class='ocrx_word' id='word_1_470' title='bbox 139 4153 193 4210; x_wconf 89' lang='lat' dir='ltr'>que</span> <span class='ocrx_word' id='word_1_471' title='bbox 206 4154 313 4194; x_wconf 90' lang='lat' dir='ltr'>versum</span> <span class='ocrx_word' id='word_1_472' title='bbox 326 4132 470 4207; x_wconf 89' lang='lat' dir='ltr'>cujuslibet</span> <span class='ocrx_word' id='word_1_473' title='bbox 488 4130 585 4204; x_wconf 91' lang='lat' dir='ltr'>psalmi</span> <span class='ocrx_word' id='word_1_474' title='bbox 599 4130 760 4203; x_wconf 89' lang='lat' dir='ltr'>intelligere.</span> <span class='ocrx_word' id='word_1_475' title='bbox 786 4131 866 4203; x_wconf 82' lang='lat' dir='ltr'>Quod</span> <span class='ocrx_word' id='word_1_476' title='bbox 887 4147 938 4188; x_wconf 87' lang='lat' dir='ltr'>nec</span> 
     </span>
    </p>
   </div>
   <div class='ocr_carea' id='block_1_20' title="bbox 138 4208 396 4279">
    <p class='ocr_par' dir='ltr' id='par_1_21' title="bbox 138 4208 396 4279">
     <span class='ocr_line' id='line_1_69' title="bbox 138 4208 396 4279; baseline -0.012 -14"><span class='ocrx_word' id='word_1_477' title='bbox 138 4210 219 4265; x_wconf 89' lang='lat' dir='ltr'>velim</span> <span class='ocrx_word' id='word_1_478' title='bbox 233 4208 396 4279; x_wconf 82' lang='lat' dir='ltr'>irnprobare.</span> 
     </span>
    </p>
   </div>
   <div class='ocr_carea' id='block_1_21' title="bbox 991 3150 1798 4291">
    <p class='ocr_par' dir='ltr' id='par_1_22' title="bbox 991 3150 1798 4291">
     <span class='ocr_line' id='line_1_70' title="bbox 997 3150 1797 3293; baseline 0.001 -24"><span class='ocrx_word' id='word_1_479' title='bbox 997 3212 1171 3269; x_wconf 87' lang='lat' dir='ltr'>distractione</span> <span class='ocrx_word' id='word_1_480' title='bbox 1184 3212 1284 3267; x_wconf 80' lang='lat' dir='ltr'>meritis</span> <span class='ocrx_word' id='word_1_481' title='bbox 1298 3210 1325 3266; x_wconf 93' lang='lat' dir='ltr'>in</span> <span class='ocrx_word' id='word_1_482' title='bbox 1338 3212 1459 3293; x_wconf 79' lang='lat' dir='ltr'>oratione</span> <span class='ocrx_word' id='word_1_483' title='bbox 1479 3210 1615 3293; x_wconf 79' lang='lat' dir='ltr'>videndus</span> <span class='ocrx_word' id='word_1_484' title='bbox 1632 3150 1797 3271; x_wconf 52' lang='lat' dir='ltr'>fflffl&#39;ss</span> 
     </span>
     <span class='ocr_line' id='line_1_71' title="bbox 997 3282 1796 3353; baseline 0.005 -14"><span class='ocrx_word' id='word_1_485' title='bbox 997 3292 1143 3348; x_wconf 87' lang='lat' dir='ltr'>crematus,</span> <span class='ocrx_word' id='word_1_486' title='bbox 1180 3284 1206 3339; x_wconf 89' lang='lat' dir='ltr'>ui</span> <span class='ocrx_word' id='word_1_487' title='bbox 1218 3282 1269 3339; x_wconf 86' lang='lat' dir='ltr'>lvac</span> <span class='ocrx_word' id='word_1_488' title='bbox 1285 3282 1356 3339; x_wconf 93' lang='lat' dir='ltr'>dere</span> <span class='ocrx_word' id='word_1_489' title='bbox 1365 3291 1429 3337; x_wconf 85' lang='lat' dir='ltr'>sans</span> <span class='ocrx_word' id='word_1_490' title='bbox 1442 3298 1554 3353; x_wconf 79' lang='lat' dir='ltr'>copiose</span> <span class='ocrx_word' id='word_1_491' title='bbox 1566 3282 1680 3339; x_wconf 87' lang='lat' dir='ltr'>disserit</span> <span class='ocrx_word' id='word_1_492' title='bbox 1686 3292 1796 3343; x_wconf 69' lang='lat' dir='ltr'>tractatu</span> 
     </span>
     <span class='ocr_line' id='line_1_72' title="bbox 997 3298 1797 3427; baseline 0.004 -17"><span class='ocrx_word' id='word_1_493' title='bbox 997 3361 1031 3409; x_wconf 84' lang='grc'>77</span> <span class='ocrx_word' id='word_1_494' title='bbox 1047 3355 1074 3410; x_wconf 89' lang='lat' dir='ltr'>ln</span> <span class='ocrx_word' id='word_1_495' title='bbox 1087 3298 1221 3427; x_wconf 34' lang='lat' dir='ltr'>Regulam</span> <span class='ocrx_word' id='word_1_496' title='bbox 1232 3357 1266 3410; x_wconf 88' lang='lat' dir='ltr'>D.</span> <span class='ocrx_word' id='word_1_497' title='bbox 1278 3353 1430 3419; x_wconf 84' lang='lat' dir='ltr'>Benedicti,</span> <span class='ocrx_word' id='word_1_498' title='bbox 1445 3353 1492 3409; x_wconf 90' lang='lat' dir='ltr'>ubi</span> <span class='ocrx_word' id='word_1_499' title='bbox 1504 3353 1566 3411; x_wconf 71' lang='lat' dir='ltr'>brec</span> <span class='ocrx_word' id='word_1_500' title='bbox 1575 3356 1648 3410; x_wconf 84' lang='lat' dir='ltr'>inter</span> <span class='ocrx_word' id='word_1_501' title='bbox 1661 3355 1734 3412; x_wconf 90' lang='lat' dir='ltr'>alia:</span> <span class='ocrx_word' id='word_1_502' title='bbox 1748 3359 1797 3413; x_wconf 87' lang='lat' dir='ltr'>ilo·</span> 
     </span>
     <span class='ocr_line' id='line_1_73' title="bbox 995 3425 1797 3508; baseline 0.006 -28"><span class='ocrx_word' id='word_1_503' title='bbox 995 3425 1111 3482; x_wconf 92' lang='lat' dir='ltr'>tandum</span> <span class='ocrx_word' id='word_1_504' title='bbox 1124 3425 1273 3508; x_wconf 86' lang='lat' dir='ltr'>quodcum</span> <span class='ocrx_word' id='word_1_505' title='bbox 1287 3440 1336 3480; x_wconf 88' lang='lat' dir='ltr'>eor</span> <span class='ocrx_word' id='word_1_506' title='bbox 1346 3426 1533 3495; x_wconf 80' lang='lat' dir='ltr'>evagationem</span> <span class='ocrx_word' id='word_1_507' title='bbox 1545 3426 1652 3497; x_wconf 89' lang='lat' dir='ltr'>patitur</span> <span class='ocrx_word' id='word_1_508' title='bbox 1666 3426 1797 3485; x_wconf 82' lang='lat' dir='ltr'>iactatio</span> 
     </span>
     <span class='ocr_line' id='line_1_74' title="bbox 995 3495 1796 3567; baseline 0.004 -16"><span class='ocrx_word' id='word_1_509' title='bbox 995 3497 1077 3552; x_wconf 92' lang='lat' dir='ltr'>nibus</span> <span class='ocrx_word' id='word_1_510' title='bbox 1102 3496 1249 3567; x_wconf 89' lang='lat' dir='ltr'>altquando</span> <span class='ocrx_word' id='word_1_511' title='bbox 1262 3495 1363 3552; x_wconf 87' lang='lat' dir='ltr'>accidit</span> <span class='ocrx_word' id='word_1_512' title='bbox 1376 3512 1408 3550; x_wconf 88' lang='lat' dir='ltr'>ex</span> <span class='ocrx_word' id='word_1_513' title='bbox 1424 3495 1583 3553; x_wconf 88' lang='lat' dir='ltr'>lnitrmitatc</span> <span class='ocrx_word' id='word_1_514' title='bbox 1598 3496 1733 3564; x_wconf 87' lang='lat' dir='ltr'>bumana,</span> <span class='ocrx_word' id='word_1_515' title='bbox 1747 3500 1796 3555; x_wconf 89' lang='lat' dir='ltr'>ali·</span> 
     </span>
     <span class='ocr_line' id='line_1_75' title="bbox 995 3538 1798 3649; baseline 0.006 -28"><span class='ocrx_word' id='word_1_516' title='bbox 995 3538 1105 3638; x_wconf 74' lang='lat' dir='ltr'>quando</span> <span class='ocrx_word' id='word_1_517' title='bbox 1119 3582 1153 3622; x_wconf 92' lang='lat' dir='ltr'>ex</span> <span class='ocrx_word' id='word_1_518' title='bbox 1167 3567 1341 3639; x_wconf 88' lang='lat' dir='ltr'>negligentia,</span> <span class='ocrx_word' id='word_1_519' title='bbox 1351 3566 1496 3649; x_wconf 87' lang='lat' dir='ltr'>aliquando</span> <span class='ocrx_word' id='word_1_520' title='bbox 1508 3581 1542 3623; x_wconf 85' lang='lat' dir='ltr'>ex</span> <span class='ocrx_word' id='word_1_521' title='bbox 1555 3569 1668 3639; x_wconf 90' lang='lat' dir='ltr'>proposi</span> <span class='ocrx_word' id='word_1_522' title='bbox 1673 3580 1711 3625; x_wconf 91' lang='lat' dir='ltr'>to.</span> <span class='ocrx_word' id='word_1_523' title='bbox 1727 3570 1798 3627; x_wconf 88' lang='lat' dir='ltr'>Licet</span> 
     </span>
     <span class='ocr_line' id='line_1_76' title="bbox 994 3637 1796 3715; baseline 0.009 -24"><span class='ocrx_word' id='word_1_524' title='bbox 994 3646 1086 3691; x_wconf 90' lang='lat' dir='ltr'>autem</span> <span class='ocrx_word' id='word_1_525' title='bbox 1098 3645 1188 3693; x_wconf 92' lang='lat' dir='ltr'>totum</span> <span class='ocrx_word' id='word_1_526' title='bbox 1202 3639 1238 3692; x_wconf 93' lang='lat' dir='ltr'>sit</span> <span class='ocrx_word' id='word_1_527' title='bbox 1248 3637 1470 3707; x_wconf 79' lang='lat' dir='ltr'>reprehensibile,</span> <span class='ocrx_word' id='word_1_528' title='bbox 1481 3647 1574 3695; x_wconf 87' lang='lat' dir='ltr'>tamen</span> <span class='ocrx_word' id='word_1_529' title='bbox 1585 3640 1700 3695; x_wconf 86' lang='lat' dir='ltr'>tertiam</span> <span class='ocrx_word' id='word_1_530' title='bbox 1711 3642 1796 3715; x_wconf 78' lang='lat' dir='ltr'>magis</span> 
     </span>
     <span class='ocr_line' id='line_1_77' title="bbox 994 3708 1796 3834; baseline 0.01 -73"><span class='ocrx_word' id='word_1_531' title='bbox 994 3722 1077 3777; x_wconf 86' lang='lat' dir='ltr'>quam</span> <span class='ocrx_word' id='word_1_532' title='bbox 1091 3708 1253 3773; x_wconf 89' lang='lat' dir='ltr'>secundum,</span> <span class='ocrx_word' id='word_1_533' title='bbox 1265 3716 1293 3763; x_wconf 88' lang='lat' dir='ltr'>et</span> <span class='ocrx_word' id='word_1_534' title='bbox 1305 3708 1456 3765; x_wconf 87' lang='lat' dir='ltr'>seeundum</span> <span class='ocrx_word' id='word_1_535' title='bbox 1471 3710 1555 3783; x_wconf 89' lang='lat' dir='ltr'>magis</span> <span class='ocrx_word' id='word_1_536' title='bbox 1566 3725 1649 3834; x_wconf 52' lang='lat' dir='ltr'>imm</span> <span class='ocrx_word' id='word_1_537' title='bbox 1661 3712 1796 3780; x_wconf 88' lang='lat' dir='ltr'>primurn.</span> 
     </span>
     <span class='ocr_line' id='line_1_78' title="bbox 994 3778 1798 3851; baseline 0.007 -18"><span class='ocrx_word' id='word_1_538' title='bbox 994 3780 1063 3833; x_wconf 92' lang='lat' dir='ltr'>item</span> <span class='ocrx_word' id='word_1_539' title='bbox 1078 3786 1143 3834; x_wconf 90' lang='lat' dir='ltr'>sunt</span> <span class='ocrx_word' id='word_1_540' title='bbox 1152 3778 1279 3850; x_wconf 74' lang='lat' dir='ltr'>quaedam</span> <span class='ocrx_word' id='word_1_541' title='bbox 1292 3780 1469 3849; x_wconf 82' lang='lat' dir='ltr'>cogitationes</span> <span class='ocrx_word' id='word_1_542' title='bbox 1484 3781 1517 3837; x_wconf 85' lang='lat' dir='ltr'>de</span> <span class='ocrx_word' id='word_1_543' title='bbox 1527 3781 1570 3851; x_wconf 91' lang='lat' dir='ltr'>qni</span> <span class='ocrx_word' id='word_1_544' title='bbox 1589 3778 1688 3834; x_wconf 88' lang='lat' dir='ltr'>usdam</span> <span class='ocrx_word' id='word_1_545' title='bbox 1700 3798 1798 3839; x_wconf 85' lang='lat' dir='ltr'>neces·</span> 
     </span>
     <span class='ocr_line' id='line_1_79' title="bbox 993 3848 1797 3923; baseline 0.01 -20"><span class='ocrx_word' id='word_1_546' title='bbox 993 3848 1082 3918; x_wconf 91' lang='lat' dir='ltr'>sariis,</span> <span class='ocrx_word' id='word_1_547' title='bbox 1097 3848 1239 3905; x_wconf 88' lang='lat' dir='ltr'>sicntcum</span> <span class='ocrx_word' id='word_1_548' title='bbox 1256 3850 1390 3905; x_wconf 83' lang='lat' dir='ltr'>incumbit</span> <span class='ocrx_word' id='word_1_549' title='bbox 1399 3851 1479 3908; x_wconf 89' lang='lat' dir='ltr'>alicui</span> <span class='ocrx_word' id='word_1_550' title='bbox 1494 3851 1590 3923; x_wconf 88' lang='lat' dir='ltr'>dequo</span> <span class='ocrx_word' id='word_1_551' title='bbox 1601 3858 1713 3921; x_wconf 89' lang='lat' dir='ltr'>oportet</span> <span class='ocrx_word' id='word_1_552' title='bbox 1728 3868 1797 3911; x_wconf 88' lang='lat' dir='ltr'>eunt</span> 
     </span>
     <span class='ocr_line' id='line_1_80' title="bbox 992 3920 1794 3995; baseline 0.007 -20"><span class='ocrx_word' id='word_1_553' title='bbox 992 3920 1124 3992; x_wconf 88' lang='lat' dir='ltr'>cogitare.</span> <span class='ocrx_word' id='word_1_554' title='bbox 1143 3922 1184 3975; x_wconf 87' lang='lat' dir='ltr'>De</span> <span class='ocrx_word' id='word_1_555' title='bbox 1197 3922 1295 3989; x_wconf 84' lang='lat' dir='ltr'>quibus</span> <span class='ocrx_word' id='word_1_556' title='bbox 1316 3922 1431 3979; x_wconf 81' lang='lat' dir='ltr'>liabetur</span> <span class='ocrx_word' id='word_1_557' title='bbox 1454 3922 1575 3995; x_wconf 90' lang='lat' dir='ltr'>Sapieat.</span> <span class='ocrx_word' id='word_1_558' title='bbox 1593 3936 1629 3978; x_wconf 82' lang='lat' dir='ltr'>tx</span> <span class='ocrx_word' id='word_1_559' title='bbox 1649 3939 1657 3976; x_wconf 92' lang='lat'>:</span> <span class='ocrx_word' id='word_1_560' title='bbox 1674 3926 1794 3981; x_wconf 79' lang='lat' dir='ltr'>&#39;l&#39;evveau</span> 
     </span>
     <span class='ocr_line' id='line_1_81' title="bbox 992 3992 1794 4062; baseline 0.007 -16"><span class='ocrx_word' id='word_1_561' title='bbox 992 3992 1364 4062; x_wconf 75' lang='lat' dir='ltr'>capitatiodeprimitsensam</span> <span class='ocrx_word' id='word_1_562' title='bbox 1374 3994 1461 4048; x_wconf 86' lang='lat' dir='ltr'>multa</span> <span class='ocrx_word' id='word_1_563' title='bbox 1471 3996 1642 4061; x_wconf 72' lang='lat' dir='ltr'>cogitantem.</span> <span class='ocrx_word' id='word_1_564' title='bbox 1656 3994 1725 4051; x_wconf 73' lang='lat' dir='ltr'>Alite</span> <span class='ocrx_word' id='word_1_565' title='bbox 1734 4004 1794 4053; x_wconf 90' lang='lat' dir='ltr'>sunt</span> 
     </span>
     <span class='ocr_line' id='line_1_82' title="bbox 993 4063 1793 4138; baseline 0.006 -22"><span class='ocrx_word' id='word_1_566' title='bbox 993 4063 1129 4129; x_wconf 86' lang='lat' dir='ltr'>vanitatis,</span> <span class='ocrx_word' id='word_1_567' title='bbox 1142 4063 1175 4120; x_wconf 93' lang='lat' dir='ltr'>de</span> <span class='ocrx_word' id='word_1_568' title='bbox 1188 4064 1286 4134; x_wconf 91' lang='lat' dir='ltr'>quibus</span> <span class='ocrx_word' id='word_1_569' title='bbox 1301 4064 1443 4120; x_wconf 88' lang='lat' dir='ltr'>Psalmista</span> <span class='ocrx_word' id='word_1_570' title='bbox 1460 4083 1468 4121; x_wconf 81' lang='grc' dir='ltr'>ι</span> <span class='ocrx_word' id='word_1_571' title='bbox 1490 4068 1623 4122; x_wconf 85' lang='lat' dir='ltr'>Dominus</span> <span class='ocrx_word' id='word_1_572' title='bbox 1633 4068 1686 4121; x_wconf 87' lang='lat' dir='ltr'>seit</span> <span class='ocrx_word' id='word_1_573' title='bbox 1699 4072 1793 4138; x_wconf 76' lang='lat' dir='ltr'>iopila·</span> 
     </span>
     <span class='ocr_line' id='line_1_83' title="bbox 993 4136 1791 4209; baseline 0.008 -20"><span class='ocrx_word' id='word_1_574' title='bbox 993 4137 1077 4191; x_wconf 84' lang='lat' dir='ltr'>tr&#39;oaes</span> <span class='ocrx_word' id='word_1_575' title='bbox 1086 4136 1536 4205; x_wconf 79' lang='lat' dir='ltr'>bominum,quoniame-anasum.</span> <span class='ocrx_word' id='word_1_576' title='bbox 1546 4137 1691 4193; x_wconf 79' lang='lat' dir='ltr'>Aliaesunt</span> <span class='ocrx_word' id='word_1_577' title='bbox 1701 4138 1791 4209; x_wconf 90' lang='lat' dir='ltr'>iniqui·</span> 
     </span>
     <span class='ocr_line' id='line_1_84' title="bbox 991 4206 1788 4291; baseline 0.005 -30"><span class='ocrx_word' id='word_1_578' title='bbox 991 4206 1065 4273; x_wconf 90' lang='lat' dir='ltr'>tatis,</span> <span class='ocrx_word' id='word_1_579' title='bbox 1079 4207 1141 4277; x_wconf 90' lang='lat' dir='ltr'>Sap.</span> <span class='ocrx_word' id='word_1_580' title='bbox 1158 4222 1188 4262; x_wconf 89' lang='lat' dir='ltr'>t:</span> <span class='ocrx_word' id='word_1_581' title='bbox 1203 4210 1337 4263; x_wconf 72' lang='lat' dir='ltr'>Perverse</span> <span class='ocrx_word' id='word_1_582' title='bbox 1356 4210 1684 4291; x_wconf 34' lang='lat' dir='ltr'>cogitationesnstpurant</span> <span class='ocrx_word' id='word_1_583' title='bbox 1700 4228 1717 4265; x_wconf 92' lang='lat' dir='ltr'>a</span> <span class='ocrx_word' id='word_1_584' title='bbox 1733 4215 1788 4267; x_wconf 88' lang='lat' dir='ltr'>lieo.</span> 
     </span>
    </p>
   </div>
   <div class='ocr_carea' id='block_1_22' title="bbox 134 4273 1789 4851">
    <p class='ocr_par' dir='ltr' id='par_1_23' title="bbox 134 4273 1789 4851">
     <span class='ocr_line' id='line_1_85' title="bbox 174 4273 1789 4351; baseline 0.002 -18"><span class='ocrx_word' id='word_1_585' title='bbox 174 4288 184 4315; x_wconf 72' lang='lat'>⁶</span> <span class='ocrx_word' id='word_1_586' title='bbox 206 4280 281 4333; x_wconf 91' lang='lat' dir='ltr'>lianc</span> <span class='ocrx_word' id='word_1_587' title='bbox 299 4277 400 4333; x_wconf 92' lang='lat' dir='ltr'>mentis</span> <span class='ocrx_word' id='word_1_588' title='bbox 422 4273 626 4331; x_wconf 87' lang='lat' dir='ltr'>instabilitatem</span> <span class='ocrx_word' id='word_1_589' title='bbox 648 4282 675 4330; x_wconf 92' lang='lat' dir='ltr'>et</span> <span class='ocrx_word' id='word_1_590' title='bbox 701 4274 888 4347; x_wconf 89' lang='lat' dir='ltr'>evagationem</span> <span class='ocrx_word' id='word_1_591' title='bbox 907 4273 935 4329; x_wconf 93' lang='lat' dir='ltr'>in</span> <span class='ocrx_word' id='word_1_592' title='bbox 991 4277 1023 4332; x_wconf 92' lang='lat' dir='ltr'>ln</span> <span class='ocrx_word' id='word_1_593' title='bbox 1037 4277 1205 4334; x_wconf 90' lang='lat' dir='ltr'>orationibus</span> <span class='ocrx_word' id='word_1_594' title='bbox 1227 4278 1380 4334; x_wconf 85' lang='lat' dir='ltr'>cavendum</span> <span class='ocrx_word' id='word_1_595' title='bbox 1399 4286 1441 4335; x_wconf 89' lang='lat' dir='ltr'>est</span> <span class='ocrx_word' id='word_1_596' title='bbox 1462 4294 1479 4335; x_wconf 92' lang='lat' dir='ltr'>a</span> <span class='ocrx_word' id='word_1_597' title='bbox 1498 4294 1615 4351; x_wconf 69' lang='lat' dir='ltr'>primis,</span> <span class='ocrx_word' id='word_1_598' title='bbox 1641 4280 1691 4335; x_wconf 88' lang='lat' dir='ltr'>sed</span> <span class='ocrx_word' id='word_1_599' title='bbox 1710 4280 1789 4351; x_wconf 90' lang='lat' dir='ltr'>plusa</span> 
     </span>
     <span class='ocr_line' id='line_1_86' title="bbox 138 4344 1788 4423; baseline 0.002 -19"><span class='ocrx_word' id='word_1_600' title='bbox 138 4349 263 4404; x_wconf 89' lang='lat' dir='ltr'>oratione</span> <span class='ocrx_word' id='word_1_601' title='bbox 276 4348 400 4415; x_wconf 90' lang='lat' dir='ltr'>deplorat</span> <span class='ocrx_word' id='word_1_602' title='bbox 420 4346 503 4400; x_wconf 88' lang='lat' dir='ltr'>etiam</span> <span class='ocrx_word' id='word_1_603' title='bbox 527 4348 562 4399; x_wconf 85' lang='lat' dir='ltr'>D.</span> <span class='ocrx_word' id='word_1_604' title='bbox 578 4346 763 4417; x_wconf 85' lang='lat' dir='ltr'>Hieronymus</span> <span class='ocrx_word' id='word_1_605' title='bbox 775 4344 802 4399; x_wconf 92' lang='lat' dir='ltr'>in</span> <span class='ocrx_word' id='word_1_606' title='bbox 820 4345 934 4417; x_wconf 87' lang='lat' dir='ltr'>Dialogo</span> <span class='ocrx_word' id='word_1_607' title='bbox 990 4347 1132 4415; x_wconf 89' lang='lat' dir='ltr'>secundis,</span> <span class='ocrx_word' id='word_1_608' title='bbox 1151 4347 1239 4418; x_wconf 89' lang='lat' dir='ltr'>plusa</span> <span class='ocrx_word' id='word_1_609' title='bbox 1260 4349 1354 4405; x_wconf 85' lang='lat' dir='ltr'>tertiis.</span> <span class='ocrx_word' id='word_1_610' title='bbox 1375 4352 1446 4405; x_wconf 87' lang='lat' dir='ltr'>item</span> <span class='ocrx_word' id='word_1_611' title='bbox 1468 4349 1599 4421; x_wconf 74' lang='lat' dir='ltr'>quandam</span> <span class='ocrx_word' id='word_1_612' title='bbox 1616 4351 1788 4423; x_wconf 83' lang='lat' dir='ltr'>cogitationes</span> 
     </span>
     <span class='ocr_line' id='line_1_87' title="bbox 136 4414 1786 4510; baseline 0.004 -39"><span class='ocrx_word' id='word_1_613' title='bbox 136 4416 266 4471; x_wconf 89' lang='lat' dir='ltr'>adversus</span> <span class='ocrx_word' id='word_1_614' title='bbox 278 4414 475 4481; x_wconf 89' lang='lat' dir='ltr'>Luciierianos,</span> <span class='ocrx_word' id='word_1_615' title='bbox 490 4414 562 4469; x_wconf 92' lang='lat' dir='ltr'>velut</span> <span class='ocrx_word' id='word_1_616' title='bbox 577 4430 724 4485; x_wconf 91' lang='lat' dir='ltr'>personam</span> <span class='ocrx_word' id='word_1_617' title='bbox 735 4415 877 4471; x_wconf 90' lang='lat' dir='ltr'>bominum</span> <span class='ocrx_word' id='word_1_618' title='bbox 892 4417 936 4472; x_wconf 94' lang='lat' dir='ltr'>in·</span> <span class='ocrx_word' id='word_1_619' title='bbox 952 4449 977 4510; x_wconf 73' lang='lat' dir='ltr'>D</span> <span class='ocrx_word' id='word_1_620' title='bbox 991 4418 1118 4473; x_wconf 90' lang='lat' dir='ltr'>oriuntur</span> <span class='ocrx_word' id='word_1_621' title='bbox 1127 4434 1159 4474; x_wconf 88' lang='lat' dir='ltr'>ex</span> <span class='ocrx_word' id='word_1_622' title='bbox 1170 4420 1340 4475; x_wconf 90' lang='lat' dir='ltr'>immissione</span> <span class='ocrx_word' id='word_1_623' title='bbox 1348 4420 1505 4477; x_wconf 78' lang='lat' dir='ltr'>daemonum</span> <span class='ocrx_word' id='word_1_624' title='bbox 1515 4440 1524 4487; x_wconf 77' lang='grc' dir='ltr'><strong>ς</strong></span> <span class='ocrx_word' id='word_1_625' title='bbox 1533 4424 1666 4494; x_wconf 78' lang='lat' dir='ltr'>qnaedam</span> <span class='ocrx_word' id='word_1_626' title='bbox 1678 4440 1709 4479; x_wconf 88' lang='lat' dir='ltr'>ex</span> <span class='ocrx_word' id='word_1_627' title='bbox 1717 4423 1786 4495; x_wconf 82' lang='lat' dir='ltr'>eulpa</span> 
     </span>
     <span class='ocr_line' id='line_1_88' title="bbox 135 4485 1786 4561; baseline 0.004 -19"><span class='ocrx_word' id='word_1_628' title='bbox 135 4486 301 4542; x_wconf 89' lang='lat' dir='ltr'>devotorum</span> <span class='ocrx_word' id='word_1_629' title='bbox 315 4485 341 4538; x_wconf 92' lang='lat' dir='ltr'>ia</span> <span class='ocrx_word' id='word_1_630' title='bbox 362 4499 391 4539; x_wconf 90' lang='lat' dir='ltr'>se</span> <span class='ocrx_word' id='word_1_631' title='bbox 405 4492 602 4554; x_wconf 75' lang='lat' dir='ltr'>repraesentans</span> <span class='ocrx_word' id='word_1_632' title='bbox 622 4502 630 4538; x_wconf 90' lang='lat'>:</span> <span class='ocrx_word' id='word_1_633' title='bbox 648 4485 695 4539; x_wconf 85' lang='lat' dir='ltr'>Ad</span> <span class='ocrx_word' id='word_1_634' title='bbox 717 4489 874 4557; x_wconf 82' lang='lat' dir='ltr'>orationem,</span> <span class='ocrx_word' id='word_1_635' title='bbox 895 4488 937 4542; x_wconf 93' lang='lat' dir='ltr'>in-</span> <span class='ocrx_word' id='word_1_636' title='bbox 992 4488 1167 4560; x_wconf 82' lang='lat' dir='ltr'>praecedenti,</span> <span class='ocrx_word' id='word_1_637' title='bbox 1183 4500 1213 4546; x_wconf 92' lang='lat' dir='ltr'>at</span> <span class='ocrx_word' id='word_1_638' title='bbox 1226 4506 1289 4546; x_wconf 92' lang='lat' dir='ltr'>cum</span> <span class='ocrx_word' id='word_1_639' title='bbox 1303 4491 1364 4561; x_wconf 91' lang='lat' dir='ltr'>quis</span> <span class='ocrx_word' id='word_1_640' title='bbox 1377 4500 1440 4548; x_wconf 90' lang='lat' dir='ltr'>ante</span> <span class='ocrx_word' id='word_1_641' title='bbox 1456 4492 1612 4549; x_wconf 88' lang='lat' dir='ltr'>orationem</span> <span class='ocrx_word' id='word_1_642' title='bbox 1628 4495 1700 4552; x_wconf 85' lang='lat' dir='ltr'>adeo</span> <span class='ocrx_word' id='word_1_643' title='bbox 1714 4507 1786 4561; x_wconf 83' lang='lat' dir='ltr'>vagtu</span> 
     </span>
     <span class='ocr_line' id='line_1_89' title="bbox 135 4556 1786 4631; baseline 0.003 -17"><span class='ocrx_word' id='word_1_644' title='bbox 135 4558 207 4631; x_wconf 89' lang='lat' dir='ltr'>quit,</span> <span class='ocrx_word' id='word_1_645' title='bbox 222 4558 327 4617; x_wconf 80' lang='lat' dir='ltr'>assisto:</span> <span class='ocrx_word' id='word_1_646' title='bbox 342 4570 394 4610; x_wconf 77' lang='lat' dir='ltr'>rtoa</span> <span class='ocrx_word' id='word_1_647' title='bbox 409 4570 510 4610; x_wconf 75' lang='lat' dir='ltr'>avarem</span> <span class='ocrx_word' id='word_1_648' title='bbox 523 4557 548 4608; x_wconf 86' lang='lat' dir='ltr'>si</span> <span class='ocrx_word' id='word_1_649' title='bbox 558 4570 610 4608; x_wconf 82' lang='grc' dir='ltr'>ιιοιι</span> <span class='ocrx_word' id='word_1_650' title='bbox 622 4556 765 4621; x_wconf 69' lang='lat' dir='ltr'>crederem,</span> <span class='ocrx_word' id='word_1_651' title='bbox 777 4558 825 4611; x_wconf 82' lang='lat' dir='ltr'>sed</span> <span class='ocrx_word' id='word_1_652' title='bbox 837 4560 863 4612; x_wconf 84' lang='lat' dir='ltr'>si</span> <span class='ocrx_word' id='word_1_653' title='bbox 875 4574 935 4613; x_wconf 83' lang='lat' dir='ltr'>uere</span> <span class='ocrx_word' id='word_1_654' title='bbox 989 4568 1041 4627; x_wconf 88' lang='lat' dir='ltr'>est,</span> <span class='ocrx_word' id='word_1_655' title='bbox 1056 4559 1130 4631; x_wconf 93' lang='lat' dir='ltr'>quod</span> <span class='ocrx_word' id='word_1_656' title='bbox 1155 4560 1199 4618; x_wconf 87' lang='lat' dir='ltr'>illa</span> <span class='ocrx_word' id='word_1_657' title='bbox 1223 4563 1367 4619; x_wconf 88' lang='lat' dir='ltr'>occasione</span> <span class='ocrx_word' id='word_1_658' title='bbox 1379 4570 1523 4619; x_wconf 90' lang='lat' dir='ltr'>occurrant</span> <span class='ocrx_word' id='word_1_659' title='bbox 1535 4565 1560 4619; x_wconf 92' lang='lat' dir='ltr'>ei</span> <span class='ocrx_word' id='word_1_660' title='bbox 1579 4568 1701 4631; x_wconf 86' lang='lat' dir='ltr'>orando,</span> <span class='ocrx_word' id='word_1_661' title='bbox 1723 4566 1786 4621; x_wconf 88' lang='lat' dir='ltr'>sieut</span> 
     </span>
     <span class='ocr_line' id='line_1_90' title="bbox 134 4626 1784 4761; baseline 0.003 -74"><span class='ocrx_word' id='word_1_662' title='bbox 134 4631 281 4698; x_wconf 81' lang='lat' dir='ltr'>crederem,</span> <span class='ocrx_word' id='word_1_663' title='bbox 303 4628 514 4696; x_wconf 66' lang='lat' dir='ltr'>illuviemque</span> <span class='ocrx_word' id='word_1_664' title='bbox 535 4630 605 4682; x_wconf 85' lang='lat' dir='ltr'>Deus</span> <span class='ocrx_word' id='word_1_665' title='bbox 624 4626 739 4688; x_wconf 77' lang='lat' dir='ltr'>ridetur,</span> <span class='ocrx_word' id='word_1_666' title='bbox 757 4628 932 4708; x_wconf 69' lang='lat' dir='ltr'>masalmam,</span> <span class='ocrx_word' id='word_1_667' title='bbox 988 4631 1188 4688; x_wconf 89' lang='lat' dir='ltr'>etsomniando</span> <span class='ocrx_word' id='word_1_668' title='bbox 1202 4633 1508 4761; x_wconf 63' lang='lat' dir='ltr'>qaeneumitttXcdiunb</span> <span class='ocrx_word' id='word_1_669' title='bbox 1543 4635 1657 4694; x_wconf 75' lang='lat' dir='ltr'>uaedam</span> <span class='ocrx_word' id='word_1_670' title='bbox 1669 4654 1700 4694; x_wconf 81' lang='lat' dir='ltr'>es</span> <span class='ocrx_word' id='word_1_671' title='bbox 1715 4637 1784 4709; x_wconf 82' lang='lat' dir='ltr'>eulpa</span> 
     </span>
     <span class='ocr_line' id='line_1_91' title="bbox 135 4697 1783 4775; baseline 0.002 -16"><span class='ocrx_word' id='word_1_672' title='bbox 135 4706 259 4759; x_wconf 73' lang='lat' dir='ltr'>maniam</span> <span class='ocrx_word' id='word_1_673' title='bbox 284 4701 422 4756; x_wconf 85' lang='lat' dir='ltr'>tunderem</span> <span class='ocrx_word' id='word_1_674' title='bbox 437 4704 637 4769; x_wconf 67' lang='lat' dir='ltr'>pertemptans</span> <span class='ocrx_word' id='word_1_675' title='bbox 653 4697 780 4765; x_wconf 79' lang='lat' dir='ltr'>laarqmts</span> <span class='ocrx_word' id='word_1_676' title='bbox 798 4700 932 4768; x_wconf 74' lang='lat' dir='ltr'>viqavem,</span> <span class='ocrx_word' id='word_1_677' title='bbox 988 4704 1126 4773; x_wconf 80' lang='lat' dir='ltr'>prasenti,</span> <span class='ocrx_word' id='word_1_678' title='bbox 1142 4704 1368 4761; x_wconf 89' lang='lat' dir='ltr'>utcumdicendo</span> <span class='ocrx_word' id='word_1_679' title='bbox 1398 4706 1499 4761; x_wconf 89' lang='lat' dir='ltr'>ivinum</span> <span class='ocrx_word' id='word_1_680' title='bbox 1511 4722 1530 4761; x_wconf 95' lang='lat' dir='ltr'>o</span> <span class='ocrx_word' id='word_1_681' title='bbox 1553 4708 1653 4775; x_wconf 79' lang='lat' dir='ltr'>icium,</span> <span class='ocrx_word' id='word_1_682' title='bbox 1668 4722 1783 4765; x_wconf 78' lang='lat' dir='ltr'>seoccu-</span> 
     </span>
     <span class='ocr_line' id='line_1_92' title="bbox 135 4768 1784 4851; baseline 0.001 -20"><span class='ocrx_word' id='word_1_683' title='bbox 135 4792 241 4845; x_wconf 82' lang='lat' dir='ltr'>earpom</span> <span class='ocrx_word' id='word_1_684' title='bbox 256 4774 468 4834; x_wconf 80' lang='lat' dir='ltr'>inhorrescerem,</span> <span class='ocrx_word' id='word_1_685' title='bbox 483 4786 527 4825; x_wconf 88' lang='lat' dir='ltr'>ore</span> <span class='ocrx_word' id='word_1_686' title='bbox 542 4769 682 4839; x_wconf 70' lang='lat' dir='ltr'>psallerem,</span> <span class='ocrx_word' id='word_1_687' title='bbox 694 4768 811 4838; x_wconf 78' lang='lat' dir='ltr'>jacerem</span> <span class='ocrx_word' id='word_1_688' title='bbox 830 4770 867 4824; x_wconf 86' lang='lat' dir='ltr'>ad</span> <span class='ocrx_word' id='word_1_689' title='bbox 883 4776 935 4827; x_wconf 91' lang='lat' dir='ltr'>iio-</span> <span class='ocrx_word' id='word_1_690' title='bbox 988 4782 1035 4844; x_wconf 91' lang='lat' dir='ltr'>pat</span> <span class='ocrx_word' id='word_1_691' title='bbox 1045 4774 1149 4845; x_wconf 75' lang='lat' dir='ltr'>ialaliis.</span> <span class='ocrx_word' id='word_1_692' title='bbox 1160 4776 1283 4831; x_wconf 87' lang='lat' dir='ltr'>Primum</span> <span class='ocrx_word' id='word_1_693' title='bbox 1294 4776 1570 4842; x_wconf 91' lang='lat' dir='ltr'>malum,secuudum</span> <span class='ocrx_word' id='word_1_694' title='bbox 1580 4782 1673 4851; x_wconf 80' lang='lat' dir='ltr'>pcjtts,</span> <span class='ocrx_word' id='word_1_695' title='bbox 1683 4778 1784 4835; x_wconf 86' lang='lat' dir='ltr'>tertium</span> 
     </span>
    </p>
   </div>
   <div class='ocr_carea' id='block_1_23' title="bbox 134 4841 1782 4975">
    <p class='ocr_par' dir='ltr' id='par_1_24' title="bbox 134 4841 1782 4975">
     <span class='ocr_line' id='line_1_93' title="bbox 134 4841 1782 4975; baseline 0.005 -76"><span class='ocrx_word' id='word_1_696' title='bbox 134 4850 204 4899; x_wconf 76' lang='lat' dir='ltr'>mitti</span> <span class='ocrx_word' id='word_1_697' title='bbox 214 4849 266 4899; x_wconf 77' lang='lat' dir='ltr'>inei</span> <span class='ocrx_word' id='word_1_698' title='bbox 275 4844 363 4913; x_wconf 78' lang='lat' dir='ltr'>palm,</span> <span class='ocrx_word' id='word_1_699' title='bbox 380 4859 472 4913; x_wconf 83' lang='lat' dir='ltr'>eosque</span> <span class='ocrx_word' id='word_1_700' title='bbox 481 4844 546 4911; x_wconf 75' lang='lat' dir='ltr'>{leta</span> <span class='ocrx_word' id='word_1_701' title='bbox 554 4841 758 4911; x_wconf 59' lang='lat' dir='ltr'>persuaderem,</span> <span class='ocrx_word' id='word_1_702' title='bbox 768 4844 841 4895; x_wconf 74' lang='lat' dir='ltr'>taine</span> <span class='ocrx_word' id='word_1_703' title='bbox 854 4847 935 4912; x_wconf 77' lang='lat' dir='ltr'>terge·</span> <span class='ocrx_word' id='word_1_704' title='bbox 989 4846 1148 4914; x_wconf 86' lang='lat' dir='ltr'>pessimum.</span> <span class='ocrx_word' id='word_1_705' title='bbox 1170 4849 1240 4903; x_wconf 89' lang='lat' dir='ltr'>Item</span> <span class='ocrx_word' id='word_1_706' title='bbox 1255 4846 1359 4903; x_wconf 90' lang='lat' dir='ltr'>orando</span> <span class='ocrx_word' id='word_1_707' title='bbox 1372 4856 1519 4905; x_wconf 89' lang='lat' dir='ltr'>occurrunt</span> <span class='ocrx_word' id='word_1_708' title='bbox 1529 4852 1666 4975; x_wconf 59' lang='lat' dir='ltr'>guardam</span> <span class='ocrx_word' id='word_1_709' title='bbox 1688 4852 1782 4923; x_wconf 54' lang='lat' dir='ltr'>cogite</span> 
     </span>
    </p>
   </div>
   <div class='ocr_carea' id='block_1_24' title="bbox 134 4915 1782 5001">
    <p class='ocr_par' dir='ltr' id='par_1_25' title="bbox 134 4915 1782 5001">
     <span class='ocr_line' id='line_1_94' title="bbox 134 4915 1782 5001; baseline 0.004 -32"><span class='ocrx_word' id='word_1_710' title='bbox 134 4915 620 4981; x_wconf 80' lang='lat' dir='ltr'>rear‚boevercmea·totruncamueis,</span> <span class='ocrx_word' id='word_1_711' title='bbox 632 4915 932 4982; x_wconf 76' lang='lat' dir='ltr'>trocpriusamittercm,</span> <span class='ocrx_word' id='word_1_712' title='bbox 988 4916 1076 4973; x_wconf 89' lang='lat' dir='ltr'>tiones</span> <span class='ocrx_word' id='word_1_713' title='bbox 1096 4918 1176 4973; x_wconf 91' lang='lat' dir='ltr'>utiles</span> <span class='ocrx_word' id='word_1_714' title='bbox 1192 4928 1221 4973; x_wconf 88' lang='lat' dir='ltr'>et</span> <span class='ocrx_word' id='word_1_715' title='bbox 1241 4918 1275 4973; x_wconf 94' lang='lat' dir='ltr'>de</span> <span class='ocrx_word' id='word_1_716' title='bbox 1292 4918 1527 5001; x_wconf 85' lang='lat' dir='ltr'>pertinentibusa</span> <span class='ocrx_word' id='word_1_717' title='bbox 1567 4924 1734 4987; x_wconf 88' lang='lat' dir='ltr'>orationem,</span> <span class='ocrx_word' id='word_1_718' title='bbox 1756 4924 1782 4975; x_wconf 92' lang='lat' dir='ltr'>ut</span> 
     </span>
    </p>
   </div>
   <div class='ocr_carea' id='block_1_25' title="bbox 127 4986 1783 5853">
    <p class='ocr_par' dir='ltr' id='par_1_26' title="bbox 127 4986 1783 5853">
     <span class='ocr_line' id='line_1_95' title="bbox 132 4986 1780 5061; baseline 0.002 -21"><span class='ocrx_word' id='word_1_719' title='bbox 132 4986 932 5056; x_wconf 75' lang='lat' dir='ltr'>quammisericordiuminipettvuem.Narraceeaoereberrime</span> <span class='ocrx_word' id='word_1_720' title='bbox 986 5002 1050 5042; x_wconf 88' lang='lat' dir='ltr'>cum</span> <span class='ocrx_word' id='word_1_721' title='bbox 1064 4988 1205 5045; x_wconf 88' lang='lat' dir='ltr'>occasione</span> <span class='ocrx_word' id='word_1_722' title='bbox 1218 4990 1333 5061; x_wconf 81' lang='lat' dir='ltr'>alicujus</span> <span class='ocrx_word' id='word_1_723' title='bbox 1342 4990 1414 5046; x_wconf 88' lang='lat' dir='ltr'>verbi</span> <span class='ocrx_word' id='word_1_724' title='bbox 1429 4992 1602 5049; x_wconf 87' lang='lat' dir='ltr'>occurrentis</span> <span class='ocrx_word' id='word_1_725' title='bbox 1617 4994 1645 5049; x_wconf 94' lang='lat' dir='ltr'>in</span> <span class='ocrx_word' id='word_1_726' title='bbox 1657 4993 1780 5055; x_wconf 81' lang='lat' dir='ltr'>emtione,</span> 
     </span>
     <span class='ocr_line' id='line_1_96' title="bbox 132 5056 1779 5132; baseline 0.001 -19"><span class='ocrx_word' id='word_1_727' title='bbox 132 5060 162 5113; x_wconf 85' lang='lat' dir='ltr'>ia</span> <span class='ocrx_word' id='word_1_728' title='bbox 176 5060 295 5114; x_wconf 79' lang='lat' dir='ltr'>oratione</span> <span class='ocrx_word' id='word_1_729' title='bbox 306 5070 365 5110; x_wconf 89' lang='lat' dir='ltr'>mea</span> <span class='ocrx_word' id='word_1_730' title='bbox 377 5070 425 5123; x_wconf 86' lang='lat' dir='ltr'>per</span> <span class='ocrx_word' id='word_1_731' title='bbox 437 5056 555 5121; x_wconf 81' lang='lat' dir='ltr'>partiens</span> <span class='ocrx_word' id='word_1_732' title='bbox 568 5056 717 5119; x_wconf 83' lang='lat' dir='ltr'>deambulo,</span> <span class='ocrx_word' id='word_1_733' title='bbox 733 5060 781 5110; x_wconf 88' lang='lat' dir='ltr'>aut</span> <span class='ocrx_word' id='word_1_734' title='bbox 795 5056 828 5111; x_wconf 79' lang='lat' dir='ltr'>cle</span> <span class='ocrx_word' id='word_1_735' title='bbox 839 5059 932 5124; x_wconf 73' lang='lat' dir='ltr'>sertore</span> <span class='ocrx_word' id='word_1_736' title='bbox 986 5060 1088 5131; x_wconf 85' lang='lat' dir='ltr'>cogitat</span> <span class='ocrx_word' id='word_1_737' title='bbox 1106 5059 1276 5132; x_wconf 88' lang='lat' dir='ltr'>quisaliquid</span> <span class='ocrx_word' id='word_1_738' title='bbox 1290 5060 1357 5116; x_wconf 89' lang='lat' dir='ltr'>utile</span> <span class='ocrx_word' id='word_1_739' title='bbox 1378 5060 1412 5117; x_wconf 92' lang='lat' dir='ltr'>ad</span> <span class='ocrx_word' id='word_1_740' title='bbox 1437 5061 1596 5119; x_wconf 87' lang='lat' dir='ltr'>laciendum</span> <span class='ocrx_word' id='word_1_741' title='bbox 1616 5076 1779 5128; x_wconf 84' lang='lat' dir='ltr'>sennonem,</span> 
     </span>
     <span class='ocr_line' id='line_1_97' title="bbox 132 5126 1780 5206; baseline 0.001 -21"><span class='ocrx_word' id='word_1_742' title='bbox 132 5135 264 5201; x_wconf 86' lang='lat' dir='ltr'>computo,</span> <span class='ocrx_word' id='word_1_743' title='bbox 280 5131 329 5181; x_wconf 89' lang='lat' dir='ltr'>aut</span> <span class='ocrx_word' id='word_1_744' title='bbox 341 5126 472 5180; x_wconf 78' lang='lat' dir='ltr'>etbvlaatus</span> <span class='ocrx_word' id='word_1_745' title='bbox 496 5128 571 5193; x_wconf 86' lang='lat' dir='ltr'>turpi</span> <span class='ocrx_word' id='word_1_746' title='bbox 581 5130 750 5194; x_wconf 83' lang='lat' dir='ltr'>capitatione,</span> <span class='ocrx_word' id='word_1_747' title='bbox 767 5131 849 5183; x_wconf 76' lang='lat' dir='ltr'>etiarm</span> <span class='ocrx_word' id='word_1_748' title='bbox 870 5144 931 5205; x_wconf 79' lang='lat' dir='ltr'>qaeu</span> <span class='ocrx_word' id='word_1_749' title='bbox 986 5132 1029 5184; x_wconf 91' lang='lat' dir='ltr'>vel</span> <span class='ocrx_word' id='word_1_750' title='bbox 1044 5131 1239 5187; x_wconf 88' lang='lat' dir='ltr'>adorationem</span> <span class='ocrx_word' id='word_1_751' title='bbox 1253 5131 1472 5199; x_wconf 69' lang='lat' dir='ltr'>conficiendamq</span> <span class='ocrx_word' id='word_1_752' title='bbox 1495 5134 1668 5206; x_wconf 87' lang='lat' dir='ltr'>quaudoque</span> <span class='ocrx_word' id='word_1_753' title='bbox 1685 5148 1780 5189; x_wconf 88' lang='lat' dir='ltr'>oecur-</span> 
     </span>
     <span class='ocr_line' id='line_1_98' title="bbox 130 5196 1782 5279; baseline 0.004 -24"><span class='ocrx_word' id='word_1_754' title='bbox 130 5201 211 5256; x_wconf 84' lang='lat' dir='ltr'>dictis</span> <span class='ocrx_word' id='word_1_755' title='bbox 233 5196 406 5256; x_wconf 79' lang='lat' dir='ltr'>erttbesaeuda</span> <span class='ocrx_word' id='word_1_756' title='bbox 427 5199 491 5250; x_wconf 80' lang='lat' dir='ltr'>stant</span> <span class='ocrx_word' id='word_1_757' title='bbox 509 5211 580 5263; x_wconf 81' lang='lat' dir='ltr'>qaae.</span> <span class='ocrx_word' id='word_1_758' title='bbox 599 5200 651 5253; x_wconf 84' lang='lat' dir='ltr'>Ubi</span> <span class='ocrx_word' id='word_1_759' title='bbox 672 5203 710 5253; x_wconf 85' lang='lat' dir='ltr'>cst</span> <span class='ocrx_word' id='word_1_760' title='bbox 724 5199 812 5265; x_wconf 74' lang='lat' dir='ltr'>fialas?</span> <span class='ocrx_word' id='word_1_761' title='bbox 830 5201 930 5254; x_wconf 84' lang='lat' dir='ltr'>Siccine</span> <span class='ocrx_word' id='word_1_762' title='bbox 985 5211 1050 5257; x_wconf 89' lang='lat' dir='ltr'>runt</span> <span class='ocrx_word' id='word_1_763' title='bbox 1065 5202 1155 5269; x_wconf 87' lang='lat' dir='ltr'>utiles,</span> <span class='ocrx_word' id='word_1_764' title='bbox 1167 5203 1214 5258; x_wconf 90' lang='lat' dir='ltr'>sed</span> <span class='ocrx_word' id='word_1_765' title='bbox 1228 5202 1261 5257; x_wconf 92' lang='lat' dir='ltr'>de</span> <span class='ocrx_word' id='word_1_766' title='bbox 1272 5203 1523 5274; x_wconf 78' lang='lat' dir='ltr'>impertinentibus3</span> <span class='ocrx_word' id='word_1_767' title='bbox 1536 5208 1704 5279; x_wconf 86' lang='lat' dir='ltr'>quandoque</span> <span class='ocrx_word' id='word_1_768' title='bbox 1717 5218 1782 5277; x_wconf 78' lang='lat' dir='ltr'>qaa-</span> 
     </span>
     <span class='ocr_line' id='line_1_99' title="bbox 128 5268 1782 5349; baseline 0.003 -25"><span class='ocrx_word' id='word_1_769' title='bbox 128 5277 260 5339; x_wconf 88' lang='lat' dir='ltr'>patamas</span> <span class='ocrx_word' id='word_1_770' title='bbox 273 5284 363 5325; x_wconf 87' lang='lat' dir='ltr'>orasse</span> <span class='ocrx_word' id='word_1_771' title='bbox 377 5268 544 5323; x_wconf 78' lang='lat' dir='ltr'>intramisia</span> <span class='ocrx_word' id='word_1_772' title='bbox 556 5272 731 5337; x_wconf 82' lang='lat' dir='ltr'>trespamns?</span> <span class='ocrx_word' id='word_1_773' title='bbox 741 5270 785 5323; x_wconf 87' lang='lat' dir='ltr'>Sic</span> <span class='ocrx_word' id='word_1_774' title='bbox 794 5270 930 5323; x_wconf 67' lang='lat' dir='ltr'>attritam</span> <span class='ocrx_word' id='word_1_775' title='bbox 984 5269 1048 5326; x_wconf 93' lang='lat' dir='ltr'>dam</span> <span class='ocrx_word' id='word_1_776' title='bbox 1064 5274 1268 5343; x_wconf 88' lang='lat' dir='ltr'>impertinentes</span> <span class='ocrx_word' id='word_1_777' title='bbox 1281 5283 1308 5329; x_wconf 89' lang='lat' dir='ltr'>et</span> <span class='ocrx_word' id='word_1_778' title='bbox 1320 5273 1439 5342; x_wconf 86' lang='lat' dir='ltr'>inutiles,</span> <span class='ocrx_word' id='word_1_779' title='bbox 1454 5275 1541 5332; x_wconf 92' lang='lat' dir='ltr'>immo</span> <span class='ocrx_word' id='word_1_780' title='bbox 1554 5280 1722 5349; x_wconf 85' lang='lat' dir='ltr'>quandoque</span> <span class='ocrx_word' id='word_1_781' title='bbox 1738 5290 1782 5330; x_wconf 90' lang='lat' dir='ltr'>no-</span> 
     </span>
     <span class='ocr_line' id='line_1_100' title="bbox 133 5338 1782 5418; baseline 0.005 -24"><span class='ocrx_word' id='word_1_782' title='bbox 133 5343 326 5399; x_wconf 81' lang='lat' dir='ltr'>iatcrbeanes?</span> <span class='ocrx_word' id='word_1_783' title='bbox 337 5341 382 5396; x_wconf 83' lang='lat' dir='ltr'>Sic</span> <span class='ocrx_word' id='word_1_784' title='bbox 394 5340 523 5393; x_wconf 80' lang='lat' dir='ltr'>latronam</span> <span class='ocrx_word' id='word_1_785' title='bbox 537 5341 564 5391; x_wconf 84' lang='lat' dir='ltr'>ia</span> <span class='ocrx_word' id='word_1_786' title='bbox 576 5344 667 5393; x_wconf 82' lang='lat' dir='ltr'>erare?</span> <span class='ocrx_word' id='word_1_787' title='bbox 683 5342 723 5392; x_wconf 91' lang='lat' dir='ltr'>lta</span> <span class='ocrx_word' id='word_1_788' title='bbox 740 5340 768 5393; x_wconf 89' lang='lat' dir='ltr'>S.</span> <span class='ocrx_word' id='word_1_789' title='bbox 791 5338 929 5411; x_wconf 85' lang='lat' dir='ltr'>Hierony·</span> <span class='ocrx_word' id='word_1_790' title='bbox 983 5343 1059 5397; x_wconf 85' lang='lat' dir='ltr'>eivae.</span> <span class='ocrx_word' id='word_1_791' title='bbox 1074 5345 1174 5399; x_wconf 84' lang='lat' dir='ltr'>Prirnae</span> <span class='ocrx_word' id='word_1_792' title='bbox 1185 5344 1285 5401; x_wconf 84' lang='lat' dir='ltr'>lrabeat</span> <span class='ocrx_word' id='word_1_793' title='bbox 1301 5346 1421 5418; x_wconf 90' lang='lat' dir='ltr'>aliquam</span> <span class='ocrx_word' id='word_1_794' title='bbox 1434 5346 1782 5415; x_wconf 82' lang='lat' dir='ltr'>excusationem,secundet</span> 
     </span>
     <span class='ocr_line' id='line_1_101' title="bbox 129 5408 1783 5491; baseline 0.005 -24"><span class='ocrx_word' id='word_1_795' title='bbox 129 5426 202 5469; x_wconf 78' lang='lat' dir='ltr'>mets.</span> <span class='ocrx_word' id='word_1_796' title='bbox 221 5415 281 5469; x_wconf 91' lang='lat' dir='ltr'>lloc</span> <span class='ocrx_word' id='word_1_797' title='bbox 293 5412 386 5482; x_wconf 91' lang='lat' dir='ltr'>ipsum</span> <span class='ocrx_word' id='word_1_798' title='bbox 398 5418 525 5481; x_wconf 77' lang='lat' dir='ltr'>expertus</span> <span class='ocrx_word' id='word_1_799' title='bbox 539 5408 620 5464; x_wconf 88' lang='lat' dir='ltr'>etiam</span> <span class='ocrx_word' id='word_1_800' title='bbox 634 5417 676 5464; x_wconf 90' lang='lat' dir='ltr'>est</span> <span class='ocrx_word' id='word_1_801' title='bbox 695 5408 723 5463; x_wconf 91' lang='lat' dir='ltr'>S.</span> <span class='ocrx_word' id='word_1_802' title='bbox 738 5408 875 5475; x_wconf 90' lang='lat' dir='ltr'>lillarioa,</span> <span class='ocrx_word' id='word_1_803' title='bbox 894 5411 928 5467; x_wconf 90' lang='lat' dir='ltr'>de</span> <span class='ocrx_word' id='word_1_804' title='bbox 983 5412 1128 5481; x_wconf 88' lang='lat' dir='ltr'>ntiaorem,</span> <span class='ocrx_word' id='word_1_805' title='bbox 1146 5416 1233 5472; x_wconf 74' lang='lat' dir='ltr'>tertiae</span> <span class='ocrx_word' id='word_1_806' title='bbox 1250 5416 1402 5473; x_wconf 88' lang='lat' dir='ltr'>minimam.</span> <span class='ocrx_word' id='word_1_807' title='bbox 1419 5418 1578 5477; x_wconf 87' lang='lat' dir='ltr'>Secundum</span> <span class='ocrx_word' id='word_1_808' title='bbox 1595 5436 1660 5491; x_wconf 89' lang='lat' dir='ltr'>ergo</span> <span class='ocrx_word' id='word_1_809' title='bbox 1704 5432 1783 5475; x_wconf 82' lang='lat' dir='ltr'>reere-</span> 
     </span>
     <span class='ocr_line' id='line_1_102' title="bbox 130 5436 1703 5565; baseline 0.005 -28"><span class='ocrx_word' id='word_1_810' title='bbox 130 5498 184 5549; x_wconf 83' lang='lat' dir='ltr'>qno</span> <span class='ocrx_word' id='word_1_811' title='bbox 198 5485 316 5540; x_wconf 83' lang='lat' dir='ltr'>iduati).</span> <span class='ocrx_word' id='word_1_812' title='bbox 334 5484 518 5554; x_wconf 76' lang='lat' dir='ltr'>llieronymus</span> <span class='ocrx_word' id='word_1_813' title='bbox 532 5482 573 5552; x_wconf 83' lang='lat' dir='ltr'>(ia</span> <span class='ocrx_word' id='word_1_814' title='bbox 591 5480 822 5547; x_wconf 79' lang='lat' dir='ltr'>l⁷itallt&#39;larion.)</span> <span class='ocrx_word' id='word_1_815' title='bbox 837 5500 843 5535; x_wconf 92' lang='lat'><strong>:</strong></span> <span class='ocrx_word' id='word_1_816' title='bbox 860 5482 927 5537; x_wconf 87' lang='lat' dir='ltr'>Ova·</span> <span class='ocrx_word' id='word_1_817' title='bbox 982 5481 1079 5540; x_wconf 87' lang='lat' dir='ltr'>dentes</span> <span class='ocrx_word' id='word_1_818' title='bbox 1105 5484 1274 5543; x_wconf 87' lang='lat' dir='ltr'>dillerentias</span> <span class='ocrx_word' id='word_1_819' title='bbox 1299 5488 1514 5560; x_wconf 84' lang='lat' dir='ltr'>cogitationum,</span> <span class='ocrx_word' id='word_1_820' title='bbox 1543 5500 1634 5565; x_wconf 88' lang='lat' dir='ltr'>potest</span> <span class='ocrx_word' id='word_1_821' title='bbox 1663 5436 1703 5546; x_wconf 56' lang='lat' dir='ltr'>ag</span> 
     </span>
     <span class='ocr_line' id='line_1_103' title="bbox 130 5552 1780 5632; baseline 0.005 -25"><span class='ocrx_word' id='word_1_822' title='bbox 130 5552 186 5617; x_wconf 85' lang='lat' dir='ltr'>bat,</span> <span class='ocrx_word' id='word_1_823' title='bbox 198 5555 294 5624; x_wconf 90' lang='lat' dir='ltr'>iuquit,</span> <span class='ocrx_word' id='word_1_824' title='bbox 306 5556 385 5610; x_wconf 87' lang='lat' dir='ltr'>semel</span> <span class='ocrx_word' id='word_1_825' title='bbox 398 5558 453 5623; x_wconf 70' lang='lat' dir='ltr'>tino</span> <span class='ocrx_word' id='word_1_826' title='bbox 465 5555 495 5608; x_wconf 86' lang='lat' dir='ltr'>t&#39;a</span> <span class='ocrx_word' id='word_1_827' title='bbox 511 5556 611 5607; x_wconf 83' lang='lat' dir='ltr'>terram</span> <span class='ocrx_word' id='word_1_828' title='bbox 625 5554 730 5622; x_wconf 77' lang='lat' dir='ltr'>capae,</span> <span class='ocrx_word' id='word_1_829' title='bbox 743 5558 768 5606; x_wconf 89' lang='lat' dir='ltr'>ct</span> <span class='ocrx_word' id='word_1_830' title='bbox 780 5556 810 5606; x_wconf 86' lang='lat' dir='ltr'>at</span> <span class='ocrx_word' id='word_1_831' title='bbox 825 5557 927 5609; x_wconf 82' lang='lat' dir='ltr'>ttatraa</span> <span class='ocrx_word' id='word_1_832' title='bbox 981 5556 1091 5626; x_wconf 90' lang='lat' dir='ltr'>quando</span> <span class='ocrx_word' id='word_1_833' title='bbox 1102 5558 1161 5629; x_wconf 90' lang='lat' dir='ltr'>plns</span> <span class='ocrx_word' id='word_1_834' title='bbox 1170 5557 1251 5614; x_wconf 87' lang='lat' dir='ltr'>debet</span> <span class='ocrx_word' id='word_1_835' title='bbox 1260 5559 1357 5615; x_wconf 92' lang='lat' dir='ltr'>timere</span> <span class='ocrx_word' id='word_1_836' title='bbox 1371 5560 1435 5632; x_wconf 87' lang='lat' dir='ltr'>quis</span> <span class='ocrx_word' id='word_1_837' title='bbox 1446 5562 1706 5631; x_wconf 67' lang='lat' dir='ltr'>conscientinrsua‘,</span> <span class='ocrx_word' id='word_1_838' title='bbox 1720 5574 1780 5617; x_wconf 78' lang='lat' dir='ltr'>eun</span> 
     </span>
     <span class='ocr_line' id='line_1_104' title="bbox 128 5624 1780 5699; baseline 0.007 -19"><span class='ocrx_word' id='word_1_839' title='bbox 128 5625 186 5691; x_wconf 74' lang='lat' dir='ltr'>sert</span> <span class='ocrx_word' id='word_1_840' title='bbox 208 5627 358 5689; x_wconf 77' lang='lat' dir='ltr'>litatu&#39;anm,</span> <span class='ocrx_word' id='word_1_841' title='bbox 374 5626 490 5679; x_wconf 78' lang='lat' dir='ltr'>‹ebalurta</span> <span class='ocrx_word' id='word_1_842' title='bbox 502 5624 536 5677; x_wconf 89' lang='lat' dir='ltr'>ab</span> <span class='ocrx_word' id='word_1_843' title='bbox 547 5626 666 5679; x_wconf 85' lang='lat' dir='ltr'>aratione</span> <span class='ocrx_word' id='word_1_844' title='bbox 677 5638 750 5677; x_wconf 83' lang='lat' dir='ltr'>meas</span> <span class='ocrx_word' id='word_1_845' title='bbox 762 5624 926 5693; x_wconf 73' lang='lat' dir='ltr'>nesmoqaid</span> <span class='ocrx_word' id='word_1_846' title='bbox 999 5628 1082 5683; x_wconf 92' lang='lat' dir='ltr'>atitur</span> <span class='ocrx_word' id='word_1_847' title='bbox 1105 5630 1291 5699; x_wconf 79' lang='lat' dir='ltr'>evagationem</span> <span class='ocrx_word' id='word_1_848' title='bbox 1315 5646 1348 5688; x_wconf 90' lang='lat' dir='ltr'>co</span> <span class='ocrx_word' id='word_1_849' title='bbox 1367 5630 1511 5689; x_wconf 81' lang='lat' dir='ltr'>irationem</span> <span class='ocrx_word' id='word_1_850' title='bbox 1538 5634 1568 5690; x_wconf 91' lang='lat' dir='ltr'>in</span> <span class='ocrx_word' id='word_1_851' title='bbox 1582 5634 1701 5691; x_wconf 88' lang='lat' dir='ltr'>orando.</span> <span class='ocrx_word' id='word_1_852' title='bbox 1718 5634 1780 5691; x_wconf 67' lang='lat' dir='ltr'>lint</span> 
     </span>
     <span class='ocr_line' id='line_1_105' title="bbox 127 5642 1776 5765; baseline 0.007 -15"><span class='ocrx_word' id='word_1_853' title='bbox 127 5695 207 5751; x_wconf 82' lang='lat' dir='ltr'>aliud</span> <span class='ocrx_word' id='word_1_854' title='bbox 225 5698 369 5765; x_wconf 79' lang='lat' dir='ltr'>eapitabat.</span> <span class='ocrx_word' id='word_1_855' title='bbox 383 5696 484 5752; x_wconf 84' lang='lat' dir='ltr'>lasiliit</span> <span class='ocrx_word' id='word_1_856' title='bbox 507 5696 585 5749; x_wconf 81' lang='lat' dir='ltr'>dorso</span> <span class='ocrx_word' id='word_1_857' title='bbox 603 5695 662 5763; x_wconf 84' lang='lat' dir='ltr'>ejus</span> <span class='ocrx_word' id='word_1_858' title='bbox 675 5696 792 5760; x_wconf 77' lang='lat' dir='ltr'>festinus</span> <span class='ocrx_word' id='word_1_859' title='bbox 806 5697 925 5763; x_wconf 68' lang='lat' dir='ltr'>&lt;opitulor</span> <span class='ocrx_word' id='word_1_860' title='bbox 980 5642 1213 5755; x_wconf 63' lang='lat' dir='ltr'>¹iurreerematas.</span> <span class='ocrx_word' id='word_1_861' title='bbox 1229 5647 1557 5763; x_wconf 60' lang='lat' dir='ltr'>svtbdtttittadesatubre</span> <span class='ocrx_word' id='word_1_862' title='bbox 1580 5706 1723 5763; x_wconf 90' lang='lat' dir='ltr'>monitum</span> <span class='ocrx_word' id='word_1_863' title='bbox 1742 5706 1776 5761; x_wconf 78' lang='lat' dir='ltr'>tt.</span> 
     </span>
     <span class='ocr_line' id='line_1_106' title="bbox 128 5764 1777 5853; baseline 0.004 -28"><span class='ocrx_word' id='word_1_864' title='bbox 128 5766 271 5841; x_wconf 83' lang='lat' dir='ltr'>(diabolus)</span> <span class='ocrx_word' id='word_1_865' title='bbox 286 5772 311 5824; x_wconf 90' lang='lat' dir='ltr'>et</span> <span class='ocrx_word' id='word_1_866' title='bbox 325 5769 412 5823; x_wconf 82' lang='lat' dir='ltr'>latera</span> <span class='ocrx_word' id='word_1_867' title='bbox 427 5764 556 5829; x_wconf 76' lang='lat' dir='ltr'>calcabas,</span> <span class='ocrx_word' id='word_1_868' title='bbox 569 5766 694 5823; x_wconf 82' lang='lat' dir='ltr'>ceruicem</span> <span class='ocrx_word' id='word_1_869' title='bbox 712 5767 817 5836; x_wconf 80' lang='lat' dir='ltr'>{lapella</span> <span class='ocrx_word' id='word_1_870' title='bbox 831 5768 924 5824; x_wconf 84' lang='lat' dir='ltr'>eerbc-</span> <span class='ocrx_word' id='word_1_871' title='bbox 980 5770 1111 5827; x_wconf 81' lang='lat' dir='ltr'>bernardi</span> <span class='ocrx_word' id='word_1_872' title='bbox 1133 5774 1225 5843; x_wconf 79' lang='lat' dir='ltr'>(Sorax.</span> <span class='ocrx_word' id='word_1_873' title='bbox 1249 5778 1282 5831; x_wconf 82' lang='lat' dir='ltr'>tt</span> <span class='ocrx_word' id='word_1_874' title='bbox 1302 5776 1331 5831; x_wconf 85' lang='grc' dir='ltr'>ιἰι</span> <span class='ocrx_word' id='word_1_875' title='bbox 1350 5776 1464 5847; x_wconf 80' lang='lat' dir='ltr'>caat),</span> <span class='ocrx_word' id='word_1_876' title='bbox 1480 5776 1580 5837; x_wconf 86' lang='lat' dir='ltr'>eodem</span> <span class='ocrx_word' id='word_1_877' title='bbox 1602 5774 1777 5853; x_wconf 75' lang='lat' dir='ltr'>spectantis</span> 
     </span>
    </p>
   </div>
   <div class='ocr_carea' id='block_1_26' title="bbox 1702 5490 1781 5555">
    <p class='ocr_par' dir='ltr' id='par_1_27' title="bbox 1702 5490 1781 5555">
     <span class='ocr_line' id='line_1_107' title="bbox 1702 5490 1781 5555; baseline 0.051 -14"><span class='ocrx_word' id='word_1_878' title='bbox 1702 5490 1781 5555; x_wconf 85' lang='lat' dir='ltr'>verti,</span> 
     </span>
    </p>
   </div>
   <div class='ocr_carea' id='block_1_27' title="bbox 0 0 1928 6157">
    <p class='ocr_par' dir='ltr' id='par_1_28' title="bbox 0 0 1928 6157">
     <span class='ocr_line' id='line_1_108' title="bbox 0 0 1928 6157; baseline 0 0"><span class='ocrx_word' id='word_1_879' title='bbox 0 0 1928 6157; x_wconf 95' lang='lat' dir='ltr'> </span> 
     </span>
    </p>
   </div>
  </div>
 </body>
</html>
