3848 6158
83 239 136 294 133
346 237 392 295 bi:
410 237 650 296 COENOBIORUM
668 240 790 297 lussit.
812 241 876 297 tte.
896 242 940 299 lli.
960 272 996 285 -
1016 245 1059 300 DE
1078 246 1214 304 bibulus
1232 247 1472 307 ORATIONIBUS.
1686 258 1737 313 ast

79 367 163 442 pictis
177 364 324 423 matutinis
345 365 458 438 hymnis
475 366 576 422 iterum
591 372 767 423 revertuntur
781 366 816 424 ad
834 383 881 425 sa-
896 372 922 434 Α
936 384 1079 443 emergens
1093 372 1219 443 quaedam
1242 373 1423 431 redundantia
1441 375 1594 433 humorum
1619 387 1735 437 natura-

78 475 192 531 muurq,
207 459 236 515 ia
251 458 330 515 illam
346 456 831 529 cansamnihilominusincident'es,
846 461 882 518 ab
936 463 1006 520 lium
1030 464 1147 537 polluat,
1174 466 1215 522 rel
1241 467 1333 524 illusio
1362 478 1523 541 corrumpat
1540 470 1672 541 inimici,
1698 474 1739 529 rel
1806 473 1817 489 ‘

77 570 164 629 quatu
181 554 411 624 compescendam
433 554 491 612 haec
505 570 521 611 a
543 553 699 611 senioribus
714 555 818 611 nostris
840 569 885 612 so·
936 566 1010 615 certe
1031 559 1205 617 intercedens
1219 561 1302 618 etiam
1317 563 1377 634 puri
1394 579 1425 620 ac
1440 564 1575 637 simplicis
1588 567 1680 622 somni
1696 582 1740 624 re-

78 650 211 708 lemuitas
231 648 423 707 institutaest.
440 650 624 723 titanumque
642 648 713 706 hora
737 665 800 706 eam
823 664 885 706 cou-
937 649 1018 710 lectio
1034 654 1218 728 interrumpat
1241 656 1354 728 spiritus
1370 658 1456 715 nostri
1471 658 1621 726 fervorem,
1642 677 1674 718 ac
1696 671 1738 719 te-

79 761 225 804 summare
240 744 395 813 festinant,
411 762 464 818 qua
478 744 724 818 negligentioribus
738 746 885 818 minusque
933 738 1059 818 'petartos
1072 750 1163 806 somni
1178 757 1288 822 torpore
1299 766 1347 822 per
1361 759 1451 808 totum
1467 753 1522 810 diei
1533 755 1653 825 spatium
1666 755 1740 812 iuer-

76 839 206 897 sollicitis
219 855 332 896 rursum
347 837 505 895 dormiendi
521 836 654 896 reddatur
668 838 785 895 occasio.
803 836 883 910 Quod
936 847 978 896 tes
995 840 1123 913 deinceps
1138 843 1307 915 ignavosque
1326 843 1458 900 traducat.
1473 846 1554 916 Quod
1570 848 1689 920 AEgy·ptil
1704 864 1739 905 ue

79 931 253 991 omnimodis
270 931 328 988 lieri
352 947 409 988 non
431 941 555 1005 oportet,
570 933 641 989 sicut
655 933 683 989 iu
699 932 789 989 libello
803 946 883 1002 supe·
936 931 1092 1002 incurrant,
1107 934 1235 1006 equidem
1255 952 1319 992 curn
1340 939 1445 994 soleant
1466 940 1548 996 certis
1570 944 1740 1013 temporibus

78 1027 150 1085 riori
165 1027 351 1085 describentes
367 1028 558 1101 AEgyptiorum
573 1027 699 1099 synaxim
719 1027 827 1099 plenius
836 1040 883 1082 ex·
937 1026 1021 1082 etiam
1036 1035 1099 1083 aute
1122 1028 1259 1101 gallorum
1283 1037 1397 1086 cantum
1424 1048 1603 1106 consurgere,
1622 1039 1634 1068 ²
1655 1038 1738 1094 blissa

79 1122 244 1193 posuimus,
271 1135 305 1177 ne
320 1120 543 1193 purificationem
562 1127 687 1176 nartraux
711 1119 884 1178 confessione
937 1121 1070 1178 canonica
1086 1121 1239 1188 celebrata,
1255 1138 1342 1194 usque
1357 1124 1391 1181 ad
1406 1125 1497 1182 lucem
1518 1121 1531 1160 θ
1547 1137 1608 1199 past
1623 1128 1683 1186 hacc
1698 1131 1738 1186 vi·

80 1214 200 1288 supplici
224 1221 252 1270 et
274 1212 445 1271 antelucanis
460 1212 631 1269 orationibus
645 1214 828 1285 acquisitum,
842 1213 883 1270 vel
937 1215 1016 1289 gilius
1030 1216 1193 1283 extendunt,
1217 1226 1248 1272 ut
1263 1233 1310 1274 eos
1324 1220 1518 1291 superveniens
1542 1221 1589 1277 lux
1604 1224 1739 1280 matutina

636 1358 765 1414 hinnul
784 1359 898 1414 GhZAEI
915 1358 1195 1415 COMMENTARIUS.

81 1480 164 1537 detur
176 1479 344 1551 pausationi,
360 1478 389 1535 id
401 1486 454 1547 est,
469 1479 553 1550 quieti
570 1488 597 1534 et
610 1495 732 1545 sommo,
747 1479 815 1536 dicit
836 1501 842 1537 :
857 1486 887 1536 ut
941 1490 1031 1549 rtem;
1046 1497 1102 1537 nan
1117 1490 1209 1538 tamen
1224 1482 1285 1539 ideo
1299 1482 1570 1545 damnandumcum
1583 1484 1740 1556 huiusmodi

76 1553 140 1623 jam
153 1553 263 1621 dqcsti,
276 1550 304 1606 id
318 1557 372 1617 est,
389 1549 448 1620 jam
459 1551 581 1606 decoctis
595 1550 665 1607 cibis
678 1559 761 1622 atque
775 1550 888 1622 deposi-
941 1553 1119 1609 accidentalia
1142 1569 1192 1625 pro
1210 1562 1380 1626 temporum,
1404 1554 1538 1622 locorum,
1557 1571 1590 1611 ac
1611 1571 1741 1626 persona·

82 1624 121 1679 tis
132 1623 248 1678 leuiores
262 1619 356 1679 eflecti
370 1635 386 1677 a
400 1621 533 1693 gravitate
549 1621 689 1693 ciborum,
704 1627 817 1692 surgant
829 1638 889 1693 per·
941 1639 1004 1680 rum
1019 1622 1176 1681 diversitate
1190 1623 1270 1681 facile
1286 1634 1442 1694 mutentur3
1458 1627 1610 1696 praesertim
1630 1642 1694 1682 cum
1713 1625 1741 1682 id

81 1694 179 1766 uigiles
197 1702 226 1748 et
243 1694 350 1748 alacres
369 1691 404 1748 ad
425 1690 549 1748 cilicium
573 1692 698 1748 ditinum
713 1692 811 1749 devote
825 1709 888 1764 per·
944 1694 1046 1750 lactum
1069 1695 1194 1751 uideatur
1212 1694 1329 1766 duplici,
1355 1711 1440 1768 eaque
1465 1697 1577 1767 provida
1602 1698 1708 1752 ratione
1733 1716 1739 1751 :

81 1765 239 1837 agendum,
252 1765 331 1834 juxta
346 1762 413 1818 illud
424 1766 461 1818 D.
473 1764 634 1837 Hieronymi
648 1766 757 1834 (Epist.
770 1769 787 1819 t
796 1775 804 1829 )
819 1784 825 1818 :
843 1765 889 1820 Ad
943 1765 1035 1836 primo
1050 1766 1086 1820 ob
1100 1766 1298 1837 prolixitatem,
1315 1781 1364 1821 seu
1379 1775 1561 1838 augmentum
1579 1767 1664 1823 divini
1680 1767 1741 1824 oiu-

83 1839 233 1892 orationem
249 1835 302 1890 tibi
315 1838 390 1889 nocte
407 1838 536 1903 surgenti,
555 1850 608 1889 reon
627 1836 770 1905 indigestio
783 1807 927 1890 mictumB
944 1836 992 1901 cii,
1008 1837 1160 1906 praesertim
1179 1836 1341 1907 lectionum,
1356 1838 1582 1908 antiphonarum,
1606 1846 1674 1905 etex,
1691 1839 1742 1893 ad·

82 1910 183 1975 (nond,
198 1907 245 1961 sed
260 1908 391 1960 insanas.
407 1906 553 1988 Sequitur:
567 1906 641 1974 Quod
655 1911 807 1961 terrorestat
817 1904 890 1974 (sci-
944 1907 1010 1963 ditis
1025 1907 1137 1979 iusuper
1151 1909 1182 1962 B.
1198 1907 1333 1980 Virginis,
1352 1922 1402 1963 uec
1416 1924 1471 1963 nou
1486 1907 1681 1966 detunctorum
1699 1909 1741 1965 ol-

83 1979 151 2034 licet
165 1976 309 2047 temporis)
322 1981 382 2047 post
401 1978 522 2046 uigilias,
538 1975 566 2031 id
582 1985 633 2042 est,
647 1984 811 2032 nocturnum
826 1976 889 2032 osli·
944 1977 1024 2043 ficiis,
1049 1978 1202 2049 multisque
1223 1979 1405 2048 psalmorum,
1421 1979 1600 2043 orationum,
1622 1996 1742 2035 coniure-

82 2050 175 2117 cium,
190 2065 208 2102 a
226 2049 370 2115 tratribus,
383 2049 565 2117 quipuulterii
574 2049 615 2101 rei
630 2049 770 2103 tertiarium
782 2048 890 2118 aliquid
943 2050 1131 2105 monatianum
1146 2048 1354 2121 appendicibus,
1371 2057 1398 2102 et
1412 2049 1607 2104 additamentis
1617 2050 1649 2105 de
1660 2066 1741 2112 novo,

82 2121 221 2189 indigent,
237 2119 265 2174 id
283 2120 525 2187 est,apushabeut
534 2119 641 2188 aliquid
655 2120 780 2189 psalterii
791 2120 833 2173 cet
851 2120 890 2174 te·
944 2128 972 2176 et
992 2134 1121 2176 successu
1145 2119 1277 2190 temporis
1302 2119 1452 2187 institutis,
1482 2119 1584 2190 quibus
1603 2121 1743 2189 explendis

83 2193 205 2246 ctiornnn
217 2191 310 2259 tepere,
326 2192 495 2260 perscrutari
508 2195 556 2244 uut
575 2191 725 2259 piraoidere,
739 2190 779 2245 ait
792 2190 892 2246 Turre·

81 2268 236 2326 crematus,
250 2261 421 2315 meditationi
432 2263 605 2322 inscrutatur,
627 2259 654 2315 id
669 2268 722 2323 est,
747 2261 891 2332 impenda-

87 2338 148 2387 tur.
167 2331 223 2387 Ubi
242 2330 407 2402 Smaragdos
428 2331 520 2387 hbbas
541 2338 568 2386 et
588 2331 701 2402 liegxrlae
723 2331 857 2402 interpres
882 2348 889 2385 :

84 2405 146 2459 Noa
160 2403 214 2465 tric,
232 2401 330 2471 inquit,
341 2400 467 2465 dormire,
480 2404 549 2457 sicut
558 2402 669 2471 quidum
680 2403 785 2466 colunt,
800 2401 891 2458 beatus

84 2474 258 2535 Benedictus,
275 2472 324 2527 sed
340 2473 456 2540 ur'qiiare
469 2472 564 2544 y'ubet;
585 2489 636 2527 riou
661 2475 690 2527 ia
712 2473 806 2527 tectulo
828 2487 892 2528 sone

85 2546 235 2616 quiescere,
255 2542 303 2598 sed
321 2544 493 2599 meditationi
505 2543 583 2613 jubet
596 2546 733 2598 inseruire.
754 2545 891 2614 Scriptum

84 2619 124 2671 est
137 2617 209 2670 euim
229 2633 238 2668 :
253 2616 285 2669 in
295 2613 391 2669 lectula
403 2630 460 2669 meo
472 2616 592 2684 qrroesici,
608 2618 634 2668 et
648 2629 700 2668 oon
710 2617 800 2669 irmeni
813 2615 890 2669 iilum

86 2686 180 2751 (Cant.
192 2699 228 2741 ιιι
237 2685 257 2747 i.
272 2686 332 2741 Non
340 2686 549 2741 ministratum
561 2685 710 2740 canentium
721 2686 891 2754 voluptatum

86 2758 201 2813 dilectus
222 2756 344 2813 Christus
360 2757 504 2820 amentur,
519 2756 566 2812 sed
584 2758 613 2810 in
628 2755 762 2810 laboribus
782 2757 889 2819 mustis,

87 2828 208 2884 rametis
228 2829 313 2881 sacris
329 2829 354 2881 et
374 2827 474 2883 mebris
488 2827 670 2893 metientium
690 2829 782 2881 rianio
807 2829 893 2881 somni

87 2904 201 2970 torpore,
212 2898 260 2954 scd
270 2898 300 2951 in
308 2898 469 2966 viqriiarum
478 2901 605 2960 aratione,
616 2902 641 2952 et
651 2899 779 2952 orationis
791 2899 892 2952 inruu-

87 2974 134 3025 rur
153 2969 361 3040 sonrpursctione.
385 2970 453 3024 hirec
471 2969 660 3039 smaragdus,
682 2968 769 3024 citans
793 2967 892 3025 deiude

86 3039 161 3096 huuc
181 3038 307 3096 Cassiam
323 3039 435 3105 locum,
451 3039 478 3094 iu
494 3055 548 3112 quo
570 3054 719 3095 versamur.
737 3038 891 3095 subscribit

944 2190 1119 2247 commodius
1145 2199 1172 2245 et
1189 2189 1328 2246 salubrius
1352 2190 1442 2246 visum
1457 2199 1515 2257 est,
1538 2192 1692 2262 praesertim
1713 2192 1743 2247 iu

944 2259 1042 2319 diebus
1071 2260 1303 2327 solemnioribus,
1331 2261 1521 2332 tempestivius
1544 2276 1629 2333 quam
1650 2259 1742 2317 media

944 2340 1025 2389 nocte
1039 2331 1074 2388 ad
1089 2341 1241 2389 nocturnas
1255 2347 1380 2404 surgere,
1397 2331 1529 2396 secundo,
1540 2347 1573 2386 ex
1589 2334 1640 2387 hac
1657 2333 1741 2389 etiam

945 2402 1118 2465 diversitate,
1137 2411 1164 2458 et
1184 2402 1315 2458 varietate
1328 2403 1397 2458 illud
1411 2403 1594 2476 sequitur,.ut
1615 2403 1741 2472 assidue,

946 2482 973 2529 et
987 2474 1122 2530 omnibus
1141 2473 1217 2529 horis
1232 2482 1290 2530 tam
1306 2475 1449 2530 nocturnis
1464 2490 1549 2546 quam
1565 2474 1671 2530 diurnis
1686 2475 1744 2531 lau-

946 2543 1026 2601 detur
1040 2548 1127 2608 Deus,
1143 2552 1170 2600 et
1186 2544 1261 2599 nulla
1276 2560 1339 2616 pars
1354 2546 1444 2600 noctis
1457 2560 1472 2601 a
1494 2544 1573 2601 laude
1587 2544 1677 2600 divina
1694 2562 1741 2601 ra-

946 2623 1000 2682 cet,
1018 2614 1139 2671 cumalii
1155 2614 1222 2671 alias
1241 2614 1331 2670 noctis
1345 2623 1435 2685 partes
1453 2615 1611 2688 vigiliasque
1626 2616 1679 2670 sibi
1693 2616 1744 2671 de-

949 2685 1073 2755 legerint,
1090 2699 1140 2740 nec
1162 2685 1247 2740 ullam
1263 2700 1357 2740 earum
1375 2701 1486 2755 prorsus
1500 2687 1742 2755 praetermiserint;

946 2770 1012 2811 nam
1023 2756 1108 2811 nrulti
1120 2763 1193 2810 certe
1202 2754 1255 2810 hoc
1264 2763 1400 2827 tempore,
1411 2756 1459 2827 qui
1476 2755 1604 2826 privatim
1617 2757 1743 2812 osticium

946 2827 1073 2891 recitant,
1088 2826 1207 2897 primam
1222 2826 1312 2881 noctis
1326 2825 1473 2881 observant
1492 2826 1629 2896 vigilianx3
1644 2843 1744 2882 seexru-

947 2897 1012 2954 dam
1027 2906 1054 2953 et
1077 2897 1190 2952 tertiam
1209 2896 1342 2968 Religiosi
1367 2895 1421 2952 lere
1446 2904 1595 2967 occupant,
1615 2905 1744 2967 quartam

945 2969 1133 3025 communiter
1168 2968 1291 3025 ecclesiae
1319 2966 1488 3023 cathedrales
1520 2975 1548 3021 et
1576 2966 1743 3038 collegiatre3

945 3048 1028 3112 atque
1043 3039 1080 3096 ita
1092 3038 1115 3095 si
1130 3053 1186 3095 nou
1200 3038 1235 3096 ab
1250 3037 1367 3103 iisdem,
1388 3047 1462 3095 certe
1474 3055 1491 3095 a
1505 3038 1621 3093 dirersis
1637 3038 1687 3093 Dei
1706 3038 1746 3094 ta-

87 3111 172 3167 etiam
194 3113 223 3167 S.
244 3108 423 3182 hildegardis
438 3110 466 3166 iu
487 3109 669 3180 explicatione
696 3109 825 3183 arguta,
842 3110 890 3166 ubi
946 3111 1031 3168 mulis
1047 3109 1141 3167 laudes
1154 3110 1254 3167 divine
1267 3109 1383 3181 siugulis
1397 3109 1539 3165 nocturnis
1553 3109 1576 3163 xi
1597 3109 1651 3166 iliis
1671 3110 1745 3166 cele-

85 3197 120 3239 ex
138 3181 289 3251 praemissis
303 3179 428 3252 ejusdem
438 3181 529 3237 verbis
540 3179 641 3236 inlert:
658 3182 810 3238 Notandum
821 3181 893 3251 qrrad
910 3184 933 3248 c
951 3182 1073 3250 breutur,
1103 3188 1135 3237 ut
1166 3180 1320 3237 observavit
1356 3179 1477 3236 Thomas
1507 3126 1663 3236 waldensis
1695 3181 1742 3237 tib.

87 3255 189 3308 tamin
200 3256 301 3314 astur,
314 3266 397 3320 piram
410 3253 439 3305 in
451 3252 544 3314 herne,
557 3252 657 3307 scilieet
670 3254 698 3305 in
709 3253 795 3305 tribus
803 3253 894 3308 tectio·
949 3268 1072 3310 xxxvrxx
1082 3251 1115 3307 de
1123 3253 1319 3308 Sacramental.
1332 3267 1392 3322 cap.
1405 3250 1524 3307 ravidi
1535 3254 1688 3308 saranum
1697 3252 1744 3308 lib.

84 3325 182 3386 nibus,
196 3328 221 3378 et
235 3325 314 3378 etiam
323 3338 382 3377 cum
396 3339 450 3378 uno
465 3324 575 3386 dicitur,
596 3324 699 3389 tratres
713 3337 758 3376 nec
770 3327 832 3392 past
846 3339 895 3378 na·
950 3323 984 3379 de
994 3326 1071 3380 Orat.
1088 3338 1148 3394 cap.
1160 3330 1176 3378 3
1191 3331 1217 3378 et
1226 3328 1253 3377 4.

83 3399 207 3457 dismas,
223 3398 334 3464 nccpost
346 3396 504 3456 matutinas,
520 3394 557 3448 ad
569 3394 664 3447 iactum
679 3392 716 3446 ud
725 3394 896 3463 pausandum
987 3397 999 3426 ¹
1017 3395 1079 3449 Hoc
1097 3401 1150 3460 est,
1169 3392 1261 3449 allicio
1276 3392 1444 3459 uratutinali,
1466 3408 1516 3449 seu
1531 3402 1668 3450 nocturno
1684 3410 1745 3466 per-

82 3466 215 3522 redibont
227 3483 236 3518 :
249 3465 296 3519 sed
305 3467 345 3518 ita
357 3466 547 3534 postmediam
561 3469 661 3519 rmctun
676 3469 818 3519 nocturnus
828 3467 896 3535 riqi-
950 3473 1022 3529 acto,
1036 3472 1063 3520 et
1077 3462 1200 3520 dimissis
1210 3463 1352 3531 fratribus,
1361 3471 1393 3519 ut
1402 3480 1483 3536 supra
1500 3463 1607 3519 dictum
1623 3475 1673 3520 est.
1827 3511 1829 3515 .

84 3539 139 3593 iius
154 3540 270 3605 remoque
285 3539 402 3605 tempore
421 3538 473 3591 tem
492 3536 612 3597 mabam,
632 3534 703 3604 quod
717 3535 821 3591 Laudes
834 3536 896 3606 jum
986 3529 1042 3592 bld
1053 3544 1104 3604 est,
1120 3534 1211 3591 adhuc
1227 3535 1390 3606 pervigilant
1405 3536 1433 3590 iu
1451 3534 1574 3591 oratione
1584 3543 1611 3589 et
1626 3535 1745 3592 medita-

85 3611 238 3669 cnntantes,
250 3607 445 3662 ittuoescentem
481 3610 532 3661 rein
555 3607 685 3660 uiderent.
703 3609 738 3662 Et
753 3621 804 3676 pro
825 3611 895 3662 recto
949 3606 1034 3663 tione.
1048 3609 1089 3662 De
1111 3606 1212 3678 quibus
1226 3606 1325 3677 vigiliis
1338 3607 1494 3677 spontaneis
1507 3622 1658 3679 earumque
1673 3606 1747 3663 mul-

84 3680 217 3749 dr'sposr'to
232 3682 439 3747 temperamento
452 3693 504 3732 non
516 3677 714 3747 quatiebamur,-
729 3677 776 3731 sed
794 3678 895 3746 qauda-
949 3677 1037 3749 liptici
1058 3676 1191 3740 utilitate,
1208 3677 1362 3749 praesertim
1381 3676 1417 3733 ad
1431 3677 1586 3733 custodiam
1600 3678 1745 3743 castitatis,

86 3751 163 3813 bant,
180 3750 248 3820 quia
262 3750 346 3803 etiam
360 3749 487 3819 amphus,
503 3764 583 3818 priam
598 3748 686 3803 media
700 3751 783 3810 nacte,
794 3763 896 3818 pauso-
950 3763 1013 3822 quae
1025 3748 1167 3804 hic'etiam
1179 3749 1403 3814 commendatur,
1418 3749 1549 3804 nonnul'a
1562 3758 1626 3804 suut
1637 3749 1683 3804 hic
1694 3763 1745 3802 an-

85 3824 159 3876 tioue
172 3821 261 3888 sacta,
276 3822 303 3873 et
313 3819 411 3874 deinde
421 3834 543 3882 cenosa,
554 3820 630 3873 hamo
637 3822 728 3888 pastea
739 3819 857 3887 uiqiians
867 3822 896 3874 in
950 3819 1070 3876 notanda
1081 3821 1127 3876 SS.
1138 3821 1253 3875 Patrum
1265 3819 1394 3892 sutfragia
1410 3819 1474 3875 huic
1485 3818 1745 3875 iococouseutauea.
1831 3855 1833 3859 ν

85 3893 192 3947 uiribus
206 3893 264 3946 mis
276 3904 328 3960 pra
340 3890 383 3944 tris
394 3890 497 3958 erqiiiis
511 3905 562 3945 non
578 3888 747 3952 debilitetur,
756 3890 896 3959 utpraedi-
949 3889 1291 3947 S.liilariusinPsaimum
1303 3905 1397 3947 cxxxix
1414 3909 1419 3944 :
1433 3893 1552 3947 «diener
1565 3890 1612 3956 sni
1619 3893 1747 3943 necteria-

85 3966 162 4018 ctum
170 3967 220 4018 est.
232 3962 301 4017 Haec
311 3960 368 4018 ille.
949 3964 1028 4017 minis
1043 3964 1094 4024 tui,
1110 3964 1228 4016 Domine.
1246 3984 1257 4011 n
1273 3963 1328 4018 Scit
1349 3962 1480 4031 ihopbeta
1497 3965 1620 4014 nocturno
1636 3964 1750 4029 ternprore

125 4035 214 4089 Porro
229 4031 302 4104 quod
318 4029 354 4086 ad
369 4031 483 4089 alteram
495 4031 560 4088 auni
576 4038 694 4100 partem,
705 4042 806 4101 nempe
816 4037 894 4087 asta·
949 4032 1038 4086 diuini
1045 4047 1098 4087 esse
1112 4033 1213 4087 anobis
1228 4031 1609 4093 rionrinisreccrdandumrscit
1624 4034 1680 4083 tum
1688 4045 1748 4082 mu·

86 4110 161 4171 term
176 4103 286 4166 attinet,
297 4117 383 4172 quam
397 4118 413 4159 a
428 4102 560 4158 Paschate
580 4099 711 4170 usquead
725 4099 896 4170 supradictas
950 4104 1023 4157 aime
1040 4102 1189 4156 untedium
1203 4100 1749 4170 Deiieyisanabisesseretinuutum,cum

86 4173 227 4230 kalendas
241 4173 403 4230 novembris
419 4173 542 4230 extendit
558 4178 652 4226 noster
667 4173 700 4224 D.
718 4170 895 4240 Benedictus,
950 4173 1095 4241 subrepunt
1114 4175 1202 4225 ammo
1216 4174 1330 4240 impura
1348 4171 1528 4239 cupiditates,
1547 4184 1605 4222 cum
1619 4171 1746 4224 uitiorum

87 4244 202 4311 statuit,
218 4244 309 4300 harum
322 4246 480 4315 oiqiiiamm
498 4243 664 4315 aqmdarum
676 4244 714 4296 sic
733 4257 786 4297 esse
803 4246 897 4313 tempe-
949 4242 1057 4298 stimuli
1069 4257 1116 4311 per
1124 4256 1212 4296 reeens
1221 4244 1387 4309 assumptum
1397 4240 1481 4294 eibum
1496 4255 1589 4309 carmes
1597 4242 1745 4309 eaaqitaat,

86 4317 219 4379 randum,
234 4315 262 4371 id
279 4321 334 4383 est,
351 4332 401 4386 pro
415 4316 523 4372 ratione
540 4313 672 4384 temporis
687 4312 771 4368 modo
790 4317 897 4369 accele-
951 4317 1008 4368 ium
1025 4314 1074 4367 Dei
1085 4328 1179 4367 namen
1203 4310 1399 4366 recordandum
1418 4316 1473 4373 est,
1494 4315 1551 4365 tum
1575 4312 1750 4366 custodimur

86 4387 221 4452 raudam,
231 4385 316 4442 modo
326 4386 491 4443 tardandum
507 4393 552 4441 :ut
562 4385 847 4454 breuissimotemporis
857 4386 897 4438 in·
950 4384 995 4439 lec
1013 4383 1070 4453 ey'us
1085 4387 1134 4445 cst,
1146 4382 1325 4453 pudicitiam,
1341 4384 1539 4445 continentiam,
1562 4384 1682 4438 timorem
1701 4386 1751 4438 Dei

87 4457 665 4529 tmuiio,qua!ratresadrequisitanaturoe
671 4456 898 4526 cacantiuterpa-
949 4459 1078 4510 statuens.
1090 4455 1169 4511 Nevit
1181 4455 1228 4508 hae
1242 4455 1377 4524 precipue
1386 4458 1503 4524 tempore
1513 4456 1654 4510 Dominum
1668 4470 1749 4508 arau-

85 4531 306 4593 sannuncurt,
320 4529 408 4598 idest,
415 4527 560 4585 matutinae
566 4526 685 4592 Laudes,
693 4528 835 4596 incipiente
842 4527 897 4581 tuce
911 4557 937 4620 D
951 4525 1463 4596 dum,deprecundum,prcmcrendum,
1475 4525 1563 4580 diceus
1576 4526 1661 4579 alibi:
1675 4527 1751 4580 «La-

87 4601 297 4671 subseqxruatur.
307 4600 414 4671 Quibus
423 4596 750 4656 verbisinnuerexidetur
762 4597 798 4652 ab
808 4596 897 4653 brevi·
949 4597 1015 4652 caba
1027 4597 1205 4667 persingulas
1219 4601 1304 4652 noctes
1318 4597 1411 4651 tectum
1425 4612 1521 4651 menni.
1538 4619 1550 4642 a
1561 4599 1617 4652 Non
1628 4599 1748 4665 estpcri-

86 4667 896 4728 tatemnoctiumaestiuarumnoumodnbreviandumetiam
950 4669 1037 4723 culoso
1049 4673 1239 4723 montaneorum
1253 4669 1408 4735 eiqitrorum
1422 4670 1475 4721 otia
1490 4670 1596 4721 animus
1619 4668 1749 4720 releuan-

87 4740 217 4798 nilicium
232 4752 414 4810 nocturnum,
430 4750 462 4799 ut
476 4741 520 4808 aa
531 4739 581 4796 sed
596 4738 753 4795 illudetiam
762 4738 896 4810 temporis
950 4739 1011 4802 dus,
1024 4739 1071 4794 sed
1084 4741 1114 4793 in
1127 4739 1299 4802 mationibus,
1310 4740 1339 4791 in
1353 4739 1592 4808 deprecationibus,
1609 4740 1636 4790 iu
1645 4736 1749 4800 carises·

87 4809 897 4888 interstitium,quodaltsolutisnocturuissupererat,usque
950 4811 1068 4865 sionibus
1076 4814 1241 4880 parentorum
1260 4811 1427 4878 acerqiandus
1442 4811 1494 4871 est3
1510 4812 1540 4861 ut
1555 4822 1612 4859 nrm
1630 4807 1747 4859 martine

86 4883 159 4941 duur
175 4884 353 4941 illucescente
370 4884 416 4940 die
431 4882 541 4939 Laudes
556 4881 760 4937 inchoarentur.
780 4883 819 4935 Ex
834 4880 895 4952 qui·
951 4882 1150 4951 carpariseitiis
1160 4882 1326 4949 oportunitas
1341 4880 1433 4938 datter,
1448 4882 1505 4930 tum
1512 4879 1648 4946 precipue
1657 4875 1749 4929 eadem

87 4955 143 5011 bus
158 4954 299 5025 colligitur
314 4955 406 5028 primo
421 4954 529 5011 Laudes
542 4952 706 5025 antiquitus,
722 4959 749 5006 et
764 4958 898 5008 exuetere
952 4953 1021 5006 citio
1028 4951 1127 5004 dirime
1137 4950 1203 5018 lepis
1216 4950 1395 5003 recordatione
1401 4949 1576 5015 frangantur.
1588 4950 1615 5002 S.
1631 4945 1751 5001 Ambro-

86 5025 234 5093 instituto,
249 5035 276 5082 et
290 5028 396 5099 Regula
406 5027 491 5081 etiam
509 5029 544 5081 i).
561 5021 701 5080 Benedicti
717 5020 800 5078 tuisse
814 5038 829 5076 a
845 5038 900 5079 no·
953 5021 1012 5077 sius
1027 5021 1054 5075 iu
1068 5019 1197 5074 eumdem
1209 5018 1308 5074 Psalmi
1319 5017 1485 5073 venientum
1504 5036 1509 5071 :
1524 5019 1590 5074 Cum
1605 5034 1704 5080 somaro,
1724 5022 1749 5072 et

89 5096 203 5153 cturnis
217 5096 313 5171 aliquo
326 5097 459 5180 temporis
468 5095 612 5152 intervallo
621 5100 771 5167 separatas,
783 5100 810 5149 et
819 5108 899 5164 posse
953 5092 1009 5147 cibo
1023 5094 1126 5159 teuent
1139 5105 1259 5161 corpora,
1278 5094 1340 5145 tunc
1361 5091 1442 5144 etiarn
1459 5091 1533 5159 oiqar
1548 5093 1644 5146 mustis
1658 5105 1749 5159 separe
1773 5164 1776 5168 .

89 5168 249 5224 etiamnum
271 5184 406 5251 sepnrarn
433 5166 585 5240 praesertim
608 5164 637 5220 in
660 5163 752 5221 olhcia
778 5163 897 5233 prirat03
954 5163 1076 5225 iuuatur,
1091 5176 1181 5217 samua
1197 5161 1347 5224 resoluitur,
1363 5165 1425 5216 tunc
1440 5163 1535 5231 irrepit
1548 5164 1650 5232 impuri
1667 5160 1749 5214 libido

89 5254 157 5295 cum
174 5238 232 5295 sint
246 5238 384 5296 distractae
399 5238 485 5307 barae,
500 5237 630 5293 distincta
652 5234 752 5302 cilicia,
769 5243 800 5291 ut
819 5250 897 5361 suge·
953 5234 1115 5296 cuncubitus,
1129 5237 1190 5288 tunc
1203 5247 1275 5287 mens
1290 5232 1475 5304 perturbatur,
1492 5238 1517 5287 et
1530 5235 1681 5304 squalorem
1695 5234 1749 5285 im-

90 5310 151 5367 rius
166 5310 274 5367 dictim
292 5319 334 5366 est
352 5329 359 5365 z
379 5309 452 5366 unde
467 5316 495 5364 et
504 5316 646 5365 xxocturuae
664 5307 688 5362 ni
709 5306 773 5368 iliae,
791 5307 850 5361 Lau
869 5321 899 5363 es
953 5306 1096 5360 mrrnditioe
1105 5320 1157 5359 narr
1171 5309 1285 5366 seretur,
1301 5305 1432 5358 castitatis
1444 5306 1552 5373 puritas
1565 5320 1617 5359 raon
1630 5303 1751 5360 conside-

91 5397 161 5437 sero
173 5381 320 5439 matutinae
334 5381 586 5449 etdiurnae,atque
606 5324 708 5434 intere
1208 5450 1212 5458 Ι
1703 5449 1708 5458 .

94 5462 248 5510 censemur
264 5453 406 5520 (nurand.
424 5452 471 5507 tib.
488 5466 508 5505 v
529 5452 617 5508 Ratio.
639 5465 697 5520 cap.
719 5452 775 5505 act
795 5455 828 5512 t;
845 5452 899 5506 Ra·
953 5448 987 5503 do
1004 5449 1087 5502 iudas
1100 5447 1233 5517 prodidit,
1250 5446 1356 5516 quondo
1370 5448 1462 5500 Petrus
1476 5450 1595 5515 negauit.
1607 5448 1656 5503 itio
1667 5450 1752 5515 iqrtur

95 5523 195 5594 duiph.
211 5526 245 5581 de
263 5540 323 5581 can.
340 5524 445 5582 obsera
459 5538 566 5594 propos.
587 5524 752 5588 143Naear.
775 5520 809 5574 de
823 5520 897 5577 Orat.
950 5522 1087 5589 precipue
1098 5524 1149 5573 tem
1168 5533 1211 5573 ore
1218 5517 1423 5586 justificatibues
1437 5519 1486 5571 Dei
1497 5521 1586 5572 anima
1599 5516 1750 5572 retencndre

96 5608 120 5648 c.
143 5598 210 5663 til:
226 5595 361 5665 secundo,
375 5610 431 5651 nan
446 5609 504 5650 esse
519 5592 683 5664 regularem,
699 5591 727 5647 id
742 5597 792 5656 est,
805 5592 899 5663 Regu·
952 5596 1025 5652 sunt,
1036 5534 1179 5659 retependpa
1192 5588 1337 5651 mndata,
1353 5595 1406 5642 etc.
1418 5589 1447 5643 S.
1464 5589 1653 5660 Hieronymus
1667 5589 1753 5660 epist..

97 5665 135 5722 1ae
154 5666 449 5731 nmtrrecoutormem,
465 5673 492 5721 et
507 5672 731 5728 cousentaneum,
746 5677 829 5788 guam
839 5677 900 5718 mn·
955 5666 998 5730 10,
1014 5660 1169 5716 adFuriam
1182 5677 1188 5713 ε
1200 5660 1332 5716 Ardentes
1344 5659 1446 5713 diaboli
1458 5663 1575 5730 sapittic,
1586 5661 1750 5731 ieiuniorum

95 5735 136 5793 do
152 5739 304 5809 sequimur,
321 5738 406 5794 ritum
421 5744 448 5791 et
462 5750 570 5791 morem
584 5733 743 5807 surgendia
784 5741 898 5789 noctur·
953 5737 979 5788 et
1001 5733 1160 5802 eiqiiiamm
1178 5735 1266 5801 ripere
1282 5731 1485 5800 restrinqendae.
1509 5734 1542 5786 Et
1556 5731 1634 5802 epist.
1657 5736 1691 5784 22
1713 5732 1749 5788 ad

94 5823 162 5878 uos,
174 5823 223 5867 seu
242 5809 408 5877 Matutinus,
423 5815 455 5863 ut
468 5821 615 5874 vocamus,
628 5812 691 5863 ante
708 5803 828 5861 mediam
847 5819 899 5860 nn·
953 5803 1152 5861 Eustachium:
1170 5804 1216 5859 Ad
1230 5805 1377 5858 arationem
1391 5801 1442 5855 tibi
1448 5801 1481 5857 de
1489 5807 1563 5857 nome
1569 5803 1688 5869 suranri
1696 5817 1747 5856 raon

711 5393 773 5434 oras
787 5376 901 5434 diurnas
952 5376 1750 5446 ratur,pudicitiieqiorianorrreccnscturhoaceratquun·
1836 5400 1843 5411 ·
