3848 6158
142 217 193 276 iol
419 222 464 277 DE
483 223 721 281 OEENOBlORUll
741 226 861 282 lNSTlT.
884 227 948 282 lla.
968 230 1012 284 lll.
1032 256 1069 271 —·
1089 200 1132 286 uu
1150 229 1288 288 SPllllTU
1308 232 1525 292 CENODOlilAE.
1743 242 1797 299 loa

141 344 211 415 nali,
223 344 271 403 sed
282 344 366 403 etiam
383 346 410 402 in
423 347 548 420 spiritali,
562 350 729 408 monachum
744 350 843 423 pulsat,
858 352 944 410 subti-
958 360 985 424 Α
998 360 1089 413 tutum
1109 357 1198 430 specie
1219 358 1351 417 rictorem
1374 360 1520 419 confodere
1541 368 1568 419 et
1586 362 1711 437 jugulare
1732 381 1797 439 per-

141 441 212 498 liore
232 455 262 498 se
282 441 404 514 nequitia
425 442 551 516 ingerens
577 445 675 512 menti;
700 445 739 501 ita
762 454 792 503 ut
818 448 865 520 qul
888 463 944 505 non
996 457 1090 509 tentat.

141 535 281 608 potuerint
299 535 453 592 carnalibus
470 538 543 593 uitiis
556 536 680 610 decipi,⁸
700 538 867 611 spiritalibus
880 556 943 598 sue·
1300 576 1420 636 CAPUT
1436 581 1475 635 ΠΙ

141 628 263 686 cassibus
276 628 366 685 acrius
376 630 531 688 saucientur
545 651 551 686 :
565 640 698 705 mutoque
714 641 756 689 est
766 636 943 706 perniciosior
1478 620 1486 635 ⁰

141 723 178 782 ad
191 723 361 791 conflictum,
377 733 477 797 quanto
496 726 638 783 obscurior
652 726 686 783 ad
700 728 862 786 carendum.
876 730 944 787 Om-

139 817 219 875 nium
232 833 353 890 namque
365 817 493 874 Vltimum
508 818 685 877 manifestior
695 823 871 894 operumque
883 839 944 879 ⁰011·
1033 834 1141 890 Etenim
1158 843 1257 891 caetera
1272 835 1333 892 vitia
1348 852 1397 894 seu
1412 838 1631 910 perturbationes
1645 839 1795 899 uniformes

140 927 251 987 messus
265 921 317 980 est,
339 921 367 969 et
379 913 405 968 in
423 928 589 987 unoquoque
612 930 708 971 eorum
727 917 943 974 contradictione
996 938 1028 980 ac
1049 924 1187 998 simplices
1209 941 1268 982 esse
1287 926 1423 996 dicuntur,
1443 927 1503 985 haec
1524 945 1587 986 vero
1609 930 1748 1003 multiplex
1768 943 1795 989 ot

140 1008 229 1082 rigida
245 1006 403 1065 confutatus
426 1007 561 1077 incentor,
583 1010 725 1066 invalidior
739 1010 828 1068 factus
846 1011 943 1068 absoe-
997 1016 1173 1075 moltiformis
1192 1035 1223 1075 ac
1245 1022 1329 1086 varia,
1344 1021 1465 1094 undique
1483 1021 1606 1079 bellatori
1625 1031 1700 1080 etex
1719 1027 1793 1081 omni

141 1102 197 1171 det,
213 1102 397 1175 victoremque
410 1117 492 1160 suum
502 1103 622 1175 dejectus
634 1104 804 1161 adversarius
818 1104 943 1178 deinceps
995 1118 1071 1183 parte
1086 1111 1180 1167 victori
1197 1127 1354 1170 occurrens.
1369 1117 1440 1170 Nam
1452 1122 1479 1170 et
1498 1114 1526 1168 in
1539 1115 1645 1181 habitu,
1661 1126 1688 1172 et
1700 1118 1726 1173 in
1740 1117 1795 1174 for-

141 1196 277 1255 inflrmior
287 1194 441 1253 attentabit.
455 1190 533 1252 l’llic
548 1212 612 1253 vero
624 1197 739 1255 morbus
752 1213 815 1255 cum
826 1214 876 1272 pro
890 1200 942 1255 ela·
996 1216 1051 1268 rna,
1073 1202 1100 1257 in
1120 1202 1237 1271 incessu,
1257 1204 1286 1259 in
1305 1219 1380 1273 voce,
1400 1206 1533 1277 inopere,
1546 1205 1574 1261 in
1589 1207 1697 1278 vigiliis,
1712 1210 1739 1265 in
1749 1213 1795 1282 je-

140 1291 330 1348 tionscarnali
344 1291 494 1364 pulsaverit
507 1300 637 1359 mentem,
650 1300 677 1348 et
690 1290 773 1349 fuerit
788 1293 943 1365 responsio·
991 1292 1091 1365 juniis,
1112 1293 1140 1349 in
1162 1294 1295 1362 oratione,
1320 1296 1348 1351 in
1369 1296 1542 1362 remotione,
1564 1297 1592 1352 in
1615 1298 1738 1366 lectione,
1765 1302 1794 1357 in

140 1384 184 1443 nis
202 1394 283 1442 scuto
299 1385 436 1457 repulsus,
454 1399 550 1442 rursus
571 1394 602 1441 ut
618 1385 745 1457 quaedam
764 1385 942 1443 multiformis
994 1386 1113 1457 menna,
1127 1387 1154 1443 in
1164 1387 1358 1460 taciturnitate,
1369 1390 1398 1445 iu
1409 1390 1574 1460 obedientia,
1586 1391 1613 1447 in
1626 1391 1794 1460 bumilitate,

140 1479 272 1555 nouitio,
286 1479 376 1551 priore
391 1477 485 1535 babitu
500 1493 668 1551 personaque
687 1487 801 1549 mutata,
817 1478 870 1537 sub
884 1479 941 1537 rir—
994 1479 1023 1536 in
1037 1480 1253 1555 longanimitate,
1270 1486 1283 1519 ⁰
1299 1483 1412 1540 militem
1430 1482 1532 1542 Christi
1553 1484 1695 1542 vulnerare
1709 1501 1793 1542 cona·

689 1624 817 1681 ALthll
836 1624 949 1680 GAZAEl
968 1623 1246 1683 COMMENTthUS.

140 1755 236 1818 donia,
247 1757 307 1810 lieet
315 1754 495 1823 multiformis
504 1757 684 1826 nomuttiplea
693 1759 771 1820 sinet
780 1759 809 1812 in
819 1758 940 1813 diuersos
954 1761 979 1824 Β
995 1760 1085 1825 uiator
1100 1758 1152 1823 vel,
1168 1766 1198 1813 ut
1210 1758 1249 1813 ait
1266 1761 1300 1814 D.
1316 1758 1445 1826 Thomas,
1461 1776 1521 1815 cum
1539 1764 1598 1831 puis
1613 1762 1748 1831 gloriatur
1759 1764 1793 1817 de

141 1828 238 1899 spectas
245 1826 397 1889 dividatur,
405 1842 501 1896 potera
512 1832 601 1883 tamen
609 1827 665 1896 mus
672 1832 735 1882 straet
742 1829 794 1882 dno
803 1848 811 1882 :
819 1831 941 1899 primum
994 1830 1085 1898 altorio
1096 1831 1179 1896 salso,
1192 1830 1264 1899 quod
1275 1833 1458 1887 contrariatur
1467 1833 1567 1887 diutino
1578 1836 1742 1897 reuerentiae,
1754 1851 1794 1888 se-

139 1913 253 2024 wu
264 1898 421 1952 carnotibus
430 1915 462 1953 ac
471 1901 623 1965 manifestis
635 1900 791 1954 satollimur
801 1901 893 1965 rebus3
906 1916 941 1954 sa·
994 1901 1111 1955 cundum
1131 1902 1200 1955 iilud
1219 1903 1366 1957 Ezechielis
1382 1917 1485 1959 xxviii
1507 1904 1672 1959 :Biennium
1691 1909 1729 1961 est
1748 1922 1793 1960 cor

211 1984 256 2022 um
266 1984 317 2038 quo
321 1983 373 2037 pro
380 1970 569 2039 spiritualibus
577 1974 602 2024 et
609 1971 717 2024 occultis
724 1971 855 2026 desiderio
863 1987 940 2025 oona
994 1974 1086 2031 tuum:
1099 1972 1207 2033 dimisti,
1226 1976 1296 2027 unis
1307 1988 1354 2041 eqo
1367 1990 1436 2029 sam.
1451 1975 1486 2028 lit
1500 1976 1511 2029 l
1525 1973 1558 2029 ad
1571 1975 1634 2030 Cor.
1650 1990 1683 2031 ru
1701 1977 1793 2043 :Quid

140 2040 232 2095 laudis
242 2041 379 2107 tutamur.
392 2039 488 2094 ldemi
508 2040 562 2094 itur
576 2039 629 2095 boc
641 2040 700 2096 loco
712 2041 812 2112 pulsari
823 2042 851 2096 ln
864 2049 939 2112 parte
994 2042 1075 2096 habes
1090 2042 1161 2111 qaod
1180 2057 1232 2097 nori
1251 2045 1394 2112 aremii?
1414 2047 1440 2097 si
1457 2049 1547 2098 autern
1566 2049 1702 2115 occepisti,
1724 2049 1791 2115 qrrid

139 2109 255 2190 carnali,
276 2124 307 2164 ac
325 2125 375 2191 pro
394 2056 547 2165 carnalibus
566 2119 593 2166 et
618 2108 769 2166 manifestis
792 2112 874 2168 rebus
893 2129 938 2168 ex·
991 2114 1129 2181 gloriaris,
1149 2116 1229 2182 amsi
1240 2128 1292 2167 non
1306 2116 1459 2183 occeperis?
1471 2115 1544 2170 Talis
1558 2116 1640 2170 etiam
1655 2118 1789 2185 llcrodes,

140 2181 220 2245 lolli,
245 2178 316 2235 idem
330 2194 358 2236 m
373 2189 472 2251 partes
493 2182 592 2237 irituali
617 2181 726 2254 pulsari,
743 2198 775 2238 ae
793 2199 842 2266 pro
856 2199 870 2238 s
890 2183 936 2238 iri·
991 2183 1034 2238 oui
1055 2199 1119 2239 cum
1137 2183 1165 2238 ln
1177 2183 1283 2239 theatro
1296 2184 1412 2253 superbe
1426 2184 1599 2239 concionanti
1615 2185 1731 2257 populus
1744 2202 1789 2242 aa·

140 2248 263 2334 tualibus
287 2258 316 2306 et
336 2251 448 2334 occultis
471 2198 605 2308 Residerio
628 2268 705 2309 vanae
728 2253 817 2310 laudis
838 2200 934 2310 inffarl.
990 2254 1607 2325 clamasset:lleiroces,elnonbominishlct.
1622 2259 1787 2326 xrrtoscplr.

141 2322 213 2378 Vide
226 2328 325 2404 ¹¹.⁰¹⁸¹⁴‘¹.
334 2336 456 2392 superius
468 2338 500 2378 ex
515 2325 550 2378 D.
565 2323 771 2394 chrysostomo.
991 2325 1086 2394 Antia¹
1096 2327 1115 2380 t.
1126 2340 1180 2380 xxx
1190 2342 1212 2379 c.
1223 2333 1261 2390 tlt,
1272 2327 1410 2391 confestim
1417 2328 1612 2395 pmemsiteum
1623 2327 1733 2394 angelus
1743 2329 1790 2383 lla

177 2395 190 2425 ¹
211 2395 359 2464 Dionysius
378 2393 542 2465 simpliciore
560 2395 640 2466 stylo.
660 2408 688 2449 et
706 2393 740 2449 ad
760 2402 871 2465 captum
889 2411 937 2451 aa·
989 2397 1068 2460 mini,
1083 2412 1111 2451 eo
1124 2397 1196 2465 quod
1207 2411 1259 2451 non
1275 2397 1391 2452 dedisset
1405 2397 1528 2452 mirorem
1540 2400 1613 2452 Deo:
1629 2402 1654 2451 et
1665 2413 1788 2452 coruum-

138 2460 328 2529 oommodato,
345 2462 463 2520 elucidat
479 2482 486 2519 :
501 2468 543 2521 lto
558 2466 629 2535 qnod
644 2466 673 2520 iri
687 2469 735 2536 qui
746 2469 869 2537 superari
884 2483 937 2522 non
987 2470 1051 2536 ptus
1061 2484 1079 2521 a
1089 2469 1222 2522 ommibus
1233 2470 1392 2536 exspiravit.
1406 2470 1520 2524 Ratione
1529 2471 1600 2538 meis,
1612 2484 1671 2523 urm
1682 2472 1788 2538 appeti-

135 2538 265 2607 potcraut
280 2537 396 2604 moraris
416 2537 577 2600 cantatibus
594 2539 683 2591 acrius
703 2538 876 2593 coercerentur
886 2554 936 2608 per
990 2542 1036 2593 tur
1047 2538 1106 2592 laus
1116 2539 1234 2592 bumaria
1245 2537 1276 2593 ob
1286 2540 1366 2606 inem
1376 2540 1524 2601 mortalem,
1535 2544 1567 2593 ut
1577 2541 1602 2594 si
1611 2542 1672 2608 orris
1682 2540 1789 2594 laudari

137 2606 658 2678 oonamploriameaopiritualibussuis
700 2609 933 2678 osccnbnsortom.
990 2612 1104 2678 oppetit,
1125 2614 1174 2663 aut
1194 2613 1308 2679 seipsum
1332 2610 1437 2671 laudnt,
1459 2614 1490 2664 ut
1511 2615 1687 2678 consopiretur
1709 2613 1788 2679 tinem

137 2676 188 2733 llis
201 2684 263 2747 apte
275 2676 442 2747 respondent
453 2693 515 2760 quae
528 2678 567 2734 de
575 2624 735 2735 coenoJJorxia
749 2679 845 2735 scribit
857 2682 937 2735 ioan·
990 2680 1127 2733 carnatem
1137 2682 1338 2746 soniicrrtiorns,
1349 2685 1397 2733 out
1408 2681 1485 2734 aliud
1493 2682 1595 2746 simile;
1607 2685 1655 2735 aut
1667 2683 1787 2735 intentio·

137 2762 187 2804 nes
200 2748 342 2804 Climacus'
351 2747 435 2819 gradu
449 2749 578 2819 vigesimo
593 2750 693 2820 primo,
712 2749 757 2806 ubi
769 2766 830 2806 earn
844 2750 880 2806 ita
891 2751 936 2807 de·
990 2765 1049 2804 narn
1063 2765 1141 2804 suam
1155 2752 1240 2816 refert
1252 2749 1289 2804 ad
1302 2766 1400 2804 acriam
1413 2751 1535 2818 gloriam,
1549 2755 1688 2818 tamquam
1699 2752 1736 2804 art
1747 2754 1788 2805 ul·

138 2818 223 2890 pingit
242 2835 249 2872 r
265 2818 417 2875 Cenodooia
430 2825 469 2874 cst
481 2821 602 2875 laborum
616 2822 770 2891 dissipatio,
785 2822 936 2877 studiorum
989 2823 1084 2875 binum
1102 2824 1190 2890 trum,
1202 2837 1255 2890 pro
1277 2836 1328 2888 qao
1342 2822 1382 2874 uel
1398 2821 1577 2889 eoruscarrendo
1596 2822 1637 2874 col
1652 2823 1787 2876 retinendo

135 2891 263 2961 perditio,
278 2891 462 2946 thesaurorum
477 2893 594 2955 insidiis,
613 2894 643 2946 iu
655 2898 735 2962 portu
747 2895 933 2961 ncrrfraptam,
985 2896 1104 2961 paratus
1113 2897 1153 2946 est
1161 2892 1318 2961 transgredi
1322 2893 1364 2944 eol
1371 2894 1460 2961 reipsa
1469 2893 1788 2961 traicerentur-aliquod

137 2961 167 3016 in
176 2977 240 3016 oreo
250 2963 376 3029 formica,
384 2965 511 3031 quoe,ctsi
518 2965 603 3017 tenuis
613 2968 661 3025 est,
672 2964 936 3019 laboribusomnibus
984 2966 1149 3032 praecaptum
1160 2962 1283 3017 divinum
1293 2980 1301 3014 :
1310 2963 1400 3031 quoles
1411 2968 1489 3017 oront
1497 2963 1578 3017 multi
1585 2978 1618 3016 ea
1623 2964 1788 3031 primoribus

136 3035 161 3088 et
167 3033 305 3100 fructibus
312 3033 468 3087 insidiatur.
475 3037 619 3103 Euspcctct
626 3035 935 3105 tormiccdnmpertlcin-
988 3033 1153 3095 iudeorum,
1164 3034 1197 3087 de
1208 3034 1304 3102 arcibus
1315 3035 1426 3087 Iouernis
1437 3047 1484 3088 xxx
1497 3033 1597 3087 dicitur
1608 3051 1616 3087 ε
1629 3034 1788 3088 lnlcnenrut

137 3106 182 3159 tur
194 3105 325 3166 triticum,
341 3104 487 3159 corodoaia
499 3120 560 3160 voro
574 3104 638 3159 dum
655 3109 847 3175 congregentur
860 3122 933 3176 opos;
950 3132 972 3196 C
989 3107 1075 3173 magis
1084 3106 1196 3174 gloriam
1206 3105 1343 3160 hominum
1354 3105 1558 3174 quamplom'cm
1567 3105 1627 3169 llei3
1639 3112 1666 3156 ot
1675 3119 1733 3175 cap.
1746 3120 1784 3160 v:

105 3220 109 3227 .
135 3174 235 3244 goumt
248 3175 297 3228 illa
312 3178 343 3228 ut
356 3176 475 3242 furetur,
489 3177 544 3230 boec
555 3180 644 3229 catam
655 3181 687 3229 nt
699 3177 826 3246 dissipem
837 3177 936 3244 gaudet
991 3176 1124 3242 monada
1134 3190 1178 3229 uos
1188 3178 1299 3245 potestis
1314 3176 1427 3237 medere,
1439 3177 1488 3245 qui
1498 3174 1613 3243 gloriam
1625 3174 1660 3228 ob
1673 3176 1785 3230 iricioem

136 3246 331 3314 desperationis
338 3247 461 3315 spiritus,
471 3262 531 3300 oum
540 3247 614 3300 oialct
623 3247 801 3315 multiplicari
808 3248 937 3313 eitic3oe-
989 3247 1123 3315 aoeipitis,
1136 3250 1161 3300 et
1177 3246 1291 3314 gloriam
1303 3261 1363 3315 quie
1377 3246 1460 3300 asoto
1472 3249 1525 3302 Deo
1538 3250 1585 3308 est,
1599 3261 1652 3299 non
1664 3249 1785 3315 auaritia

135 3315 331 3380 nodocmoero,
340 3332 399 3370 oum
408 3317 708 3386 uirtutesrnultiplicori
715 3312 797 3372 sidet.
807 3319 842 3372 Et
851 3316 934 3372 infra:
991 3314 1028 3387 (S.
1043 3316 1134 3371 Thom.
1146 3317 1195 3371 ubi
1205 3317 1315 3386 supra)?
1326 3315 1376 3371 His
1388 3323 1462 3371 certe
1471 3314 1578 3371 casibus
1588 3314 1659 3370 haud
1673 3314 1784 3371 dubium

137 3387 560 3445 Cereodoaicomnidusstadiisa
581 3387 701 3457 gaudet:
714 3388 900 3457 recoloratio,
913 3391 938 3442 si
989 3393 1031 3441 est
1053 3385 1231 3441 cenodoxiam
1255 3401 1302 3442 seu
1322 3386 1431 3441 inanem
1451 3386 1563 3458 gloriam
1587 3386 1702 3441 mortale
1727 3402 1785 3442 esso

130 3458 237 3529 icium,
248 3460 363 3513 inaniter
372 3456 522 3527 gloriamsi
529 3405 668 3530 spientim
676 3461 796 3521 uestitus,
806 3460 897 3513 uincor
906 3475 937 3513 ea
1039 3463 1141 3525 catum,
1165 3465 1192 3511 et
1212 3456 1329 3513 militem
1351 3455 1462 3525 Christi,
1483 3465 1514 3511 ut
1530 3461 1633 3512 Auctor
1653 3456 1784 3526 loquitur,

132 3533 223 3601 peste3
240 3530 355 3584 siuilius
373 3530 485 3598 induor,
499 3531 585 3586 denuo
598 3531 713 3599 gloriam
727 3533 753 3584 si
767 3531 872 3601 loquar,
887 3531 937 3585 trac
1013 3527 1127 3584 thaliter
1146 3529 1296 3592 autumare,
1322 3530 1453 3590 sounore,
1472 3528 1613 3598 jugulare,
1632 3529 1783 3595 confodere,

135 3614 263 3672 superor;
274 3603 300 3654 si
306 3607 416 3663 taceam,
426 3603 524 3657 iterum
532 3606 676 3672 superante
687 3616 755 3657 sum.
768 3604 936 3673 Quocumque
988 3600 1172 3671 supplantare,
1178 3600 1287 3663 elidere,
1294 3601 1468 3671 improeisum
1477 3616 1509 3654 ac
1518 3600 1668 3655 inamabile
1674 3603 1786 3669 naufra-

136 3672 206 3726 iuno
222 3672 235 3697 '
253 3671 378 3727 intratam
388 3672 496 3742 jacam,
511 3677 595 3729 erecto
610 3675 733 3744 persistit
750 3674 850 3729 oculeo.
869 3675 935 3729 llaec
987 3672 1062 3740 oium
1075 3672 1188 3727 secundo
1205 3672 1397 3741 ncuipontidus
1408 3675 1485 3726 rento
1498 3673 1654 3741 importare,
1671 3671 1736 3726 dani
1753 3689 1785 3727 uc

136 3740 187 3798 ille.
987 3744 1099 3797 monam
1117 3748 1143 3798 ct
1156 3744 1297 3797 interitum
1310 3743 1418 3812 affare.
1434 3744 1569 3798 Caeterum
1583 3742 1633 3798 etsi
1648 3749 1721 3797 extra
1732 3689 1784 3798 gos

169 3807 184 3845 ὓ
202 3812 254 3869 Hic
271 3829 380 3870 rursum
399 3814 601 3896 paraphrastes,
615 3823 662 3871 aut
680 3814 805 3886 quisquis
826 3825 932 3884 auctor,
987 3826 1067 3869 maus
1083 3821 1111 3869 et
1130 3828 1162 3868 ex
1181 3828 1277 3885 genere
1292 3829 1342 3869 suo
1357 3821 1500 3884 peccatum
1511 3811 1614 3867 reniale
1628 3821 1782 3877 censeatur,

135 3883 338 3956 ampliandum
352 3884 484 3943 itareddrt
498 3904 504 3939 :
520 3889 602 3941 Porro
615 3888 730 4008 wius
740 3901 818 3940 oonoe
830 3888 932 3956 glorio,
986 3897 1095 3954 semper
1112 3893 1204 3939 tamen
1219 3883 1364 3956 exstinguit
1385 3883 1451 3939 boni
1473 3881 1564 3954 operis
1582 3881 1708 3952 ingratia
1726 3883 1782 3936 exi-

133 3956 611 4027 eumdcpecrutocarnatitentaoerit
682 3957 934 4027 inern,ete.Quaeso
986 3953 1082 4010 stentis
1092 3954 1229 4010 meritum.
1241 3956 1338 4013 ltullus
1349 3957 1419 4011 enim
1430 3954 1564 4024 peccando
1574 3956 1692 4007 merctur
1700 3954 1784 4006 uitam

133 4034 171 4097 te,
184 4027 281 4096 lector,
293 4029 354 4099 quis
363 4041 496 4098 uinquam
505 4022 608 4080 audivit
619 4023 745 4104 spiritum
755 4038 832 4079 ranae
843 4026 934 4096 gloriae
987 4029 1127 4088 eternam,
1143 4024 1182 4080 ait
1193 4026 1221 4081 S.
1237 4025 1359 4083 Thomas
1373 4027 1488 4097 (Supra,
1505 4041 1532 4078 a.
1548 4030 1574 4089 3,
1588 4024 1625 4077 od
1641 4022 1670 4093 ll
1686 4041 1692 4077 :
1713 4025 1784 4077 undo

131 4096 168 4155 de
181 4108 293 4171 peccato
308 4097 409 4154 carnali
426 4103 545 4151 tentasse
562 4092 720 4150 hominem?
732 4101 760 4149 et
791 4092 836 4149 uid
848 4095 935 4151 simile
987 4097 1210 4164 opusoiruuosum
1221 4098 1385 4150 omittiluim
1394 4095 1604 4150 morandicitam
1612 4097 1748 4155 aeternnm,
1761 4098 1786 4147 si

131 4167 169 4227 sd
185 4177 307 4226 mentem
328 4166 473 4223 Auctoris?
490 4164 543 4221 Sed
563 4179 618 4221 uno
632 4163 750 4222 absurdo
767 4109 842 4233 gato,
859 4165 935 4237 plura
984 4168 1097 4236 propter
1107 4167 1215 4219 inanem
1226 4166 1340 4234 gloriam
1351 4169 1410 4234 pot,
1421 4167 1528 4220 etiamsi
1535 4167 1584 4218 illo
1596 4165 1685 4217 irionis
1697 4165 1784 4232 gloria

130 4241 211 4312 sequi
224 4253 335 4295 necesse
354 4245 404 4292 est.
419 4235 533 4295 lllorbus
546 4235 580 4293 de
592 4251 647 4318 quo
662 4237 705 4292 hio
718 4237 817 4310 agitur,
835 4252 934 4310 nempe
986 4250 1040 4290 nori
1061 4239 1099 4290 sit
1118 4240 1256 4307 peceatum
1274 4237 1394 4290 mortale.
1416 4238 1507 4306 Atque
1529 4233 1579 4290 hac
1600 4234 1705 4290 ratione
1728 4234 1781 4290 diri

128 4310 295 4376 cenodoxia,
314 4308 491 4380 praelatione
510 4306 610 4364 carnali
628 4308 715 4378 pulsat
730 4316 861 4374 menmm,
879 4323 935 4364 non
987 4306 1072 4363 etiarn
1091 4312 1182 4378 potest
1202 4304 1349 4362 cenodoxia
1375 4304 1517 4361 hominem
1540 4304 1691 4374 vulnerare,
1716 4322 1781 4378 sup-

128 4390 163 4439 nt
178 4379 369 4464 paraphrastes
387 4381 585 4452 interpretatur,
598 4379 646 4436 sed
659 4387 689 4435 ut
702 4378 875 4452 Auctoripse
888 4396 934 4436 su·
985 4376 1120 4449 plantare,
1139 4376 1256 4445 elidere,
1278 4393 1342 4434 cum
1364 4392 1446 4433 omne
1464 4385 1614 4447 peccatum,
1632 4377 1715 4433 etiam
1737 4393 1780 4432 re·

128 4466 223 4525 penus
237 4452 376 4522 expressit.
397 4456 467 4508 Nam
482 4451 554 4508 idem
569 4449 612 4506 hio
626 4458 666 4506 est
681 4466 731 4522 pro
744 4449 860 4508 elatione
874 4467 933 4508 car-
985 4447 1065 4517 niale,
1087 4448 1186 4506 vulnus
1219 4446 1338 4505 uoddam
1354 4457 1382 4506 et
1394 4448 1509 4505 morbus
1528 4449 1564 4505 sit
1585 4448 1694 4506 animae.
1711 4449 1782 4505 Con-

129 4523 186 4581 nsli
208 4523 318 4595 pulsari,
344 4538 375 4577 ac
396 4523 519 4595 superius
540 4521 569 4576 in
593 4529 669 4594 parte
691 4523 792 4578 carnali
816 4522 928 4594 pulsari,
944 4522 970 4585 D
984 4518 1109 4576 firmatur
1124 4519 1182 4577 haec
1196 4464 1318 4578 doctrina
1333 4519 1455 4578 Matthaei
1474 4537 1493 4575 v
1506 4536 1578 4593 cap,
1594 4519 1641 4577 ubi
1658 4521 1781 4578 Salvator

131 4593 188 4651 hoc
200 4604 250 4660 est,
265 4610 314 4665 pro
327 4593 407 4650 rebus
421 4592 573 4650 carnalibus
584 4609 617 4648 ac
630 4592 780 4648 manifestis
791 4594 891 4650 extolli.
984 4592 1054 4647 serio
1072 4607 1123 4648 nos
1139 4591 1269 4649 admonet
1285 4608 1292 4644 :
1308 4593 1448 4650 Anmdite
1461 4608 1494 4647 ne
1510 4593 1650 4662 justitiam
1662 4597 1780 4648 uestram

169 4664 311 4720 ‘Militem
324 4664 435 4734 Christi,
446 4663 473 4720 ld
484 4672 534 4726 est,
548 4663 714 4720 monachum
727 4664 870 4736 praecipue,
884 4673 931 4720 aut
982 4664 1092 4731 sanatis
1105 4680 1195 4719 coram
1208 4664 1368 4727 hominibus,
1382 4668 1413 4718 ut
1425 4664 1575 4718 rahteomini
1588 4664 1623 4717 ab
1640 4667 1695 4723 cis:
1710 4663 1781 4714 alio-

130 4736 285 4811 goneralim
307 4750 418 4791 omnem
440 4733 634 4791 Christianum.
662 4733 793 4789 Vulnerat
817 4735 930 4806 quidem
983 4736 1049 4804 quin
1068 4736 1212 4790 mercedem
1226 4751 1279 4790 non
1292 4736 1421 4790 babebitis
1438 4735 1512 4804 apud
1529 4736 1640 4810 Patrem
1652 4735 1779 4808 oestmrm.

130 4806 281 4863 cenodoxia
302 4807 415 4861 militem
439 4805 552 4874 Christi,
576 4813 605 4861 at
629 4819 684 4863 non
706 4819 814 4877 semper
836 4805 929 4862 lethali
983 4809 1077 4875 quiin
1100 4807 1171 4861 coelis
1191 4810 1238 4861 est.
1259 4805 1341 4874 Quasi
1362 4805 1464 4859 diceret
1486 4821 1492 4854 :
1514 4797 1779 4879 Habebursqurdem

1051 695 1137 759 (lucrm
1148 693 1294 751 cenatoria
1308 699 1451 769 multiplea
1463 701 1499 754 sit
1510 714 1541 752 ao
1553 699 1738 767 multiformis.

130 4879 259 4943 vuluere;
279 4892 335 4933 non
348 4877 422 4932 euim
435 4876 558 4932 mortalis
574 4874 708 4931 censenda
721 4882 765 4931 est
778 4875 928 4933 cenodoxia
982 4875 1055 4948 apud
1070 4876 1194 4930 homines
1204 4876 1231 4929 in
1243 4889 1362 4945 quorum
1373 4873 1488 4941 gratiam
1500 4869 1597 4934 facitis,
1608 4876 1686 4923 sicuti
1700 4868 1780 4938 paulo
1888 4934 1895 4951 ι

130 4962 181 5005 seu
201 4948 293 5021 gloriae
313 4940 446 5019 cupiditas
467 4965 473 5001 :
497 4947 584 5002 immo
605 4946 766 5018 plerumque
787 4953 814 5002 et
832 4955 927 5002 natura
982 4946 1088 5030 postde
1103 4944 1246 5000 Pharisaeis
1260 4943 1326 4999 dixit
1341 4962 1348 4999 r
1362 4947 1425 4999 llec.
1493 4945 1527 5021 nt
1536 4940 1681 4995 mercedem
1692 4955 1779 5003 amm,

130 5033 181 5075 sna
201 5019 334 5074 venialem
348 5033 407 5074 esse
423 5016 668 5089 docenttheologi;
684 5017 736 5072 nisi
750 5017 876 5073 mortalis
891 5017 929 5073 el·
981 5017 1073 5084 idest,
1091 5015 1200 5071 inanem
1220 5013 1337 5086 gloriam
1358 5028 1410 5084 apu
1452 5011 1588 5082 homines,
1606 5027 1688 5083 quarn
1705 5025 1778 5081 qua·

131 5088 251 5158 flciatur,
270 5091 311 5146 ael
329 5090 437 5146 ratione
455 5088 587 5157 materiae,
607 5088 647 5144 rel
669 5087 774 5144 ratione
793 5087 867 5157 llnis,
887 5088 928 5144 vel
981 5085 1093 5151 rebant;
1115 5084 1186 5156 apud
1202 5086 1310 5140 Patrem
1331 5091 1424 5141 autem
1439 5083 1580 5139 ooelestem
1599 5095 1654 5138 uon
1669 5080 1781 5139 habebi-

131 5161 239 5218 ratioue
259 5160 373 5216 alterins
396 5160 511 5231 peccati,
533 5158 606 5230 quod
624 5157 763 5215 interdum
783 5158 810 5214 in
829 5157 928 5215 affectu
981 5157 1026 5224 tis,
1047 5156 1124 5230 cujus
1137 5169 1217 5212 causa
1235 5170 1291 5211 non
1306 5154 1411 5223 facitis,
1427 5154 1489 5227 quia
1501 5169 1609 5228 aequum
1624 5162 1676 5219 est,
1691 5160 1721 5208 ut
1734 5155 1777 5210 cui

131 5248 208 5289 nanee
232 5232 326 5305 gloriae
346 5232 491 5287 involvitur
511 5231 555 5299 (S.
578 5232 700 5293 Thomas,
722 5245 816 5301 supra,
837 5247 864 5285 a.
890 5234 927 5297 3).
982 5229 1097 5301 quisque
1121 5226 1235 5291 laborat,
1258 5228 1293 5283 ab
1317 5242 1350 5284 eo
1369 5224 1525 5283 mercedem
1546 5224 1675 5295 accipiam
1696 5231 1725 5280 et
1744 5233 1775 5281 ut

130 5304 250 5361 Ratione
273 5302 405 5368 matoria,
431 5311 462 5359 ut
486 5302 508 5359 si
530 5301 590 5375 quis
612 5300 744 5374 glorietur
763 5301 798 5358 de
819 5308 929 5372 peccato
982 5299 1062 5356 unius
1080 5298 1179 5355 laboris
1191 5314 1247 5354 non
1260 5298 1369 5370 duplex,
1384 5298 1432 5355 sed
1448 5310 1501 5353 una
1515 5297 1551 5353 sit
1568 5310 1681 5354 meroes.
1704 5298 1775 5365 Orod

130 5375 253 5440 mortali,
276 5373 419 5440 ebrietate,
443 5371 633 5440 fornicatione,
659 5371 769 5444 injuria,
792 5381 840 5429 aut
862 5388 930 5428 con-
982 5374 1063 5436 enim,
1071 5372 1110 5427 ait
1119 5370 1329 5456 chrysostomus
1342 5372 1525 5435 (incomment.
1537 5370 1566 5422 in
1578 5369 1774 5433 lfottlr.)alleo

131 5445 243 5503 tumelia
258 5444 335 5500 fratri
358 5445 442 5511 illata,
461 5452 513 5501 eto.
528 5447 571 5500 De
585 5442 683 5516 quibus
701 5442 830 5500 Proverb.
850 5458 900 5500 xu
919 5462 925 5499 :
980 5445 1100 5515 recipies,
1102 5458 1154 5570 ὅτι
1161 5442 1290 5497 Deonilril
1297 5441 1415 5496 dedisti?
1422 5455 1485 5494 nom
1496 5440 1566 5510 pmii
1571 5444 1773 5510 propterlleum

132 5520 273 5576 botuntur
284 5533 343 5572 cum
352 5517 551 5584 malefecerint,
563 5520 588 5571 ct
597 5516 773 5572 resultantia
784 5517 863 5571 rebus
872 5531 929 5587 pes·
981 5516 1022 5584 tt,
1038 5519 1091 5571 Deo
1140 5519 1195 5577 tur,
1207 5517 1232 5569 et
1242 5513 1275 5567 ab
1287 5528 1316 5567 eo
1329 5514 1472 5583 recipitum
1485 5511 1556 5581 quod
1567 5514 1657 5565 cutem
1664 5514 1773 5581 propter

982 5586 1099 5641 homines
1108 5589 1148 5655 tit,
1161 5588 1189 5639 in
1201 5589 1291 5640 uentos
1302 5583 1470 5652 etfronditur.
1484 5582 1528 5639 Ob
1541 5582 1611 5635 hane
1622 5594 1735 5635 causam
1746 5589 1771 5634 et

165 5689 177 5714 ·
197 5687 325 5739 tribulum
343 5688 460 5751 vegetius
475 5687 520 5740 lib.
539 5701 564 5737 ιιι
587 5689 659 5737 uocet
677 5685 806 5737 stimulum
824 5685 929 5736 ferreum
982 5656 1146 5731 Wiculuma
1165 5654 1269 5739 siffiqet
1289 5655 1375 5711 5⁰³¹¹i⁸
1389 5653 1483 5737 8¹9¹]ffae
1503 5660 1532 5709 θῑ
1547 5649 1680 5733 mimis
1693 5650 1772 5705 amit·

130 5752 219 5804 forme
237 5751 417 5815 quadrangulae,
441 5751 483 5814 qni
507 5761 685 5813 quamcumque
705 5748 730 5798 ln
749 5752 841 5813 portem
859 5747 929 5798 aneu.
984 5725 1086 5789 tendae,
1108 5727 1138 5782 S.
1157 5728 1292 5799 Hilanon,
1310 5734 1343 5782 ut
1368 5726 1461 5782 scribit
1481 5724 1512 5778 B.
1530 5724 1714 5791 Hierongmus
1728 5725 1776 5782 flu

129 5814 222 5878 buerit,
234 5815 346 5865 aculeum
358 5825 454 5876 semper
463 5812 580 5863 infestum
591 5809 726 5875 persuadit.
986 5799 1134 5871 murac),
1146 5801 1315 5872 scaagesimo
1326 5800 1393 5856 uitta
1404 5812 1464 5855 tute
1475 5809 1550 5851 nuno
1561 5804 1674 5846 emetat
1686 5786 1795 5853 latim
