3848 6158
127 266 181 319 755

671 257 813 315 loannis
831 254 983 312 cassiani
1002 253 1246 311 connartonns.

1737 261 1792 314 756

128 388 212 444 etiam
227 385 261 442 de
275 385 328 442 illis
337 384 465 456 apostatis
477 383 581 456 angelis
600 380 775 469 sentiendum
789 381 834 448 sit,
855 387 931 452 opta
946 381 973 446 Α
988 381 1063 451 (Gap.
1078 383 1102 449 1)
1115 402 1121 437 :
1139 381 1211 448 Quid
1232 384 1270 437 est
1285 380 1356 452 quod
1364 381 1422 448 suit
1435 383 1449 435 t
1460 380 1576 450 idipsum
1595 381 1670 451 quod
1690 387 1748 448 est;
1768 390 1794 440 et

130 495 193 536 mus
206 493 364 552 agnoscere,
388 477 434 550 qui
451 492 480 533 se
494 490 558 532 cuna
572 475 677 531 filiabus
701 473 846 531 bominum
863 473 931 529 mis·
985 475 1053 543 quid
1067 474 1185 544 estquod
1193 473 1368 546 [actrtmjestt
1379 473 1496 544 idipsum
1513 474 1583 542 quod
1593 477 1640 543 {tet
1652 493 1660 541 ;
1673 482 1719 531 et:
1735 478 1795 535 Non

130 574 219 632 coisse
230 573 361 630 dicuntur
372 573 478 638 (Genes.
494 569 553 642 nr),
572 576 666 625 utrum
681 567 733 624 lroc
751 566 836 640 possit
857 566 933 639 spiri·

90 711 93 717 .
131 667 178 724 tali
197 674 303 723 naturae
317 663 468 722 seeundum
482 663 602 720 litteram
615 662 770 719 convenire.
781 661 850 718 lllud
865 676 933 733 quo-

132 777 185 835 que
200 759 339 831 Evangelii
354 758 559 827 testimonium,
573 756 647 830 quod
673 756 707 815 de
721 755 830 814 diabolo
853 755 933 828 paulo

131 860 194 910 ante
215 851 326 908 dixisti:
343 853 414 920 Quia
439 851 560 907 mendose
571 856 620 915 est,
635 853 661 906 et
672 854 752 921 pater
764 848 821 920 ejus
832 850 843 918 (
855 851 930 903 Joatt.

133 949 218 1016 vair),
229 944 356 1002 similiter
365 944 553 1003 desideramus
559 942 655 1001 audire
666 943 779 1016 quinam
793 941 852 1015 ejus
860 948 934 1014 pater

987 573 1026 624 est
1040 585 1115 624 ornate
1130 584 1218 624 recens
1231 570 1280 624 sut>
1291 570 1345 624 sole
1358 567 1430 639 quod
1440 569 1565 639 loquetur
1576 572 1603 623 et
1614 569 1688 624 diem
1704 589 1711 625 :
1728 573 1795 628 Ecce

987 662 1034 719 ltec
1046 678 1144 717 nouum
1162 667 1211 726 est,
1225 679 1277 717 non
1291 663 1349 731 suit
1362 665 1392 717 in
1403 662 1508 718 suculis
1521 677 1581 732 quoe
1596 663 1712 731 fuerunt
1727 670 1794 724 onte

987 771 1045 812 nos.
1061 754 1114 813 Sed
1125 755 1161 812 ita
1178 755 1291 827 quaestio
1313 755 1506 828 propositionis
1519 754 1602 826 hujus
1622 755 1789 815 absolvitur.
1820 802 1826 809 .

988 849 1052 905 Post
1066 863 1161 905 nocem
1174 848 1241 905 Abel
1252 848 1332 921 justi,
1341 864 1375 905 ne
1389 865 1403 904 a
1417 846 1555 905 fratricida
1570 847 1690 923 etimpio
1711 865 1800 910 omne

988 942 1135 999 bominum
1148 958 1232 1017 genus
1241 942 1384 999 exordium
1397 948 1532 1010 sumeret,
1547 941 1576 998 in
1590 941 1681 1000 locum
1696 941 1801 1004 fratris

988 1037 1112 1093 exstincti
1135 1036 1256 1094 nascitur
1283 1034 1358 1104 Seth,
1380 1035 1426 1106 qui
1444 1051 1502 1091 non
1523 1035 1612 1091 solum
1631 1039 1794 1108 posteritati

989 1129 1037 1188 sed
1062 1131 1145 1188 etiam
1170 1129 1300 1187 fraterna
1320 1129 1432 1202 justitia
1450 1129 1599 1202 pietatique
1620 1131 1797 1189 succederet.

989 1226 1074 1298 Cujus
1091 1224 1233 1298 progenies
1246 1232 1339 1281 secuta
1358 1222 1441 1294 patris
1458 1221 1607 1294 justitiam,
1634 1223 1801 1282 asocietate

987 1329 1016 1379 et
1034 1305 1225 1395 conjunctione
1237 1319 1408 1393 cognationis
1422 1318 1504 1386 illius,
1525 1333 1587 1391 quae
1607 1333 1640 1374 cx
1655 1319 1726 1376 Cain
1750 1335 1797 1377 ss·

167 1420 179 1449 ²
197 1418 334 1473 Serenus:
350 1418 423 1469 Duas
435 1414 591 1485 questiones
603 1429 659 1469 non
669 1411 821 1469 mediocres
834 1411 935 1484 paritet
988 1418 1089 1491 crilego
1101 1415 1292 1483 descendebat3
1313 1430 1421 1487 semper
1438 1413 1520 1470 divisa
1542 1415 1709 1485 permansit,
1725 1416 1799 1474 sicut

133 1507 329 1583 ltf⁰lt⁰⁸⁰isltsss
356 1506 390 1563 de
409 1506 519 1578 qulbus·
535 1514 668 1577 duantum
684 1520 811 1578 possum,
837 1502 935 1561 ⁰⁰tl⁰m
990 1513 1072 1570 etiam
1094 1511 1258 1585 genealogiae
1274 1509 1421 1581 descriptio
1446 1506 1592 1564 manifeste
1605 1508 1740 1574 declarat,
1758 1510 1798 1568 ita

133 1619 188 1677 quo
207 1600 386 1674 proposuistis
401 1599 499 1656 ordine
510 1597 691 1672 respondebo.
714 1596 824 1655 rNullo
850 1596 934 1654 modo
990 1604 1081 1662 dicens
1099 1605 1201 1677 (qeins.
1215 1607 1268 1670 vt:
1290 1603 1383 1658 Adam
1406 1603 1500 1673 genuit
1512 1602 1591 1668 Setis,
1612 1603 1678 1658 sellu
1702 1605 1801 1673 genuit

133 1697 301 1757 credendum
316 1705 357 1753 est
371 1695 505 1769 spiritales
524 1704 637 1753 naturas
662 1694 735 1752 coire
749 1710 813 1751 cum
827 1692 936 1750 feminis
989 1704 1070 1764 Batos,
1086 1703 1156 1756 Eoos
1171 1699 1264 1769 genuit
1274 1699 1386 1764 Gaiana,
1400 1697 1505 1753 cainan
1519 1700 1609 1752 annm
1626 1700 1724 1768 genuit
1737 1700 1802 1755 Afa-

131 1792 274 1849 carnaliter
292 1805 381 1862 posse.
397 1788 479 1862 Quod
500 1788 523 1846 si
541 1787 686 1862 aliquando
711 1787 765 1846 boc
783 1786 936 1845 seeundum
952 1777 977 1839 B
991 1796 1078 1863 tateet,
1096 1796 1222 1850 Mutateet
1238 1799 1329 1849 autem
1350 1795 1443 1863 qutun
1467 1792 1571 1856 saretl,
1593 1792 1684 1849 taretia
1698 1796 1797 1848 autem

132 1890 252 1947 litteram
279 1889 336 1944 lieri
361 1887 513 1960 potuisset,
541 1884 705 1960 equomodo
731 1901 805 1942 nunc
826 1899 936 1957 quoque
989 1888 1190 1961 qenuitEnoclt,
1203 1887 1499 1957 Enoclroutcmqenuit
1517 1887 1701 1950 Matiusolem,
1726 1889 1799 1944 Aia-

131 1984 252 2058 idipsum
265 1984 305 2044 vel
322 1998 378 2038 non
398 1998 460 2038 raro
473 1981 652 2053 contingeret,
667 1987 696 2036 et
709 1978 812 2051 absque
831 1978 937 2035 semine
991 1977 1123 2040 tliusalem
1134 1984 1224 2052 penult
1236 1983 1361 2051 Lamech,
1379 1981 1493 2037 namna
1514 1982 1606 2052 qcnpt't
1627 1985 1695 2037 Aloe.
1719 1983 1801 2036 item

134 2079 176 2136 vel
198 2078 273 2135 coitu
288 2077 336 2133 viri
357 2075 464 2146 aliquos
487 2074 563 2129 nasci
585 2074 708 2130 similiter
724 2072 758 2130 de
777 2072 937 2131 mulieribus
991 2075 1145 2151 genealogia
1159 2075 1228 2132 Cain
1250 2075 1286 2130 ita
1300 2073 1387 2130 divisa
1409 2072 1594 2144 describitur(
1610 2074 1707 2131 lienes.
1729 2073 1798 2146 rv):

133 2179 269 2243 conceptu
288 2170 448 2226 daemonum
473 2172 664 2225 cerneremus?
677 2168 691 2203 ἃ
706 2182 771 2223 cum
784 2168 937 2239 praesertim
993 2173 1059 2229 cain
1073 2171 1165 2240 quieuit
1177 2170 1276 2236 Enoclr,
1292 2169 1382 2223 Enoclr
1395 2170 1489 2238 qenuil
1501 2168 1593 2236 frati,
1610 2168 1689 2223 irath
1703 2170 1800 2237 qenuit

133 2270 240 2321 constet
254 2277 301 2318 eos
314 2261 457 2318 libidinum
476 2260 602 2319 sordibus
622 2260 773 2318 admodum
788 2261 936 2332 delectari,
990 2266 1118 2333 Mooiael,
1141 2265 1258 2320 Mauiael
1272 2266 1384 2333 pertarite
1402 2261 1563 2326 Arethusaei,
1584 2263 1744 2318 Mettusael
1756 2277 1802 2332 qe·

132 1039 324 1113 intelligendus
337 1039 384 1096 sit.

427 1175 547 1232 CAPUT
570 1174 641 1229 XXI

309 1292 412 1348 Solnta'o
427 1292 575 1360 propositor
588 1263 753 1360 questionis.

24 2431 27 2438 ἱ
134 2371 202 2430 quas
215 2355 395 2429 proculdubio
407 2370 454 2427 per
468 2357 630 2428 semetipsos
643 2370 767 2412 exercere
781 2356 842 2429 plus
854 2372 936 2428 quarn
990 2362 1052 2413 aruit
1066 2358 1189 2420 Lernaei,
1203 2357 1313 2412 tameclr
1328 2358 1419 2425 qerenit
1429 2355 1517 2410 tubal.
1534 2357 1632 2426 ltaque
1646 2354 1691 2410 illa
1709 2368 1796 2426 gene·

136 2466 183 2524 per
200 2449 328 2507 homines
352 2450 473 2520 mallent,
489 2450 512 2506 si
533 2450 598 2508 illud
624 2450 678 2508 ullo
694 2449 778 2508 modo
804 2451 937 2522 potuisset
990 2453 1061 2509 ratio
1074 2465 1135 2524 quae
1148 2450 1182 2507 de
1194 2450 1259 2505 Sctlr
1269 2449 1336 2522 Justi
1349 2449 1497 2522 propagine
1510 2440 1724 2516 descendebant
1736 2462 1797 2504 suae

135 2544 258 2618 inrpleri3
284 2545 446 2602 Ecclesiaste
464 2560 572 2618 quoque
600 2543 722 2617 idipsum
742 2545 936 2617 pronuntiante
990 2545 1067 2602 lineae
1078 2543 1178 2616 jugiter
1193 2553 1220 2600 et
1232 2542 1369 2615 agnationi
1379 2541 1523 2615 permista.
1538 2541 1594 2596 tin
1617 2539 1704 2612 patris
1716 2547 1800 2613 atque

684 2671 812 2728 Anannl
830 2673 943 2741 nAzAEt
963 2669 1241 2729 COMMENTARIUS.

135 2781 934 2853 lncr'ssintnsconsuetudineipsopoulutintsdoilntpelteait,
990 2780 1151 2837 saeculorum
1165 2786 1191 2834 et
1202 2779 1345 2835 nationum
1360 2777 1532 2849 experientia.
1545 2778 1674 2834 Secunda
1690 2776 1801 2832 concla-

135 2855 788 2924 etmutiernmconqressiousinquinavit3lumin
799 2855 935 2907 calamon
981 2855 1039 2907 sio.
1056 2856 1186 2906 Attamen
1202 2857 1340 2921 nequeunt
1352 2848 1491 2907 daemones
1504 2849 1529 2904 vi
1548 2864 1612 2917 sua,
1630 2865 1664 2905 ex
1683 2846 1797 2921 propria

132 2927 379 2994 peccatoquibusse
388 2928 574 2978 immerserunt
582 2926 740 2992 atonreccpti
746 2925 898 2978 residuunt
906 2925 940 2978 in
989 2922 1242 2986 substantia,ntore
1265 2920 1409 2977 bominum
1436 2936 1483 2977 sen
1504 2921 1688 2977 animantium
1715 2933 1801 2992 gene·

135 3000 244 3049 terram.
259 2997 302 3049 Sic
316 3010 358 3048 eos
371 2995 494 3048 diirbolns
504 3009 539 3047 aa
553 2994 655 3062 anqetis
667 2996 717 3047 Dei
728 3008 790 3047 suos
816 2995 880 3060 fecit
890 3009 935 3048 sa·
991 3009 1062 3060 rare,
1080 3001 1144 3063 puta
1167 3007 1200 3047 ex
1216 2991 1314 3048 virtute
1327 2991 1430 3065 proprii
1445 2991 1570 3059 seminis,
1594 2991 1671 3064 quod
1691 2989 1801 3047 nullum

135 3064 232 3118 tellites
247 3079 278 3117 ac
292 3067 439 3118 mirtistros.
460 3062 528 3117 Vide
542 3063 729 3118 Lactantium.
746 3065 784 3118 Et
795 3071 857 3119 ante
871 3080 934 3121 cum
990 3063 1101 3131 habent,
1116 3078 1167 3118 nee
1191 3063 1290 3119 babere
1315 3079 1347 3119 ex
1370 3079 1399 3119 se
1414 3071 1543 3135 possunt,
1563 3063 1657 3119 omnis
1675 3061 1802 3118 materis

135 3132 208 3189 idem
223 3133 501 3188 senseruntlustinns
512 3135 617 3204 lllartyr
627 3133 654 3188 in
666 3142 781 3206 utraque
791 3135 934 3207 Apologia;
990 3150 1097 3192 necnon
1116 3134 1215 3191 animes
1237 3135 1408 3206 vegetatricis
1423 3143 1558 3205 expertes.
1577 3138 1615 3190 nt
1627 3134 1682 3190 boc
1693 3141 1800 3190 natum

136 3202 262 3260 Clemens
270 3202 471 3259 Alexandrinus
481 3203 527 3259 lib.
541 3219 578 3260 ιιι
587 3213 614 3261 et
625 3205 841 3273 vStromatum;
857 3204 936 3262 deni·
953 3185 975 3247 C
991 3211 1137 3262 volitarunt
1148 3208 1182 3260 D.
1203 3203 1415 3277 chrysostomus
1436 3205 1533 3262 liconii,
1553 3210 1589 3260 22
1607 3206 1635 3260 in
1656 3204 1800 3271 Genesim,

139 3289 192 3344 que
212 3275 395 3330 Tertullianus
413 3274 536 3344 pluribus
556 3276 583 3332 in
595 3274 663 3331 locis
677 3278 757 3347 (Vide
782 3278 935 3333 Pemeliunt
990 3277 1152 3344 Cassianus,
1169 3275 1224 3332 sive
1235 3278 1362 3342 Serenus,
1377 3276 1430 3333 hoc
1444 3277 1520 3343 loeo;
1548 3276 1714 3333 Philastrius
1728 3273 1799 3332 libro

136 3349 166 3400 in
178 3347 314 3417 paradox.
328 3347 508 3418 Tertulliani),
524 3348 571 3418 qai
582 3346 801 3420 idcircoangelos
812 3347 936 3406 deserto·
990 3348 1120 3406 adversus
1134 3349 1252 3405 naereses
1263 3363 1322 3420 cap.
1338 3353 1399 3403 108.

136 3427 281 3485 resvocat,
297 3435 367 3489 quos
380 3427 473 3474 noster
485 3419 628 3475 Cassianus
640 3428 786 3490 apostatas.
806 3419 858 3476 Alii
871 3436 935 3477 vero
1027 3429 1038 3455 ⁰
1060 3419 1210 3491 contigisse
1236 3419 1377 3475 multoties
1396 3420 1480 3475 etiam
1496 3427 1559 3475 ante
1575 3416 1695 3474 Cassiani
1709 3425 1737 3474 et
1748 3418 1797 3474 Se

136 3489 326 3544 existimarunt
345 3490 455 3561 angelos
481 3498 629 3559 apostatas,
648 3491 704 3546 sive
719 3491 869 3558 daemones,
883 3500 937 3546 sta-
989 3491 1048 3547 reni
1063 3489 1143 3572 hujus
1156 3499 1293 3561 tempora,
1312 3489 1389 3546 multi
1403 3498 1529 3546 auctores
1543 3499 1617 3557 suut,
1631 3497 1663 3545 ut
1676 3488 1718 3545 sel
1739 3488 1795 3544 im·

136 3559 186 3614 tim
202 3559 235 3612 ab
251 3560 317 3614 orbe
336 3561 446 3615 condito
461 3560 494 3617 de
507 3561 577 3616 coelo
601 3560 729 3631 dejectos,
743 3562 789 3631 qui
808 3570 937 3618 coeuntes
991 3561 1130 3634 pudentia*
1155 3562 1197 3618 rel
1212 3563 1340 3618 amentiae
1358 3561 1394 3617 sit
1417 3561 1468 3617 laac
1483 3561 1517 3617 de
1545 3577 1575 3616 re
1592 3558 1731 3626 dubitare,
1755 3562 1794 3618 D.

139 3644 203 3684 curn
227 3627 338 3684 feminis
352 3630 473 3700 gigantes
487 3630 641 3700 genuerint.
657 3631 703 3687 Sic
717 3632 850 3687 Eusebius
875 3634 936 3689 Cae-

136 3699 265 3756 sariensis
276 3699 318 3754 lib.
330 3716 353 3756 rr
370 3702 667 3773 Praeparatllvangel,
683 3702 761 3773 cujus
775 3703 857 3758 verba
872 3702 936 3759 bre-

136 3770 229 3826 vitatis
250 3771 341 3826 studio
372 3771 544 3828 raetcrmitto.
562 3775 599 3826 At
614 3772 716 3842 prodiit
740 3780 832 3843 postea
847 3789 938 3829 enien-

138 3841 237 3912 datior,
263 3851 292 3896 ut
314 3787 422 3906 flegreo
436 3843 521 3899 textui
536 3842 706 3900 conformior
723 3843 805 3899 editio
824 3846 936 3917 Septua-

135 3911 218 3985 ginta,
233 3912 278 3968 ubi
296 3929 352 3969 non
366 3914 480 3985 ἄγγελοι,
497 3912 546 3970 sed
555 3914 606 3966 υἱοί
621 3919 666 3967 rsit
680 3913 754 3981 θεοῦ,
773 3913 864 3979 idest,
883 3918 939 3998 filii

135 3987 185 4040 ilci
211 3984 338 4056 leguntur
352 4006 358 4041 ι
375 4002 457 4057 quam
484 3986 637 4041 tersionem
651 3994 681 4042 ut
693 3985 840 4059 legitimam
853 3996 936 4043 efrain

135 4055 301 4111 Ambrosius
315 4064 342 4111 et
353 4056 523 4128 Augustinus
532 4065 715 4130 agnoverunt,
724 4066 751 4114 et
764 4058 869 4130 vulgata
884 4060 936 4113 La-

135 4126 191 4183 tina
212 4128 357 4184 aconcilio
374 4127 534 4185 Tridentino
556 4129 704 4200 approbata
718 4137 810 4185 secuta
830 4138 881 4185 est.
896 4132 937 4186 Es

138 4198 238 4269 quibus
257 4199 344 4254 cuivis
357 4198 492 4255 calliolico
502 4208 629 4255 constare
639 4199 729 4265 debet,
749 4214 797 4271 per
808 4198 937 4256 liliosDei

135 4283 168 4324 eo
181 4268 231 4323 loci
245 4285 299 4324 υου
316 4285 349 4323 an
370 4271 437 4333 elos.
451 4271 542 4336 idest,
568 4272 677 4343 spiritus
703 4273 828 4329 coelestes
850 4287 938 4343 neque

136 4337 276 4418 daemones
296 4285 418 4410 intefligi
438 4340 486 4395 sed
502 4341 572 4396 lilios
592 4351 619 4396 et
642 4350 765 4412 posteros
788 4341 855 4399 sun
880 4342 937 4399 veri

137 4409 184 4462 [ier
210 4411 341 4473 cultores,
369 4409 602 4478 quemadmodum
626 4420 721 4468 noster
753 4415 870 4470 Serenus
895 4429 937 4470 se·

136 4477 332 4602 quplpinqapite
346 4477 426 4534 docte
445 4481 574 4550 exponit3
596 4480 641 4536 ubi
657 4482 734 4553 plura
751 4482 848 4540 dehac
869 4485 936 4540 sub·

136 4563 154 4602 υ
223 4564 228 4602 ι
262 4563 303 4602 us.

171 4621 235 4675 ³Le

992 3632 1144 3705 Augustino
1171 3640 1256 3699 testc3
1271 3649 1323 3688 nec
1344 3632 1397 3688 illis
1422 3639 1529 3687 tantum
1548 3631 1731 3701 temporibus,
1746 3633 1798 3691 sed

991 3711 1020 3760 et
1037 3702 1244 3774 posterioribus,
1263 3711 1291 3758 et
1310 3711 1405 3759 nostro
1426 3704 1512 3759 etiarn
1526 3703 1623 3759 seculo
1644 3702 1799 3772 contigisse

991 3774 1074 3829 nimis
1087 3783 1172 3840 certa,
1191 3781 1219 3829 et
1236 3773 1384 3845 explorata,
1404 3784 1431 3830 et
1452 3780 1597 3830 contestata
1619 3773 1794 3842 comprobat

989 3844 1167 3916 experientia,
1183 3853 1215 3900 ut
1228 3844 1331 3901 dictum
1346 3851 1387 3899 est
1402 3865 1408 3899 ;
1423 3862 1479 3901 non
1491 3845 1608 3919 quidem,
1634 3850 1664 3897 ut
1687 3841 1796 3914 absque

992 3916 1097 3972 semine
1112 3915 1159 3971 viri
1173 3916 1271 3986 aliquis
1284 3926 1441 3972 nasceretur
1451 3918 1485 3972 de
1499 3913 1658 3972 mulieribus
1671 3914 1796 3973 coitione

992 3987 1169 4051 daemonum3
1187 3988 1235 4045 sed
1259 4003 1306 4059 per
1320 4003 1416 4043 semen
1429 3988 1542 4058 alicujus
1553 3984 1675 4042 hominis
1689 3995 1798 4043 mutua

992 4067 1052 4114 tum
1068 4078 1075 4113 z
1091 4075 1144 4131 quo
1160 4058 1190 4113 lit
1204 4068 1236 4114 ut
1251 4059 1295 4130 qui
1308 4059 1370 4113 inde
1385 4063 1512 4115 nascatur
1523 4075 1578 4114 non
1601 4056 1636 4112 sit
1650 4056 1726 4113 iilius
1739 4056 1796 4116 da-

992 4129 1085 4187 monis
1098 4130 1238 4197 dicendus,
1252 4129 1300 4186 sed
1314 4130 1383 4186 illius
1405 4129 1526 4186 hominis
1544 4129 1622 4199 cujrts
1635 4136 1680 4184 est
1701 4143 1795 4186 semen

992 4210 1143 4273 acceptum,
1154 4211 1187 4257 ut
1198 4201 1278 4258 docet
1288 4203 1320 4255 D.
1337 4201 1460 4283 ¹Thomas
1474 4217 1507 4285 es
1519 4199 1677 4272 Augustino
1689 4200 1711 4272 (r
1718 4205 1792 4271 prat.

992 4272 1794 4423 t·inanes{steinineninntens

992 4413 1092 4496 passim
1108 4417 1259 4469 vocantur?
1282 4418 1319 4470 At
1336 4431 1393 4471 non
1421 4414 1522 4471 idcirco
1536 4414 1613 4487 qnod
1628 4414 1681 4485 rpsi
1707 4428 1792 4486 perse

993 4483 1129 4539 immundi
1149 4484 1215 4551 sint,
1237 4493 1285 4540 aut
1298 4484 1451 4542 immundis
1471 4486 1700 4543 delectationibus
1718 4486 1747 4541 in
1764 4499 1794 4542 st

341 4618 346 4630 ¹
484 4621 490 4632 ι
953 4555 978 4618 Ι)
992 4554 1156 4623 afficiantur,
1173 4564 1220 4611 aut
1234 4555 1402 4613 delectentur
1413 4557 1572 4624 concubitu,
1597 4556 1647 4612 sed
1663 4556 1739 4628 qnod
1758 4554 1792 4613 ad

171 4691 184 4725 s
229 4635 270 4748 {a
289 4619 423 4703 declarant
444 4627 568 4693 quintana
584 4623 790 4705 annotationem
816 4623 938 4695 Cuycbii.
994 4642 1038 4683 res
1052 4626 1209 4682 immundas
1224 4625 1348 4684 homines
1363 4628 1488 4692 incitent,
1502 4636 1531 4685 et
1549 4626 1689 4700 gaudeant
1699 4625 1795 4684 abbo

203 4693 234 4747 Vr
255 4700 317 4747 etur
338 4691 407 4747 mrlu
430 4691 489 4749 heac
507 4701 638 4749 sententia
652 4702 716 4749 satis
739 4694 876 4750 enucleate
890 4710 940 4750 ex-

994 4697 1114 4753 minibus
1129 4700 1218 4754 Deum
1241 4697 1355 4768 offendi,
1371 4707 1400 4756 et
1417 4715 1503 4829 {enus
1522 4699 1680 4756 humanum
1696 4697 1793 4770 bujns-

136 4762 234 4833 plicata
258 4779 273 4818 a
292 4762 372 4819 dom.
394 4763 533 4838 Cuycbio,
548 4780 600 4820 nec
622 4780 666 4821 am
688 4765 748 4821 liori
764 4765 940 4837 explicatione
992 4768 1068 4824 modi
1082 4768 1224 4825 libidinum
1238 4769 1365 4826 sordibus
1378 4769 1417 4826 foe
1438 4770 1657 4828 econtaminari.
1677 4772 1728 4827 Est
1745 4768 1794 4842 igi·

134 4833 266 4904 indigere.
278 4836 305 4891 Si
328 4839 389 4906 quis
406 4841 495 4893 tumen
508 4836 586 4908 plura
600 4782 745 4905 desicferat,
759 4837 848 4894 rideat
863 4836 939 4894 Abu·

135 4903 238 4959 lenscm
250 4907 277 4959 in
294 4921 352 4975 cap.
375 4923 402 4962 vr
423 4909 560 4964 Geneseos
573 4917 670 4979 quaest.
687 4915 713 4964 6.
729 4917 757 4965 et
774 4908 801 4964 in
817 4926 877 4980 cap.
892 4925 933 4966 νυ

136 4974 222 5030 Exodi
244 4985 340 5044 quaest.
360 4982 407 5044 ῖ2;
423 4979 528 5034 Sixtnnr
543 4980 690 5036 senensem
705 4981 752 5036 lib.
774 4980 931 5037 vBibliotlt.

135 5054 229 5102 annot.
244 5053 278 5102 73
290 5053 316 5101 et
331 5052 375 5102 77:
392 5062 424 5102 ac
439 5057 579 5118 postremo
592 5051 622 5106 P.
643 5052 791 5109 lllartinum
804 5053 933 5109 Delrium

135 5116 182 5173 lib.
208 5134 232 5174 rr
246 5119 281 5174 de
295 5118 501 5190 Alagia,quaest.
517 5124 561 5186 15,
575 5136 669 5193 exquo
681 5123 749 5179 duas
761 5132 933 5181 tantummo-

135 5188 171 5244 do
190 5190 379 5246 conclusiones
399 5189 558 5261 quaestionis
571 5194 753 5250 summarium
766 5193 932 5252 decisionem

135 5267 160 5314 et
170 5260 380 5330 explicationem
394 5260 563 5318 continentes
574 5261 618 5319 bic
630 5273 774 5321 annotasse
783 5263 930 5322 suffecerit.

131 5332 225 5400 primu
238 5331 378 5386 mastusia.
393 5333 549 5401 Daemones,
564 5333 627 5391 licet
642 5333 795 5405 incorporei
808 5341 836 5389 et
853 5335 931 5407 spiri·

133 5400 210 5469 tales,
235 5410 349 5474 possunt
362 5419 502 5460 assumere
514 5419 631 5477 corpora
653 5402 862 5473 defunctorum,
889 5407 931 5464 vel

132 5486 165 5528 ex
180 5488 242 5528 aere
258 5474 291 5530 de
306 5489 376 5531 novo
390 5474 439 5531 sibi
453 5473 602 5533 efformare
615 5475 650 5533 ad
664 5475 753 5533 carnis
775 5475 931 5535 similitudi·

132 5557 197 5624 nens
215 5545 367 5615 palpabilia,
388 5554 415 5602 et
425 5547 453 5601 in
468 5545 624 5619 hujusmodi
640 5546 801 5617 corporibus
812 5563 876 5604 cum
889 5548 931 5607 le-

131 5627 212 5668 mrnrs
224 5624 315 5670 actum
336 5633 483 5674 venereum
496 5633 631 5684 exercere,
646 5627 677 5674 ut
688 5617 776 5674 solent
789 5634 851 5675 cum
866 5621 931 5677 stri-

129 5683 209 5757 gibus
223 5694 250 5740 et
259 5687 331 5759 sagis
343 5709 350 5752 ς
364 5695 444 5758 atque
453 5689 535 5744 etiarn
548 5703 580 5745 ex
600 5689 646 5744 tali
662 5688 808 5746 concubitu
824 5691 929 5762 prolem

129 5770 283 5828 procreare,
306 5759 356 5813 Est
364 5759 521 5814 communis
543 5759 675 5815 sententia
692 5762 930 5832 Patrum,tlteolo-

127 5843 227 5901 gerum
242 5836 270 5886 et
291 5829 530 5903 pbilosophorum,
551 5830 728 5904 comprobata
747 5832 928 5905 plurimorum

992 4848 1038 4895 tur
1051 4839 1103 4896 boc
1115 4839 1273 4912 paradoxon
1283 4856 1317 4896 ex
1334 4840 1429 4897 rodem
1448 4841 1581 4915 principio
1600 4851 1628 4898 ct
1650 4841 1728 4899 fonte
1742 4855 1794 4897 ma

987 4926 1067 4978 nans,
1083 4927 1137 4982 quo
1151 4919 1259 4979 catera,
1275 4911 1418 4984 dequibus
1431 4929 1512 4986 supra
1526 4915 1606 4983 (Cup.
1626 4914 1687 4986 tt).

1025 4982 1215 5048 θῖῖῖθῖΙιυθθεῖ,
1235 4998 1291 5038 υυυ
1312 4981 1514 5054 mathusalem
1540 4999 1607 5040 nam
1626 4983 1675 5041 bic
1688 4983 1754 5040 alius
1773 4995 1790 5036 a

988 5053 1182 5122 lllatlrusalem,
1195 5054 1240 5135 qui
1259 5053 1293 5111 de
1306 5054 1390 5126 stirpe
1401 5055 1478 5124 Seth,
1491 5057 1525 5112 de
1541 5071 1597 5126 quo
1609 5071 1703 5127 supra.

1023 5117 1033 5156 ¹
1048 5124 1078 5180 ld
1094 5134 1146 5193 est,
1161 5124 1212 5180 sibi
1225 5132 1324 5181 mutuo
1339 5125 1442 5183 sociata
1454 5136 1481 5184 et
1494 5126 1679 5184 matrimonio
1688 5127 1794 5199 juncta,

987 5202 1021 5277 ut·
1034 5195 1182 5323 Diosneybius
1193 5196 1324 5270 exponit,
1338 5196 1367 5254 in
1389 5197 1486 5254 eadem
1499 5196 1623 5255 videlicet
1638 5197 1746 5255 inmitia
1767 5203 1794 5252 et

986 5275 1035 5321 stit·
1055 5283 1069 5323 e
1116 5276 1125 5321 t
1148 5308 1154 5322 .

1022 5284 1166 5407 tpNempe
1195 5337 1271 5406 Seth,
1294 5338 1373 5412 primi
1395 5339 1454 5412 ejus
1476 5338 1588 5398 familiae
1614 5338 1732 5410 parentis
1765 5345 1795 5395 et

988 5408 1180 5478 progenitoris.
1195 5411 1350 5468 Permansit
1361 5411 1434 5468 enim
1446 5410 1472 5467 ia
1488 5427 1521 5468 ea
1536 5411 1636 5468 familia
1653 5419 1681 5468 et
1704 5408 1795 5491 stirpe

987 5493 1049 5534 vcra
1063 5479 1156 5554 religio
1167 5488 1195 5537 et
1214 5481 1269 5538 veri
1285 5483 1332 5539 Dei
1345 5483 1446 5550 cultos,
1458 5498 1548 5555 usque
1561 5482 1598 5541 ad
1616 5481 1794 5554 conjunctio·

986 5564 1048 5605 nem
1062 5567 1126 5608 cuna
1142 5553 1273 5625 progenie
1286 5553 1365 5622 Cain,
1378 5553 1456 5626 cujus
1468 5555 1633 5636 contagione
1645 5560 1743 5611 secuta
1753 5558 1794 5609 est

986 5621 1126 5695 religionis
1146 5625 1260 5705 mutatio
1285 5633 1432 5682 etmornm
1445 5635 1588 5752 corruptio
1611 5639 1676 5697 qnae
1699 5623 1794 5682 diluvii

986 5708 1066 5749 causa
1083 5696 1196 5751 exstitit.
1213 5697 1298 5752 Porro
1320 5695 1469 5770 Dionysius
1482 5696 1575 5765 etati,-
1598 5710 1671 5768 quos
1682 5702 1794 5753 secuttrs

982 5765 1146 5894 genasius,
1161 5766 1268 5841 legunt:
1290 5770 1321 5825 in
1328 5772 1443 5840 patrum
1455 5771 1537 5839 atque
1547 5770 1624 5826 astte
1632 5769 1793 5832 sandicis,
