3848 6158
559 202 728 262 cotiano
747 204 805 263 xv,
823 233 861 247 -
878 204 924 260 nn
941 203 1216 261 caxarsuannus
1233 154 1384 260 nuruis.

405 437 796 541 COLLATIO
835 438 1149 539 DECIMA
1192 436 1518 581 QUINTA,
1572 477 1579 492 ·

625 612 704 685 Quae
720 611 770 675 est
786 606 936 675 monada
952 604 1086 675 abbatis
1103 605 1299 692 Nesterotis,

731 741 772 793 DE
790 740 1051 829 annuissemus
1067 742 1196 795 utitatis.

383 956 504 1015 CAPUT
522 959 683 1017 Plllhthl.
950 960 1139 1032 Aputationis
1150 960 1218 1016 ordo
1233 957 1365 1031 pervenit,
1380 974 1463 1030 quam
1476 958 1644 1030 tripartitam
1659 972 1718 1015 esse
1729 973 1790 1015 ms-

170 1054 236 1107 Post
253 1060 266 1087 ²
280 1050 395 1123 synaxin
411 1051 592 1124 vespertinam
606 1051 641 1109 ad
662 1053 856 1126 repromissam
871 1068 934 1108 nar·
986 1054 1080 1127 joram
1094 1054 1237 1110 traditione
1252 1053 1430 1125 percepimus.
1455 1053 1546 1109 Prima
1560 1053 1697 1126 siquidem
1709 1068 1790 1109 cura·

135 1143 271 1199 rationem
285 1143 389 1213 intenti,
403 1136 418 1176 ¹³
436 1144 557 1215 psiathiis
571 1145 673 1217 pariter
686 1160 718 1201 ex
740 1160 817 1201 more
835 1160 933 1203 consc-
987 1148 1095 1203 tionum
1110 1162 1191 1203 cansa
1205 1155 1258 1215 est,
1268 1162 1333 1202 cum
1347 1162 1396 1217 pro
1413 1147 1513 1203 merito
1527 1146 1677 1203 sanctitatis
1688 1145 1790 1203 clectos

135 1235 237 1293 dimus.
251 1237 375 1307 Cumque
388 1236 526 1293 silentium
537 1237 731 1310 aliquantisper
742 1253 791 1309 pro
800 1238 874 1293 senis
887 1253 934 1295 re·
987 1253 1110 1311 quosque
1123 1254 1155 1294 ac
1171 1238 1260 1310 justos
1280 1237 1352 1293 viros
1368 1238 1513 1309 signorum
1529 1236 1613 1309 gratia
1627 1238 1788 1307 comitatur,

135 1329 252 1385 verentia
267 1329 460 1401 praeberemus,
474 1330 684 1387 taciturnitatem
698 1330 869 1387 verecundia·
882 1345 932 1386 no·
987 1330 1058 1388 sicut
1077 1330 1223 1403 Apostolos
1237 1330 1394 1403 multosque
1409 1338 1570 1387 sanctorum
1589 1330 1665 1403 signa
1679 1346 1711 1386 ac
1725 1346 1789 1403 pro·

135 1430 201 1479 strae
217 1424 263 1478 tali
280 1424 411 1496 praevenit
425 1425 534 1497 eloquio
553 1443 559 1479 :
580 1426 678 1495 Usque
694 1423 754 1481 ad⁰
769 1424 933 1495 spiritalium
986 1422 1059 1495 digia
1072 1421 1223 1479 secundnm
1236 1422 1425 1478 auctoritatem
1440 1422 1552 1478 Domini
1567 1421 1664 1479 iecisse
1677 1420 1790 1479 manite-

134 1516 269 1574 rationem
283 1518 478 1576 charismatum
495 1517 688 1592 proterendam
703 1517 860 1591 praecedens
873 1518 932 1575 dis·
986 1524 1060 1572 stum
1072 1522 1125 1585 est,
1140 1516 1176 1571 ita
1190 1514 1306 1571 dicentis
1322 1534 1328 1571 :
1345 1519 1466 1587 lrrprmcs
1480 1521 1581 1585 curate,
1597 1522 1713 1573 mortuos
1728 1532 1788 1573 sus·

681 1672 808 1726 stanni
828 1671 941 1726 GAZAEI
959 1668 1238 1725 COMMENTARIUS.

170 1802 183 1830 ⁸
202 1793 377 1853 Vocabulum
397 1795 516 1869 synaxis,
538 1798 661 1869 quamvis
679 1796 753 1853 rarie
776 1813 791 1853 a
810 1795 937 1853 Patribus
992 1796 1123 1865 terifidcs
1141 1794 1274 1849 iraeadem
1291 1794 1408 1865 Spiritu,
1427 1794 1478 1849 alii
1492 1795 1746 1863 protiosanitatum
1759 1796 1790 1849 in

135 1874 271 1933 sumatur,
293 1867 437 1937 pinnasque
458 1866 558 1922 habeat
577 1868 799 1939 significationes,
823 1874 853 1924 ut
871 1868 938 1924 alias
990 1883 1044 1921 uno
1056 1868 1173 1936 spr'ritu
1186 1864 1791 1935 aliioperatiooirtnium,aliiprupltetinnlii

137 1935 292 1991 notavimus
316 1938 374 1993 iit.
389 1952 415 1993 rr
425 1940 549 1993 liuttici.
561 1954 583 1993 c.
597 1942 644 2005 26,
655 1943 680 1994 et
694 1940 784 1994 collat.
797 1944 812 1994 7
823 1956 846 1994 c.
859 1940 935 2007 ulti,
990 1938 1117 1992 discretio
1128 1939 1286 2005 spirituum,
1297 1937 1348 1990 alii
1359 1951 1455 2005 genera
1468 1937 1633 2005 linquamam,
1645 1936 1697 1989 alii
1705 1936 1790 1991 inter·

136 2010 227 2060 tamen
242 1935 316 2076 apud
329 2008 491 2065 Cassianum
508 2009 608 2079 passim
626 2008 741 2065 denotat
759 2017 934 2075 conventum,
986 2010 1107 2079 pretatio
1121 2023 1280 2063 sermonum.
1299 2010 1403 2063 Tamen
1417 2006 1446 2061 in
1457 2004 1508 2062 hac
1521 2005 1667 2063 collatione
1680 2021 1742 2078 quae
1755 2004 1790 2062 de

136 2088 185 2130 seu
203 2090 302 2201 congre
337 2077 441 2134 tionem
456 2077 655 2135 monachornm
670 2079 704 2136 ad
718 2080 851 2136 orandum
866 2079 937 2135 diri-
990 2077 1206 2134 Clrarismatibus
1220 2076 1317 2133 divinis
1330 2076 1499 2139 inscribitur,
1514 2092 1570 2133 uon
1589 2076 1741 2149 promiscue
1754 2073 1789 2135 dc

136 2159 186 2199 nas
207 2161 240 2201 ue
265 2163 299 2201 au
320 2162 348 2202 es
361 2147 542 2205 decantandas
556 2159 582 2206 et
596 2149 784 2221 celebrandas3
800 2150 935 2220 quemad·
991 2148 1120 2205 omnibns
1134 2147 1345 2204 charismatibus
1363 2162 1410 2204 seu
1429 2146 1525 2229 gratiis
1542 2147 1626 2219 gratis
1640 2147 1712 2203 datis
1727 2144 1788 2218 agi-

135 2162 253 2271 mogum
268 2225 296 2272 ct
309 2219 380 2290 apud
397 2222 426 2275 S.
445 2222 565 2291 Ephrem
583 2220 611 2275 in
629 2220 741 2292 epistola
763 2221 881 2292 quadam
897 2220 933 2277 ad
990 2226 1045 2287 tur,
1068 2220 1115 2275 sed
1135 2219 1244 2300 proprie
1262 2227 1290 2275 et
1309 2219 1477 2291 peculiariter
1498 2217 1532 2272 dc
1549 2216 1668 2282 (luobus,
1688 2232 1788 2300 nempe

135 2286 269 2341 loannem
283 2289 459 2359 lionae-hum,
474 2290 521 2345 ubi
531 2291 570 2347 ait
586 2294 695 2360 :licque
705 2293 882 2362 corporalium
892 2308 937 2347 nc·
990 2290 1025 2347 de
1039 2290 1124 2361 gratia
1139 2297 1284 2346 sanitatum
1309 2290 1364 2345 sive
1381 2289 1564 2353 sanationum,
1585 2287 1611 2343 id
1631 2296 1681 2345 est.
1701 2295 1787 2359 gratia

134 2362 291 2413 cessitatem
298 2365 696 2431 prmtectusqnnaimucstram
707 2364 889 2431 ricqleacritis.
902 2364 937 2418 Et
989 2360 1105 2417 sanandi
1124 2369 1151 2416 et
1164 2360 1276 2417 curandi
1291 2360 1416 2425 morbos,
1432 2366 1459 2415 ct
1473 2359 1627 2431 operatione
1642 2358 1785 2428 virtutum,

136 2425 183 2483 lib.
197 2428 232 2484 de
245 2430 354 2486 Virtute
366 2446 425 2501 cap.
440 2436 455 2485 5
469 2449 476 2486 ι
489 2435 521 2489 si
531 2437 594 2487 orate
607 2437 712 2487 curtatas
724 2436 753 2487 in
765 2436 891 2501 synaxim
904 2448 935 2488 ac
989 2431 1018 2488 id
1035 2441 1085 2498 est,
1101 2433 1242 2503 signorum
1256 2439 1284 2487 ct
1302 2430 1508 2496 miraculorum,
1523 2437 1555 2485 ut
1573 2446 1605 2485 ex
1619 2443 1786 2499 consequen-

134 2504 363 2569 conprepationcm
375 2504 490 2571 prodeas
500 2509 525 2559 ct
535 2506 665 2573 persistas
676 2504 757 2558 dmaec
767 2504 933 2571 absolvatur,
989 2503 1064 2559 tibus
1079 2503 1191 2574 patebit.
1204 2504 1363 2559 curantem
1377 2501 1460 2569 gratia
1474 2501 1621 2557 sanitatum
1637 2498 1787 2573 distingua-

135 2584 187 2624 nnn
202 2572 232 2625 in
249 2572 441 2643 toctcefferat
457 2577 661 2644 cogitatmus.
677 2574 935 2645 vespertinamita-
988 2580 1035 2630 tur
1055 2575 1141 2629 etiam
1156 2574 1191 2629 ab
1209 2572 1339 2644 Apostolo
1357 2571 1392 2627 ab
1411 2571 1568 2653 operatione
1586 2572 1718 2628 virtutum
1738 2586 1787 2629 seu

135 2653 188 2721 que
202 2642 328 2714 synaxim
343 2653 422 2700 rocat
441 2646 623 2727 uespertinum
638 2654 804 2700 consultum
817 2645 852 2701 ad
870 2661 934 2701 ora·
989 2642 1196 2709 miraculorum,
1208 2658 1270 2699 cnm
1282 2642 1318 2698 sit
1329 2643 1387 2714 ipsa
1399 2642 1560 2697 miraculosa
1570 2650 1598 2697 et
1609 2656 1656 2713 per
1667 2642 1786 2697 divinam

133 2718 250 2781 tionem,
269 2714 307 2769 nel
323 2714 408 2795 ipsam
427 2725 592 2783 orationem,
613 2714 794 2787 psalmodiam
808 2724 857 2771 aut
868 2715 934 2772 oili-
989 2713 1115 2770 virtutem
1137 2714 1192 2780 liat,
1208 2711 1355 2783 respondet
1368 2716 1404 2768 D.
1418 2712 1539 2769 Thomas
1553 2716 1624 2779 (2-2,
1637 2728 1664 2781 q.
1682 2716 1744 2775 tia,
1757 2728 1784 2768 a.

132 2780 208 2838 cium
227 2794 421 2856 vespertinum.
440 2786 507 2842 Vide
524 2786 592 2842 alias
611 2786 770 2843 notationes
789 2785 932 2843 decadem
988 2788 1005 2839 2
1019 2789 1045 2840 ct
1059 2786 1099 2857 l),
1118 2784 1191 2867 quod
1205 2783 1290 2857 gratia
1304 2784 1452 2840 sanitatum
1467 2788 1702 2839 commemoratur
1714 2797 1786 2838 seor-

132 2866 210 2909 roce.
947 2848 971 2909 B
987 2870 1061 2922 snm,
1080 2872 1145 2926 quia
1159 2872 1206 2937 per
1220 2870 1280 2912 eam
1295 2853 1433 2911 oonlcrtur
1445 2852 1550 2909 homini
1562 2854 1670 2924 aliquod
1685 2852 1787 2909 beneti-

169 2915 238 2977 l'De
251 2924 373 2993 psiathiis
386 2941 538 2998 eorumque
556 2926 654 2998 duplici
675 2942 726 2983 usu
741 2925 811 2999 apud
831 2934 934 2983 veteres
988 2926 1062 2981 cium
1083 2927 1227 2996 peculiare,
1248 2925 1354 2981 scilicet
1368 2940 1417 2981 cor
1436 2924 1519 2980 oralia
1536 2923 1670 2991 sanitatis,
1686 2928 1786 2995 prater

135 2990 367 3060 monachos,alibi
375 2995 482 3053 abunde
491 2998 670 3064 dictumtbib.
680 3012 712 3054 rv
720 3000 809 3054 instit
818 3014 877 3067 cap.
886 3002 932 3068 23,
988 2996 1153 3052 benelicium
1173 3010 1332 3063 commune,
1352 3010 1389 3066 qu
1447 2994 1588 3050 exhibetur
1610 2994 1638 3048 in
1658 2993 1787 3051 omnibns

135 3066 161 3115 et
173 3060 262 3115 collat.
278 3066 288 3115 l
307 3078 330 3117 c.
345 3062 419 3133 ulii.
988 3067 1136 3135 miraculis,
1149 3075 1180 3123 ut
1192 3067 1293 3122 seilicet
1304 3066 1429 3122 homines
1440 3064 1610 3121 adducantur
1620 3064 1646 3119 in
1659 3063 1785 3121 notitiam

172 3133 334 3201 οΧάρισμωι,
352 3133 425 3189 idem
439 3132 512 3204 quod
530 3135 616 3207 gratia
636 3137 692 3193 sine
707 3134 811 3192 donum
831 3138 932 3207 gratui-
989 3138 1048 3192 Dei.
1067 3140 1175 3193 Horum
1195 3147 1288 3194 autem
1301 3136 1498 3193 charismatum
1517 3135 1654 3205 triplicem
1673 3150 1720 3190 scu
1735 3135 1785 3190 tri·

134 3208 205 3257 tum.
220 3204 368 3274 sumptum
383 3204 437 3259 hoc
455 3205 619 3261 vocabulum
635 3215 662 3261 et
676 3205 749 3277 apud
764 3207 876 3263 Latinos
889 3224 933 3264 re·
988 3208 1113 3278 partitam
1129 3208 1262 3264 rationem
1279 3207 1453 3278 postmodum
1472 3206 1593 3278 assignat
1607 3208 1723 3273 Auctor,
1736 3220 1785 3262 cur

133 3278 241 3328 tentum
252 3288 285 3328 ex
300 3273 431 3343 apostola
445 3276 455 3329 l
468 3274 502 3331 ad
514 3275 668 3333 Corinthios
682 3276 935 3345 x11,ubiderariis
988 3279 1089 3333 scilicet
1099 3278 1235 3349 ejusmodi
1251 3278 1323 3333 dona
1337 3276 1472 3347 aliquibus
1484 3275 1668 3331 conterantur.
1682 3277 1785 3331 Vemm

133 3341 213 3399 donis
226 3352 253 3399 et
271 3344 367 3412 gratiis
381 3345 496 3415 Spiritus
514 3346 601 3403 sancti
622 3364 636 3404 a
656 3364 703 3404 ens
718 3366 725 3403 ε
748 3349 932 3413 AEmulamini‚
988 3349 1067 3403 tertia
1080 3349 1148 3403 ratio
1163 3364 1219 3403 non
1231 3356 1287 3403 tam
1299 3347 1333 3402 ad
1347 3362 1442 3401 reram
1457 3346 1571 3416 gratiam
1585 3346 1671 3416 gratis
1681 3345 1785 3414 datam,

133 3412 233 3485 inquit,
245 3416 407 3470 alturinnata
420 3417 540 3472 meliora.
551 3364 679 3489 Quadi).
690 3417 811 3474 Thomas
822 3420 935 3490 exponit
988 3416 1044 3472 sive
1065 3419 1226 3482 sanitatum,
1243 3417 1298 3473 sire
1317 3416 1525 3481 miraculorum,
1541 3430 1625 3486 quam
1640 3415 1674 3471 ad
1696 3414 1786 3472 fictio-

130 3487 375 3555 potiorespratnrs.
390 3486 572 3543 Tertullianus
586 3504 649 3545 nero
673 3491 732 3546 lib.
746 3490 804 3545 rad
819 3491 934 3545 cranam
987 3502 1051 3543 nem
1074 3496 1102 3544 et
1123 3487 1341 3555 simulationem,
1363 3496 1410 3544 aut
1430 3486 1614 3543 imitationem
1637 3486 1786 3558 quamdam

134 3570 156 3610 c.
174 3556 212 3625 t),
231 3557 356 3613 eamdem
375 3558 535 3613 sententiam
549 3568 674 3631 spectans
693 3562 867 3624 :Uelabrum
884 3562 932 3630 ait,
987 3558 1150 3616 diabolicam
1164 3558 1298 3629 ejrrsmodi
1311 3558 1461 3631 gratiarnm
1476 3556 1602 3623 retertur,
1622 3572 1706 3629 quam
1726 3558 1784 3615 dia·

132 3625 309 3683 donatianum
327 3634 467 3685 sectatores
483 3633 576 3685 sentus.
592 3630 717 3687 Sumitur
735 3639 828 3686 autem
846 3632 933 3703 gratia
986 3626 1065 3685 bolus
1079 3630 1107 3684 in
1120 3630 1177 3686 suis
1190 3630 1324 3686 ministris
1336 3638 1475 3701 operatur,
1487 3627 1596 3685 utinTra
1608 3627 1715 3685 dicetur
1728 3629 1785 3700 ple·

132 3695 205 3768 apud
227 3698 369 3771 theologos
388 3715 442 3756 non
460 3715 511 3781 pro
531 3716 706 3772 quocumque
724 3701 775 3757 Dei
800 3702 932 3758 beneticio
986 3698 1058 3756 nius.
1070 3702 1223 3771 Utramque
1238 3717 1301 3757 vcro
1313 3716 1426 3757 causam
1439 3700 1493 3755 sive
1504 3700 1650 3767 rationem,
1667 3699 1718 3755 hoc
1732 3707 1784 3763 cst,

133 3769 250 3825 naturali
269 3778 314 3825 aut
333 3770 477 3841 spirituali,
499 3771 639 3842 quomodo
657 3772 793 3843 Pelagiani
812 3772 931 3829 haeretici
987 3770 1106 3842 primam
1123 3780 1151 3829 ct
1165 3771 1325 3839 secundam,
1348 3775 1382 3826 D.
1399 3770 1519 3825 Thomas
1534 3770 1576 3839 (ln
1594 3770 1784 3841 concinnitur.)

130 3840 224 3909 gratiae
237 3842 348 3896 nomine
358 3841 474 3896 liberum
484 3842 628 3897 arbitrium
641 3850 723 3912 atque
737 3843 790 3897 alia
804 3842 833 3899 id
846 3858 932 3913 genus
986 3842 1113 3914 exposuit
1131 3842 1213 3899 simul
1228 3859 1291 3898 cum
1308 3842 1449 3911 utriusque
1463 3839 1556 3911 gratiae
1569 3839 1727 3895 discrimine
1741 3839 1786 3895 his

131 3911 264 3966 naturalia
279 3912 349 3965 dona
364 3909 476 3979 intelligi
489 3910 622 3973 volebant,
639 3919 671 3964 ut
689 3918 806 3965 testetur
820 3914 857 3966 D.
873 3916 931 3969 Au·
988 3912 1074 3969 verbis
1089 3932 1096 3967 ι
1109 3916 1230 3969 Pertinet
1240 3915 1277 3968 ad
1294 3915 1413 3981 qratiam
1425 3916 1534 3980 pratum
1549 3912 1693 3977 sacierttem
1713 3910 1785 3978 quod

130 3982 257 4052 gostinus
273 3980 342 4049 (lib.
358 3980 391 4032 de
402 3980 500 4035 Gratia
513 3978 614 4057 §haisti
622 3994 642 4031 c.
659 3982 711 4033 det
720 3982 787 4060 seq.)
802 3998 808 4033 :
824 3980 872 4036 scd
884 3997 932 4051 pro
983 3997 1034 4049 pen
1049 3999 1107 4036 carru
1119 3986 1239 4053 Spiritus
1251 3988 1356 4038 suiectus
1369 3983 1512 4045 inlmlitct,
1525 3982 1597 4050 qued
1611 3981 1719 4050 quidem
1732 3994 1785 4035 nun

131 4050 199 4106 solis
215 4049 265 4103 Dci
278 4048 359 4103 donis
372 4055 398 4101 et
413 4046 548 4101 benelicns
562 4046 824 4118 supematurahbus,
841 4048 867 4104 id
880 4058 932 4117 est,
982 4054 1153 4119 pertinaciori
1168 4058 1286 4121 gruttam
1301 4056 1388 4120 pratis
1401 4054 1505 4113 datam,
1524 4052 1571 4104 sed
1586 4053 1673 4105 solum
1690 4055 1721 4104 nt
1734 4065 1786 4119 per

131 4134 195 4191 quae
207 4126 312 4173 naturae
331 4116 489 4172 facultatem
502 4125 631 4187 superant
646 4126 673 4173 et
686 4118 795 4190 gratisa
810 4121 869 4175 Deo
885 4120 934 4177 ho·
986 4136 1043 4174 cam
1053 4123 1173 4189 Spiritus
1180 4127 1288 4175 surmus
1296 4124 1495 4189 anarrisestctun,
1504 4123 1571 4175 sicut
1580 4123 1692 4175 iraterior
1698 4124 1785 4177 motus

132 4190 253 4245 minibus
268 4188 350 4243 ctiam
370 4187 489 4259 indignis
502 4186 680 4245 conseruntur
696 4189 779 4259 ll'idc
795 4191 883 4245 collat.
901 4196 934 4248 13
988 4192 1077 4245 cordis
1087 4208 1137 4260 per
1150 4206 1245 4245 rorem.
1261 4192 1456 4257 Uarrisestatur
1466 4194 1555 4245 autem
1568 4206 1617 4259 per
1630 4190 1786 4259 banusmodi

132 4275 156 4315 c.
176 4262 214 4329 9).
230 4257 413 4331 Distinguitur
427 4266 519 4314 autem
534 4258 696 4333 athcologis
707 4262 747 4325 (S.
764 4262 855 4315 Thon.
874 4266 933 4329 1-2,
989 4264 1093 4329 gratius
1107 4264 1226 4333 Spiritus
1242 4266 1350 4317 sarnatus
1362 4262 1525 4331 dupliciter:
1540 4276 1593 4315 urio
1608 4262 1686 4315 niodo
1699 4267 1731 4316 ut
1744 4264 1785 4316 in-

132 4346 160 4401 q.
184 4336 211 4385 lt
221 4336 245 4395 l,
259 4335 313 4384 art.
341 4336 351 4384 t
370 4334 395 4384 et
412 4328 439 4400 4)
452 4328 549 4401 duplex
564 4330 648 4402 gratia
665 4351 672 4387 ;
693 4347 746 4387 una
762 4331 872 4403 quidem
887 4348 934 4404 per
989 4333 1115 4388 dubitans
1130 4334 1286 4399 Ecclesiam,
1307 4336 1333 4387 et
1350 4332 1453 4395 rimeris,
1477 4336 1503 4387 et
1519 4334 1690 4402 soractilicans
1708 4348 1783 4399 cunm

132 4414 216 4470 quam
230 4401 286 4469 ipse
301 4400 385 4456 homo
402 4404 460 4456 Deo
474 4401 658 4474 conjungitur,
675 4416 736 4471 quat
754 4409 865 4457 vocatur
876 4418 933 4475 gra·
983 4408 1053 4473 parta
1060 4419 1120 4457 carra
1129 4406 1229 4473 aliquis
1233 4408 1365 4473 peccator,
1373 4419 1452 4473 quern
1459 4419 1512 4459 narr
1519 4404 1784 4473 italoditatSpinitus

131 4470 169 4526 tia
186 4480 294 4543 gratum
310 4470 421 4537 taciens,
440 4470 475 4527 dc
491 4487 542 4542 qua
557 4479 650 4529 actum
667 4480 710 4529 est
720 4474 860 4545 superiore
872 4473 931 4529 col·
985 4480 1103 4539 sarrctus,
1118 4477 1185 4542 sarcit
1197 4476 1331 4529 miracula
1341 4476 1379 4529 ad
1388 4474 1577 4531 ostendendum
1586 4474 1729 4545 qnodfidcs
1738 4478 1784 4531 Ec·

132 4538 248 4609 lationc;
261 4542 345 4597 altera
360 4558 425 4597 vero
436 4557 483 4612 per
497 4557 578 4613 quam
590 4559 661 4599 unus
674 4542 758 4600 home
768 4554 931 4615 cooperatur
985 4545 1071 4599 clesicc
1080 4562 1161 4614 quam
1171 4540 1493 4616 ipseprmdicatsit'tem.
1509 4547 1691 4601 Undcdicitur
1701 4547 1781 4600 licha.

131 4612 208 4669 alteri
222 4613 320 4669 adhoc
335 4620 364 4669 ut
377 4611 411 4668 ad
429 4615 517 4667 Deum
525 4612 687 4692 reducatur.
702 4614 868 4685 liujusmodi
883 4632 931 4671 au·
986 4630 1006 4671 n
1021 4636 1026 4670 :
1041 4616 1210 4673 Contestania
1221 4622 1274 4673 lieo
1286 4619 1382 4686 siparis,
1396 4622 1422 4671 et
1430 4617 1573 4687 prodipir's,
1587 4622 1612 4670 et
1623 4618 1709 4669 curiis
1720 4616 1783 4683 Spi-

131 4690 189 4740 tem
208 4684 312 4741 donum
332 4691 445 4739 vocatur
463 4691 547 4754 gratia
565 4683 650 4756 gratis
669 4683 742 4749 data,
763 4685 827 4755 quia
849 4701 930 4756 supra
984 4689 1053 4742 ritus
1065 4688 1414 4743 sunctielastribntiauibus.
1427 4688 1490 4741 Alio
1503 4687 1580 4739 mado
1592 4685 1784 4750 montisestatur

131 4753 292 4811 facultatem
307 4764 412 4811 naturai
430 4762 458 4809 et
471 4768 553 4825 supra
575 4753 670 4809 hierita
687 4769 810 4825 personae
823 4754 930 4813 homini
983 4772 1032 4826 per
1052 4758 1207 4828 huiusmodi
1218 4761 1310 4825 puertia
1323 4759 1443 4826 Spiritus
1460 4757 1556 4815 sancti,
1577 4759 1608 4808 ut
1627 4754 1783 4809 inhabitans

130 4826 290 4880 conceditur
306 4844 312 4879 ε
329 4826 376 4881 sed
388 4825 451 4895 quia
464 4840 520 4880 non
532 4825 613 4881 datur
628 4824 662 4880 ad
674 4823 727 4880 hoc
738 4832 766 4879 ut
780 4824 864 4881 homo
875 4827 931 4897 ipse
985 4844 1045 4882 erem
1058 4831 1104 4881 cui
1116 4829 1181 4881 iales
1197 4830 1295 4896 pratitae
1308 4826 1494 4879 eorrecduntur.
1511 4824 1585 4878 Unde
1602 4824 1703 4877 dicitnr
1718 4824 1780 4880 Act.

131 4908 182 4966 per
194 4909 254 4948 cam
263 4894 442 4965 justificetur,
452 4896 498 4951 scd
512 4896 601 4967 potius
615 4904 646 4952 ut
657 4896 691 4951 ad
702 4895 930 4967 justificationem
985 4910 1017 4951 vr
1030 4898 1102 4965 quod
1112 4898 1274 4965 Stsplumus,
1283 4894 1377 4965 plenius
1385 4896 1485 4963 pratia,
1492 4895 1612 4963 faciebat
1619 4895 1747 4964 proaliqia
1756 4900 1782 4951 et

131 4965 243 5020 alterius
252 4980 302 5019 coo
322 4972 422 5031 eretur,
436 4964 495 5021 iden
506 4982 562 5022 non
574 4974 687 5023 vocatur
729 4974 804 5021 atum
818 4964 928 5025 iaciens.
984 4970 1062 5035 siqua
1075 4968 1170 5029 nrulto,
1186 4982 1263 5036 quem
1277 4968 1384 5036 Spiritu
1397 4971 1488 5021 sancto
1506 4966 1615 5036 plenum
1634 4967 1780 5036 elegerunt.

131 5038 166 5091 Et
180 5035 214 5091 de
229 5036 279 5091 hac
312 5034 358 5091 icit
371 5036 519 5107 Apostolus
534 5038 545 5091 l
559 5037 593 5093 ad
608 5038 702 5093 corint
723 5037 763 5092 ios
778 5051 825 5093 aar
841 5056 847 5091 :
865 5041 930 5095 Uni·
984 5038 1187 5093 Sicautemnmt
1197 5036 1782 5106 succedunturhrtjusmodiqrotioemisisan·

130 5109 229 5176 cuique
240 5107 325 5161 datur
336 5108 523 5173 murrr'sestatio
534 5109 655 5177 Spiritus
664 5109 701 5162 ad
713 5109 872 5171 utilitatem,
883 5108 931 5165 sci·
984 5110 1045 5164 ctis.
1056 5112 1131 5164 litne
1141 5108 1296 5177 hujusmodi
1304 5109 1489 5176 mnarifestatio
1499 5124 1569 5163 suno
1577 5108 1711 5169 uideatur,
1722 5106 1782 5161 suh

131 5176 196 5233 licet
219 5178 343 5235 aliorum.
370 5180 455 5233 Porro
480 5192 543 5233 cum
564 5178 637 5234 uaria
666 5178 720 5233 sint
740 5177 813 5235 dona
835 5179 931 5250 gratita
985 5179 1102 5236 ditrrtd
1109 5180 1255 5234 utilitatem
1265 5179 1550 5249 (scilicetcommunem,
1561 5180 1591 5231 in
1601 5176 1782 5246 quodesiqna·

130 5247 218 5320 grans
231 5248 311 5315 datae,
326 5264 389 5320 quae
402 5246 470 5304 alias
481 5248 607 5305 dicuntur
618 5248 792 5317 charismata,
805 5250 931 5321 quemad·
985 5255 1032 5306 tur
1044 5253 1105 5321 finis
1120 5250 1217 5306 hurum
1231 5249 1405 5320 gratiarnm),
1419 5255 1444 5305 et
1457 5252 1505 5305 hoc
1518 5250 1559 5304 nel
1573 5248 1638 5302 dum
1649 5246 1782 5317 probatur

131 5317 248 5375 modom
262 5319 341 5375 docet
355 5319 504 5391 Apostolus
516 5319 570 5375 illis
585 5318 673 5376 serbis
690 5339 696 5374 :
712 5323 859 5377 Uicismnes
872 5338 930 5391 pra·
984 5336 1046 5378 cera
1064 5324 1188 5378 doctrina
1205 5322 1337 5385 Ecclesia,
1352 5322 1430 5377 etsie
1445 5321 1536 5392 fideles
1549 5321 1742 5388 confirmantur
1755 5323 1781 5374 ct
1872 5386 1875 5391 Ι

131 5390 235 5445 labrum
256 5396 330 5453 sunt,
349 5392 419 5447 idem
438 5396 529 5447 aretem
549 5392 678 5462 Spiritus,
700 5400 765 5461 ete.;
786 5394 931 5463 nonnique
983 5394 1105 5463 infideles
1119 5398 1320 5455 munninruur,
1332 5391 1450 5446 aeidum
1458 5389 1714 5459 sanctitosolicujus
1722 5404 1781 5460 pro

129 5464 220 5516 autem
229 5461 312 5517 datur
319 5464 627 5533 manifestatiot'pirilus
635 5464 826 5519 odutilitatem
834 5464 869 5533 (id
877 5472 929 5532 est,
981 5466 1095 5534 ponitur
1107 5466 1172 5519 aliis
1188 5467 1220 5519 in
1234 5463 1394 5534 eucarpium.
1416 5463 1490 5517 Unde
1503 5463 1605 5516 dicitur
1618 5462 1695 5529 infra
1710 5478 1719 5515 c
1734 5460 1780 5517 Ad

129 5528 312 5587 conteruntur
333 5533 405 5588 dona
425 5533 584 5604 spiritualia,
603 5533 651 5590 sed
670 5532 801 5599 visibilia,
822 5541 852 5590 ut
874 5533 929 5590 sint
985 5535 1187 5604 aedificationem
1196 5536 1319 5592 Ecclesia
1328 5536 1452 5604 quarite,
1460 5537 1491 5587 ut
1502 5532 1655 5588 abundetis.
1664 5534 1778 5588 Etnxz

130 5613 323 5675 argumentum
339 5612 367 5659 ct
386 5602 566 5661 manifestatio
580 5604 723 5661 inuisibilis
741 5603 861 5676 Spiritus
880 5620 927 5661 ac·
943 5598 968 5661 D
985 5606 1043 5663 Non
1052 5606 1251 5676 quoermsquod
1258 5606 1328 5662 milri
1335 5605 1412 5670 utile,
1422 5602 1470 5661 scd
1477 5603 1549 5675 quod
1556 5605 1660 5669 multas,
1670 5608 1701 5661 ut
1711 5604 1783 5659 salci

127 5674 223 5746 cepti).
238 5676 358 5745 Aliiper
370 5677 504 5747 Spuitnm
515 5676 599 5733 datur
611 5691 740 5733 sennosa
760 5677 859 5739 unicae,
873 5676 926 5732 olii
980 5679 1048 5748 tant
1278 5698 1281 5703 ·

127 5746 726 5807 nutemsennoscienticsecundumeumdem
734 5692 925 5819 {piritumol-
