3848 6158
142 270 210 329 lili)
467 260 637 321 COLLATlO
656 258 747 317 lililll.
765 288 802 301 -
820 258 865 315 DE
883 258 995 315 VELLE
1013 256 1131 315 BONUM
1152 257 1195 313 ET
1213 256 1328 313 AGERE
1346 256 1478 313 neuun.
1735 264 1803 321 {2⁸⁰

140 396 186 451 tia
204 398 303 450 nostra
316 391 405 463 (isaia
417 388 513 461 ιιιι).
524 391 559 444 Et
573 394 604 445 ut
615 384 714 458 aliquid
728 383 819 442 adhue
830 383 942 442 eriden-
957 387 984 452 Α
997 384 1072 441 tione
1080 381 1221 455 J'ustifleet,
1238 381 1332 439 dicens
1347 400 1354 436 ι
1367 383 1522 453 ιωιιιιιαια
1535 389 1575 440 est
1588 385 1703 441 Sodoma
1714 402 1748 442 en
1762 392 1799 443 te.

141 487 197 545 tius
218 485 379 553 inieramus,
391 493 404 519 ⁸
415 482 483 555 legis
502 494 612 553 quoque
627 478 711 551 ipsius
724 485 859 551 praesepta
880 476 943 532 rite·
996 479 1032 533 Et
1045 477 1245 544 iterum10uid
1259 479 1330 531 enim
1340 478 1461 547 peasauit
1472 492 1547 532 soror
1557 480 1752 537 tuaSodomat
1764 484 1801 539 m

140 580 189 650 lla,
200 595 261 652 quse
274 578 375 635 dieitur
386 576 514 634 ordinata
522 573 686 646 peranqelos
699 575 728 627 in
740 588 823 627 mnu
836 572 943 627 media·
991 574 1152 643 instipaaoit
1164 574 1285 627 animam
1298 586 1376 627 mam
1389 574 1542 627 aversatrix
1554 574 1648 643 hanel,
1661 590 1798 647 eompara-

141 676 206 731 toris
221 674 323 744 (Galat.
338 672 399 744 ιιι),
412 678 441 728 et
460 669 493 727 de
513 684 566 741 qua
581 666 655 724 idem
672 665 831 739 Apostolus,
850 669 945 737 ltaque
998 669 1068 723 tiam
1078 668 1307 737 praevaricatricis
1326 666 1404 722 luda
1417 666 1522 738 (linui.
1533 668 1608 737 ιιι).
1624 670 1665 725 lta
1675 670 1757 743 igitur
1768 682 1797 731 et

141 768 197 831 lea,
212 768 311 840 inquit,
325 771 419 823 sanata
428 769 456 821 et
463 764 624 820 maadmum
632 767 753 818 sonatum
766 766 791 816 et
796 761 904 832 iustum
918 765 944 817 et
999 759 1184 816 universarum
1208 759 1304 816 merita
1326 760 1472 827 virtutum,
1489 775 1552 833 quae
1573 763 1700 834 superius
1718 780 1797 823 eom-

141 860 237 917 bonum
258 860 341 931 (liora
358 858 426 930 vsi),
448 854 649 929 siperieationi
672 854 837 926 evangelicae
851 852 943 910 eunie-
998 850 1145 924 prehendi,
1164 867 1228 909 eum
1248 867 1297 924 per
1323 867 1353 910 se
1376 853 1448 910 bone
1475 862 1558 926 atque
1584 856 1703 928 pretiosa
1727 858 1797 929 unt,

141 962 249 1023 rantur,
265 953 382 1009 minime
396 952 468 1008 bona
482 950 575 1008 divino
589 949 799 1022 pronuntiantur
820 948 942 1017 oraculo,
997 951 1090 1000 tamen
1112 944 1241 1002 theoricae
1267 945 1396 1003 claritatis
1418 948 1624 1019 comparatione
1643 948 1795 1009 fuscantur.

141 1048 275 1106 aitenim:
289 1041 342 1103 Etl
356 1048 419 1103 dedi
433 1049 471 1102 eis
477 1050 613 1117 praecepta
625 1060 679 1099 non
694 1045 773 1112 borea,
786 1048 812 1099 et
818 1044 943 1114 justitior
998 1037 1101 1094 Multos
1118 1038 1221 1095 etenim
1237 1049 1348 1095 senatos
1369 1040 1496 1112 quanvis
1518 1040 1655 1099 bonorum
1669 1059 1794 1115 operum,

141 1140 288 1210 inquibus
300 1156 353 1195 non
374 1142 464 1194 uiuent
486 1140 515 1193 in
530 1139 569 1193 eis
592 1136 695 1208 (Ezeah.
718 1134 943 1207 senapariam
997 1129 1111 1187 tenonis
1132 1137 1224 1186 lamen
1247 1132 1344 1188 studiis
1362 1142 1523 1206 occupatos,
1537 1150 1553 1192 a
1567 1137 1795 1211 contemplatione

142 1246 252 1305 quoque
275 1233 312 1289 ita
336 1233 399 1289 nori
421 1231 524 1289 lumine
546 1230 713 1286 Testamenti
738 1228 853 1299 ponam
876 1227 942 1299 legis
996 1222 1096 1281 summi
1109 1222 1180 1279 illios
1200 1223 1618 1284 boniretranuntaeretaruant.

142 1325 264 1384 affirmet
289 1327 422 1394 obtundi,
438 1333 470 1382 ut
490 1339 552 1381 eam
572 1321 717 1395 evangelici
739 1319 943 1393 comparatione
1312 1327 1434 1383 CAPUT
1454 1329 1487 1383 v,

141 1418 256 1493 fulgoris
277 1436 328 1477 neo
351 1418 530 1493 glorificatam
551 1433 610 1473 esse
634 1414 801 1488 pronuntiet,
824 1412 940 1470 dicent:
1049 1426 1565 1483 Nemenpmspmmoppponormmeum
1578 1429 1745 1499 mamper

141 1515 242 1573 'Nam
259 1531 306 1570 nea
325 1516 470 1583 ploriosum
490 1517 528 1569 est
550 1512 581 1567 id
603 1512 675 1582 quod
689 1512 869 1580 ploripoatum
890 1513 940 1569 est,
1350 1511 1437 1567 posse.

138 1602 942 1678 proptereeaelleatemploriam(llCor.111).‘¹Quameom-
1031 1601 1129 1655 ‘llam
1148 1599 1210 1671 quis
1229 1599 1346 1671 eripiens
1367 1597 1476 1670 inopem
1497 1598 1531 1655 de
1543 1614 1630 1655 manu
1649 1599 1794 1661 sorborum

141 1699 310 1770 parationem
323 1697 405 1753 etiam
417 1696 445 1753 in
459 1704 534 1768 parte
553 1696 701 1758 contraria,
722 1693 750 1748 id
767 1701 817 1755 est,
837 1694 863 1747 in
879 1708 941 1765 pea-
996 1693 1065 1766 ejus,
1080 1701 1108 1749 et
1128 1708 1244 1765 egenum
1262 1700 1290 1748 et
1311 1707 1458 1765 pauperem
1479 1693 1697 1766 adiripientilrus
1715 1711 1793 1765 eum3

141 1798 266 1848 satorum
288 1789 393 1846 meritis
413 1788 624 1861 compensandis
636 1785 773 1860 Scriptura
787 1794 938 1855 conservat,
957 1788 1055 1861 Bquis
1068 1794 1213 1843 conterens
1233 1786 1321 1843 molas
1339 1786 1512 1857 iniquorum,
1530 1786 1604 1842 etde
1618 1787 1711 1845 medio
1725 1788 1794 1847 den·

141 1892 172 1941 ut
187 1899 234 1941 eos
251 1883 297 1956 qui
317 1883 404 1940 multo
425 1881 518 1939 minus
536 1881 610 1953 impii
631 1888 711 1947 sunt,
726 1879 849 1952 pejorum
864 1881 946 1937 oolla-
998 1881 1067 1938 tium
1086 1896 1182 1937 eorum
1196 1880 1305 1953 rapinas
1320 1888 1496 1953 extorquens,
1512 1880 1610 1953 inipso
1624 1882 1796 1941 intercessio·

692 2005 818 2062 sinunt
837 2006 949 2063 GAZAEl
967 2006 1247 2064 COMMENTARIUS.

139 2124 275 2193 sordibus,
294 2124 341 2179 sed
355 2140 446 2195 pronao
462 2123 581 2185 sordido,
592 2126 621 2179 in
635 2139 686 2195 quo
703 2128 767 2179 sunt
782 2129 877 2194 partes
898 2126 940 2178 ni-
992 2127 1150 2180 eonseientra
1165 2123 1322 2179 delictorum
1339 2124 1425 2179 anulos
1445 2139 1499 2179 non
1521 2124 1638 2180 audebat
1660 2124 1792 2189 attollere,

140 2195 215 2258 teda,
230 2201 255 2250 et
266 2199 361 2266 partes
374 2194 528 2250 maculata.
544 2196 612 2251 Haee
625 2196 693 2267 lpse,
705 2209 767 2265 quae
785 2194 820 2249 ad
835 2194 939 2250 intelli·
992 2196 1172 2265 superbientis
1181 2197 1314 2250 Pharisai
1325 2196 1498 2264 nitetmrept
1506 2196 1617 2265 justior.
1630 2199 1666 2251 Et
1677 2198 1794 2251 Thamar

140 2270 262 2339 gentiam
273 2266 347 2321 illius
360 2266 501 2322 sententiae
515 2282 570 2323 non
583 2282 680 2338 parum
693 2266 759 2321 lueis
771 2264 900 2321 abierunt.
992 2268 1042 2322 sub
1053 2268 1138 2336 speeie
1145 2268 1291 2320 meretricis
1298 2266 1373 2333 {altit
1381 2266 1490 2333 ludam,
1503 2272 1529 2320 et
1539 2269 1623 2336 ipsim
1635 2270 1793 2322 sententiam

176 2339 187 2369 ¹
203 2336 232 2393 ld
247 2346 302 2403 est,
318 2336 442 2393 salutaria
463 2337 586 2407 quidem,
601 2345 629 2393 et
641 2344 744 2402 saneta,
760 2335 809 2391 sed
823 2351 876 2391 non
890 2351 940 2408 per
992 2340 1041 2407 qai
1052 2338 1176 2406 deeeptus
1185 2344 1234 2400 est,
1248 2342 1365 2391 meretur
1378 2337 1475 2391 audim
1490 2354 1498 2389 :
1516 2340 1665 2407 iustificata
1675 2343 1714 2392 est
1726 2338 1795 2392 Tha-

139 2407 347 2464 seadsalutem
363 2416 390 2463 et
408 2408 491 2463 rimm
506 2406 640 2476 eilleaeia,
656 2408 706 2463 nisi
725 2407 938 2477 medianteqra-
992 2410 1149 2477 marmapis
1179 2423 1241 2461 emm
1251 2406 1409 2478 apamenos.
1424 2406 1793 2477 unxeratneqatbusom-
1898 2466 1901 2470 ,

139 2478 188 2533 tia.
204 2480 323 2535 illustrat
337 2479 411 2534 hune
422 2478 514 2534 laeum
527 2483 562 2535 D.
577 2479 765 2550 Hieronymus
789 2477 891 2533 eisdem
912 2485 939 2533 et
992 2480 1071 2533 nebris
1080 2424 1398 2547 approbaturnonsalum
1412 2477 1450 2529 ad
1462 2480 1686 2544 comparationem
1693 2480 1793 2533 diuina

139 2548 202 2604 aliis
224 2550 335 2619 insuper
352 2550 500 2621 Scripturas
520 2550 660 2605 sententiis
677 2569 683 2603 :
700 2549 937 2612 Comiderandum,
994 2550 1145 2618 maiestatis
1160 2548 1278 2601 homines
1292 2562 1464 2615 nequaquam
1480 2561 1533 2601 esse
1543 2549 1685 2616 perfectos,
1698 2550 1746 2605 sed
1760 2564 1793 2605 ne

138 2617 269 2691 iuquitiin
279 2624 341 2677 ise.
354 2622 452 2691 nutv),
463 2621 534 2691 quod
542 2621 720 2690 justitiaque
728 2623 756 2673 in
771 2620 827 2687 lepe
840 2624 890 2681 est,
903 2620 941 2674 ad
994 2621 1149 2688 anpelarum
1181 2618 1309 2673 itidemst
1323 2621 1478 2673 ceterorum
1492 2617 1627 2673 hominum
1641 2622 1690 2690 qui
1706 2622 1791 2677 uirtu-

138 2695 361 2761 aomparotionem
375 2690 874 2761 Erranpelieoepuritatis,immunditia
889 2705 939 2743 no·
994 2694 1052 2746 tum
1061 2690 1105 2744 eui
1161 2689 1471 2757 aeonseenderunt,eta.

137 2764 264 2816 minetur.
276 2765 382 2819 Etenim
399 2779 451 2817 non
469 2761 939 2831 estploripaatumquodpriusplo-
1030 2764 1093 2815 elu
1118 2774 1252 2815 summa:
1277 2759 1339 2831 quis
1359 2773 1487 2814 exercens
1509 2774 1590 2831 opera
1615 2760 1676 2817 ritae
1696 2762 1793 2820 aetirae

137 2832 941 2956 stelaestilianum-illuminhlhit}
993 2839 1085 2958 sle
1107 2830 1709 2959 tl'tilniiieintinniit²iltis
1734 2832 1792 2918 ‘⁰¹⁹

139 2914 217 3025 ogga
231 2918 414 3051 empleuron,
432 2920 535 3023 dieitjse
544 2974 633 3023 ameria
645 2918 819 3039 iuuisseegro
829 2944 937 3039 ιιιῖιηηο,
991 2978 1080 3043 potest
1090 2918 1191 3041 ¹iuopia
1203 2972 1478 3039 aarueeirnemdatus‚
1492 2975 1532 3026 ita
1547 2943 1676 3029 esse'huia
1686 2907 1792 3031 theonillam

138 3039 940 3109 utdhristumluarasaoeretetpreptereminentemsmiam
994 3046 1218 3113 serperaspaus,
1228 3048 1412 3112 utrumquem
1422 3043 1791 3111 eapitetdesratrisadueutu,

138 3112 248 3167 Domini
259 3112 346 3165 nostri
359 3111 420 3163 lesu
436 3110 546 3177 Christi,
554 3114 663 3179 propter
674 3125 752 3179 quem
763 3115 857 3165 auriota
868 3112 940 3165 arbi·
996 3114 1029 3169 de
1041 3116 1194 3167 uisitatione
1206 3116 1318 3182 inp-rani,
1339 3114 1374 3167 de
1389 3128 1465 3183 opere
1475 3129 1614 3182 manarum,
1624 3117 1667 3169 uel
1676 3123 1746 3172 uerte
1758 3118 1792 3173 de

139 3184 230 3237 tratur
242 3184 325 3252 quasi
333 3185 459 3247 stercora,
470 3185 500 3234 ut
508 3182 644 3238 Cleristum
651 3179 821 3249 lucrifaciat,
828 3187 853 3236 et
866 3183 939 3236 inoe-
995 3184 1164 3239 humanitate
1175 3187 1327 3253 pereprinis
1345 3185 1386 3238 rel
1404 3185 1607 3241 aduenientibus
1621 3188 1792 3245 eehmmdae

137 3254 292 3307 niatarnoa
305 3252 403 3306 labens
414 3266 489 3306 suam
495 3252 644 3322 justitiam,
658 3266 718 3333 qua
728 3254 757 3305 in
769 3252 824 3321 laea
834 3253 938 3316 est,sed
995 3258 1124 3310 Postremo
1136 3257 1197 3322 quis
1211 3271 1263 3309 nou
1278 3256 1461 3325 interpelletur
1473 3259 1589 3327 corporis
1600 3260 1685 3328 ipsias
1698 3262 1792 3331 proed·

133 3337 185 3393 per
200 3324 279 3393 idern
294 3324 404 3385 Christi,
421 3339 481 3392 qua
493 3328 532 3378 est
542 3339 578 3377 ee
590 3327 643 3379 Deo
651 3324 763 3392 justitia
775 3324 796 3388 (l
811 3322 869 3379 cor.
885 3338 935 3389 ttt3
993 3328 1074 3386 sione,
1087 3325 1128 3377 uel
1141 3325 1287 3377 curer?cui
1301 3325 1384 3376 abbas
1397 3328 1489 3378 Moses
1503 3330 1539 3378 ita
1554 3330 1693 3394 respondit
1716 3330 1789 3399 (Gap.

137 3393 237 3464 Philip.
256 3396 311 3464 ιιι).
325 3396 360 3449 Et
370 3392 439 3448 inira
454 3395 505 3450 :Si
521 3396 582 3464 quis
594 3395 682 3462 ipitur
697 3397 759 3463 post
772 3395 972 3483 eeaapeliumC
996 3402 1038 3461 te,
1053 3392 1134 3448 eollut
1160 3392 1189 3471 il·
1208 3410 1215 3445 :
1231 3393 1363 3448 inhaerere
1374 3392 1481 3459 quidem
1498 3397 1551 3448 Deo
1560 3395 1676 3463 jupiter,
1691 3403 1716 3451 et
1728 3414 1791 3453 aon-

138 3464 248 3527 Ghn'sti,
259 3469 285 3520 et
302 3465 446 3519 odoarium
456 3466 519 3521 Filii
534 3467 589 3527 Dei,
601 3465 758 3535 padapoqa
769 3466 834 3533 lepis
847 3466 936 3520 obser-
991 3465 1160 3534 temptationi
1165 3478 1233 3532 epus,
1242 3462 1465 3588 qbuemadmodum
1470 3464 1569 3526 dicitis,
1577 3467 1791 3535 inseparabiliter

136 3540 184 3590 vat
194 3536 477 3603 aar·ernonias‚audiat
486 3536 617 3606 papatum
626 3538 790 3603 confitentem
799 3536 870 3605 quod
881 3552 935 3590 om·
990 3537 1120 3606 captatori,
1136 3536 1249 3603 impossi
1268 3535 1301 3587 ile
1318 3538 1355 3588 est
1370 3534 1474 3589 homini
1486 3536 1564 3589 estius
1576 3539 1666 3591 earnis
1677 3540 1789 3609 trapiti-

136 3608 180 3660 nis
189 3608 239 3660 illa
250 3609 364 3677 justitia
374 3623 467 3676 pasena
479 3607 663 3661 sordidissimo
673 3612 851 3677 eomparatur,
859 3610 904 3661 aei
911 3612 937 3662 et
991 3613 1045 3663 tate
1058 3604 1229 3661 circumdato.
1247 3607 1346 3661 Verum
1360 3610 1461 3674 oportet
1479 3620 1526 3660 nos
1543 3609 1610 3661 seire
1627 3608 1677 3662 ubi
1693 3616 1790 3667 reostra

135 3678 233 3732 Esther
246 3678 372 3733 diadema
385 3694 473 3738 saum,
494 3678 565 3747 quod
579 3682 636 3731 erat
645 3680 724 3745 eopia
736 3678 877 3747 potestatis
891 3680 935 3732 in-

135 3750 218 3818 stans,
234 3753 381 3819 aornparat,
397 3748 469 3819 quod
487 3764 657 3817 nequaquam
672 3749 819 3811 saturitate,
833 3748 880 3803 sed
890 3764 935 3803 ne·

136 3822 256 3875 cessitate
268 3819 394 3887 portabat
408 3820 497 3872 dicens
511 3822 571 3873 :lle
580 3822 632 3873 seis
645 3821 824 3874 necessitatem
838 3834 933 3882 meam,

135 3891 267 3958 quoniam
280 3888 397 3941 detestor
405 3889 512 3955 siquam
525 3888 657 3954 superbia
672 3903 747 3948 meoe,
756 3890 828 3955 qaod
839 3894 878 3943 est
887 3906 934 3943 su-

133 3963 271 4029 peraaput
282 3973 384 4023 maim,
398 3960 426 4009 in
441 3957 535 4011 diebus
549 3959 706 4010 ostensionis
720 3972 783 4010 mea
797 3956 935 4012 abominor

135 4029 217 4092 illud,
230 4031 301 4083 sieut
320 4043 440 4098 mirream
454 4032 634 4089 maalmam,
648 4041 695 4080 nea
703 4031 782 4097 porto
795 4028 825 4079 in
839 4027 934 4082 diebus

135 4098 562 4226 qapesssabnergeehgiplscthgssgsezighm
586 4166 651 4223 alibi
673 4165 794 4224 nonnihil
817 4167 933 4240 expliea-

134 4248 192 4297 tam
207 4240 311 4311 (Callai.
323 4245 367 4305 et,
381 4256 438 4311 cap.
453 4240 508 4309 33).

169 4312 284 4368 cllerba
300 4312 422 4382 Apostoli
436 4311 463 4366 in
478 4310 585 4384 vulgata
600 4310 726 4367 versione
744 4308 931 4365 subobscura:

132 4385 202 4441 Nom
215 4399 261 4439 nea
280 4385 457 4453 ploripaatum
471 4387 519 4451 est,
534 4382 606 4452 quod
623 4383 723 4435 elaruit
738 4383 768 4434 ia
787 4381 837 4435 hae
850 4386 932 4452 parte

130 4458 241 4525 propter
258 4454 426 4509 aaaellastem
436 4455 549 4523 ploriam
560 4454 596 4525 (ll
609 4454 668 4509 Gor.
680 4452 740 4520 ιιι).
751 4453 855 4507 Sensus
869 4460 928 4507 est:

185 4526 204 4579 d
223 4526 334 4587 claruit,
349 4523 376 4581 id
389 4533 443 4592 est,
453 4526 496 4579 lex
514 4539 575 4596 quae
593 4522 741 4595 glorificata
756 4531 798 4577 est
812 4522 840 4579 in
852 4521 932 4595 legis·

142 4604 218 4653 stare
232 4599 336 4668 illapsa,
354 4611 410 4651 non
431 4610 494 4651 rere
513 4594 660 4677 glorificata
677 4594 760 4650 estin
774 4593 825 4650 hae
843 4601 930 4664 parto,

133 4664 226 4735 idest,
248 4666 454 4739 comparatione
473 4665 540 4738 legis
561 4665 736 4737 evangelicae,
760 4674 870 4738 propter
883 4680 930 4721 ex·

133 4736 274 4793 callentem
288 4739 346 4809 ejus
365 4737 490 4811 gloriam.

989 3680 1086 3733 mattis
1107 3679 1278 3731 intentionem
1296 3675 1439 3730 debeamus
1461 3676 1557 3731 turbere
1570 3678 1698 3748 defluam,
1715 3687 1740 3736 et
1751 3684 1790 3738 ad

990 3766 1072 3820 quam
1085 3748 1289 3803 destinationem
1303 3748 1514 3817 semperanima
1527 3753 1626 3804 nostra
1640 3766 1789 3809 revocemus

989 3822 1129 3888 intuitum,
1139 3828 1190 3875 eta.
1206 3821 1293 3873 Porro
1304 3816 1391 3874 adam
1412 3816 1510 3873 liorem
1519 3817 1599 3873 hu‘us
1615 3820 1665 3875 loci
1683 3822 1791 3879 clarita-

989 3898 1045 3947 tem
1058 3890 1209 3947 neaessaria
1225 3888 1338 3945 omnino
1357 3832 1463 3945 virimar
1477 3891 1513 3943 D.
1528 3890 1645 3946 Tramas
1665 3890 1788 3951 doctriua

989 3964 1062 4029 (2-2,
1084 3979 1111 4031 q.
1128 3966 1189 4025 182,
1203 3966 1257 4015 art.
1273 3959 1311 4031 ι),
1326 3974 1379 4031 qua
1393 3958 1501 4028 querit,
1516 3968 1543 4015 et
1557 3960 1673 4031 explieat
1694 3967 1787 4020 utrum

988 4035 1045 4085 uita
1052 4033 1256 4100 contemplativa
1267 4032 1429 4099 impediatur
1433 4034 1786 4107 peruitomaatiuamtquod

988 4109 1030 4156 est
1055 4099 1136 4184 hujus
1158 4099 1253 4168 eapitis
1276 4107 1478 4170 argumentum.
1507 4103 1665 4166 Dicendum,
1688 4104 1786 4229 inquit,

987 4171 1059 4241 meod
1072 4175 1130 4226 mta
1147 4171 1235 4224 aetira
1244 4172 1332 4239 potest
1344 4169 1509 4224 considerari
1522 4177 1655 4239 quaestum
1664 4173 1702 4227 ad
1734 4192 1783 4230 aa.

990 4245 1047 4299 Uno
1069 4242 1145 4297 modo
1159 4245 1291 4311 planteam
1305 4241 1441 4309 adipsum
1454 4240 1576 4297 studium
1588 4247 1613 4297 et
1631 4248 1787 4303 enereitium

987 4315 1151 4368 anteriorum
1163 4313 1314 4375 aetenum
1328 4315 1354 4366 et
1363 4312 1401 4365 sie
1414 4312 1589 4378 martisestum
1598 4319 1637 4369 est
1646 4316 1718 4384 qaod
1727 4320 1786 4373 uita

985 4386 1075 4439 rtatim
1080 4384 1192 4455 impedit
1202 4383 1443 4454 caritenplntieam,
1451 4385 1480 4436 in
1486 4389 1619 4452 quantum
1624 4388 1787 4457 impossibile

985 4456 1108 4526 estquod
1120 4456 1222 4525 aliquis
1231 4455 1311 4508 simul
1326 4458 1467 4523 oeurpetur
1475 4456 1546 4509 eirea
1557 4459 1702 4513 exteriores
1708 4462 1787 4515 aetio

985 4542 1030 4580 nes
1048 4531 1073 4581 et
1086 4527 1185 4582 diuina
1202 4525 1420 4596 contenplationi
1431 4530 1514 4580 uacet.
1528 4527 1593 4581 Alio
1609 4530 1686 4584 modo
1697 4534 1786 4600 potest

985 4598 1154 4653 aoruideraei
1164 4599 1223 4651 aito
1238 4599 1326 4651 aetina
1340 4600 1470 4666 parantum
1481 4597 1518 4651 oei
1527 4599 1583 4665 hoa,
1596 4600 1668 4668 quod
1676 4603 1785 4655 interio

985 4683 1026 4724 res
1040 4672 1137 4724 anima
1148 4670 1282 4738 passiones
1292 4670 1423 4736 conponit
1437 4672 1461 4722 et
1475 4668 1597 4722 ordinat.
1607 4672 1642 4724 Ει
1651 4676 1784 4738 quantiam

986 4740 1024 4795 ad
1033 4742 1089 4803 hos,
1103 4742 1161 4794 aito
1174 4741 1262 4793 aetiea
1278 4739 1391 4809 adjurat
1401 4738 1438 4791 ad
1447 4736 1707 4808 oontemptationem,
1723 4756 1783 4811 qua

168 4806 295 4863 lSimilis
307 4808 385 4877 plane
395 4809 471 4865 loeus
484 4817 527 4866 est
539 4807 604 4865 huie
617 4805 792 4863 consentiens
804 4805 931 4878 idemque
946 4804 972 4867 D
987 4812 1134 4881 impeditur
1147 4826 1194 4880 per
1208 4810 1434 4863 inordinationem
1446 4810 1603 4863 interiorum
1613 4814 1781 4879 passionum.

131 4876 286 4933 luculentus
303 4876 374 4949 apud
387 4879 422 4934 D.
438 4878 637 4952 Hieronymum
652 4879 670 4934 l.
687 4894 697 4934 ι
713 4878 843 4933 adversus
855 4878 933 4933 Pela·
992 4882 1066 4937 Uinde
1079 4882 1221 4949 (leoparius
1240 4879 1305 4933 dicit
1324 4880 1353 4932 in
1367 4883 1442 4933 sesto
1460 4881 1607 4935 Moralium
1618 4882 1693 4952 [Cap.
1711 4883 1755 4955 27)
1773 4903 1780 4937 :

131 4946 228 5020 planos
242 4948 319 5019 (Gap.
337 4948 363 5018 6)
382 4966 389 5002 :
412 4950 484 5017 Quid
502 4954 612 5017 mirum,
630 4950 729 5021 lnquit,
745 4951 773 5003 in
797 4949 934 5006 collatione
988 4952 1052 5009 Cum
1067 4952 1295 5021 contemplationis
1308 4964 1395 5003 arran
1407 4949 1498 5019 aliqui
1514 4954 1600 5007 terrem
1618 4953 1781 5023 desiderant,

130 5026 281 5076 sanatorum
294 5020 361 5074 alios
376 5034 431 5074 esse
443 5022 573 5083 meliores,
586 5023 653 5076 alios
673 5022 825 5087 inferiores,
840 5036 899 5075 eum
916 5037 930 5076 e
984 5026 1063 5093 prr'as
1075 5038 1102 5077 se
1119 5024 1146 5075 in
1161 5036 1253 5090 carrtpo
1268 5035 1318 5090 per
1330 5022 1487 5075 eaeraitium
1505 5026 1590 5091 operis
1608 5026 1730 5094 probeat,
1751 5031 1781 5081 ut

130 5093 300 5147 eontrarium
309 5091 449 5146 collatione
457 5096 627 5161 peecatorum
638 5094 685 5147 hae
695 5092 814 5161 intellipi
825 5093 930 5161 possit?
983 5094 1200 5156 sollicitantem,
1214 5093 1239 5145 si
1249 5091 1327 5146 nulla
1337 5092 1398 5161 jam
1411 5092 1484 5146 mala
1495 5097 1631 5162 prasinis
1644 5099 1779 5164 irrepant,

131 5162 176 5217 Aa
194 5163 361 5218 Hierusalem
379 5161 491 5225 dieitur,
508 5178 569 5233 quae
582 5164 675 5217 multis
685 5167 856 5232 peceatorum
872 5167 930 5217 erat
983 5167 1008 5220 si
1021 5167 1141 5234 r'rropata
1151 5180 1168 5217 a
1178 5165 1634 5234 proaimisaperanimitarportant,
1650 5168 1676 5219 si
1684 5167 1781 5221 oblatis

131 5232 254 5297 molosso
265 5234 437 5289 uulneribus:
453 5236 605 5304 iustificata
616 5238 654 5287 est
662 5234 775 5289 &doma
783 5248 817 5287 ea
827 5237 860 5289 te.
871 5235 929 5290 Non
983 5234 1057 5291 bonis
1069 5233 1260 5306 temporalibus
1269 5236 1618 5302 uequaquammertslatitia
1627 5236 1782 5299 sutrinensi

131 5303 203 5373 quod
217 5304 384 5375 Sodomaper
394 5322 422 5362 se
430 5305 508 5375 justo
517 5309 632 5375 sinque
644 5307 674 5359 in
684 5309 796 5360 alanos
809 5304 928 5374 collapsa
982 5308 1129 5362 subtractis
1135 5322 1187 5360 nore
1198 5308 1281 5359 nimio
1294 5320 1405 5358 inarare
1414 5307 1561 5359 sauciatur,
1570 5308 1611 5363 Aa
1622 5307 1781 5377 deirtdeper·

130 5375 231 5428 eineres
243 5375 323 5428 audit
341 5391 389 5444 per
402 5378 564 5433 Ezechielem
579 5396 587 5430 :
601 5376 715 5432 sodoma
727 5377 884 5430 restituetur
898 5377 928 5430 in
979 5378 1103 5447 perdant
1116 5380 1141 5433 si
1154 5392 1212 5432 mm
1225 5378 1262 5431 ad
1275 5377 1426 5445 seraetipsas
1437 5378 1568 5431 introrsus
1579 5377 1699 5441 redeunt,
1712 5381 1742 5433 in
1751 5396 1780 5435 eo

130 5446 467 5517 antiquam(lieeeh.xv1).
479 5449 533 5506 Sed
551 5448 623 5517 quod
638 5451 836 5517 comparatione
847 5448 927 5501 seele—
982 5449 1053 5517 quod
1065 5449 1222 5517 spiritualia
1240 5449 1386 5508 rimantur,
1400 5463 1570 5517 nequaquam
1586 5464 1674 5503 seeum
1689 5465 1779 5505 renem

129 5519 236 5571 rolens
253 5516 420 5571 Hierusalem
431 5518 487 5573 lias
494 5520 573 5587 justa
586 5519 724 5573 uideatur.
737 5518 787 5574 illa
799 5520 869 5571 entim
880 5519 929 5572 Dei
981 5520 1169 5589 temporalium
1178 5518 1459 5579 umbr·astrahant‚uel
1464 5519 1580 5585 fortasse
1587 5523 1687 5575 tractas
1697 5538 1780 5577 manu

128 5586 229 5643 Filium
244 5588 401 5653 trucidaris
415 5587 470 5642 hoa
484 5596 592 5661 prespiter
606 5589 802 5645 abundantium
809 5590 890 5659 panis
903 5593 928 5643 et
981 5589 1151 5644 discretionis
1157 5590 1329 5657 ubiquistlia
1335 5590 1449 5658 hoempo
1455 5592 1779 5650 exercitiumuitreaetioee

125 5672 177 5728 per
189 5657 307 5712 luaurioe
318 5658 534 5726 mapnitudinem
547 5664 657 5717 eaeesnt
669 5661 778 5715 modum
792 5659 925 5714 libidinis.
981 5662 1085 5726 eorefert
1093 5660 1377 5729 adeontemplatiuam‚
1384 5660 1566 5731 quodquietat
1571 5665 1713 5719 interiores
1718 5679 1779 5735 pas·

128 5728 292 5784 Publicanos
306 5732 336 5783 in
344 5730 496 5799 ssorsprtn,
507 5735 557 5800 qui
567 5733 732 5801 percutiebat
736 5736 830 5802 peetus
843 5733 928 5794 (Lusa
980 5734 1076 5795 siarres,
1095 5748 1129 5787 ea
1140 5732 1236 5799 quibus
1253 5731 1447 5800 phantasmata
1466 5736 1637 5801 proueniunt,
1649 5750 1700 5804 per
1718 5748 1778 5804 qtae
1821 5752 1851 5768 *-

128 5801 228 5873 xenis),
242 5803 324 5870 quasi
337 5800 490 5857 thesaurum
499 5805 686 5871 eopnahonum
697 5805 887 5874 pessimarum,
902 5808 928 5859 et
981 5804 1166 5874 contemplatio
1177 5803 1334 5874 impertitur.
1346 5804 1386 5858 lta
1400 5804 1419 5859 S
1440 5803 1570 5862 Thomas.
