3848 6158
130 258 184 313 ise
507 255 677 315 contario
696 260 717 312 l.
736 287 772 299 -
791 260 835 314 DE
853 258 1008 316 sortiarii
1028 262 1239 319 latentioris
1258 266 1301 320 Ac
1321 268 1409 323 FINE.
1733 281 1785 334 luo

437 380 559 441 CAPUT
573 383 633 437 vii.
683 439 696 458 ,
946 389 971 450 Α
988 393 1045 441 met
1056 399 1089 443 ac
1100 401 1252 459 praeparare
1258 387 1380 459 festinat,
1391 407 1448 448 non
1460 395 1672 467 nteapossideat
1686 399 1784 471 otiosa,

282 475 484 546 Drappeteudu
498 478 696 546 tranquillitate
709 479 805 534 sudu.
985 494 1035 535 nec
1047 488 1077 535 nt
1091 481 1269 538 emolumenti
1293 483 1368 541 illius
1391 484 1513 544 fructum
1533 490 1580 561 qui
1598 501 1727 564 speratur
1752 512 1784 552 ei

167 567 271 624 Omnia
283 567 366 640 igitur
383 567 464 639 liujus
478 570 562 642 gratia
587 569 704 642 gerenda
723 572 930 646 appetendaque
984 572 1058 644 ipsis,
1083 575 1111 630 in
1128 576 1199 633 nuda
1224 577 1468 638 instrumentorum
1482 586 1650 656 possessione
1679 590 1785 646 consti-

130 670 197 720 sunt
211 661 308 730 nobis;
321 677 372 734 pro
392 660 444 718 bae
462 662 582 720 solitudo
605 664 732 724 sectanda
752 675 802 732 est,
820 685 868 739 pro
881 668 932 724 liac
985 674 1058 736 tuat;
1083 669 1131 726 sed
1144 678 1175 726 nt
1200 687 1296 728 eorum
1312 675 1466 733 ministerio
1495 679 1619 750 peritiam
1647 681 1785 756 finemque

126 756 241 832 jejunia,
256 755 372 828 vigilias,
387 755 507 825 labores,
522 758 646 830 corporis
659 761 824 831 nuditatem,
837 763 931 820 lectio·
985 763 1057 821 illius
1064 763 1225 838 disciplinae,
1235 767 1313 840 cujus
1327 767 1385 827 liaec
1394 769 1552 844 adjumenta
1563 783 1629 831 sunt
1640 776 1785 835 efficaciter

129 866 206 919 nem,
226 857 395 923 caeterasque
417 850 530 907 virtutes
547 850 647 909 debere
659 868 711 910 nos
723 855 859 929 suscipere
878 873 932 913 no·
984 858 1182 930 apprehendat.
1197 862 1307 934 ¹¹igitur
1314 863 1430 936 jejunia,
1441 867 1781 941 vigiliae,meditatioScri-

85 1002 89 1007 ,
131 945 254 1003 ierimus
267 964 274 1002 :
289 951 320 1001 ut
341 942 444 1000 scilicet
461 959 510 1015 per
523 944 583 1002 ilias
600 945 634 1002 ab
652 947 784 1005 universis
800 949 931 1022 passioni·
984 957 1135 1023 pturarum,
1150 954 1270 1023 nuditas,
1292 972 1323 1012 ac
1341 959 1459 1029 privatio
1471 963 1597 1020 omnium
1608 963 1781 1037 facultatum,

130 1038 183 1097 bns
192 1039 285 1097 noxiis
295 1032 415 1097 illesum
427 1054 524 1111 parare
537 1054 586 1097 cor
595 1049 719 1098 nostrum
730 1051 758 1098 et
769 1059 930 1103 conservare
983 1058 1040 1102 non
1062 1046 1202 1119 perfectio,
1226 1048 1273 1106 sed
1304 1049 1477 1121 perfectionis
1506 1055 1690 1116 instrumenta
1706 1069 1781 1131 sunt,

131 1133 278 1207 possimus,
289 1139 317 1190 et
327 1131 362 1190 ad
373 1131 568 1206 perfectionem
582 1134 720 1194 charitatis
731 1137 789 1195 istis
801 1137 931 1212 gradibus
983 1140 1047 1211 quia
1060 1156 1115 1197 non
1126 1141 1153 1197 in
1163 1140 1229 1214 ipsis
1248 1143 1372 1200 consistit
1387 1144 1538 1219 disciplinae
1555 1149 1629 1208 illius
1647 1153 1720 1223 finis,
1736 1155 1784 1211 sed
1893 1212 1899 1219 ,

131 1225 273 1284 innitendo
289 1225 482 1297 conscendere,
496 1234 523 1284 et
536 1237 713 1303 nonpropter
725 1229 776 1289 lias
787 1233 932 1291 obseruan-
984 1247 1034 1306 per
1049 1233 1094 1292 illa
1108 1237 1266 1306 pervenitur
1287 1235 1322 1294 ad
1346 1236 1440 1294 finem.
1456 1241 1598 1299 lnmssum
1620 1244 1704 1315 igitur
1727 1248 1786 1305 hacc

131 1318 227 1390 lissei
238 1317 309 1378 forte
318 1318 433 1378 honesta
448 1335 481 1377 ac
495 1323 647 1379 necessaria
667 1327 844 1398 occupatione
860 1343 932 1400 prae-
985 1327 1110 1385 exercitia
1123 1329 1264 1400 molietur,
1291 1330 1413 1404 quisquis
1429 1332 1472 1390 liis
1489 1335 1560 1391 velut
1580 1351 1690 1393 summo
1711 1338 1785 1397 bono

131 1415 216 1485 venti,
233 1424 247 1452 ⁸
259 1415 462 1473 solemnitatem
478 1425 583 1474 nostrae
600 1418 778 1477 districtionis
807 1437 863 1478 non
880 1439 930 1495 po·
985 1430 1140 1494 contentus,
1152 1424 1334 1483 intentionem
1346 1425 1388 1484 sui
1401 1427 1494 1485 cordis
1506 1429 1561 1486 buc
1576 1446 1663 1505 usque
1681 1431 1786 1491 delire-

130 1509 267 1568 tnerimns
282 1510 407 1585 implere,
420 1510 572 1569 incidamus
586 1512 614 1568 in
627 1513 780 1583 tristitiam,
793 1516 834 1572 vel
848 1517 931 1588 iram,
984 1516 1030 1586 rit,
1045 1525 1072 1574 et
1089 1534 1146 1575 non
1161 1518 1196 1576 ad
1207 1519 1371 1593 capiendum
1386 1521 1481 1592 finem,
1498 1532 1610 1597 propter
1628 1541 1710 1598 quem
1726 1527 1786 1586 baec

130 1604 186 1670 n‘ve
200 1603 430 1678 indignationem,
444 1607 480 1663 ob
494 1621 557 1679 quae
574 1610 754 1681 expugnanda
770 1610 837 1667 illud
858 1612 932 1684 quod
986 1611 1135 1682 appetenda
1153 1621 1227 1683 sunt,
1240 1628 1322 1671 omne
1343 1615 1466 1673 madium
1481 1617 1591 1675 virtutis
1603 1619 1758 1679 extenderit
1777 1645 1784 1680 :

130 1698 405 1770 praetermissumest,
414 1698 555 1756 fueramus
564 1702 661 1758 acturi.
673 1704 736 1759 Non
743 1704 932 1763 enimtantum
985 1702 1088 1762 liabens
1103 1705 1214 1778 quidem
1226 1707 1379 1780 disciplina
1396 1708 1470 1766 illius
1485 1711 1683 1782 instrumenta3
1704 1715 1786 1774 finem

130 1799 182 1864 ast,
192 1791 300 1850 lucrum
317 1793 428 1867 jejuni,
442 1802 576 1867 quantum
598 1795 648 1854 irae
666 1796 842 1871 dispendium
858 1820 864 1855 :
881 1817 931 1859 neo
947 1815 971 1879 B
987 1814 1062 1870 iero,
1080 1799 1108 1856 in
1121 1817 1175 1874 quo
1185 1803 1276 1860 omnis
1288 1801 1394 1861 fructus
1405 1805 1539 1876 consistit,
1552 1806 1688 1880 ignorans.
1700 1810 1785 1882 Quid·

130 1893 224 1945 uncis
241 1885 359 1945 lectione
369 1888 477 1962 capitur
495 1888 611 1960 fmetus,
622 1899 754 1963 quantum
772 1902 932 1968 contemptu
986 1892 1052 1967 quid
1076 1894 1158 1967 igitur
1177 1904 1267 1968 potest
1290 1898 1373 1954 istam
1382 1900 1493 1969 ‚mentis
1514 1911 1617 1960 nostrae
1638 1904 1787 1977 puritatem

130 1979 592 2053 fiatrisfinciirriturdctrimentum.
604 1988 644 2041 Ea
656 1985 932 2061 igiturquaesequen·
985 1986 1264 2060 tranquillitatemque
1279 1990 1400 2059 turbare,
1420 1993 1545 2064 quamvis
1565 1995 1629 2052 utile
1648 2013 1680 2053 ac
1692 2013 1785 2057 neces·

131 2073 170 2133 tia
189 2084 265 2144 sunt
280 2074 310 2134 id
321 2083 373 2147 est,
383 2075 497 2150 jejimia,
510 2078 620 2151 vigiliae,
630 2078 813 2150 anachoresis,
842 2083 930 2140 medi·
984 2081 1085 2140 sanum
1107 2081 1242 2152 rideatur,
1267 2090 1298 2138 ut
1318 2083 1431 2140 noxium
1454 2083 1632 2143 devitandum
1654 2099 1705 2146 est.
1728 2094 1787 2149 Hac

131 2168 203 2226 tatio
217 2166 426 2242 Scriptiirrrum,
448 2178 561 2243 propter
576 2172 754 2246 principalem
773 2190 888 2248 scopon,
903 2176 931 2235 id
984 2180 1166 2238 enimnnrma
1178 2189 1206 2239 et
1220 2195 1345 2239 errorum
1359 2183 1647 2259 pervagationumque
1661 2188 1787 2244 omnium

134 2269 189 2333 est,
205 2263 353 2337 puritatem
369 2264 466 2334 cordis,
483 2265 558 2338 quod
570 2278 610 2324 cst
626 2267 752 2338 charitas,
764 2284 817 2327 nos
830 2279 933 2328 convess
985 2274 1175 2347 dispositioncs
1194 2276 1258 2344 [Al.
1276 2283 1446 2333 terrenarum
1473 2279 1698 2353 pervagationum
1728 2296 1787 2337 om·

136 2357 180 2412 nit
200 2371 335 2428 macera,
360 2366 458 2436 etlnon
481 2369 592 2433 propter
605 2360 649 2418 illa
669 2362 844 2435 principalem
863 2365 933 2422 banc
985 2368 1064 2426 nium
1078 2369 1279 2444 dispersiones]
1292 2370 1443 2443 poterimus
1467 2372 1594 2443 evadere,
1608 2382 1637 2432 et
1650 2373 1787 2432 desidera-

133 2449 295 2523 perturbare
316 2452 443 2511 virtutem
453 2477 460 2524 ς
471 2470 525 2528 qua
537 2455 565 2510 in
576 2456 657 2514 nobis
670 2456 786 2531 integra,
795 2457 932 2531 illamque
985 2470 1048 2520 tum
1062 2463 1226 2535 finemfiner
1235 2472 1318 2522 certae
1335 2463 1495 2523 directionis
1506 2467 1649 2541 attingere.

133 2543 260 2611 durante,
270 2545 337 2603 nibil
352 2547 452 2618 oberit,
462 2548 485 2606 si
496 2548 596 2621 aliquid
607 2565 704 2607 eoram
717 2566 779 2625 quae
792 2554 933 2626 sequentia
1281 2567 1405 2625 CAPUT
1415 2569 1494 2625 vill.

133 2650 207 2712 fumi
221 2656 272 2716 9¹⁰
282 2643 444 2700 ”militi
457 2642 539 2701 fuerit
552 2646 777 2717 llraelil'fflssfflffl·
793 2648 934 2721 Siquidem
1023 2666 1314 2737 Depiiucipolieouotu
1323 2681 1388 2735 epo
1400 2667 1558 2722 diuitiarum
1567 2680 1658 2722 rerum
1672 2671 1785 2723 coutem-

133 2749 184 2793 nec
208 2735 332 2809 proderit
355 2736 482 2796 universa
515 2736 628 2810 fecisse,
656 2740 766 2815 dempta
784 2744 794 2810 [
810 2744 857 2800 At,
878 2758 936 2802 non
1056 2738 1214 2808 plutiouem,
1228 2742 1254 2791 et
1265 2737 1444 2793 similitudine
1454 2740 1550 2794 Murice
1558 2738 1713 2793 etbiortboe.

134 2829 242 2905 adopta,
262 2833 311 2888 uti
321 2831 473 2907 adempta]
490 2833 542 2892 hac
556 2851 639 2908 quam
659 2836 778 2895 diximus
790 2837 933 2913 principali
1024 2840 1079 2897 ilic
1102 2855 1166 2913 ergo
1186 2839 1267 2897 nobis
1295 2838 1451 2913 principalis
1475 2838 1555 2897 debet
1577 2854 1636 2896 esse
1654 2847 1785 2909 conatus,

134 2939 226 2996 eausa,
241 2927 321 3000 cujus
329 2926 442 2985 obtentu
462 2938 528 2987 sunt
543 2931 809 3005 omniaperagcnda.
822 2934 866 2991 Ob
880 2933 934 2992 hnc
987 2933 1046 2992 hac
1061 2933 1208 2990 immobilis
1225 2931 1369 2991 destinatio
1385 2933 1476 2992 cordis
1492 2933 1596 3007 jugiter
1617 2930 1785 3001 affectanda,

134 3020 208 3077 eaim
220 3021 283 3096 quis
296 3020 463 3083 ferramenta
474 3024 619 3099 cujmlibet
631 3026 697 3084 artis
710 3026 853 3086 instituere
863 3028 932 3085 sibi·
986 3035 1037 3084 ⁶ut
1057 3025 1155 3084 divinis
1169 3026 1251 3083 rebus
1270 3042 1302 3084 ac
1323 3029 1382 3084 Deo
1408 3041 1486 3085 mens
1500 3040 1610 3099 semper
1635 3025 1785 3095 inhaercat,

681 3159 808 3216 manni
828 3161 940 3216 GAZAEl
960 3158 1239 3218 COMMENTARIUS.

172 3278 233 3337 ¹¹ld
255 3288 309 3350 est,
330 3281 439 3338 solitam
462 3282 672 3349 austeritatem,
689 3292 717 3339 et
736 3283 936 3340 observantiam
952 3288 975 3353 c
991 3284 1097 3341 cialiter
1118 3286 1202 3409 [biga
1226 3286 1257 3365 iu
1277 3298 1362 3364 uturp.
1388 3283 1611 3350 substantialiter]
1637 3282 1786 3340 attenditur

135 3352 297 3424 regularem.
312 3354 472 3425 Opportune
489 3353 534 3416 bic
550 3353 686 3410 succurrit
700 3353 736 3411 ad
753 3353 827 3410 hunc
844 3354 934 3410 locum
987 3354 1120 3483 geracia
1139 3356 1161 3410 C
1181 3361 1298 3409 ristianrc
1328 3363 1398 3410 iitae.
1426 3355 1508 3410 Unda
1533 3363 1561 3410 ct
1580 3354 1730 3426 Apostolus
1752 3355 1786 3410 ad

136 3421 325 3480 illustrandum
341 3424 477 3482 sententia
494 3427 526 3482 Ι).
548 3424 680 3482 Bernardi
694 3425 724 3481 iii
747 3424 793 3482 lib.
809 3424 843 3482 dc
858 3428 934 3483 Prae·
1011 3426 1121 3482 oloss.r
1142 3441 1148 3476 :
1169 3427 1256 3495 Super
1276 3429 1375 3488 omitto,
1397 3425 1493 3509 inquit,
1509 3426 1668 3480 eboritoteiu
1680 3426 1784 3488 iubete,

136 3502 227 3566 cepto,
241 3503 269 3551 et
285 3496 437 3569 Dispensat.
453 3495 499 3552 ulii
510 3494 544 3552 de
556 3498 602 3554 SS.
618 3499 731 3553 Petrum
743 3496 884 3564 institutis,
907 3505 934 3554 et
987 3498 1060 3568 quod
1072 3501 1111 3553 est
1123 3498 1260 3553 uiuouliiru
1279 3498 1471 3566 perfectiouis,
1493 3496 1556 3578 quia
1578 3496 1679 3553 scilicet
1690 3511 1786 3552 ornnes

136 3565 306 3690 regularibus
340 3567 518 3624 observantiis
540 3576 568 3625 et
593 3568 796 3625 austeritatibus
818 3567 934 3626 subinde
986 3569 1053 3626 alias
1067 3569 1179 3625 virtutes
1193 3567 1395 3642 quodammodo
1414 3567 1430 3623 li
1466 3575 1528 3624 tin
1537 3568 1669 3625 unitatem
1695 3565 1785 3639 perfe-

136 3649 173 3691 ve
203 3637 361 3695 necessitate
373 3648 503 3712 urgente,
520 3639 563 3696 rel
585 3640 717 3698 chanmte
735 3640 867 3697 invitante
890 3656 934 3697 re·
987 3641 1095 3698 ctionis.
1112 3641 1179 3696 Haec
1197 3642 1233 3695 D.
1255 3637 1387 3697 Thomas.
1409 3641 1538 3696 Aterum
1554 3640 1711 3696 membrum
1730 3646 1784 3707 est,

135 3705 276 3776 laxandis,
304 3719 352 3766 aut
371 3710 581 3769 intermittendis
602 3727 702 3785 agens:
725 3715 802 3776 llaec,
828 3712 932 3785 inquit,
983 3710 1097 3784 jejunia,
1123 3711 1236 3784 vigilias,
1263 3710 1410 3767 lectionem
1434 3719 1462 3767 et
1480 3708 1688 3767 meditationem
1709 3709 1782 3767 Scri·

134 3779 464 3851 incentootpueiustituto
475 3786 597 3852 suniat,
610 3800 663 3839 nou
674 3787 740 3854 puio
754 3785 836 3839 aliter
846 3785 935 3840 mucre
987 3791 1140 3855 pturarum,
1155 3782 1317 3851 nuditatem,
1337 3782 1364 3839 id
1388 3789 1430 3838 est
1449 3789 1646 3854 paupertatem,
1667 3781 1785 3853 aliasque

135 3864 189 3906 nou
199 3852 297 3922 liceret,
309 3854 356 3914 sed
365 3855 435 3924 quod
443 3857 482 3909 ito
489 3855 723 3923 mopiseacpediret
737 3870 799 3908 :uec
804 3856 886 3924 plone
897 3856 935 3910 uit
986 3855 1035 3911 reli
1055 3854 1123 3912 ‘onis
1148 3854 1319 3911 austeritates
1341 3862 1369 3908 et
1382 3852 1510 3934 exercitia
1530 3867 1586 3908 non
1611 3865 1670 3907 esse
1697 3850 1783 3921 ipsam

136 3922 217 3977 “find
223 3940 303 3993 fuam
313 3926 350 3980 ad
361 3927 474 3991 Imm,
488 3930 513 3979 et
524 3924 673 3979 &⁸0de
679 3925 830 3978 doulam.
840 3927 936 3991 Qrmm·
987 3871 1193 4050 perffictionem,
1207 3941 1257 3981 nec
1271 3923 1413 3981 bominem
1432 3932 1564 3981 continuo
1587 3919 1699 3979 reddere
1720 3934 1784 4002 per-

135 3993 186 4048 diu
195 4010 258 4064 erpo
271 3996 537 4055 chaeuatiiui‘lituut,
551 3992 790 4060 immobilitates
799 3998 870 4055 suut,
880 4010 934 4048 mu·
1002 4004 1111 4064 ectum,
1135 3995 1183 4053 sed
1203 4011 1263 4052 esso
1283 3993 1458 4067 perlectionis
1476 3994 1656 4051 instrumenta
1683 4005 1783 4063 tonia,

135 4067 245 4135 torique
258 4070 364 4121 omoiiio
376 4081 408 4119 ue
419 4066 454 4117 ob
465 4065 533 4133 ipsis
547 4063 655 4132 quidun
663 4064 816 4132 prepiosttis
827 4065 937 4131 siueof-
990 4066 1156 4137 inquit,non
1166 4065 1211 4120 ini
1231 4066 1268 4121 sis
1284 4065 1409 4121 masistit
1426 4063 1507 4135 hujus
1521 4064 1588 4121 disci
1609 4064 1786 4130 Hammona·

134 4132 937 4208 (eucopossuut.Atstecueroriocoutroriasorteoliquou-
990 4136 1075 4208 stica)
1084 4135 1147 4191 finis
1163 4082 1230 4191 :sog
1239 4135 1370 4215 perillam
1379 4133 1579 4216 perveniturad
1590 4081 1785 4215 Enemequod
1824 4167 1832 4183 .

134 4207 171 4262 do
185 4204 834 4275 eiuietotluisa{uenmliisclumtocotquibus
849 4205 937 4262 vidue
990 4207 1049 4264 aliis
1075 4204 1164 4262 verbis
1189 4219 1314 4276 superius
1329 4203 1414 4262 dixin
1436 4203 1510 4274 quod
1532 4203 1567 4262 ad
1590 4202 1785 4277 perfectionem

133 4278 246 4339 dotum,
258 4282 284 4330 et
296 4276 436 4346 prouidere
448 4276 576 4331 creditum
584 4281 623 4332 est
634 4295 642 4331 :
654 4292 741 4332 bourie
748 4275 935 4347 justissimum
990 4276 1131 4335 charitatis
1140 4275 1198 4333 istis
1211 4274 1339 4350 gradibus
1347 4273 1492 4332 escendere
1501 4275 1622 4333 nitamur
1637 4297 1643 4333 :
1655 4274 1783 4333 dicuntur

133 4364 192 4406 esse
207 4350 302 4416 liquet,
318 4351 415 4416 utque
422 4362 473 4417 pro
487 4348 733 4404 eioutoteiuveutu
744 4350 868 4416 suerum,
882 4365 934 4420 pro
987 4348 1061 4406 enim
1080 4348 1139 4406 baec
1153 4347 1334 4404 instrumenta
1352 4345 1533 4429 perfectionis,
1547 4348 1698 4420 prasertim
1711 4362 1782 4407 vero

133 4421 273 4476 ctoritate
284 4434 395 4488 pioque,
410 4419 459 4473 ubi
471 4420 597 4490 expedire
605 4419 739 4475 oidebttur
752 4420 793 4475 uel
804 4422 935 4476 uruittou-
987 4420 1040 4477 tria
1054 4421 1100 4476 illa
1113 4419 1272 4493 Evangelica
1284 4417 1415 4488 consilia,
1429 4429 1572 4492 paupertas
1614 4418 1782 4477 continentia

135 4496 191 4555 tier,
209 4491 252 4545 uel
265 4491 492 4559 iiiternuttuutur,
504 4491 545 4546 uel
561 4493 591 4546 iu
603 4492 680 4546 uliud
693 4493 934 4559 (utemmmodi'us
988 4501 1016 4549 et
1037 4490 1201 4559 obedientia,
1215 4504 1279 4562 qum
1291 4490 1326 4549 ad
1348 4489 1529 4548 substantiam
1548 4461 1667 4565 refigiosi
1693 4493 1783 4549 statiis

135 4563 932 4633 dmuteitur?suuterepi'oueiumuumproculclubtoforet,
986 4564 1135 4637 pertinent,
1159 4562 1222 4635 quia
1243 4570 1309 4620 sunt
1327 4563 1467 4635 aptissime
1488 4571 1515 4621 et
1537 4562 1682 4620 uilissima
1692 4560 1782 4618 media

134 4635 160 4687 si
171 4637 276 4688 statuto
284 4625 333 4702 pud
348 4635 405 4688 solo
423 4633 566 4702 chemate,
581 4638 672 4690 contro
686 4633 847 4690 cbardoteiu
861 4638 933 4692 teue-
946 4677 971 4740 D
986 4636 1022 4692 ad
1035 4633 1256 4717 consequendam
1267 4632 1462 4716 perlectionem
1476 4633 1638 4716 alacritatis,
1647 4641 1783 4704 quatenus

134 4703 638 4845 reigigaeiplagssaiiseffiiaiagg.niveo,
654 4781 685 4830 ut
694 4774 805 4844 dicitur,
821 4775 934 4847 sigiien-
986 4701 1784 4838 ffffgidlaliiigffnrefgeffiffidiffignutgrfflm¹&ggffigbeffti'u

134 4844 169 4903 da
180 4845 286 4916 lapillo3
305 4861 366 4917 quae
384 4861 522 4902 summam
541 4844 621 4917 hujus
634 4846 933 4928 capit,icomplectitur,
986 4851 1155 4913 muudo,out
1167 4846 1424 4926 estooucapisceuti'a
1432 4844 1784 4912 ceraueoutoouutptsceu-

134 4931 252 5041 quaeque
263 4918 294 4971 u.
305 4918 419 4974 Tbomac
432 4918 622 4989 theologorum
633 4917 745 4990 principi
757 4932 789 4973 ac
802 4925 932 4989 magistro
986 4923 1028 4976 tio
1041 4920 1246 4998 oculuum,uut
1255 4914 1378 4985 superbo
1389 4918 1452 4968 uitae
1461 4914 1484 4981 (l
1497 4915 1575 4968 ioasi.
1589 4915 1648 4980 iii).
1663 4912 1783 4995 Percon-

135 4988 170 5043 ita
185 4987 296 5060 pacuit,
312 4999 341 5043 ut
353 5002 414 5043 eain
426 4988 548 5061 pluribus
561 4989 590 5043 in
609 4987 675 5045 loeis
688 4989 878 5045 suaesummae
899 4989 933 5046 ad
985 4989 1128 5047 tinentiom
1149 5001 1224 5042 enim
1247 4992 1406 5042 remoretur
1434 4991 1461 5039 et
1482 4981 1633 5040 refrenatur
1658 4999 1785 5056 concupi·

135 5072 202 5115 suas
223 5059 413 5117 conclusiones
437 5058 596 5117 astruendas
625 5058 793 5128 adbibuerit,
816 5074 933 5133 eamque
986 5059 1088 5118 scentia
1106 5057 1211 5123 carnis,
1231 5071 1281 5128 per
1301 5062 1489 5138 paupertatem
1509 5055 1628 5139 avaritia,
1651 5069 1703 5138 seu
1714 5071 1777 5111 con·

136 5129 256 5186 vicissim
271 5130 327 5187 suis
349 5130 572 5188 conclusionibus
590 5129 732 5188 illustrarit
746 5131 822 5214 (24,
835 5146 862 5201 q.
879 5137 929 5187 184
982 5128 1150 5205 cupiscentia
1161 5126 1319 5195 oculorum;
1353 5142 1383 5183 er
1396 5126 1580 5185 obedientiam
1594 5128 1730 5199 superbia.
1743 5129 1784 5208 ¹Et

135 5202 161 5256 'ct
174 5207 266 5271 pisa,
281 5219 308 5258 o.
326 5209 342 5259 t
350 5207 375 5258 ct
387 5205 427 5273 8).
442 5202 569 5260 Continet
583 5210 674 5259 autem
689 5201 744 5259 duo
757 5209 859 5284 capita,
874 5200 929 5257 siue
983 5202 1036 5259 boc
1049 5209 1091 5259 est
1101 5199 1175 5274 quod
1188 5197 1308 5281 tlieologi
1341 5208 1423 5256 ocant
1444 5196 1637 5272 perfectionem
1650 5205 1783 5255 essentia-

135 5273 268 5329 membra.
282 5273 406 5331 Primum
425 5283 476 5344 est,
496 5274 688 5347 perfectionem
702 5272 881 5331 Christianam
902 5280 929 5328 et
982 5275 1042 5330 liter
1057 5281 1085 5331 et
1098 5273 1231 5345 primario
1245 5269 1394 5327 consistere
1409 5272 1436 5327 in
1454 5271 1586 5327 charitate
1607 5277 1634 5326 et
1652 5271 1782 5328 observa-

135 5345 315 5401 monasticam
347 5346 375 5401 in
398 5346 532 5403 ebantate
555 5346 713 5404 consistere.
741 5346 823 5414 Nam,
848 5351 878 5401 ut
891 5343 929 5400 ait
981 5345 1057 5402 tium
1075 5343 1268 5401 mandatorum
1283 5341 1347 5409 Deii
1366 5342 1528 5399 secundario
1542 5351 1646 5411 autem,
1661 5351 1689 5400 et
1702 5343 1780 5414 quasi

136 5415 172 5467 ι).
196 5414 329 5484 Thomas,
359 5418 571 5490 unumquodque
592 5416 694 5474 dicitur
719 5416 881 5491 perfectum,
901 5415 928 5471 in
981 5416 1140 5489 dispositive
1169 5430 1218 5473 seu
1243 5413 1498 5482 instrumentaliter,
1524 5414 1552 5470 in
1578 5413 1632 5471 illis
1659 5413 1781 5472 consiliis
1818 5468 1825 5479 ,

136 5494 268 5555 quantum
279 5487 386 5560 attingit
395 5490 537 5560 proprium
552 5488 644 5557 linem,
657 5504 717 5561 quac
727 5484 870 5544 estultima
887 5487 926 5545 rei
981 5488 1199 5571 Evangelicis,et
1212 5484 1440 5542 aliisvirtutibus.
1575 5555 1581 5567 ·
1659 5555 1699 5568 ..

135 5554 265 5627 perfectio
278 5563 346 5626 (t-n.
358 5577 386 5631 p.
397 5564 478 5628 sto,
494 5565 518 5615 ι.
534 5562 601 5618 Vide
610 5563 692 5616 dmm
700 5561 827 5617 Bellurm.
842 5560 889 5614 lib.
903 5574 927 5615 ii
1017 5561 1130 5617 eSinon
1143 5566 1217 5629 actu,
1230 5557 1328 5614 saltem
1349 5557 1461 5626 virtute,
1483 5571 1531 5614 seu
1556 5556 1666 5615 unuah
1692 5563 1780 5612 inten-

132 5627 169 5682 de
182 5630 302 5685 dionaei.
322 5648 344 5687 e.
363 5632 401 5701 2).
415 5630 538 5690 Charitas
556 5640 648 5689 antem
659 5640 712 5702 est,
726 5644 788 5703 quaa
800 5629 861 5687 unit
874 5646 927 5687 nos
979 5631 1062 5689 done.
1079 5631 1151 5686 Nam
1165 5638 1195 5685 ut
1211 5645 1290 5686 meas
1303 5636 1398 5686 nostra
1408 5628 1443 5686 de
1457 5631 1516 5686 Deo
1530 5627 1668 5701 rebusque
1683 5626 1781 5684 divinis

131 5700 307 5773 Deo,qoiest
318 5703 430 5759 ultimus
441 5703 501 5759 linis
524 5702 651 5761 bumana
662 5704 779 5760 mentis:
793 5701 866 5772 quia,
878 5705 928 5772 qui
978 5717 1086 5775 semper
1095 5700 1209 5774 cogitet,
1221 5709 1248 5756 et
1261 5700 1319 5758 sine
1334 5699 1537 5757 intermissione
1548 5699 1577 5755 in
1596 5713 1662 5755 enm
1675 5714 1724 5771 per
1735 5700 1778 5753 at·-

129 5778 223 5827 mouet
235 5775 265 5828 iu
279 5775 422 5838 ctoritate,
437 5777 466 5831 iu
479 5779 532 5832 lieo
545 5780 652 5839 mouet,
667 5780 693 5830 et
706 5780 777 5832 Deus
795 5775 825 5828 in
836 5789 880 5838 eoi
896 5780 927 5828 ot
978 5774 1081 5831 fectum
1103 5780 1151 5829 aut
1165 5773 1421 5845 contemplationem
1435 5770 1537 5828 feratur
1547 5770 1626 5843 eique
1639 5769 1780 5830 inhaereat,

128 5841 232 5901 dicitur
244 5846 257 5900 l
268 5847 349 5901 ioan.
361 5859 406 5902 iv.
421 5847 457 5902 itt
464 5846 526 5905 ideo
537 5845 688 5906 meandum
693 5843 854 5905 amatam
865 5858 928 5916 spe·
979 5860 1037 5903 non
1047 5842 1150 5918 patitur
1159 5842 1242 5916 liuius
1253 5844 1379 5904 morulis
1392 5842 1457 5903 vite
1469 5841 1671 5983 infirmitasait
1681 5844 1779 5893 notum

239 5935 371 5994 Parnoi.
391 5934 497 5992 Xle·
