3848 6158
119 276 173 332 237
376 274 421 330 DE
440 273 680 358 effitoetonutt
698 276 821 334 lNSl'lT.
841 278 905 335 utu.
925 279 959 332 V.
978 309 1015 321 -
1033 280 1078 337 DE
1095 279 1230 337 setntrtt
1250 281 1533 341 disseminatis.
1727 294 1780 351 2³8

120 400 187 469 tuit,
199 397 343 473 quomodo
357 404 444 457 aestus
457 400 577 457 carnalis
587 401 818 472 concupiscentiae
828 403 928 463 valebit
941 407 968 471 Α
984 404 1148 464 intestinum
1159 404 1278 465 innubis
1292 408 1413 481 quotidie
1424 411 1526 484 geritur
1536 411 1639 469 bellum
1654 433 1661 470 ι
1676 394 1791 478 demi

121 492 321 568 emtinguerel
340 495 376 549 Et
389 493 437 566 qni
458 508 517 549 non
532 493 618 566 quivit
632 494 774 566 passiones
786 496 815 552 in
828 512 928 570 propa-
980 499 1128 569 adomnia
1144 514 1207 572 quas
1219 499 1372 559 lorinsecus
1381 511 1445 561 sunt
1456 502 1606 563 reddentur
1616 506 1734 579 intirmu,
1750 526 1783 571 sc

119 587 182 647 mlo
194 586 261 645 situs
274 601 430 659 parvasque
440 601 627 659 compescere,
639 589 928 660 quemadmodumoe-
981 592 1060 650 militi
1077 592 1177 650 Christi
1191 593 1315 653 unicam
1330 604 1533 668 peccauerunt
1545 599 1704 660 etsubdita.
1718 606 1782 662 Non

122 678 368 752 culms‚nulloque
382 678 525 736 bominum
539 688 610 737 teste
624 682 790 753 prurientes,
803 683 928 740 modera-
982 685 1143 744 babebimus
1156 686 1342 745 aduersarium
1367 689 1447 747 nobis
1466 692 1636 752 extrinsecus
1656 705 1781 756 metucn-

122 775 192 833 trice
206 771 375 831 discretione
398 774 499 844 poterit
524 774 692 861 debellaret·
705 779 740 834 Et
753 777 854 835 idcirco
880 793 928 851 per
981 779 1059 846 dum,
1077 779 1101 836 si
1118 794 1150 836 ea
1165 794 1227 852 quae
1243 780 1378 838 intrsnos
1391 790 1456 839 sunt
1474 783 1582 855 spiritui
1600 786 1704 846 devicta
1717 789 1783 847 sub-

121 868 246 943 singrlos
259 873 352 924 motus
364 875 393 924 et
404 867 434 923 in
447 867 714 941 quolibetdesiderio
729 871 816 927 robur
828 870 927 929 animae
980 872 1091 930 dantur.
1110 874 1168 930 Nec
1186 875 1277 930 solum
1290 873 1371 931 nobis
1389 874 1463 933 istud
1484 877 1621 949 jejunium
1635 879 1781 939 visibilium

120 962 320 1036 comprobatur
334 979 340 1016 :
354 975 418 1034 quse
428 961 453 1017 si
472 961 501 1018 in
513 961 637 1019 minimis
652 963 808 1037 apertisque
823 963 926 1037 cupidi·
979 967 1106 1026 ciborum
1123 967 1158 1024 ad
1179 965 1375 1039 perlectionem
1389 969 1480 1026 cordis
1494 979 1522 1026 et
1535 972 1660 1043 corporis
1678 974 1783 1045 putita-

121 1057 226 1115 tetibus
246 1063 404 1128 superatur,
421 1055 491 1128 quid
513 1056 542 1112 in
567 1056 694 1114 maximis
715 1073 749 1115 ac
762 1057 927 1116 tortioribus
980 1065 1037 1117 mm
1049 1058 1175 1116 sufficere
1185 1075 1266 1132 posse
1280 1058 1436 1128 credamus,
1451 1055 1465 1093 l
1479 1063 1530 1119 nisi
1544 1064 1628 1121 luerit
1640 1064 1703 1123 huic
1723 1067 1782 1124 eni·

122 1148 291 1222 occultisque
323 1148 474 1216 sustineat,
502 1148 648 1220 unicuique
674 1165 724 1209 sun
758 1151 927 1211 conscientia
980 1165 1034 1207 mar
1053 1151 1305 1224 quoquejejunium
1324 1151 1491 1223 copulatum.
1514 1154 1606 1211 Habet
1618 1172 1736 1230 iramque
1755 1169 1782 1217 et

123 1242 201 1301 testis
215 1249 266 1299 est.
980 1244 1023 1300 illa
1036 1260 1101 1303 suos
1115 1246 1212 1303 noxios
1223 1246 1312 1315 cibos,
1324 1245 1425 1319 quibus
1437 1247 1613 1320 impinguata,
1627 1250 1709 1307 ctiam
1722 1253 1783 1311 eine

414 1334 536 1391 CAPUT
553 1337 637 1392 xxi.
980 1352 1103 1395 escarum
1123 1339 1301 1407 abundantia,
1322 1339 1358 1397 ad
1375 1339 1494 1399 luxuriae
1514 1351 1650 1415 praeruptu
1664 1342 1784 1403 devolvi·

142 1434 180 1489 lte
192 1429 318 1485 naaion
332 1428 458 1484 monacus·
467 1442 543 1498 poce,
560 1432 586 1509 et
599 1429 763 1487 abstinentia
777 1432 907 1501 spiritati.
981 1438 1037 1488 mr.
1059 1430 1199 1491 Detractio
1217 1432 1293 1490 cibus
1307 1432 1366 1505 ejus
1385 1440 1436 1504 est,
1451 1442 1479 1491 et
1496 1434 1606 1506 quidem
1626 1437 1766 1508 persaeus
1772 1456 1781 1510 ;

160 1524 223 1579 Non
239 1520 312 1578 enim
333 1528 375 1577 est
397 1518 477 1576 nobis
490 1518 660 1578 adversarius
684 1520 927 1581 extrinsecusfor·
980 1524 1020 1581 ira
1040 1525 1122 1583 etiam
1141 1526 1219 1585 cibus
1232 1526 1292 1599 ejus
1311 1535 1363 1595 est,
1377 1527 1441 1585 licet
1453 1528 1566 1585 minime
1580 1529 1658 1598 levis3
1680 1530 1716 1589 ad
1728 1532 1782 1590 bo·

124 1614 286 1684 midsndus3
310 1617 324 1647 ¹
346 1614 375 1671 in
399 1612 607 1702 nobismetipsis
630 1614 718 1673 bostis
737 1615 859 1674 inclusus
872 1623 924 1676 cst.
979 1633 1039 1675 ram
1059 1627 1154 1678 tumen
1175 1620 1275 1679 infelici
1293 1636 1354 1678 eam
1369 1637 1416 1678 esu
1437 1638 1561 1696 pascens,
1576 1625 1724 1696 asperiter
1742 1625 1780 1684 le·

672 1710 802 1797 manns
821 1741 936 1797 onznr
954 1741 1234 1801 consensimus.

125 1855 273 1928 aliquando
283 1859 373 1938 autem
385 1858 411 1910 et
420 1854 550 1925 qualitati
561 1854 688 1919 cidoncn,
699 1860 725 1911 et
739 1860 853 1926 tempori
860 1872 922 1913 oon·
937 1863 962 1925 Β
978 1858 1052 1915 tione
1071 1856 1177 1917 decima
1190 1869 1264 1915 sexta
1280 1880 1286 1915 :
1305 1860 1422 1930 copon,
1437 1859 1486 1926 ait,
1501 1876 1616 1930 quanm
1628 1862 1705 1917 modo
1720 1877 1780 1920 ems-

124 1930 215 1998 grnit3
229 1927 276 1982 sed
290 1943 320 1981 sn
329 1928 391 1998 ipso
400 1928 554 1996 mrantitute
564 1927 688 1981 sumendi
699 1943 851 1984 massuram
864 1944 923 1983 mo
974 1929 1086 1999 jundus
1104 1945 1173 1994 sum,
1196 1931 1271 1985 baud
1292 1931 1416 1999 equidem
1430 1932 1500 1996 scio,·
1521 1948 1625 2001 amque
1644 1936 1734 2002 pacto,
1756 1939 1781 1991 et

125 1999 228 2083 &ata
246 1999 404 2081 Ιπνείοιξτίυπιιζε
428 1997 547 2079 accedit‚·
567 1998 757 2081 aliquandoin
776 2000 835 2069 ipso
856 2004 925 2056 oestu
978 2004 1069 2071 inmpo
1081 2004 1130 2057 Dei
1145 2004 1208 2065 sim,
1223 2006 1248 2057 et
1261 2003 1291 2055 in
1304 2016 1378 2055 cano
1389 2001 1507 2066 volutem
1524 2004 1597 2070 quod
1608 2008 1634 2057 et
1648 2020 1707 2057 cum
1716 2006 1780 2073 pul·

126 2082 250 2124 immensa
262 2068 390 2124 &meme
400 2067 518 2124 detersis
528 2074 629 2139 peccat.
643 2071 737 2125 Mortis
749 2072 852 2140 quippe
865 2079 924 2127 sen·
978 2073 1042 2127 ebra
1055 2073 1209 2128 ualetudine
1230 2076 1279 2133 est,
1302 2071 1368 2125 bello
1382 2086 1423 2124 me
1443 2071 1565 2138 lacessit;
1586 2077 1611 2126 et
1631 2088 1691 2126 eam
1712 2075 1779 2130 bello

127 2140 924 2210 tmticmpatrisoreionattasmeruitquiainpttstumettis
975 2146 1118 2214 pronitus,
1141 2157 1249 2198 marone
1269 2157 1311 2195 me
1324 2143 1428 2210 atisin
1453 2140 1525 2209 quod
1537 2145 1562 2194 et
1582 2146 1614 2195 at
1627 2157 1780 2199 consanum

126 2213 304 2266 constitutum
313 2210 408 2266 edendi
419 2214 521 2280 ternpus
532 2213 670 2265 antecessit
681 2213 712 2277 (l
725 2214 784 2280 lieo.
801 2218 877 2277 xiv).
888 2214 925 2269 Et
978 2230 1048 2281 amo,
1070 2219 1096 2269 et
1117 2217 1149 2268 ut
1161 2214 1303 2268 inimicum
1317 2212 1372 2278 odi,
1392 2215 1474 2281 atoue
1487 2226 1610 2277 acnsom
1624 2213 1697 2280 quod
1710 2218 1736 2268 et
1749 2219 1782 2271 ut

126 2296 164 2337 ec
186 2283 299 2349 AEpypto
310 2281 425 2350 populus
438 2281 588 2336 eductusin
608 2297 693 2336 memo
706 2283 837 2346 occubuit,
858 2284 925 2353 quia
977 2286 1111 2339 sinodum
1131 2286 1220 2353 digia,
1235 2288 1261 2338 et
1273 2287 1304 2337 ut
1327 2284 1451 2345 cobares,
1465 2296 1569 2337 uereor.
1595 2284 1628 2338 Si
1639 2282 1781 2342 debilitare

126 2351 252 2420 despecto
271 2366 371 2404 muna
384 2351 453 2406 eibos
466 2354 589 2407 carnium
599 2355 690 2422 petiit,
710 2368 776 2422 quos
796 2355 925 2410 lautiores
978 2354 1049 2409 illud
1061 2360 1087 2410 et
1099 2357 1223 2425 conficere
1236 2354 1345 2417 studeo,
1356 2353 1419 2423 jam
1432 2367 1486 2407 non
1503 2352 1587 2407 tabeo
1605 2369 1658 2424 qao
1671 2357 1741 2410 socio
1754 2360 1781 2411 et

252 2420 626 2562 <aa
641 2423 924 2495 t
1100 2495 1780 2552 a

126 2565 241 2633 cutipuo
252 2534 325 2618 more
338 2569 423 2619 motas
442 2564 520 2619 uellet
537 2565 571 2619 de
584 2566 716 2634 sacrificio
735 2510 926 2623 temptaueri—
978 2511 1470 2638 gumzmiprrgrebgiianteismimsstunq
1478 2510 1779 2636 nbramaaigirneooeo

122 2650 198 2707 pere,
218 2634 265 2690 sed
277 2634 527 2705 erudaspuareret,
542 2651 610 2705 quas
624 2637 776 2692 accuratius
790 2637 927 2693 exhiberet
979 2654 1033 2695 ison
1054 2639 1188 2701 eandam
1203 2637 1371 2707 compedibus
1383 2637 1558 2706 depracatus,
1571 2637 1613 2692 ael
1633 2638 1666 2691 in
1679 2640 1780 2695 ten-mss

128 2707 160 2774 (l
170 2708 234 2776 nep.
250 2707 301 2774 v).
315 2708 351 2762 lit
369 2721 428 2760 eum
447 2706 484 2760 ad
493 2707 657 2762 Hierusalem
667 2706 922 2779 diciturldzeelsiel.
980 2707 1779 2771 detrabentibus,uelinendetinentibus:bostisestbtundru

128 2776 188 2845 xer)
205 2795 212 2829 ε
229 2778 291 2833 liar
304 2778 363 2844 sitit
382 2778 513 2846 minuitas
536 2777 657 2834 Sodomae
681 2780 779 2833 sororis
796 2784 859 2845 raa,
874 2793 922 2833 su-
977 2780 1144 2851 etplacidusr
1156 2778 1552 2834 insidiosusamicus.0miram
1559 2777 1778 2848 conjunctionem,

122 2848 373 2919 perbimsuturitas
381 2850 499 2918 paniset
510 2849 692 2915 abundantia;
706 2850 924 2920 aperuerimus·-
983 2854 1008 2906 et
1021 2851 1225 2906 dienationernl
1239 2850 1316 2917 Quod
1334 2855 1432 2915 metuo,
1446 2850 1604 2918 amplector3
1621 2849 1693 2918 qnod
1707 2864 1778 2913 anso,

126 2924 182 2988 tur,
198 2935 250 2991 qao
268 2919 368 2974 ι’ἀσίνοο
377 2920 718 2990 malmendrensis
727 2936 786 2975 cum
796 2921 929 2992 superbire
979 2926 1145 2993 pertimesco.
1157 2924 1311 2991 Antequam
1321 2920 1417 2975 bellum
1426 2922 1561 2988 gannim
1571 2922 1729 2988 ingratiam
1738 2936 1780 2976 re·

63 3000 67 3006 '
125 2992 358 3046 uitiomensurnm
366 2990 511 3046 modmatoe
525 2992 680 3059 resectionis
690 2994 814 3048 sucessit.
826 2995 858 3047 Et
868 2993 928 3063 pri·
982 2993 1045 3060 deo‚·
1059 2998 1203 3062 antemium
1219 3008 1288 3064 pace
1299 2994 1390 3060 fruar,
1405 2991 1440 3044 ab
1452 3006 1481 3044 eo
1493 2990 1619 3045 dissideo.
1636 2989 1679 3046 nd
1698 3005 1780 3046 eum·

125 3064 326 3132 magenitornm
338 3061 452 3131 gloriam
466 3064 734 3133 monumentorum
751 3079 847 3133 magno
860 3066 928 3118 astu
983 3063 1045 3119 dem
1060 3062 1173 3119 modum
1186 3065 1306 3119 loannes
1325 3060 1463 3119 climacus
1477 3059 1563 3133 gradu
1579 3066 1609 3115 ts
1625 3077 1631 3114 :
1646 3061 1777 3128 Quonam,

127 3133 259 3190 desiderii
270 3134 352 3188 uilem
365 3133 463 3199 cibum,
483 3134 584 3188 scilicet
598 3134 764 3198 lenticulam,
778 3135 928 3205 concupiuit
981 3135 1079 3207 inquit,
1096 3150 1169 3190 more
1184 3140 1210 3189 et
1220 3134 1297 3189 modo
1308 3148 1396 3189 meum
1410 3133 1479 3186 bunc
1491 3134 1609 3201 amioum
1619 3133 1737 3188 undem
1749 3133 1780 3189 iu

126 3205 234 3273 (Genus.
257 3207 346 3274 xxv);
359 3220 443 3276 quam
457 3204 522 3259 dum
532 3204 678 3260 vendendis
692 3208 773 3260 etiam
792 3209 926 3276 ammom-
943 3233 966 3298 C
981 3222 1080 3262 moran
1089 3210 1241 3261 catenum
1252 3205 1408 3275 dijudicem,
1417 3204 1518 3259 neseio:
1528 3202 1685 3258 Priusem'm
1698 3216 1779 3275 osma

127 3276 197 3330 nilis
209 3276 340 3346 pretulit,
353 3292 406 3346 quo
419 3278 449 3330 in
459 3274 537 3330 illum
551 3277 675 3346 appetitu
687 3276 838 3344 anteierat,
850 3275 927 3330 indi-
981 3279 1060 3333 illum
1074 3279 1199 3339 siriciam,
1214 3276 1342 3342 sonatur,-
1356 3280 1381 3330 et
1394 3279 1540 3344 antequam
1552 3274 1707 3343 dijudicem,
1720 3290 1778 3330 eum

10 3410 12 3417 ,
127 3348 204 3402 cauit
228 3365 237 3400 r
259 3360 339 3416 nepus
350 3348 421 3403 ersim
438 3346 523 3410 cibus,
539 3347 586 3402 sed
599 3348 776 3417 appetitusin
797 3349 863 3402 uitio
877 3352 926 3402 est.
981 3349 1028 3403 illo
1046 3351 1075 3402 in
1120 3349 1207 3401 utiam
1229 3347 1322 3412 redeo;
1337 3350 1362 3401 et
1375 3348 1520 3414 antequam
1530 3347 1655 3415 prusiam,
1678 3347 1777 3415 (tector.

127 3418 195 3474 llaec
215 3416 373 3489 Gregorius.
400 3421 440 3474 Ex
463 3416 563 3488 quibus
583 3418 704 3489 quinque
731 3418 834 3490 species
856 3417 928 3491 gula
983 3364 1120 3488 oneng
1140 3418 1218 3472 ittam
1237 3419 1362 3477 vindam,
1377 3431 1456 3487 quem
1475 3420 1508 3471 ut
1529 3432 1626 3483 omem,
1649 3421 1780 3472 assatura

124 3488 230 3617 colligit
242 3489 276 3544 l).
290 3487 411 3546 Thomas
422 3492 495 3557 (2-2,
510 3506 537 3559 q.
554 3493 605 3545 tit
618 3505 646 3544 a.
662 3490 787 3561 t)‚'quas
801 3487 855 3546 lroc
867 3502 929 3547 rer·
982 3492 1109 3560 suscepi?
1127 3488 1269 3557 Quornodo'
1281 3489 1316 3542 ab
1339 3503 1367 3542 eo
1390 3487 1534 3551 liberabor,
1551 3490 1594 3542 rui
1611 3488 1640 3541 in
1654 3489 1780 3543 sancium
1835 3510 1840 3519 ·

126 3560 212 3618 sicuo
230 3559 428 3616 continentur:
982 3563 1123 3631 cottiparas
1142 3562 1220 3615 sum?
1245 3559 1378 3628 Quomodo
1400 3574 1502 3613 mecum
1524 3561 1604 3613 etiam
1629 3563 1780 3628 surpentem

982 3632 1138 3688 destruam?
1150 3630 1223 3699 Quid
1235 3630 1449 3685 iltirationabile
1462 3629 1561 3697 dicam,
1576 3631 1625 3699 qui
1635 3646 1686 3700 per
1699 3634 1780 3685 natu·

983 3719 1043 3758 ram
1056 3704 1129 3757 mille
1140 3703 1291 3757 rationibus
1302 3717 1334 3756 oc
1345 3701 1562 3771 persuasionibus
1584 3703 1731 3763 mentitur?
1750 3702 1781 3756 Si

129 3777 211 3832 limite
227 3774 291 3845 gula
305 3773 500 3842 committitur,
515 3789 579 3841 cum
591 3782 757 3846 appetuntur
768 3773 820 3829 cibi
834 3773 926 3846 singu·
983 3777 1054 3830 num
1074 3777 1164 3844 ipsum
1190 3773 1286 3843 'ejunio
1297 3774 1422 3833 vinciam,
1448 3787 1543 3826 curnis
1554 3772 1609 3837 illi,
1621 3784 1779 3892 {gomanum

204 3666 378 3731 praepropere,
395 3665 476 3728 laute,
488 3665 575 3726 nirnis,
590 3666 717 3726 ardenter,
730 3665 849 3717 studiose.

126 3844 207 3914 lares,
221 3845 336 3912 insoliti,
363 3844 539 3916 pretiosiores
561 3860 644 3926 quam
658 3844 740 3901 statui
764 3845 924 3915 conveniam
976 3845 1114 3915 judicans,
1128 3849 1154 3898 tr
1191 3860 1236 3905 om
1252 3847 1278 3898 si
1291 3848 1316 3898 et
1322 3842 1449 3911 iudicare
1460 3842 1598 3902 desistens,
1658 3850 1780 3908 nonme

127 3916 348 3986 utsireligiosus,
358 3916 525 3986 contemptis
534 3915 592 3971 aliis
604 3914 685 3982 cibis,
693 3914 925 3984 nolitcomedere,
981 3932 1047 3978 rem,
1062 3917 1149 3970 elatus
1171 3914 1247 3969 corde
1259 3916 1289 3968 in
1302 3913 1422 3968 eumdem
1434 3913 1601 3980 praecipn'tor.
1616 3911 1716 3977 Estque
1736 3924 1779 3964 eo·

126 3986 180 4044 nisi
199 3985 331 4059 perdices,
349 3986 503 4057 phasianus,
518 3994 570 4042 etc.
591 3988 625 4041 Et
639 3985 667 4040 in
682 3984 735 4040 boc
748 3993 789 4040 est
801 3999 928 4041 excessus
980 3987 1234 4055 operatoretbostis,
1243 3979 1781 4053 adjutoratqueaduersariumauailiator

127 4058 219 4130 quarm
231 4056 413 4115 substantiam
431 4056 495 4114 cibi.
511 4056 634 4115 Studiose
648 4054 738 4126 quoad
758 4056 926 4126 qualitatem,
982 4056 1063 4111 simul
1075 4061 1101 4110 et
1114 4056 1267 4109 insidiator.
1279 4055 1310 4109 st
1323 4056 1457 4119 (meatur,
1470 4054 1625 4120 oppansam
1639 4052 1665 4102 si
1674 4050 1781 4117 asstipu-

129 4142 196 4186 cum
205 4128 233 4184 in
252 4127 434 4185 condimentis
456 4136 485 4183 et
505 4127 589 4184 modo
602 4125 770 4199 praeparandi
783 4135 824 4182 est
836 4141 928 4182 esces-
983 4125 1168 4193 tondebitur
1181 4128 1213 4194 fit
1228 4142 1236 4176 ε
1252 4124 1356 4177 lasciuit
1365 4135 1415 4190 per
1428 4121 1553 4189 euntem,
1567 4133 1661 4174 mersus
1670 4118 1781 4175 unbem

129 4212 195 4268 sus,
207 4207 237 4256 nt
249 4199 272 4257 si
285 4198 436 4256 monachus
450 4197 518 4254 nolit
531 4200 687 4267 comedere,
702 4197 752 4253 nisi
769 4198 855 4254 multo
868 4212 929 4253 suc·
983 4201 1009 4255 et
1018 4196 1127 4300 ffopcita
1140 4210 1192 4250 non
1204 4195 1326 4273 sustinet,
1340 4199 1393 4271 etc.
1585 4262 1590 4272 ἢ

129 4268 216 4328 obem
227 4269 369 4328 relsuccis
391 4269 530 4326 conditum
544 4272 554 4338 (
566 4270 633 4326 Vide
656 4272 815 4325 hincman.
839 4272 923 4326 tract.
1047 4265 1305 4334 Quidenim,mt1).
1325 4263 1505 4332 Hieronymus
1520 4261 1623 4331 (Epist.
1636 4263 1669 4316 lt
1681 4259 1780 4318 addet.

131 4347 184 4398 102
196 4346 223 4399 et
246 4348 295 4400 tos
316 4344 347 4397 in
366 4343 462 4411 moui.
478 4345 511 4398 Il.
528 4342 674 4406 Benedici„
698 4346 724 4397 et
741 4344 772 4397 P.
795 4340 926 4397 menard.
983 4340 1031 4394 sub
1043 4336 1154 4407 finan),
1167 4334 1278 4407 prodest
1285 4349 1380 4405 corpses
1387 4335 1495 4387 tenuari
1503 4334 1780 4399 abstinentissimi·

129 4414 213 4471 tasi.
235 4413 282 4469 lib.
304 4429 342 4468 ιν.
355 4413 389 4468 de
402 4416 471 4469 Just.
486 4429 517 4468 ca
540 4455 547 4468 .
564 4417 605 4480 3).
630 4413 668 4468 Dc
680 4412 724 4468 liis
741 4410 873 4470 videndus
888 4418 930 4468 est
983 4405 1569 4478 musiniumescatsupcrbiaiquamloudem
1577 4404 1737 4459 merebimur
1748 4404 1782 4460 de

127 4484 289 4542 Remurdus
300 4483 328 4540 in
345 4482 505 4556 Apologian
544 4482 719 4541 Guilielmum
730 4483 869 4553 uitatem,
885 4481 930 4539 ubi
981 4482 1086 4552 pallore
1095 4480 1207 4550 jejunii,
1221 4478 1362 4533 siinridia
1376 4477 1457 4531 lividi
1469 4479 1572 4532 simus?
1593 4475 1659 4545 quid
1672 4476 1781 4530 virtutis

128 4555 235 4613 mirum
248 4554 278 4611 in
298 4554 414 4612 modum
435 4555 591 4628 perstringit
610 4563 638 4611 et
658 4554 743 4625 carpit
757 4555 851 4610 lusum
871 4568 931 4610 mo
983 4553 1072 4615 tabet,
1087 4554 1180 4605 oirmm
1191 4565 1244 4606 non
1259 4550 1356 4612 bibere,
1370 4552 1395 4603 et
1407 4550 1451 4602 ira
1463 4555 1544 4618 atoue
1555 4547 1616 4602 odio
1630 4546 1782 4619 inebriari?

127 4626 283 4683 uerborum
306 4627 333 4684 in
349 4626 428 4697 cibis,
453 4626 604 4698 prasertim
630 4624 788 4682 inaniret
811 4625 930 4706 piscibus
946 4633 971 4694 Ι)
986 4627 1059 4679 Tunc
1067 4623 1201 4694 mariana
1210 4626 1249 4676 est
1260 4621 1433 4681 abstinentia
1444 4624 1507 4674 tnnc
1515 4619 1629 4689 pulchra
1639 4623 1720 4696 atque
1728 4631 1782 4669 ma·

127 4714 146 4755 a
233 4697 310 4768 udis,
334 4696 405 4754 uiuis
434 4696 608 4770 degustandis
629 4702 657 4752 et
676 4694 850 4764 condiendis,
876 4703 929 4752 etc.
985 4697 1085 4765 quirice
1099 4694 1243 4762 castigatio
1261 4694 1388 4761 corporis,
1404 4706 1463 4745 cum
1478 4694 1518 4744 est
1531 4692 1782 4765 animusperunuse

127 4713 232 4837 ciffi}
250 4769 374 4842 designat
398 4783 540 4826 excessum
564 4768 592 4824 in
613 4766 766 4839 quantitate
779 4766 844 4834 cibi,
864 4765 931 4822 dum
984 4768 1071 4821 uitiis.
1087 4767 1120 4819 D.
1133 4765 1186 4819 Leo
1201 4763 1229 4843 in
1241 4775 1368 4816 sermone
1378 4759 1412 4815 de
1422 4768 1516 4814 sancto
1528 4760 1633 4839 iosuae
1643 4757 1779 4825 Baptista:

144 4840 192 4899 lus
205 4841 359 4898 comeditur
369 4855 452 4912 quam
464 4848 560 4896 natura
576 4837 707 4908 requirat,
721 4838 767 4909 qui
782 4837 881 4894 modus
890 4845 933 4894 est
985 4841 1043 4893 Duo
1054 4839 1127 4897 sant,
1142 4835 1241 4905 inquit,
1262 4832 1431 4886 abstinentia
1445 4834 1471 4883 et
1482 4840 1684 4906 aums'oertera,
1699 4839 1782 4906 unum

139 4911 378 4986 requendssimus.
399 4911 652 4983 Praeproperecircu
666 4910 851 4980 sumptionem
865 4906 928 4975 cibi,
985 4907 1127 4977 camorata.
1151 4909 1176 4984 et
1190 4902 1268 4956 aliud
1281 4901 1422 4970 spirituale
1443 4896 1531 4967 (quod
1553 4895 1597 4951 luc
1619 4909 1718 4979 enimse
1735 4909 1781 4967 pe-

126 4982 197 5042 drun
213 4984 379 5057 praevenitur
393 4991 502 5055 tempus
516 4980 684 5038 comedendi.
700 4981 846 5043 Audenter,
864 4978 931 5035 dum
982 4977 1092 5050 junium
1108 4973 1234 5042 dicitur);
1256 4987 1339 5026 unum
1352 4986 1370 5024 a
1379 4973 1448 5040 potu
1461 4973 1542 5051 atoue
1562 4967 1650 5039 epulus
1663 4981 1692 5050 se
1714 4969 1782 5051 tems

127 5070 186 5113 nou
208 5063 336 5112 seruatur
352 5052 462 5110 debitus
475 5053 575 5110 modus
595 5052 622 5109 in
645 5051 767 5122 edendo;
790 5059 821 5107 ut
833 5051 855 5107 si
870 5049 933 5123 quis
981 5046 1246 5120 perare,appetitum
1254 5038 1782 5124 amaadelectutaontbusuetmollrsssmu

128 5126 264 5184 conciter
285 5125 412 5183 comedat
430 5123 506 5181 cibos
526 5123 638 5191 crudos,
663 5139 720 5180 non
738 5137 864 5191 mensos,
884 5127 933 5178 aut
984 5117 1167 5176 suavitatibus
1177 5130 1304 5181 mercerm
1317 5111 1435 5168 utimum
1443 5127 1505 5195 uero
1512 5112 1680 5195 abstinentia
1693 5113 1785 5193 ctera

127 5198 239 5267 nomm,
251 5206 299 5253 aut
314 5196 415 5266 sapius
427 5196 556 5254 comedat
566 5209 649 5266 quam
662 5193 751 5251 decet.
768 5196 853 5250 Porro
868 5192 933 5249 Cas·
985 5194 1023 5246 cis
1038 5203 1120 5260 penus
1134 5192 1173 5243 est
1187 5187 1329 5257 pretiosius
1342 5190 1424 5254 atque
1433 5184 1584 5266 sublimius,
1599 5186 1685 5265 motus
1698 5196 1785 5236 enims

128 5268 227 5327 manus
240 5269 310 5325 inira
323 5269 410 5340 (Gap.
433 5272 500 5337 23),
521 5275 550 5324 et
563 5281 659 5323 rursus
681 5267 776 5323 Collat.
792 5271 882 5336 desp.
899 5268 930 5319 lt
985 5257 1371 5332 regnaperturbationesiltas
1379 5252 1788 5337 modestroetrnnqmllctntepla-

129 5347 187 5398 tres
199 5348 310 5398 tentum
329 5341 428 5397 modos
441 5338 499 5397 siue
518 5338 620 5412 species
642 5336 713 5411 gislae
725 5354 757 5394 ex
772 5335 850 5393 dictis
864 5334 933 5392 assi·
986 5350 1060 5399 carm
1073 5335 1123 5388 ira
1132 5348 1164 5386 oc
1178 5330 1311 5401 superbia
1324 5330 1449 5397 impetus,
1459 5341 1539 5397 quasi
1549 5327 1664 5408 {ermom
1675 5324 1786 5378 bestiam

42 5460 46 5465 .
184 5420 208 5480 t,
221 5412 357 5483 primunt,
374 5411 525 5468 secundum
541 5416 568 5467 et
587 5418 713 5482 quartum
730 5431 737 5466 ε
753 5404 935 5482 quemadmo·
986 5407 1135 5472 refrenare,
1146 5404 1256 5472 litigare
1266 5399 1387 5471 qnotidie
1399 5399 1788 5479 contraiit-rosemancreparr

27 5484 33 5495 '
130 5427 278 5540 ffietl).
292 5483 440 5556 Gregorius
451 5483 478 5538 in
493 5482 505 5538 l
519 5483 588 5555 Reg.
605 5496 630 5536 c.
644 5497 683 5536 111.
988 5493 1015 5534 se
1029 5477 1148 5548 orcadum
1162 5475 1264 5530 cmrscia
1275 5472 1434 5526 auctoritate
1445 5472 1566 5531 uirtutis,
1580 5473 1605 5523 et
1618 5481 1711 5550 rocam
1721 5478 1786 5535 quo·

172 5552 236 5609 'lte
247 5557 282 5610 Ι).
293 5554 476 5626 Hieronymus
487 5553 566 5625 epist.
576 5559 611 5610 tt
622 5551 656 5608 sd
668 5548 845 5607 Eustochium
858 5569 864 5604 :
877 5552 935 5608 Non
989 5549 1129 5604 weimodo
1152 5562 1211 5602 uim
1233 5546 1336 5599 domim
1350 5544 1484 5609 emisenum
1515 5542 1687 5624 cogitationes
1700 5535 1786 5593 motas

131 5623 176 5680 sic
189 5627 307 5681 ommia
328 5627 429 5697 quatit,
443 5627 521 5695 undat
534 5625 673 5696 superbia,
686 5622 800 5679 delectat
812 5622 934 5690 ambitio,
989 5622 1019 5675 in
1029 5623 1185 5691 potestatem
1196 5618 1326 5686 redibere,
1335 5615 1483 5670 uoluntates
1492 5610 1762 5682 propnasabnepare,
1770 5622 1789 5661 a

10 5702 14 5719 '
131 5694 221 5763 facile
228 5694 288 5752 aliis
296 5712 416 5754 meeum
425 5698 499 5752 uitiis
515 5715 522 5752 ε
535 5696 578 5752 bic
590 5697 672 5751 bostis
685 5695 802 5749 innubis
813 5694 936 5749 inclusus
990 5706 1107 5748 sansone
1119 5694 1200 5760 atque
1211 5704 1290 5760 opere
1301 5703 1353 5759 quo
1367 5688 1473 5741 animus
1485 5683 1605 5746 tadtrar,
1617 5686 1755 5748 tomqsram
1770 5690 1789 5729 a

132 5771 184 5823 est.
204 5767 370 5841 Quocumque
380 5770 529 5841 poputum,
543 5768 678 5823 moneam
690 5770 828 5837 portamus
841 5765 936 5820 inimi-
990 5766 1082 5821 neniis
1094 5763 1172 5826 cibis,
1186 5762 1328 5823 abstinere,
1344 5765 1396 5814 etc.

132 5854 206 5896 mm.
222 5839 330 5899 litante
340 5841 431 5914 ipsum
445 5841 477 5897 u.
493 5838 642 5911 Gregorius
663 5838 850 5894 Nazianzenus
871 5849 937 5892 ore-
