3848 6158
191 209 242 264 aas
865 195 1005 254 retusus
1022 195 1172 254 Cissmtl
1793 203 1847 258 etto

189 328 315 388 stabilem
335 335 472 402 operatur,
494 325 625 384 obediens
645 331 702 394 est,
714 321 847 392 affabilis,
862 321 989 391 humilis,
1005 325 1032 388 Α
1046 321 1170 391 nitentia,
1182 321 1224 379 vel
1238 336 1288 396 pro
1301 320 1392 379 studio
1405 320 1593 394 matianis,
1614 323 1654 379 vul
1668 339 1718 397 pro
1738 323 1848 384 deside·

189 433 348 495 mansueta,
362 423 464 494 suavis,
487 438 519 479 ac
536 422 652 495 patiens,
667 427 764 492 utpote
776 433 810 476 ex
827 417 878 475 Dei
896 416 989 474 chari·
1019 404 1088 474 'rio
1104 414 1252 489 suscipitur
1264 412 1432 485 futurorum,
1447 418 1458 446 ⁸
1472 415 1562 471 amnis
1573 414 1682 471 tristitia
1692 423 1750 473 tam
1764 433 1849 490 quam

192 523 247 572 tate
261 513 443 582 descendens,
459 519 486 568 et
499 510 534 567 ad
545 525 659 567 omnem
674 507 801 565 dolorem
818 507 943 580 corperis
958 521 990 563 ac
1043 510 1149 578 saeculi,
1164 518 1272 583 etquae
1285 517 1407 567 mortem
1422 508 1530 579 inferat,
1543 511 1683 583 aequaliter
1693 512 1849 584 repellenda

190 609 299 684 spiritus
313 606 504 666 contritionem
519 603 725 677 infatigabiliter
739 602 917 675 semetipsam
943 600 991 658 de·
1043 612 1097 673 est,
1112 619 1146 660 ac
1159 605 1228 661 sicut
1247 602 1433 662 fornicationis
1447 603 1574 676 spiritus,
1595 605 1636 661 vel
1653 604 1847 681 philargyriae,

191 704 290 762 siderio
305 701 475 776 perfectionis
490 698 650 767 extendeus,
661 707 689 755 et
703 697 913 771 quodammodo
928 698 990 756 tacta
1043 699 1085 757 vel
1098 699 1159 768 irae,
1172 697 1208 755 de
1223 699 1325 756 nostris
1337 698 1465 757 cordibus
1477 698 1584 771 penitus
1593 697 1775 758 extrudenda.

190 811 282 869 acspe
300 794 440 870 profectus
458 794 499 851 sui
516 800 652 866 vegetata,
668 800 795 849 cunctam
821 789 991 850 affabilitatis
1328 802 1455 875 §APUT
1469 805 1551 860 xm,

190 897 218 944 a
233 886 445 960 longanimitate
459 886 558 944 retrnev
578 884 757 956 suaviorem,
776 884 923 942 marasan
946 900 991 942 ⁸0·
1044 902 1176 960 aenean
1187 902 1284 974 qartus
1291 901 1603 959 emearamacorassas
1610 905 1709 960 nostres
1719 910 1849 965 asenne

188 983 305 1056 metipsa
317 998 413 1039 omnes
427 980 535 1039 fructus
547 980 664 1055 Spiritus
675 979 778 1046 sancti,
793 994 862 1052 quos
875 995 992 1037 enume-
1106 988 1109 1013 ¹
1330 989 1395 1028 nare
1414 976 1557 1043 pessimas.

190 1083 233 1134 rat
241 1076 313 1134 idem
326 1076 472 1149 Apostolus
487 1094 494 1132 :
508 1079 619 1132 santus
636 1080 726 1131 autem
746 1075 865 1147 Spiritus
876 1082 915 1133 est
926 1078 992 1132 aba·
1081 1078 1160 1135 Hane
1173 1091 1238 1149 ergo
1255 1074 1512 1149 perniciosissimam
1529 1075 1684 1148 passionem
1699 1076 1736 1134 ita
1752 1078 1787 1136 de
1799 1095 1851 1137 no-

188 1175 269 1235 ritas,
284 1172 423 1241 gaudium,
435 1187 504 1241 pan,
519 1170 721 1240 longanimitas,
736 1170 850 1238 bonitas,
867 1170 989 1239 beniqni-
1042 1166 1086 1224 bis
1100 1165 1234 1239 expellere
1251 1168 1412 1238 poterimus,
1426 1173 1457 1221 ut
1478 1173 1600 1221 mentera
1621 1172 1743 1223 uernam
1759 1170 1847 1240 spiri·

190 1270 243 1330 tas,
255 1266 331 1335 fides,
341 1265 529 1332 mansuetudo,
550 1266 714 1321 continentia
730 1265 831 1337 (duint.
846 1269 910 1332 vu).
923 1267 989 1321 lime
1043 1259 1092 1316 tali
1106 1258 1283 1316 meditatione
1292 1259 1392 1332 jugiter
1405 1266 1567 1331 occupatam
1579 1256 1673 1315 futura
1682 1275 1731 1333 spe
1744 1269 1773 1317 et
1785 1276 1850 1318 con

190 1373 255 1414 vero
275 1358 435 1431 asperrima,
455 1343 618 1430 impatiens,
633 1356 719 1423 dura,
738 1358 817 1430 piena
833 1373 948 1415 rancore
963 1365 991 1414 et
1044 1353 1225 1427 temptatione
1242 1352 1414 1426 repromissae
1427 1351 1602 1427 beatitudinis
1620 1354 1770 1426 erigamus.
1786 1357 1849 1413 Hoc

190 1467 311 1509 moerore
333 1450 515 1516 infructuoso,
532 1466 564 1507 ac
585 1451 777 1523 desperatione
798 1451 909 1523 poenali,
926 1465 990 1507 eum
1045 1446 1118 1505 enim
1131 1440 1241 1504 modob
1255 1447 1379 1503 universa
1393 1445 1568 1503 tristitiarum
1581 1460 1690 1520 genera,
1704 1447 1773 1516 sive,
1784 1463 1849 1521 quaa

85 1524 88 1533 ⁴
188 1561 272 1618 quem
292 1544 528 1619 complesafuerit
544 1544 580 1601 ab
601 1543 739 1601 industria
755 1559 787 1600 ac
808 1544 919 1601 salutari
938 1543 989 1600 do·
1044 1556 1079 1599 ex
1100 1541 1268 1615 praecedenti
1282 1542 1321 1598 ira
1334 1541 1519 1609 descendunt,
1540 1540 1596 1598 sive
1618 1556 1680 1614 qum
1696 1542 1847 1602 amissione

190 1639 248 1694 lore
265 1637 391 1711 frangens
405 1653 437 1694 ac
460 1652 602 1702 revocans,
627 1645 722 1710 utpote
743 1635 935 1693 irrationabilis
961 1646 990 1694 et
1043 1635 1123 1700 lucri,
1136 1634 1177 1692 vel
1192 1634 1348 1692 detrimenti
1364 1634 1486 1691 illatione
1503 1633 1584 1690 nobis
1603 1633 1761 1704 adveniunt,
1787 1636 1847 1695 sive

188 1731 364 1803 intercipiens
375 1747 430 1789 non
443 1731 534 1789 solum
547 1731 703 1788 orationum
716 1729 879 1800 efficaciam,
894 1744 990 1787 verum
1005 1737 1029 1800 Β
1042 1728 1076 1785 de
1090 1727 1209 1801 irrogata
1223 1735 1390 1801 generantur
1403 1726 1519 1801 injuria,
1534 1726 1592 1783 sive
1606 1741 1668 1799 quae
1685 1726 1721 1783 de
1733 1727 1845 1785 irratio·

185 1825 268 1883 etiam
278 1826 431 1894 universos,
444 1842 514 1899 quos
528 1825 717 1900 praediximus,
734 1823 838 1882 fructus
852 1824 989 1899 spiritales
1043 1821 1129 1907 nubili
1143 1820 1244 1878 mentis
1258 1820 1418 1878 confusione
1433 1820 1597 1893 procedunt,
1615 1837 1663 1877 seu
1676 1837 1737 1894 quae
1755 1819 1846 1880 letha·

185 1936 330 1992 evacuans,
343 1937 412 1996 quos
422 1922 497 1979 novit
507 1921 552 1978 illa
564 1921 699 1979 conferre.
1041 1916 1097 1973 lem
1107 1915 1327 1990 desperationem
1336 1914 1418 1972 nobis
1428 1913 1571 1985 inducunt,
1589 1914 1739 1972 valebimus
1758 1931 1845 1988 supe·

481 2036 602 2093 CAPUT
620 2036 686 2091 xpp,
1040 2026 1112 2081 rare,
1127 2026 1193 2067 cum
1211 2017 1378 2068 aeternamm
1401 2023 1493 2065 rerum
1514 2023 1545 2064 ac
1567 2006 1722 2065 futurarum
1741 2008 1844 2066 intuitu

188 2139 263 2207 Quod
274 2140 373 2209 absque
384 2141 434 2195 ma
449 2140 568 2195 salutm·
580 2139 711 2205 mma,
729 2153 789 2206 qm
802 2138 888 2193 mbas
902 2137 988 2194 mods,
1040 2105 1228 2180 semperiaeti,
1244 2114 1326 2179 atque
1344 2103 1500 2162 immobiles
1518 2101 1708 2176 perdurantes,
1727 2118 1779 2160 nec
1796 2119 1843 2161 aa·

219 2216 373 2279 pennatae,
401 2212 487 2266 omnis
506 2211 620 2265 tristitia
643 2213 784 2279 tamquam
804 2211 888 2264 norw
905 2209 988 2281 repel-
1040 2199 1114 2258 sibus
1138 2199 1238 2273 dejecti
1263 2199 1455 2273 presentibus,
1477 2212 1528 2255 nec
1543 2197 1681 2271 prosperis
1706 2196 1845 2257 fuerimus

223 2281 303 2335 lurda
316 2283 362 2336 sit.
1041 2294 1116 2364 elati,
1130 2303 1245 2369 unaque
1261 2294 1334 2351 velut
1346 2292 1447 2350 caduca
1461 2300 1489 2349 et
1504 2307 1570 2350 mon
1586 2293 1755 2350 transeuntia
1774 2307 1845 2350 aeu-

221 2391 393 2462 Quapropter
415 2390 518 2463 absque
536 2389 583 2446 illa
607 2402 669 2462 quae
682 2388 721 2445 vel
739 2403 789 2461 pro
802 2387 912 2444 salutari
929 2403 987 2460 poe·
1040 2387 1218 2460 temptantes.

734 2513 863 2569 attunt
881 2513 995 2568 GAZAEI
1012 2511 1292 2569 COMMENTARIUS.

187 2619 252 2688 lem,
268 2636 317 2678 seu
329 2620 500 2692 perpetuam.
516 2618 568 2675 atii
586 2617 694 2675 codices
712 2618 808 2692 legunt
825 2618 990 2691 dprrnpaln-
1043 2624 1128 2676 tuam.
1138 2621 1237 2677 Secula·
1247 2622 1337 2674 autem
1349 2621 1462 2674 institua
1472 2616 1630 2682 est,cumeb
1641 2617 1747 2688 aliquid
1757 2617 1791 2674 de
1801 2633 1847 2674 re·

190 2709 244 2757 τον,
260 2690 313 2747 hoc
325 2699 374 2759 est,
392 2706 449 2747 uon
480 2688 660 2757 oenitendam,
675 2689 731 2748 sive
749 2692 989 2765 cuiusnumquam
1045 2692 1092 2746 bus
1116 2692 1250 2755 humanis,
1269 2691 1311 2745 vel
1325 2691 1433 2760 quand
1446 2688 1733 2760 saeculumpertinaul,
1745 2691 1846 2745 wabi-

188 2761 329 2834 poeniteat.
352 2761 407 2819 Ubi
423 2707 535 2833 pufcbra
546 2760 688 2818 antithesis
709 2760 780 2818 inter
799 2762 989 2834 poeniteutiam
1042 2767 1157 2819 stamus.

188 2840 216 2890 et
229 2831 471 2904 impoenitentiam,
483 2848 570 2905 eoque
581 2831 742 2905 elegantior,
754 2832 989 2908 quodprrnprina
1077 2827 1092 2866 l
1112 2833 1221 2906 Species
1233 2831 1349 2889 tristitiae
1371 2830 1475 2888 vitiusae
1496 2830 1585 2889 varias
1603 2846 1636 2887 er
1655 2830 1736 2888 variis
1751 2830 1844 2889 causis

188 2904 276 2976 pariat
283 2902 476 2975 ἀμεταμελειαν.
848 2923 850 2926 ·
1042 2918 1123 2976 supra
1138 2902 1296 2961 memoratis
1311 2901 1415 2975 colligit
1426 2911 1455 2959 et
1469 2911 1607 2969 recensus
1619 2917 1688 2974 quas
1703 2910 1796 2963 umen
1807 2902 1845 2960 ad

227 2979 240 3009 ¹
264 2978 300 3030 D.
322 2974 441 3031 Basilius
456 2975 482 3031 in
498 2973 611 3047 Reguiis
627 2971 798 3032 brevioribus
817 2981 916 3047 quaest.
939 2981 989 3033 tet
1044 2977 1099 3032 duo
1111 2977 1209 3049 capita,
1222 2976 1278 3031 sive
1299 2990 1413 3047 genera,
1429 2974 1567 3046 restringit
1581 2983 1609 3030 et
1623 2982 1736 3031 revocat
1747 2973 1843 3031 collat.

191 3046 291 3120 quaerit
310 3066 316 3101 ι
334 3048 397 3114 Qua
408 3050 447 3100 cst
460 3048 574 3101 instatis
586 3045 732 3100 secundum
743 3049 836 3109 Dmm,
847 3050 873 3102 et
882 3063 942 3116 quoe
955 3062 991 3102 se·
1043 3051 1096 3102 ie.
1114 3051 1158 3114 lt,
1172 3045 1218 3102 ubi
1236 3047 1274 3101 ait
1293 3067 1299 3102 :
1320 3048 1450 3101 Tristitia
1462 3062 1560 3116 penna
1576 3045 1634 3101 ciue
1647 3051 1737 3102 euru:
1758 3062 1846 3102 unum

191 3119 310 3174 cundum
325 3119 471 3173 saeculum?
489 3119 522 3173 Et
541 3117 708 3187 respondet:
726 3117 878 3172 &nendum
905 3121 989 3174 Deum
1044 3118 1118 3188 quod
1129 3119 1170 3173 uel
1183 3119 1326 3173 iracundia
1343 3119 1487 3182 desinente,
1500 3118 1542 3172 uel
1555 3117 1589 3172 de
1601 3118 1676 3172 illato
1685 3119 1794 3182 mnino,
1810 3134 1846 3174 uc

190 3192 303 3246 tristitia
314 3193 364 3252 est,
378 3205 437 3244 cum
444 3204 495 3259 pro
502 3189 626 3257 neptensis
633 3188 770 3242 mandatis
782 3189 824 3242 uel
828 3191 990 3259 pravarica-
1042 3190 1173 3245 deiciam
1180 3190 1330 3260 praepedito
1341 3194 1496 3259 cassatoque
1508 3193 1665 3258 qenerntur3
1680 3189 1756 3245 aliud
1768 3189 1845 3259 qued

191 3263 423 3324 tiene-tristamur,
435 3260 581 3315 seeundum
594 3258 803 3330 praescriptum
816 3264 876 3315 est:
892 3262 990 3316 Trvsii-
1044 3261 1077 3315 de
1089 3263 1376 3317 inrationabilimentis
1392 3263 1530 3316 cucufate
1541 3275 1587 3315 seu
1595 3259 1779 3331 asperatum
1790 3259 1844 3316 cle-

191 3334 230 3386 lia
242 3334 329 3387 tenuit
338 3347 380 3387 me
389 3346 441 3401 pre
451 3331 636 3402 peccatoribus
648 3331 895 3402 derelinquentibus
908 3332 991 3401 leqem
1006 3316 1029 3380 C
1043 3332 1156 3387 scandit.

690 3566 925 3664 sluttra
969 3564 1326 3678 DECIMUS,

748 3766 752 3772 ·
841 3732 881 3784 bi:
900 3731 1027 3785 SPllil'l'U
1044 3732 1179 3785 lcubtAE.

857 3947 979 4004 CAPUT
997 3948 1156 4006 PltlblUbl.

219 4047 357 4103 'Sestum
371 4044 451 4102 nobis
468 4038 607 4102 certamen
625 4051 677 4114 est,
692 4043 766 4117 quod
775 4045 865 4103 Graeci
880 4045 982 4115 dantiae
1038 4058 1148 4117 vocant,
1167 4064 1252 4122 quam
1276 4064 1327 4106 uos
1343 4048 1456 4106 taedium
1477 4048 1534 4106 sive
1555 4048 1721 4106 anxiantem
1746 4045 1841 4105 cordis

610 4222 621 4241 ,
687 4178 690 4184 ’
729 4171 987 4229 deRlllGAZAEl
1007 4172 1286 4230 COMMENTARIUS.

220 4302 233 4328 ⁸
252 4292 396 4350 ciaconius
418 4309 451 4349 ex
468 4295 597 4352 Vaticano
612 4317 618 4351 :
635 4299 747 4354 sentum
761 4300 837 4354 nobes
856 4303 989 4354 certarnen
1043 4296 1113 4368 Quia
1127 4304 1220 4353 tamen
1234 4318 1250 4365 η
1266 4298 1396 4355 Graecum
1416 4300 1517 4372 absque
1540 4299 1692 4357 mutatione
1709 4296 1737 4354 in
1755 4297 1839 4356 aliam
1918 4327 1921 4330 ·

188 4363 365 4419 ostaticcrsus
378 4380 445 4427 eam,
456 4381 539 4434 quam
551 4368 637 4422 Gnaei
653 4366 869 4434 innitare-ocant.
884 4370 987 4440 Diony·
1043 4367 1164 4425 vocalem
1177 4367 1395 4427 subindetransit
1408 4369 1435 4426 in
1450 4374 1461 4427 i
1479 4372 1607 4428 Latinum
1622 4371 1744 4444 longum,
1761 4376 1839 4428 recte

187 4434 244 4489 sius
257 4452 263 4488 :
275 4434 387 4488 Sectam
398 4435 474 4489 nobis
488 4439 621 4489 certamen
636 4441 779 4491 estcentra
791 4441 901 4502 aritium,
915 4440 988 4509 quod
1041 4438 1122 4495 etiam
1141 4439 1263 4495 nonnulli
1287 4455 1335 4521 per
1357 4444 1369 4495 i
1389 4442 1519 4500 Latinum
1542 4443 1569 4499 in
1593 4441 1711 4499 secunda
1732 4439 1844 4512 syllaba

187 4504 277 4584 draci
292 4504 412 4558 acediam
430 4509 533 4560 uocant.
551 4507 631 4563 Sexto
645 4506 726 4575 igitur
740 4506 800 4563 loco
816 4508 844 4562 in
856 4509 927 4565 vitiis
940 4525 986 4565 ca-
1041 4509 1200 4582 proferunt,
1212 4517 1239 4566 et
1248 4510 1370 4568 scrvbunt
1379 4514 1497 4570 acidiam
1506 4534 1514 4584 ς
1524 4512 1757 4588 quemadmodum
1771 4513 1836 4586 Spi-

123 4636 126 4640 ,
186 4572 316 4658 putealibus
344 4575 445 4658 'unitur
462 4575 561 4659 'acedia
597 4584 625 4632 et
644 4576 782 4632 tristitiam
801 4577 985 4650 subsequitur,
1041 4579 1126 4637 ritum
1140 4590 1264 4638 sanctum
1277 4582 1443 4654 paracletum
1458 4585 1643 4643 communiter
1651 4583 1778 4652 dicimus,
1788 4591 1837 4642 ta-

185 4660 260 4732 pura,
272 4653 301 4702 ut
314 4591 379 4731 alibi
394 4647 537 4704 Cassianus
550 4617 658 4719 (dallei.
678 4654 706 4717 5,
721 4664 782 4719 cap.
800 4652 863 4716 tu):
880 4652 917 4732 lle
936 4655 986 4733 tri-
1039 4667 1112 4734 meu
1120 4652 1203 4724 aliqui
1223 4669 1278 4710 non
1294 4654 1406 4712 omnino
1425 4655 1515 4731 inepte
1548 4657 1688 4714 aracillum
1707 4670 1836 4739 pronun-

183 4723 262 4775 sfttra
273 4719 394 4774 acediam
406 4734 507 4776 neccsse
521 4720 713 4791 estpullulnrc.
729 4723 770 4775 De
784 4735 837 4792 qua
849 4736 936 4793 prema
945 4737 983 4777 vr·
998 4713 1024 4776 Ι)
1039 4730 1118 4791 trant,
1133 4724 1281 4796 penultima
1296 4725 1437 4797 producta,
1451 4737 1480 4784 ut
1494 4675 1606 4802 pufcbre
1619 4728 1727 4785 dissent
1744 4727 1836 4783 Fran-

182 4789 389 4873 dendumpuud
403 4789 438 4848 ad
457 4789 592 4875 rationem
606 4790 740 4875 nominis,
754 4798 814 4849 tum
834 4807 897 4848 vero
929 4791 985 4849 uod
1039 4793 1128 4852 aucus
1151 4795 1307 4868 Philelpbus
1330 4796 1414 4868 Epist.
1435 4798 1480 4855 lib.
1495 4815 1572 4870 xvrv,
1593 4799 1669 4874 epist.
1685 4803 1734 4854 47.
1750 4796 1836 4855 Unde

183 4861 217 4918 ad
233 4878 291 4918 rem
306 4878 392 4945 ipsam
411 4871 537 4936 pertinet.
552 4863 653 4919 Acedta
667 4878 773 4945 unrcoc
788 4863 868 4921 scribi
883 4809 982 4935 de‘bet,
1039 4866 1114 4924 rudis
1127 4875 1155 4923 et
1168 4867 1354 4940 improbabilis
1368 4867 1486 4926 eflicitur
1499 4887 1597 4929 eorum
1609 4870 1699 4943 opinio
1713 4869 1761 4943 qui
1774 4866 1836 4925 aci-

181 4946 238 4988 non
253 4948 379 5003 gemrno;
391 4943 430 5015 'ut
444 4950 459 4990 a
480 4935 575 4992 multis
587 4935 710 5007 imperite
730 4934 860 4992 scribitur
880 4942 907 4992 et
920 4951 983 5008 pro·
1035 4935 1108 4994 daur
1121 4945 1219 5010 putant
1237 4938 1400 4995 vocabulum
1413 4955 1471 4998 esse
1490 4943 1620 5000 Latinum
1633 4941 1784 4999 derivatum
1797 4939 1835 4998 ab

182 5000 283 5082 fertur.
295 5004 343 5085 Est
355 5018 427 5084 enim
442 5004 704 5072 deptlnvocabulum
720 5007 860 5077 Graecum,
875 5015 906 5064 ut
921 5008 982 5063 Au·
1035 5008 1144 5079 acidus,
1165 5026 1197 5078 a,
1213 5026 1277 5079 um,
1299 5010 1363 5082 quia
1386 5011 1491 5070 scilicet
1505 5014 1540 5072 ita
1559 5013 1687 5085 deprimit
1708 5011 1837 5069 animum

182 5078 244 5130 ctor
257 5071 301 5128 luc
316 5073 427 5143 radicat,
439 5075 515 5200 guod
528 5077 623 5134 banne
636 5083 715 5134 sonat
726 5076 860 5135 incuriam
871 5087 918 5135 aut
931 5093 981 5134 ne·
1035 5077 1163 5145 bominis,
1174 5089 1205 5138 ut
1220 5081 1286 5138 nibil
1297 5083 1322 5138 ei
1337 5096 1417 5154 agere
1431 5084 1529 5155 libeat,
1544 5085 1624 5143 sicuti
1642 5100 1673 5142 ea
1685 5098 1748 5157 qum
1766 5091 1835 5140 sunt

179 5142 436 5269 gligentiamlqunm
457 5161 521 5212 am;
538 5163 602 5203 nam
621 5149 698 5232 ηῆξος
711 5150 808 5231 Graece
823 5164 920 5232 curam
937 5148 979 5206 vel
1035 5151 1130 5222 acida,
1146 5150 1244 5225 frigida
1265 5161 1343 5222 sunt,
1357 5162 1385 5211 et
1399 5154 1469 5212 sicut
1489 5155 1587 5230 frigida
1605 5173 1662 5213 non
1674 5154 1753 5212 facile
1767 5169 1835 5212 me-

193 5214 307 5271 aborem
330 5215 471 5287 svgnvlicat.
494 5217 576 5274 Unde
594 5219 688 5276 acedia
712 5221 808 5275 Latrne
828 5220 939 5291 dicitur,
963 5239 979 5287 η
1035 5230 1142 5290 ventur,
1167 5223 1204 5281 ita
1231 5225 1374 5282 acediosus
1396 5242 1429 5283 er
1452 5227 1536 5284 nimia
1565 5227 1673 5285 tristitia
1701 5227 1835 5299 torpescit

184 5282 281 5367 Graeco
293 5285 335 5357 (ut
346 5285 416 5343 solet
429 5287 501 5360 apud
514 5288 636 5357 Latinos)
656 5290 685 5344 in
703 5305 719 5345 e
737 5290 849 5362 longum
863 5298 979 5348 mutata.
1034 5295 1045 5362 (
1059 5295 1088 5352 S.
1104 5295 1194 5351 Tboau
1219 5302 1282 5366 Μ,
1294 5313 1322 5368 q.
1338 5302 1383 5364 35,
1398 5314 1425 5354 a.
1442 5299 1484 5372 t).
1499 5299 1631 5371 Quamvis
1643 5299 1718 5356 enim
1737 5298 1775 5355 ita
1787 5312 1835 5355 res

185 5356 258 5411 llrnc
272 5354 343 5411 litut
356 5355 428 5427 apud
442 5357 574 5430 probatos
588 5367 714 5416 auctores
723 5360 912 5443 secundarius
924 5362 979 5434 syl·
1034 5363 1151 5434 babeat,
1168 5382 1224 5424 non
1238 5376 1332 5425 tantm
1346 5367 1409 5425 inde
1427 5372 1550 5443 sequitur
1563 5372 1681 5430 acidiam
1699 5368 1732 5427 ab
1749 5369 1834 5427 acido

184 5425 245 5483 laba
259 5426 440 5510 producatur,
456 5436 485 5484 ut
499 5429 762 5503 apudblnntuanum
784 5436 814 5487 tt
836 5431 882 5487 lvb.
901 5446 927 5488 ιι
945 5432 980 5490 de
1017 5434 1162 5504 derivari,
1183 5454 1247 5494 cum
1266 5448 1293 5496 et
1309 5440 1414 5497 Graeeae
1431 5440 1605 5500 derivationis
1630 5440 1777 5501 auctoritas
1804 5449 1836 5498 et

183 5497 387 5555 Calamrtaubus
405 5505 578 5572 temporum,
591 5494 637 5558 vulsi
651 5501 773 5558 acediam
784 5501 821 5558 ita
830 5501 950 5577 depingit
1033 5505 1144 5635 sigllabve
1156 5509 1301 5581 productio
1313 5511 1455 5570 manifeste
1472 5522 1635 5600 repugnent.
1661 5518 1746 5572 Porro
1765 5526 1836 5570 ace·

1052 5593 1061 5634 v

208 5588 267 5654 g„
282 5603 405 5653 pompm„
416 5603 478 5655 pm„
491 5605 587 5658 deludit
597 5605 775 5671 mmmm,
1062 5593 1078 5634 a
1098 5577 1125 5634 in
1146 5581 1230 5637 raons
1247 5582 1342 5640 litteris
1356 5584 1517 5658 generaliter
1528 5586 1663 5661 significat
1677 5583 1833 5651 tristitiam,

226 5666 300 5778 {pem
310 5665 590 5778 ,muuegsautmosque
599 5682 882 5746 promeanoperumque
892 5674 978 5727 futu„
1033 5648 1162 5781 ἶῖᾱιὲιθιιιρ
1175 5660 1327 5726 torporem,
1355 5655 1533 5744 anxietatem,
1549 5666 1580 5715 ut
1593 5657 1636 5714 hic
1651 5657 1751 5715 dieitvn
1765 5658 1833 5725 (tb-

224 5729 866 5860 assaurrnssuuuseeaaa.
1032 5738 1080 5851 ss
1095 5727 1832 5874 ...aalmaunissimus
