3848 6158
127 249 180 306 835

672 232 813 289 ioannis
831 231 985 288 ChSSlANi
1003 229 1248 287 COLLthONES.

1740 232 1794 288 8³0

128 375 228 431 amum
240 386 330 427 mcum
341 359 841 432 ivitotde3bominc,adadjucaudum
848 374 888 413 me
896 360 938 426 sc·
952 360 979 423 Α
993 364 1129 425 secutum,
1153 353 1329 412 exuberantia
1350 366 1459 429 quoque
1474 352 1637 429 spiritalium
1659 368 1796 417 munuum

126 470 211 527 uiae.
232 464 378 523 Veientem
400 475 445 515 me
462 458 497 514 ob
519 455 695 514 stabilitatem
709 452 800 509 cordis
814 450 935 508 insistere

127 562 249 630 lectioni,
264 555 443 630 interpellans
452 551 552 625 capitis
566 548 696 621 probibet
708 545 797 616 dolor,
813 544 935 621 horaque

127 661 207 719 tertia
221 656 320 712 faciem
333 664 426 707 meam
436 647 471 704 ad
479 661 586 703 sacram
599 644 729 717 paginam
744 658 858 699 somnus
872 642 935 698 alli-

129 752 189 817 dit3
203 765 236 805 ac
249 748 409 817 deputatum
421 739 504 813 quieti
526 746 646 810 tempus,
663 737 703 792 vel
718 735 880 807 transgredi,
894 734 935 790 vel

129 839 279 918 praevenire
307 832 468 904 compellor,
505 832 597 903 ipsum
628 829 747 902 denique
771 828 934 885 canonicum

128 946 265 1009 synaxeos
277 927 501 1001 psalmorumque
514 922 632 980 modum
646 922 808 979 intercidere
818 938 864 978 me
874 938 936 994 gra·

129 1028 241 1085 vissima
259 1021 348 1079 somni
359 1020 431 1091 cogit
449 1017 608 1089 impressi03
623 1015 747 1072 similiter
761 1016 935 1087 proclaman-

130 1120 197 1179 dum
212 1127 253 1175 ost
268 1115 335 1171 mibi
350 1134 357 1169 :
374 1118 453 1175 Deus,
468 1114 499 1167 in
521 1110 689 1180 adjutorium
700 1126 789 1165 meum
809 1110 933 1178 iuteodm

129 1216 251 1277 Domine,
267 1212 304 1267 cd
315 1206 501 1280 adiuuandum
511 1220 553 1259 mc
562 1206 674 1271 festino.
686 1203 799 1260 Sublato
807 1202 934 1259 aboculis

129 1309 201 1365 meis
213 1318 322 1376 sopore,
337 1301 433 1357 multis
446 1313 493 1355 me
506 1298 642 1367 nectibus,
660 1295 803 1354 diabolicis
827 1298 934 1353 insom-

129 1402 196 1469 niis,
212 1398 288 1456 video
303 1396 460 1466 fatigatum,
479 1407 647 1463 omnemque
668 1406 682 1446 a
702 1392 838 1464 palpebris
864 1392 935 1448 meis

131 1492 307 1551 relectionem
320 1495 465 1543 noeturnae
480 1485 578 1557 quietis
593 1484 730 1540 exclusum
743 1502 751 1555 ;
766 1500 829 1540 curn
846 1485 937 1555 suspi-

130 1589 179 1645 riis
189 1584 324 1643 orandum
333 1591 375 1638 est
386 1580 453 1636 mihi
468 1584 567 1643 :Deus
580 1596 609 1635 ut
621 1580 790 1649 adjutorium
798 1594 886 1634 mmm
894 1580 936 1633 ia·

989 448 1152 517 redundare,
1178 449 1370 506 revelationem
1408 448 1655 507 mmdmimorum
1686 450 1797 511 intelle-

988 550 1093 611 ctuum,
1104 550 1131 598 et
1143 551 1221 599 antea
1235 543 1345 615 penitus
1359 542 1431 600 mibi
1445 543 1628 612 occultorum,
1650 546 1797 617 repentina

989 637 1104 693 Domini
1124 636 1304 694 illustratione
1321 637 1428 710 percepi
1440 657 1449 708 ς
1470 646 1501 694 ut
1510 638 1537 694 iu
1551 636 1595 694 his
1608 652 1720 696 merear
1733 638 1796 699 diu·

990 731 1047 788 tius
1059 731 1213 802 immorari,
1229 732 1342 789 sollicite
1360 731 1427 788 mihi
1440 740 1482 791 est
1502 730 1715 807 lrequenterquc
1737 734 1796 795 ela-

988 825 1120 882 mandum
1128 830 1223 895 :Deus
1231 826 1431 897 injadjutorium
1436 828 1644 883 meumiateude
1653 848 1662 896 ς
1670 830 1794 903 Dmuirte,

988 920 1026 975 ad
1035 921 1222 992 adiuuandum
1235 920 1552 989 molestiaa.!locturnis
1563 919 1725 981 damonum
1738 932 1796 983 ter·

989 1014 1097 1069 roribus
1109 1014 1375 1072 circumvallantibus
1393 1015 1525 1088 exagitor,
1541 1020 1570 1070 et
1581 1014 1793 1076 immundorum

988 1108 1137 1179 spirituum
1152 1106 1386 1180 phantasmatibus
1399 1107 1554 1180 inquietor,
1571 1123 1633 1181 spes
1647 1109 1705 1182 ipsa
1721 1112 1794 1170 mibi

988 1202 1083 1259 salutis
1097 1218 1129 1259 ac
1142 1204 1215 1269 vitae,
1231 1202 1418 1276 trepidationis
1432 1202 1549 1259 horrore
1559 1202 1747 1275 subtrabitur,
1762 1205 1797 1265 ad

988 1297 1135 1354 salutarem
1147 1298 1272 1355 versiculi
1285 1297 1366 1371 bajus
1378 1306 1489 1371 portum
1502 1296 1666 1371 confugiens
1675 1300 1745 1357 totis
1757 1301 1796 1359 vi·

988 1390 1062 1447 ribus
1076 1393 1249 1449 exclamabo:
1263 1398 1344 1458 Deus,
1356 1392 1558 1462 inadjutorium
1569 1409 1662 1447 metam
1671 1392 1794 1463 iatertdep

988 1488 1109 1549 Dominae,
1119 1487 1348 1557 adedjucaadum
1355 1503 1398 1542 me
1405 1488 1517 1556 festina.
1525 1488 1637 1543 Rursus
1643 1502 1708 1543 cum
1714 1487 1794 1547 litero

989 1580 1176 1636 consolatione
1191 1581 1302 1636 Domini
1325 1590 1477 1652 reparatus,
1500 1588 1529 1637 et
1551 1581 1635 1655 ipsius
1655 1582 1795 1643 animatus

131 1672 880 1747 tcvrdc3Domine,edadjuuutdummesesta‘ne.Adbuc
893 1687 937 1728 mc
992 1672 1109 1730 adventu
1133 1674 1206 1730 velut
1231 1675 1384 1731 innumeris
1408 1677 1569 1749 augelorum
1596 1676 1717 1735 milldrus
1747 1694 1795 1738 me

132 1776 160 1833 iu
180 1770 375 1829 colluctatione
402 1767 523 1839 positum
551 1765 679 1822 vitiorum
707 1765 826 1822 titillatio
846 1766 936 1821 carnis
950 1750 975 1813 B
990 1783 1101 1824 sensero
1123 1769 1347 1842 circumseptum,
1376 1769 1413 1826 ita
1443 1778 1473 1827 ut
1495 1785 1682 1843 eorumquae
1701 1780 1793 1832 mom

130 1877 242 1943 repente
266 1863 437 1937 compungit,
461 1869 489 1917 et
521 1859 556 1916 ad
582 1876 745 1917 consensum
779 1858 935 1931 pertrahere
985 1862 1094 1935 gravius
1107 1873 1185 1920 antea
1198 1863 1401 1933 tremiscebam,
1412 1872 1440 1920 et
1449 1879 1569 1936 quorum
1580 1873 1697 1935 tactum,
1705 1867 1793 1926 immo

131 1962 315 2020 dormientem
343 1956 441 2013 blanda
464 1955 646 2012 oblectatione
668 1962 798 2021 conatur3
811 1967 846 2008 ne
867 1952 935 2023 ignis

70 2056 82 2081 “
132 2056 236 2111 alienus
247 2060 406 2109 exastuans
420 2057 481 2105 urat
496 2062 578 2104 suave
591 2048 697 2103 olentes
710 2044 839 2101 liosculos
853 2044 935 2100 casti-

130 2148 207 2210 tatis,
215 2143 388 2199 clamandum
396 2141 463 2197 milvi
474 2150 529 2198 cst:
539 2144 619 2201 Deus,
630 2141 660 2192 iu
667 2138 837 2207 aripatorium
846 2154 935 2193 meum

130 2232 933 2304 intende,-Domivve,'adadjuuaudumcaelestinussxstiucta

131 2334 220 2392 sentio
243 2331 362 2388 lihidinis
397 2329 540 2394 incentiva,
574 2334 602 2383 et
630 2327 774 2399 genitalem
804 2325 935 2382 membris

131 2428 200 2484 meis
215 2426 360 2497 intepuisse
375 2424 523 2487 fervorem,
533 2431 563 2478 ut
573 2430 648 2494 parta
664 2422 724 2477 haec
735 2421 833 2486 virtus,
847 2419 934 2476 immo

131 2522 215 2595 gratia
232 2522 281 2577 Dei
300 2521 328 2576 iu
351 2534 396 2576 me
417 2517 521 2574 diutius
548 2516 589 2573 vel
615 2523 746 2588 perpetuo
769 2522 933 2586 perseveret,

131 2614 233 2671 intente
245 2614 392 2670 dicendum
400 2620 441 2668 est
449 2610 531 2667 mihi:
545 2612 661 2677 Densis
670 2611 838 2679 atijutoeium
848 2624 934 2663 meum

130 2710 253 2775 iurandm
265 2710 386 2771 Domine,
397 2705 627 2775 odcdjuuandum
635 2706 792 2770 caelestiae.
800 2705 861 2771 lrae,
873 2701 934 2775 phi·

131 2802 265 2877 argyria,
282 2803 399 2859 tristitias
411 2800 531 2857 stimulis
545 2799 695 2869 inquietor,
717 2812 855 2869 cogorque
870 2811 934 2867 pro·

131 2898 250 2968 positam
264 2905 345 2967 atque
361 2890 477 2951 amicam
492 2894 559 2948 mibi
570 2893 768 2963 interrumpere
778 2889 933 2957 leuitatem3

130 3004 165 3045 nc
177 2989 203 3042 in
217 2988 427 3043 amaritudinem
449 2985 518 3041 iellis
532 2985 734 3056 perturbatione
761 2982 864 3039 furoris
883 2981 934 3038 ab·

131 3079 227 3144 ducar,
238 3095 300 3133 curu
310 3094 422 3135 summo
436 3077 501 3132 milri
512 3078 617 3149 gemitu
631 3076 857 3149 proclamandum
872 3085 931 3132 est:

988 1957 1125 2025 viciniam,
1138 1957 1252 2015 horrore
1266 1958 1367 2015 mentis
1382 1966 1409 2015 et
1421 1959 1546 2032 corporis
1561 1959 1731 2029 sentiebam,
1748 1976 1796 2019 re·

990 2060 1068 2123 pente
1091 2066 1254 2125 congressus
1289 2060 1416 2125 expetere
1442 2053 1558 2110 audeam
1583 2070 1618 2111 ac
1649 2071 1796 2128 provocare

988 2147 1141 2215 conflictus,
1157 2147 1228 2204 utin
1242 2164 1287 2203 nte
1303 2149 1462 2206 constantim
1482 2148 1566 2222 hujus
1585 2150 1667 2223 rigor
1676 2167 1726 2224 per
1748 2152 1795 2209 Dei

992 2240 1226 2312 gratiamdiutius
1250 2242 1424 2313 immoretur,
1447 2242 1512 2299 totis
1528 2242 1598 2298 mihi
1621 2250 1664 2300 est
1696 2244 1795 2303 viribus

989 2335 1216 2405 proclamandum
1229 2356 1235 2391 :
1248 2341 1328 2400 Deus,
1347 2339 1375 2391 ia
1390 2336 1559 2406 adjutorium
1574 2352 1661 2392 meum
1669 2338 1793 2407 deiende,-

988 2430 1107 2495 Domiue,
1122 2429 1159 2482 ad
1172 2430 1359 2498 adjuuaadum
1367 2446 1409 2485 mc
1421 2432 1533 2499 tuliae.
1544 2430 1638 2502 Hujus
1646 2430 1724 2503 igitur
1736 2444 1794 2487 rer·

988 2519 1064 2575 siculi
1082 2521 1181 2590 oratio,
1197 2521 1226 2576 in
1238 2522 1357 2578 adversis
1370 2530 1401 2577 ut
1415 2537 1554 2590 eruamur,
1569 2523 1599 2578 iu
1614 2522 1753 2595 prosperis
1765 2532 1794 2581 ut

988 2626 1129 2670 servemur
1148 2631 1184 2670 nc
1209 2616 1381 2684 extollamur,
1406 2615 1556 2673 incessabili
1582 2616 1702 2690 jugitate
1730 2614 1794 2675 lun·

988 2707 1076 2766 denda
1086 2718 1136 2766 est.
1152 2710 1253 2782 Hujus,
1262 2710 1385 2783 iuquam,
1397 2710 1520 2768 versiculi
1536 2711 1684 2770 meditatio
1701 2712 1730 2769 in
1748 2722 1793 2772 tuo

989 2810 1099 2873 pectore
1114 2804 1250 2876 indirupta
1264 2805 1398 2862 volvatur.
1414 2808 1496 2862 Hunc
1511 2806 1537 2861 in
1554 2822 1640 2880 opere
1666 2808 1792 2881 quoh'bct,

988 2912 1035 2954 seu
1049 2897 1212 2965 ministerio,
1234 2899 1276 2955 vel
1299 2899 1326 2954 in
1349 2899 1445 2956 itinere
1464 2900 1632 2958 constitutus
1654 2902 1793 2961 decantare

989 3005 1044 3046 uon
1061 2990 1176 3048 desinas.
1196 2994 1277 3048 ilaue
1293 3002 1321 3049 et
1342 2992 1491 3063 dormiens,
1515 3004 1543 3053 et
1563 2996 1701 3066 reliciens,
1722 2997 1792 3055 etin

988 3087 1093 3143 ultimis
1108 3093 1212 3145 naturae
1237 3089 1445 3147 necessitatibus
1465 3091 1609 3149 meditare.
1628 3097 1698 3151 Haec
1719 3094 1793 3151 rolu-

131 3175 211 3232 Dcus,
224 3171 427 3241 irradiatorium
435 3186 522 3225 totum
536 3172 660 3238 ittlettdv’t
676 3173 795 3233 nomiae,
811 3170 936 3240 adadp'u·
954 3162 977 3226 (ἶ
993 3182 1060 3237 tatio
1074 3182 1164 3238 cordis
1177 3182 1249 3238 velut
1268 3180 1385 3240 lormula
1399 3183 1449 3240 tibi
1462 3185 1592 3243 salutaris
1612 3185 1722 3255 ellectu,
1741 3202 1793 3243 uon

130 3264 251 3320 curidum
272 3266 436 3332 molestiae.
460 3264 582 3335 Acediae,
610 3264 781 3331 cenodoxiae,
800 3262 936 3335 superbiae

131 3358 252 3417 elatione
264 3368 415 3432 pertentor,
429 3375 462 3417 ac
475 3358 508 3417 de
520 3362 639 3418 aliorum
659 3359 819 3433 negligentia
834 3358 875 3414 vel
891 3365 936 3413 te·

132 3468 198 3526 pore
210 3454 341 3527 quiddam
363 3455 414 3511 sibi
426 3472 504 3512 mens
520 3456 614 3512 subtili
637 3455 802 3527 cogitatione
828 3451 937 3508 blaudi-

131 3555 197 3616 tur;
214 3564 248 3605 nc
264 3550 291 3605 in
315 3565 359 3605 nte
373 3549 517 3620 praevaleat
535 3549 593 3605 baec
608 3548 709 3602 inimici
721 3548 749 3601 in
779 3562 823 3601 mc
843 3543 936 3617 perui·

131 3642 360 3714 ciosasuggestiu,
371 3643 518 3697 cumomni
533 3640 697 3695 contritione
703 3635 934 3693 cordisoraudum

132 3746 174 3793 est
189 3738 271 3793 milvi:
281 3741 361 3797 Dcite
369 3738 398 3789 iu
405 3735 576 3803 adjutorium
582 3731 785 3786 mutatirvtuide
793 3749 802 3796 ς
811 3730 934 3795 minine,

132 3831 169 3887 ad
183 3832 371 3903 adjvuuudum
384 3830 542 3896 mascelino.
560 3825 729 3883 Humilitatis
741 3832 769 3878 et
781 3821 936 3894 simplicita-

131 3920 166 3978 tis
180 3922 307 3993 gratiam,
322 3918 456 3989 superbiaa
465 3925 575 3972 tumore
589 3912 786 3986 deposito,jugi
798 3926 935 3983 courpun-

132 4016 223 4073 ctione
236 4013 349 4085 spiritus
366 4010 517 4083 acquisivi,
532 4027 565 4066 ue
578 4024 687 4065 raxrsum
703 4005 872 4063 ceniatmihi
887 4020 935 4074 pes

132 4110 273 4180 superbia,
284 4113 310 4163 et
319 4122 413 4162 manus
417 4108 564 4177 peccatoris
572 4107 675 4159 moeeol
684 4118 725 4157 me
733 4101 818 4167 (Paul.
830 4100 934 4166 xxxv),

130 4206 295 4276 graviusque
309 4203 343 4259 de
366 4202 490 4258 vietoriae
502 4216 572 4257 meac
586 4198 702 4255 elatione
718 4193 872 4262 confodiar,
888 4201 935 4247 to-

130 4296 165 4352 tis
180 4296 247 4350 mibi
261 4294 485 4364 proclamandum
496 4303 537 4349 est
554 4293 657 4348 viribus
672 4309 679 4345 :
695 4296 777 4352 Diras,
793 4286 935 4356 ivttvdp'uto·

129 4391 202 4443 rium
216 4402 304 4440 maura
316 4387 435 4451 itvteudep
448 4388 571 4452 Domiae,
584 4387 621 4438 ad
634 4385 822 4453 atijuoeuduut
835 4380 935 4446 eracles-

990 3278 1078 3335 solum
1092 3277 1209 3334 illaesum
1222 3277 1257 3333 ab
1270 3280 1346 3336 omni
1361 3278 1520 3337 damonum
1532 3282 1692 3341 incursione
1704 3293 1794 3342 eusto-

989 3370 1055 3439 diet,
1075 3370 1123 3427 scd
1137 3372 1219 3427 etiam
1233 3372 1338 3428 cunctis
1350 3380 1378 3429 te
1398 3373 1467 3429 vitiis
1488 3383 1607 3433 terrenae
1626 3376 1794 3451 contagionis

990 3480 1152 3538 expurgans,
1175 3465 1209 3522 ad
1227 3465 1286 3522 ilias
1309 3465 1457 3523 invisibiles
1477 3468 1600 3527 theorias
1617 3472 1795 3546 coelestesquc

989 3560 1127 3632 perducet,
1154 3568 1234 3632 atquc
1250 3560 1284 3616 ad
1312 3559 1389 3616 illum
1410 3560 1577 3620 ineffabilem
1598 3581 1630 3622 ac
1653 3568 1795 3639 perpaucis

989 3662 1132 3723 expertum
1147 3653 1278 3723 provehet
1299 3655 1431 3712 orationis
1454 3656 1592 3713 ardorem.
1617 3660 1695 3714 dunc
1714 3662 1794 3717 versi·

988 3744 1079 3802 culum
1095 3743 1235 3800 meditanti
1250 3746 1297 3802 tibi
1310 3762 1424 3805 somnus
1451 3749 1560 3822 irrepat,
1583 3749 1668 3805 donec
1688 3750 1792 3807 inelle-

988 3837 1033 3893 bili
1049 3836 1106 3908 ejus
1118 3837 1310 3895 exercitatione
1324 3838 1472 3910 formatus,
1488 3843 1568 3899 etiam
1593 3857 1639 3915 per
1659 3858 1791 3915 soporem

987 3946 1052 3988 euax
1077 3931 1222 3988 decantare
1249 3948 1420 3991 consuescas.
1444 3935 1497 3991 Hic
1529 3934 1577 3993 tibi
1604 3936 1794 4009 expergelaeto

990 4025 1094 4096 primus
1111 4034 1247 4093 occurrat,
1267 4026 1290 4082 is
1300 4034 1327 4082 te
1341 4027 1482 4100 evigilante
1501 4029 1682 4101 cogitationes
1696 4032 1793 4089 antici·

991 4128 1037 4191 pet
1051 4121 1200 4185 universas,
1215 4121 1266 4176 iste
1285 4128 1312 4176 tc
1327 4120 1362 4178 de
1384 4130 1432 4178 tuo
1447 4132 1609 4195 surgentem
1634 4126 1722 4184 cubili
1733 4143 1793 4185 cur·

991 4214 1089 4269 rationi
1115 4230 1234 4285 genuum
1261 4213 1360 4284 tradat,
1386 4224 1468 4286 atquc
1490 4217 1567 4273 illinc
1600 4216 1731 4292 deinceps
1760 4218 1791 4277 ad

991 4324 1073 4363 omne
1085 4324 1154 4378 opus
1169 4316 1299 4381 actusque
1317 4308 1442 4375 deducat,
1465 4310 1508 4368 hic
1523 4317 1550 4366 te
1574 4314 1653 4369 onrni
1674 4323 1792 4389 temporo

992 4408 1191 4473 prosequatur;
1208 4402 1282 4460 truite
1303 4403 1477 4461 meditaberis
1494 4406 1650 4463 seeundum
1664 4416 1791 4482 praecepa

130 4475 887 4547 livia.Evagatiouibusauimaeinnumerisaedium-sisci
898 4473 938 4531 ia·
994 4495 1166 4565 ppgjspaporpffi
1180 4496 1313 4553 sedensjn
1324 4498 1407 4555 domo
1428 4508 1455 4555 ep
1467 4499 1613 4557 ambuqans
1640 4503 1671 4558 pn
1693 4504 1788 4570 qim,

129 4570 234 4629 stabilit
251 4578 278 4625 tc
289 4566 380 4623 cordis
397 4577 534 4635 exaestuo,
549 4584 598 4624 nec
615 4570 812 4637 cogitationum
827 4560 934 4642 disper·
993 4588 1135 4645 pompus
1147 4598 1228 4661 mque
1240 4608 1424 4666 consurg&
1445 4593 1517 4650 qun,
1529 4594 1635 4649 sappes
1651 4597 1682 4651 j„
1705 4594 1790 4651 ΗΜ

129 4665 221 4723 aiones
247 4662 323 4719 Vss¹⁰0
347 4677 482 4731 θθθῐθθῐθ,
503 4664 645 4735 imamque
668 4664 820 4719 ⁰fitll⁰¹¹0m
842 4679 932 4720 'lilim
989 4692 1015 4739 et
1027 4684 1119 4756 januis
1133 4686 1188 4740 oris
1202 4687 1259 4753 tui,
1283 4685 1392 4743 huuciu
1413 4688 1676 4761 parietibusdomus
1699 4699 1789 4746 tuaac

128 4758 243 4817 fundare
270 4759 373 4831 absque
402 4758 620 4831 Ῑῦῑθψθῃθῑῑῡῦθ
645 4768 726 4832 ²¹²1}sse
744 4759 933 4832 phantasmate
990 4778 1176 4850 penetralibus
1192 4780 1231 4835 tui
1245 4780 1363 4850 pectoris
1383 4781 1540 4848 collocabis,
1567 4783 1655 4841 itaut
1673 4786 1731 4843 baec
1753 4780 1786 4841 ad

129 4852 253 4908 inanium
271 4854 431 4922 filimarum,
445 4869 657 4925 Sli¹¹¹⁰¹¹¹¹¹¹¹li¹¹e
681 4861 832 4911 ¹4⁰⁰le
850 4864 934 4912 felii·
986 4874 1137 4929 orationem
1151 4875 1342 4945 procumbenti
1363 4876 1400 4931 sit
1414 4876 1463 4932 tibi
1483 4876 1595 4932 acclivis
1619 4877 1787 4941 decantatio;

129 4946 249 5002 ctatioae
263 4962 319 5000 vion
329 4962 451 5016 possum,
477 4956 607 5021 tantaque
618 4963 662 5003 me
676 4950 762 5003 sentio
783 4949 933 5006 sterilitatis

130 5038 211 5113 hujus
222 5039 345 5094 ariditate
360 5042 551 5109 constrictum,
569 5050 599 5097 ut
620 5044 705 5099 nullas
721 5045 834 5100 ommno
848 5045 933 5116 spiri-

129 5133 226 5191 talium
240 5150 369 5190 seusuum
388 5135 574 5207 generationes
587 5138 718 5207 parturire
732 5154 778 5193 ate
800 5139 930 5206 sentiam3

129 5236 160 5283 ut
175 5229 208 5284 de
222 5230 275 5284 hoc
286 5229 371 5284 animi
386 5228 511 5300 squalore
538 5244 643 5285 merear
665 5231 781 5295 liberari,
802 5230 874 5287 unde
889 5247 932 5287 me

128 5324 276 5396 gentitibus
290 5324 382 5378 multis
403 5331 482 5394 atque
496 5324 617 5395 suspiriis
637 5328 764 5396 expedire
788 5341 843 5381 nou
867 5342 932 5397 pos-

129 5434 202 5479 sum,
217 5418 364 5475 necessarie
386 5418 583 5489 proclamabo:
606 5424 687 5482 Deera,
715 5422 742 5473 iu
763 5421 930 5490 ‹velitatur-iuna

129 5529 217 5569 mcum
225 5514 340 5581 intentiq-
348 5517 468 5580 Domine,
477 5515 514 5569 ud
521 5514 708 5583 adjtvauvudum
715 5532 756 5569 rue
766 5517 877 5582 festina.
887 5518 933 5573 Di-

129 5608 277 5663 rcctionem
294 5610 505 5677 rursusanimat,
526 5609 700 5665 stabilitatem
723 5611 929 5681 cogitationum,

129 5699 297 5757 alacritatem
312 5701 411 5767 cerdis,
431 5718 494 5758 cum
520 5702 650 5758 ineflabili
672 5704 809 5771 gavvrdioet
830 5706 932 5763 mentis

128 5809 251 5863 excessu,
267 5792 419 5849 visitatione
431 5796 518 5851 sancti
542 5796 658 5867 Spiritus
683 5814 728 5853 ute
751 5801 838 5858 sentio
862 5818 932 5858 eou-

986 4974 1013 5021 et
1035 4965 1131 5021 exinde
1158 4968 1333 5039 consurgenti
1354 4976 1434 5041 etque
1457 4968 1490 5025 ad
1514 4985 1613 5027 omnes
1638 4990 1705 5029 visus
1729 4970 1786 5025 vitm

990 5061 1157 5117 necessarios
1170 5062 1305 5117 incedenti
1330 5062 1377 5117 ssat
1387 5071 1477 5119 erecta
1492 5070 1520 5119 et
1530 5064 1606 5137 jugis
1619 5068 1714 5123 oratio.

1288 5166 1408 5222 cxPUT
1430 5170 1483 5223 xl.

987 5264 1024 5316 De
1030 5264 1197 5331 peesutiouc
1208 5264 1349 5335 orationis,
1365 5264 1492 5391 avidquam
1500 5266 1636 5335 praeliata
1646 5266 1790 5323 ttvrdilvbue

1288 5350 1396 5389 consecra
1420 5340 1484 5392 viter.

1021 5434 1105 5487 Istam
1122 5448 1199 5489 ureris
1212 5436 1397 5493 indesinenter
1410 5436 1557 5495 formulam
1571 5448 1683 5511 ‚teneat
1702 5436 1790 5495 donec

985 5540 1035 5580 usu
1047 5526 1104 5598 eJ'us
1119 5528 1270 5587 incessabili
1285 5538 1312 5585 et
1321 5531 1381 5604 jugi
1396 5532 1571 5589 meditatione
1592 5535 1712 5600 lirnrata,
1722 5548 1790 5589 cun·

985 5628 1091 5675 etatum
1109 5624 1302 5693 cogitationum
1314 5626 1421 5682 divitias
1441 5626 1600 5698 amplasque
1624 5624 1790 5684 substantias

985 5714 1096 5785 abjiciat
1108 5724 1133 5770 et
1147 5718 1254 5781 rel’utet,
1270 5730 1352 5791 atque
1365 5720 1403 5777 ita
1421 5720 1545 5776 versiculi
1574 5719 1659 5793 lttrjus
1674 5734 1790 5793 pauper·

985 5810 1204 5882 tatccoustricta,
1219 5814 1254 5871 ad
1276 5814 1350 5871 illam
1371 5814 1564 5887 Evangelicam
1586 5814 1788 5873 beatitudiuem
