3848 6158
130 266 184 321 'tet
673 260 814 319 templs
831 260 982 319 ctsslmtt
1000 257 1246 319 constemens.
1735 254 1794 309 'le

128 386 193 445 tatis
212 402 245 445 ae
268 386 426 445 submantiu
447 386 506 459 eius
526 384 662 459 signifieat
681 386 851 459 qualitatem,
876 402 930 459 qua
946 386 1122 461 Apercipere
1139 383 1199 456 quis
1215 381 1242 437 in
1258 380 1310 437 boc
1329 378 1385 435 vita
1398 375 1539 446 meruerit,
1552 374 1583 431 in
1595 374 1642 432 illa
1654 374 1719 447 eins
1732 390 1796 449 par-

130 480 234 537 scilicet
252 496 335 555 super
354 496 450 539 omnes
469 479 637 537 substantias
658 478 711 549 sit,
732 486 814 553 atque
836 494 934 537 omnes
989 480 1074 553 ticeps
1086 494 1147 535 esse
1161 493 1217 534 non
1232 474 1343 549 poterit.

131 585 271 633 creaturas
283 576 439 634 sublimitas
450 573 658 649 magnificentiae
670 574 728 645 ejtts
739 590 771 631 ac
788 574 935 631 sanctitica-
1265 608 1387 667 CAPUT
1407 605 1503 662 xxn·

131 670 217 726 tionis
229 668 366 726 excedat:
392 668 463 727 banc
478 685 542 726 vero
558 668 754 741 proprietatem
769 682 835 724 usus
851 667 935 739 ipsius
1245 729 1275 740 ..
1343 726 1387 738 Η
1495 724 1501 733 .
1588 720 1594 733 .

134 769 216 834 atque
231 762 331 819 nalitus
342 761 482 835 expressit,
497 766 569 821 Nam
581 777 645 819 eum
656 760 723 819 dici,
732 763 932 831 qum-mm,
1037 734 1074 787 De
1094 745 1123 785 eo
1134 728 1206 799 quod
1219 728 1295 791 decit,
1313 728 1424 783 Dimitte
1436 722 1513 777 nobas
1530 718 1624 774 debita
1638 722 1744 774 nostra.

133 856 253 913 ostendit
274 856 348 929 quod
367 857 426 913 sine
447 858 506 928 ipso
522 856 598 913 nullo
620 854 665 913 die
682 856 832 929 spiritalem
850 853 933 911 vitam
1023 856 1058 909 Et
1067 852 1173 908 dimitte
1184 851 1280 907 trebiee
1293 850 1384 907 debito
1392 851 1486 903 nostro
1496 848 1567 901 sicut
1579 848 1666 901 etnos
1679 844 1796 899 dimitti-

133 963 229 1023 capere
248 950 396 1008 valeamus.
415 950 486 1007 Cum
504 948 581 1015 dicit,
594 958 607 986 ⁸
621 950 717 1013 indie,
732 949 855 1007 ostendit
868 964 933 1005 eum
986 962 1046 1003 mas
1060 946 1223 1003 debitoribus
1236 946 1344 1001 nostris.
1361 945 1385 1000 0
1398 938 1544 997 inetiabilis
1558 938 1606 995 Dei
1627 937 1793 1003 elementia,

133 1043 256 1116 quotidie
275 1060 335 1101 esse
357 1042 535 1113 sumendum,
559 1052 587 1101 et
610 1043 766 1099 hesternam
790 1041 932 1115 praebitio-
987 1056 1049 1115 quae
1063 1056 1119 1097 non
1132 1040 1224 1098 solum
1235 1039 1318 1096 nobis
1330 1034 1463 1094 orationis
1477 1030 1589 1089 tradidit
1602 1028 1752 1101 formam,
1768 1038 1797 1089 et

133 1152 197 1193 uem
211 1138 269 1210 ejus
286 1154 342 1194 nou
355 1136 493 1206 sutticere,
510 1136 561 1192 uisi
580 1136 660 1193 nobis
674 1136 757 1193 bodie
774 1151 883 1209 quoque
896 1136 933 1193 si·
985 1134 1179 1208 acceptabilem
1192 1132 1245 1190 sibi
1259 1146 1370 1188 morum
1385 1136 1546 1185 nostrorum
1565 1123 1687 1181 instituit
1708 1124 1794 1181 disci·

132 1231 235 1289 militer
249 1230 331 1287 irrerit
340 1231 488 1288 attributus
499 1254 506 1297 ς
518 1231 648 1304 eruntque
662 1247 714 1288 nos
725 1240 849 1303 tempore
863 1230 934 1287 banc
987 1230 1101 1301 plinaur,
1116 1244 1150 1285 ac
1164 1243 1211 1300 per
1226 1225 1416 1283 necessitatem
1427 1219 1536 1277 tradita·
1546 1216 1679 1275 termulae
1696 1232 1752 1290 qua
1764 1232 1793 1275 ιο

130 1324 281 1382 orationem
303 1324 402 1381 debere
425 1323 602 1397 profundere,
622 1324 771 1396 indigentia
784 1326 844 1397 ejus
861 1339 933 1396 quo·
987 1325 1145 1396 praecepita
1168 1321 1248 1379 nobis
1261 1334 1370 1393 semper
1381 1317 1465 1384 orari,
1483 1316 1531 1371 ira
1544 1314 1647 1387 pariter
1660 1322 1691 1371 et
1712 1314 1794 1371 tristi·

131 1416 232 1474 tidiana
246 1426 413 1485 commonet,
433 1419 498 1490 quia
513 1433 569 1474 non
584 1428 626 1475 est
642 1419 703 1475 dies
719 1435 775 1490 quo
788 1434 845 1474 nou
864 1434 934 1490 opus
987 1418 1032 1473 liae
1052 1417 1141 1473 evellit
1152 1414 1267 1483 radices,
1281 1413 1331 1471 sed
1345 1412 1427 1469 etiam
1438 1408 1616 1467 occasionem
1631 1406 1792 1481 rogantibus

131 1509 166 1567 sit
189 1511 267 1567 nobis
285 1512 365 1583 liujus
389 1526 437 1567 esu
460 1527 493 1567 ac
520 1512 699 1584 perceptione
728 1527 777 1567 cor
799 1510 934 1567 interioris
987 1510 1091 1577 tribuit,
1115 1510 1207 1580 eisque
1226 1514 1331 1564 reserat
1351 1505 1425 1562 viam
1443 1519 1497 1577 qua
1520 1503 1644 1559 clemens
1661 1518 1695 1557 ac
1715 1500 1792 1575 pium

131 1606 218 1659 nostri
246 1604 368 1660 bominis
383 1603 561 1660 confirmare.
586 1606 664 1661 Licet
679 1603 753 1661 istud
772 1604 846 1675 quod
867 1603 933 1660 dici·
987 1620 1049 1677 erga
1062 1619 1091 1659 se
1103 1610 1250 1675 provocent
1265 1601 1315 1656 Dei
1327 1598 1458 1671 judicium
1473 1596 1659 1669 promulgari,
1680 1602 1709 1651 et
1719 1610 1793 1667 quo-

131 1704 186 1765 tur,
199 1691 212 1729 ¹’
225 1698 313 1761 lentie
328 1695 404 1753 etad
422 1706 585 1770 praesentem
603 1700 685 1755 vitam
705 1699 795 1770 possit
809 1696 932 1769 intelligi,
987 1697 1136 1757 dammodo
1151 1704 1314 1768 potestatem
1326 1693 1431 1758 tribuit,
1445 1707 1499 1764 qna
1514 1690 1613 1763 judicis
1626 1689 1717 1746 nostri
1735 1702 1795 1761 poe

132 1792 224 1862 idest,
239 1793 306 1851 dum
318 1794 346 1850 in
357 1794 409 1851 hoc
426 1794 528 1852 sarculo
539 1810 758 1861 commoramur,
770 1800 871 1865 presta
884 1810 932 1848 no·
946 1792 970 1854 B
985 1794 1073 1849 simus
1086 1792 1249 1849 seutentiam
1264 1800 1434 1861 temperem
1450 1786 1485 1843 ad
1498 1786 1598 1843 reniam
1611 1784 1783 1841 delictorum

132 1886 173 1943 bis
182 1888 252 1943 breue
261 1904 370 1959 penem
385 1890 523 1947 Novimus
536 1888 610 1946 enim
624 1904 687 1945 eum
704 1887 747 1944 lais
762 1890 809 1961 qui
823 1903 930 1945 meme·
985 1896 1154 1947 nostrorum.
1167 1885 1292 1956 exemplo
1305 1898 1369 1938 eum
1384 1888 1488 1937 nostra
1502 1876 1662 1935 remissionis
1674 1884 1793 1931 arctan-

132 1980 187 2038 rint
199 1996 216 2037 a
230 1988 257 2037 te
277 1990 304 2038 et
318 1982 346 2037 in
363 1980 458 2039 futuro
479 1998 540 2039 esse
557 1981 756 2053 praestandum,
779 1979 829 2038 sed
850 1997 932 2055 roga-
985 1990 1037 2049 tes,
1053 1980 1119 2037 dum
1131 1979 1247 2036 dicimus
1262 1977 1297 2047 ei,
1310 1982 1335 2033 el
1349 1978 1456 2032 dimitte
1472 1974 1546 2029 nebu
1556 1974 1624 2028 sicut
1636 1977 1662 2027 et
1680 1986 1733 2025 rios
1746 1970 1791 2023 di-

132 2087 196 2130 mus
214 2083 244 2130 ut
262 2090 326 2131 eum
346 2074 425 2130 nobis
446 2074 529 2132 bodie
550 2074 691 2147 largiaris;
713 2074 778 2145 quia
791 2075 845 2131 nisi
867 2091 931 2132 eum
985 2078 1129 2132 mittimus.
1146 2077 1240 2147 ltaque
1252 2060 1267 2104 ‘¹
1279 2070 1484 2143 securuslrujus
1497 2068 1632 2125 orationis
1644 2066 1748 2124 lidueia
1759 2064 1793 2121 de

679 2226 806 2282 Alanoi
825 2228 940 2283 GAZAEI
960 2226 1242 2285 COMMENTARIUS.

169 2357 182 2385 ⁸
196 2350 241 2405 Sic
251 2357 279 2405 et
287 2348 343 2405 dir.
353 2349 505 2422 Cyprianus
519 2348 714 2420 interpretatur
729 2352 797 2420 (Lib.
810 2353 844 2405 de
856 2353 935 2407 Oret.
992 2352 1124 2423 Apostolo
1139 2349 1173 2406 ad
1186 2350 1318 2404 liebraeos
1332 2362 1367 2403 ιιι
1382 2366 1389 2402 :
1405 2346 1602 2403 Aditertumini
1609 2344 1791 2411 nosmetipsos.

132 2423 266 2489 enneli),
282 2436 380 2493 nempe
397 2419 432 2476 de
453 2436 520 2493 pane
537 2421 726 2476 sacramentali
745 2421 867 2492 quotidie
885 2437 935 2478 su·
989 2423 1070 2477 dorice
1084 2422 1162 2477 boetia
1183 2422 1396 2489 cognominatur.
1603 2486 1610 2497 .
1680 2486 1686 2495 ι

132 2492 233 2547 mendo
247 2512 254 2547 ε
269 2496 356 2555 Herm,
370 2491 468 2564 inquit,
481 2508 579 2561 panem
589 2492 736 2547 distractis
750 2494 871 2562 qraotidie
883 2510 934 2563 po-
1025 2502 1036 2529 0
1057 2493 1153 2549 Debita
1173 2501 1266 2547 nostra
1288 2506 1345 2546 non
1364 2488 1416 2544 alin
1438 2487 1491 2544 boc
1512 2486 1576 2543 loco
1603 2484 1792 2565 intelliguntur

132 2564 275 2629 statamus,
286 2564 935 2637 nequitucbristosumus,etliuclmristiomquo
988 2579 1072 2636 quam
1093 2572 1202 2632 peccata
1221 2571 1325 2629 nostra,
1341 2560 1439 2632 quibus
1460 2567 1613 2639 tamquam¹
1628 2572 1686 2638 acre
1704 2554 1790 2637 aliene

133 2636 202 2689 tidie
214 2640 241 2691 iu
256 2638 345 2691 cibum
362 2638 502 2699 sumimus,
519 2636 696 2689 intercedente
706 2635 798 2704 aliquo
811 2637 935 2704 proniore
989 2636 1113 2691 obstricti
1127 2644 1253 2690 tenemur
1266 2637 1339 2689 Deo.
1352 2631 1433 2689 Unde
1446 2632 1574 2687 Lucexr
1587 2626 1697 2684 disertis
1706 2626 1791 2708 cephis

133 2705 239 2771 delicto,
254 2708 318 2763 drnn
332 2708 449 2762 abstenti
457 2712 482 2760 et
499 2722 552 2760 nort
566 2708 797 2767 commendantes,
809 2723 826 2760 a
838 2705 936 2761 celesti
988 2706 1106 2764 dicitur:
1122 2709 1232 2763 Dimitte
1245 2706 1439 2774 nobispecceta
1452 2707 1557 2757 trustra.
1573 2702 1609 2757 Et
1622 2697 1745 2755 Alatthaer
1759 2712 1788 2779 rt

131 2793 203 2848 pane
214 2781 398 2849 probibentur,
414 2794 432 2831 a
444 2778 546 2834 Christi
555 2793 665 2847 corpore
676 2791 841 2847 saturemur.
856 2779 890 2832 Et
903 2778 932 2833 S.
987 2778 1124 2849 explicans
1136 2776 1272 2833 Dominus
1281 2775 1353 2831 harre
1364 2774 1533 2845 petitionem,
1545 2772 1585 2825 ait
1606 2788 1613 2826 :
1628 2772 1740 2851 sienim
1751 2768 1790 2823 de·

134 2850 300 2906 Ambrosius
313 2851 358 2905 lib.
371 2866 385 2903 v
397 2850 431 2903 de
441 2850 620 2904 sacramentis
632 2863 692 2920 cap.
708 2854 740 2902 t:
755 2850 787 2904 Si
798 2849 935 2917 qrrotidin-
987 2851 1117 2903 miseritis
1129 2848 1281 2903 bominibus
1288 2852 1398 2917 peccata
1408 2860 1509 2912 merim,
1517 2844 1640 2897 dimittet
1659 2841 1733 2921 robes
1741 2842 1791 2896 Po·

134 2936 185 2975 etus
197 2926 237 2975 cst
245 2924 336 2991 pullis,
351 2936 400 2974 mr
413 2924 474 2989 post
493 2936 596 2973 aunum
609 2920 686 2973 illum
696 2923 792 2981 sumis,
803 2920 933 2989 quemad·
988 2925 1027 2975 ter
1035 2924 1121 2974 uester
1129 2924 1237 2990 peccota
1246 2924 1345 2973 oestro.
1359 2922 1447 2988 Atque
1456 2915 1558 2971 eodem
1567 2928 1648 2969 sensu
1657 2911 1791 2993 debitores

133 2992 243 3043 moltam
256 2994 343 3047 lli-ceci
355 2993 382 3044 in
395 2992 503 3045 Oriente
512 2993 599 3056 secere
610 2996 823 3045 coacescerent?
834 2994 933 3061 Accipe
987 2991 1073 3046 nostri
1084 2990 1214 3046 dicuntur
1229 2989 1277 3059 qui
1292 2987 1391 3060 aliquid
1409 2988 1437 3042 in
1451 3001 1504 3042 nos
1517 2991 1672 3057 peccarunt
1684 2989 1730 3066 aul
1741 2981 1789 3038 alr-

133 3061 336 3129 quotidicquort
348 3060 469 3129 quotidie
478 3062 622 3131 tibtprosit
635 3080 644 3115 :
656 3064 695 3116 sic
704 3064 762 3117 cire
773 3067 803 3115 ut
813 3063 933 3133 quotidie
986 3077 1038 3132 qua
1053 3076 1104 3117 nos
1115 3062 1211 3131 injuria
1225 3059 1395 3117 affecerunt:
1411 3060 1540 3114 Debitum
1561 3058 1650 3117 enon,
1671 3066 1711 3109 att
1728 3056 1789 3109 Τοι-

132 3132 261 3183 merearis
275 3134 402 3199 circipene.
418 3131 470 3195 θοι·
478 3146 531 3185 non
543 3136 659 3186 meretur
671 3133 792 3201 quotidie
802 3136 930 3203 accepere,
958 3184 969 3206 ‚
987 3134 1115 3189 tullianus
1129 3134 1198 3205 (Lib.
1214 3133 1246 3187 de
1259 3133 1348 3200 Orat,
1368 3147 1397 3187 ea
1421 3172 1427 3183 .
1441 3134 1480 3201 l),
1497 3132 1526 3183 in
1539 3129 1691 3197 Scripturas
1703 3126 1791 3205 delmi

133 3214 186 3252 non
208 3206 325 3255 irroretur
336 3206 397 3271 post
415 3216 514 3256 curretiam
533 3205 659 3273 accipere.
677 3206 744 3259 llac
756 3204 931 3259 Ambrosius.
948 3186 970 3243 (ι
987 3208 1076 3275 fierine
1088 3211 1139 3274 est,
1155 3204 1228 3275 puori
1235 3204 1347 3274 perinde
1350 3202 1384 3271 ju
1405 3203 1456 3255 icio
1467 3200 1636 3255 debeatnret
1648 3198 1684 3251 ab
1697 3212 1726 3251 eo
1737 3212 1790 3249 ear-

134 3270 199 3327 Fuit
214 3280 306 3326 autem
323 3272 381 3328 baec
401 3273 549 3343 apostolica
571 3273 695 3345 quotidie
709 3275 931 3331 communicandi
985 3282 1081 3345 pietro,
1102 3294 1148 3331 nce
1162 3274 1403 3344 erodutjustitium
1425 3274 1591 3337 coactionis,
1609 3272 1664 3323 nisi
1682 3269 1791 3323 donem

134 3343 314 3413 corisuetudo,
334 3346 407 3400 Luca
422 3352 578 3411 attestante,
593 3346 661 3401 dum
675 3345 712 3402 ait
727 3349 860 3401 Actorum
879 3360 904 3401 ιι
922 3364 929 3400 :
986 3350 1100 3411 relictio,
1114 3352 1182 3402 sicut
1195 3349 1238 3400 illi
1247 3362 1322 3401 seruo
1331 3346 1454 3400 dominius
1465 3342 1586 3397 debitum
1598 3341 1707 3421 dimisit
1716 3340 1788 3401 {llut-

134 3416 223 3469 Erunt
229 3419 462 3483 perseuerantesin
471 3418 932 3487 doctrincapcstolerumetcommu-
986 3420 1052 3471 lbani
1062 3420 1164 3490 ιιιίιι).
1175 3418 1230 3474 Ubi
1241 3421 1329 3487 ligura
1341 3431 1390 3487 pro
1404 3412 1604 3486 significatione
1615 3420 1747 3475 sumitur,
1763 3415 1789 3465 ut

134 3488 268 3540 assertione
283 3490 425 3554 fractionis
446 3491 535 3558 puetis.
555 3490 590 3543 Et
608 3504 719 3544 rursum
743 3490 904 3559 paulopost
924 3507 930 3541 :
985 3498 1102 3545 annotat
1113 3490 1261 3546 l’amelius:
1273 3488 1414 3553 nimirum,
1423 3483 1789 3565 utdicaturldebitumtqam

134 3556 259 3622 Quotidie
269 3575 373 3627 qrroquc
383 3560 563 3628 perdurantes
573 3561 739 3613 rtnrrrn‘rniter
747 3562 778 3612 in
786 3561 893 3629 tempto,
907 3564 932 3614 et
987 3561 1088 3622 delicti,
1116 3561 1179 3630 quia
1203 3561 1255 3614 lroc
1280 3559 1340 3615 loco
1360 3556 1497 3629 significat
1519 3555 1653 3611 delictum
1671 3562 1742 3633 sicut
1764 3556 1788 3605 el

132 3628 288 3696 secernentes
301 3632 371 3683 circo
392 3630 482 3683 dorrios
500 3644 594 3698 merres,
615 3630 755 3683 sumebant
768 3631 855 3683 cibum
873 3646 933 3684 cum
987 3630 1107 3685 blattinei
1124 3646 1210 3685 xvrtt.
1226 3629 1280 3685 Sed
1301 3627 1525 3685 meliustortasse
1546 3626 1652 3681 dicitur
1665 3624 1786 3679 debitum

132 3700 934 3771 easrrltutioneetsimplicitateceretisterradantesDequuae
986 3714 1045 3756 esse
1058 3701 1142 3771 llgrrra
1157 3700 1258 3768 delicti,
1273 3701 1334 3769 quia
1347 3702 1406 3773 ejus
1418 3696 1530 3754 eftectus
1540 3706 1568 3751 et
1580 3710 1709 3766 germen.
1732 3697 1789 3775 Du-

133 3771 244 3893 {iridem
259 3772 429 3829 consuetudo
445 3770 599 3841 perdurarit
613 3773 712 3825 Rorrtae
725 3785 810 3841 usque
823 3770 858 3825 ad
878 3771 932 3827 divi
986 3771 1046 3842 pler
1072 3773 1145 3826 cuim
1163 3771 1302 3837 debitum,
1326 3774 1383 3827 sire
1403 3769 1500 3842 duplet
1519 3773 1608 3821 reatus
1626 3780 1661 3819 es
1686 3764 1790 3820 delicte

163 3840 293 3915 ieronymi
306 3850 426 3906 aetatem,
440 3841 498 3912 ipso
513 3849 656 3897 attestante
668 3842 696 3896 in
706 3841 819 3911 epistola
831 3843 864 3898 ad
879 3846 934 3899 Lu·
987 3843 1164 3909 contrabitur,
1181 3842 1268 3911 culpae
1282 3850 1309 3899 et
1324 3858 1431 3913 poence;
1447 3853 1560 3921 quorum
1571 3843 1734 3915 utrumque

132 3912 232 3967 cirrium
247 3918 343 3983 (Epist.
353 3918 388 3969 28
400 3919 425 3967 et
437 3914 568 3983 apologet.
583 3914 619 3967 ud
630 3914 840 3983 Parnrnartium)
853 3932 860 3979 3
871 3929 934 3969 nec·
987 3912 1070 3970 timus
1083 3915 1164 3969 nobis
1183 3913 1299 3981 dimitti,
1314 3915 1340 3970 id
1361 3921 1410 3976 est,
1426 3912 1538 3983 ignosci.
1559 3912 1592 3963 ln
1608 3914 1739 3978 sequenti
1761 3922 1789 3961 us

130 3984 341 4039 nonllediolani
354 3984 388 4039 ad
398 3984 492 4041 dirum
508 3982 686 4040 Ambrosium
697 3999 792 4055 usque,
805 3985 933 4055 quemad·
986 4001 1070 4056 porro
1085 3986 1181 4042 Graece
1199 3985 1295 4057 legitur
1310 4003 1317 4039 ι
1335 3984 1525 4056 aapaatibpnra
1543 3980 1612 4052 ὑμῶν
1628 3977 1710 4049 quod
1726 3992 1786 4049 pro·

129 4055 244 4112 modum
258 4056 394 4130 colligitur
405 4072 436 4111 er
450 4072 508 4126 cap.
519 4055 569 4110 ult.
585 4055 630 4112 lili.
648 4072 680 4111 ιι
692 4055 726 4111 dc
739 4057 930 4112 sacramentis.
988 4057 1045 4128 prie
1063 4066 1142 4113 sonat
1161 4057 1251 4127 lapsus
1268 4065 1379 4111 uestros.
1394 4057 1463 4111 Sunt
1483 4054 1556 4108 enim
1569 4060 1682 4131 peecata
1700 4058 1785 4105 nostra

131 4126 166 4181 Et
185 4128 212 4183 in
233 4128 322 4184 Al'rica
345 4144 431 4201 usque
452 4128 486 4183 sd
504 4126 556 4183 div.
580 4127 725 4200 Artgustini
748 4137 881 4198 tempora,
902 4135 932 4183 ut
986 4129 1068 4183 ctiam
1094 4129 1148 4183 reri
1172 4128 1273 4199 lapsus,
1293 4128 1392 4199 quibus
1410 4142 1426 4181 a
1441 4124 1607 4181 rectitudine
1627 4122 1784 4177 labimuret

131 4206 206 4265 patet
224 4216 256 4253 es
268 4201 349 4270 epist.
363 4202 422 4272 ejus
439 4206 499 4255 118.
518 4205 556 4254 At
572 4215 635 4255 reru
656 4200 682 4254 in
700 4200 817 4254 Ecclesia
833 4200 929 4254 Orien·
985 4200 1119 4255 cadimus.

132 4268 177 4322 tali
194 4269 361 4339 jamdudum
383 4270 499 4325 desierat
512 4270 555 4324 illa
574 4271 743 4326 consuetudo
764 4270 931 4341 quotidianae
1021 4271 1033 4305 ‘¹
1053 4270 1185 4341 intellige,
1198 4269 1221 4324 si
1236 4276 1335 4325 caetera
1352 4267 1386 4323 ad
1399 4276 1576 4339 peecatorum
1598 4265 1783 4322 remissionem

131 4339 351 4405 conunnuiouis,
366 4349 398 4395 ut
413 4348 487 4409 patet
500 4348 559 4394 turn
572 4358 604 4393 cs
620 4342 709 4395 verbis
720 4340 775 4396 div.
793 4340 931 4395 Ambrosii
985 4339 1159 4396 obtinendam
1174 4340 1323 4396 necessaria
1338 4355 1392 4394 nou
1403 4340 1522 4395 omittat.
1534 4338 1598 4407 Quo
1610 4338 1697 4393 etiam
1710 4332 1782 4389 mode

130 4406 216 4461 niodo
229 4407 327 4469 citatis,
342 4417 401 4462 tum
414 4410 611 4477 chrysostomo
627 4412 722 4466 lronril.
743 4418 773 4465 er
795 4414 828 4465 ad
844 4427 930 4482 popu·
984 4411 1027 4465 illa
1037 4411 1320 4467 Salsatorisscnteutia
1333 4430 1340 4464 z
1351 4412 1632 4467 Sienimdimiscritie
1643 4406 1783 4463 montimbre

132 4473 188 4529 tuor
207 4474 422 4542 Amicelreuum,
448 4486 475 4530 et
498 4484 530 4531 ll
549 4479 579 4532 iu
603 4482 720 4549 Epistola
734 4480 770 4535 ad
786 4480 928 4547 Hebraeus,
979 4488 1089 4550 pmcuto
1098 4499 1197 4546 eorunr,
1205 4484 1322 4537 dimittet
1330 4484 1577 4537 recensuere-estu·
1585 4482 1687 4535 ‹tetii-tu
1696 4484 1782 4535 restra.

130 4543 177 4600 ubi
198 4545 283 4599 varias
301 4544 382 4601 ati'ert
396 4547 601 4603 observationes
625 4550 808 4620 quorumdam
829 4552 873 4620 qui
899 4553 925 4606 in
944 4569 968 4629 p)
983 4568 1037 4607 tren
1056 4553 1180 4608 absolute
1194 4553 1366 4623 intelligitur,
1384 4562 1414 4609 ut
1428 4552 1482 4609 div.
1498 4552 1675 4623 Augustinus
1693 4550 1782 4605 aduro-

129 4616 350 4675 solemuitalibus
373 4618 629 4684 communicabant,
654 4628 681 4674 ct
707 4620 735 4673 in
749 4621 874 4676 Adventu
901 4632 927 4678 et

131 4689 361 4763 Quadrupesimm
377 4690 493 4747 alienum
514 4689 560 4761 qui
582 4690 608 4744 in
629 4690 758 4746 Pasctralo
773 4693 926 4761 dumtaxat,

130 4771 178 4817 aut
192 4763 234 4818 bis
253 4771 331 4818 terve
350 4763 377 4818 in
392 4778 482 4829 auuo;
499 4777 606 4817 necnon
620 4763 809 4831 eremitarum,
824 4764 870 4834 qui
894 4782 925 4821 er

131 4831 285 4889 bernrilitutc
297 4836 379 4890 senrel
394 4835 422 4890 in
433 4848 505 4890 auno
518 4841 566 4889 aut
580 4834 699 4891 biennio.
710 4836 799 4903 eram
812 4838 847 4891 ob
862 4852 926 4892 cau-

131 4916 190 4957 sam
210 4903 329 4974 praedicti
354 4911 446 4961 Patres
467 4921 522 4961 rrou
539 4914 595 4961 tam
619 4914 716 5033 arpent
739 4907 926 4975 qnotidianam

132 4975 354 5030 communionem
371 4992 452 5047 quam
467 4978 577 5049 diguam
600 4978 776 5035 Eucraristiar
793 4980 926 5051 snurptio·

130 5058 203 5101 nent.
225 5046 359 5101 Caeterum
380 5047 431 5100 aliu
448 5056 490 5101 est
506 5048 572 5102 ratio
592 5050 731 5117 laicorum,
746 5051 839 5121 quales
858 5051 926 5105 otim

130 5117 310 5173 censebuntur
334 5118 453 5187 plerique
474 5120 622 5187 nectanebi,
649 5122 700 5176 alia
731 5121 926 5190 secerdotum,

129 5190 281 5258 praesertim
292 5188 491 5256 religiosorum,
507 5205 576 5259 quos
589 5194 707 5247 nrasirne
720 5192 797 5247 decet
807 5193 929 5262 quotidie

128 5260 272 5339 (quirillum
294 5259 412 5313 trtrruana
435 5258 487 5314 tert
507 5260 685 5331 itubeciilitas)
700 5260 802 5316 ofl‘erru
823 5263 928 5317 sacriti-

51 5390 54 5398 .
130 5341 216 5393 crurn,
232 5335 259 5385 ct
280 5330 401 5384 ditirmm
421 5330 485 5386 illud
506 5330 678 5401 treqnerrtare
697 5334 856 5403 nrystcrium
874 5350 928 5404 quo

127 5399 192 5455 uilill
213 5404 269 5455 l'lco
285 5402 398 5469 gastius,
421 5402 489 5457 nibil
502 5404 658 5467 salutarius,
684 5404 751 5456 nillil
778 5404 928 5473 religiosius

128 5473 251 5595 ¹peraestari
266 5481 366 5546 potest.
380 5472 445 5531 l'ide
458 5476 664 5531 annotationem
680 5474 714 5529 ad
728 5483 808 5546 caput
828 5480 858 5529 21
876 5476 927 5532 ool·

138 5551 174 5597 at.
191 5551 234 5599 ⁸23.

163 5607 176 5643 ¹³
191 5614 290 5681 llodie,
305 5615 412 5671 duobus
427 5616 517 5671 modis
534 5615 702 5686 intelligitur.
718 5617 784 5672 Uno
800 5618 882 5673 modo
897 5627 928 5674 ut

127 5682 259 5755 signiticet
274 5688 395 5756 praecise,
412 5687 464 5741 bec
478 5688 531 5741 die.
551 5686 698 5755 Qtrornndo
715 5689 837 5757 superins
852 5706 928 5745 acco

127 5756 168 5828 pit
178 5759 291 5811 Auctor.
306 5757 402 5811 Altero
417 5756 512 5823 rtrodo,
532 5766 562 5812 nt
577 5757 712 5827 significet
723 5757 775 5813 boc
794 5769 926 5832 tempore,

126 5842 225 5901 nempe
247 5828 308 5885 ritae
331 5826 413 5901 liujus
436 5828 569 5898 mortalis,
585 5831 725 5902 quomodo
741 5832 873 5904 accipitur
892 5833 927 5889 ab

982 4633 1029 4678 net
1040 4626 1108 4689 (Lib.
1123 4640 1179 4680 ιιι
1194 4626 1227 4679 de
1241 4627 1332 4691 dicit,
1346 4640 1406 4695 cup.
1422 4629 1457 4680 ιι
1471 4630 1496 4679 ct
1509 4626 1570 4687 27),
1590 4624 1642 4680 sed
1658 4626 1680 4679 si
1694 4628 1781 4677 catera

980 4695 1110 4752 accedant
1121 4697 1154 4750 ad
1170 4711 1233 4750 eum
1252 4695 1341 4759 terrem
1347 4696 1514 4767 {trascripta
1528 4703 1561 4750 ut
1586 4695 1672 4749 dolor
1681 4692 1714 4750 de
1726 4706 1781 4763 pec·

981 4768 1061 4834 eatis,
1088 4767 1259 4838 propositum
1282 4781 1338 4821 non
1362 4767 1501 4837 peccandi,
1525 4774 1580 4822 etc.
1612 4766 1696 4822 Unde
1718 4764 1782 4819 idern

982 4840 1154 4907 Arrgustiuus
1168 4838 1303 4908 quosdam
1320 4837 1465 4893 lraereticos
1478 4838 1633 4909 redarguit,
1646 4840 1695 4908 qui
1705 4840 1781 4905 pelid-

983 4910 1047 4963 bunt
1059 4912 1141 4965 etiam
1158 4911 1214 4963 illis
1233 4913 1283 4980 qui
1294 4908 1398 4979 perdite
1417 4912 1538 4964 vinerint
1557 4902 1644 4963 dcirrec
1659 4907 1781 4962 claimant

981 4982 1053 5035 ‹liern
1064 4984 1127 5035 eine
1140 4983 1221 5050 lartius
1237 4986 1394 5047 eatrermtm,
1409 4997 1457 5049 per
1469 4982 1539 5035 berete
1552 4984 1707 5035 orationem.
1720 4990 1783 5045 qrat-

982 5052 1132 5122 liucumque
1150 5060 1175 5107 et
1196 5057 1410 5121 rprrrrrrtnettmqrte
1425 5054 1542 5118 tenena,
1557 5056 1647 5108 omittit
1665 5046 1785 5119 qrtotidr‘e

981 5130 1088 5193 peccatu
1099 5126 1212 5191 dimitti,
1224 5124 1480 5193 sr'crrtipsaqrmtidt'e
1489 5120 1782 5194 {reprendaturcaurio.

983 5197 1009 5249 si
1017 5195 1251 5249 tantantummodo
1261 5196 1582 5257 custodirerneminerint,
1593 5192 1742 5265 urqimrulo
1750 5188 1783 5243 ab

983 5268 1021 5319 eis
1030 5270 1130 5320 serrium
1137 5266 1782 5337 petuntquieospererratoquanticumqrrelesrmut,

983 5338 1101 5390 recordo
1110 5338 1261 5392 diarrittunt.
1274 5338 1381 5406 Quibus
1391 5337 1428 5393 ita
1440 5338 1608 5409 respondet:
1620 5339 1784 5405 oratioque

983 5408 1101 5470 tidiunu,
1115 5425 1194 5477 rpoream
1205 5410 1296 5464 docuit
1310 5412 1365 5479 ipsse
1376 5412 1514 5473 Dominus,
1524 5410 1634 5465 rrrrclect
1649 5408 1781 5465 Drminim

982 5484 1163 5549 rrrrrrcuputrn·,
1174 5480 1244 5535 clelct
1251 5481 1523 5551 qrridcrnqrmtidiana
1531 5488 1722 5552 peccatam-nm
1729 5493 1783 5549 qm

983 5551 1048 5605 tidie
1062 5552 1182 5605 ‹licitrnt
1198 5554 1309 5608 Dimitte
1324 5552 1399 5607 rrobis
1410 5552 1500 5607 debite
1513 5558 1619 5611 rrostru,
1636 5546 1782 5624 qrrurrdeid

983 5624 1055 5691 qnod
1067 5626 1188 5693 sequeitur
1202 5640 1251 5677 nen
1265 5625 1352 5679 solum
1365 5624 1475 5693 dicitur,
1490 5624 1538 5679 sed
1552 5627 1637 5679 etium
1650 5629 1700 5693 p't:
1714 5622 1781 5681 Sitti

983 5698 1007 5747 ct
1019 5710 1066 5747 rios
1081 5696 1244 5751 dirrrittinrus
1259 5696 1422 5750 debitoribus
1435 5697 1545 5751 nostris.
1566 5696 1622 5753 Sed
1637 5700 1706 5767 qrriu
1719 5694 1780 5763 Ami

979 5771 1098 5833 pecccata,
1113 5766 1170 5819 ideo
1184 5767 1305 5830 dicitrn·;
1318 5782 1371 5821 nort
1384 5771 1415 5821 ut
1429 5766 1488 5823 tileo
1499 5770 1580 5837 fiant,
1595 5770 1666 5838 quta
1675 5767 1777 5823 elicitur.

982 5838 1031 5891 Per
1042 5836 1110 5892 taric
1127 5839 1198 5892 enim
1211 5840 1295 5894 coierit
1309 5840 1385 5895 rtobis
1401 5838 1529 5897 Salvator
1541 5840 1684 5897 ostendere
1700 5848 1777 5911 qtttt·

1785 6061 1828 6126 „l
