3824 6164
125 264 192 319 toti
666 248 806 307 ioannis
823 246 978 306 cnsststtl
996 244 1242 303 subteriores.

121 385 220 458 cupitis
232 379 418 447 inviolabilem
429 384 577 447 retentare,
592 373 777 432 lestinandum
792 381 834 431 est
848 375 926 431 robis
941 373 968 438 Α
1291 367 1414 425 CAPUT
1432 367 1467 423 V.

122 488 169 543 ut,
192 474 311 548 expulsis
336 472 463 544 primitus
490 470 578 538 vitiis,
604 468 776 526 mortificetis
800 469 924 541 proprias

122 572 284 635 noluntates,
300 576 328 623 et
343 574 383 632 ut,
400 564 477 621 unito
492 562 584 620 studio
600 571 681 635 etque
696 561 845 633 proposito,
860 560 927 617 illud
982 553 1126 624 Responsio
1140 547 1556 690 qrmdperspgrgongnmssooistggutnisi
1568 548 1642 602 inter
1653 547 1788 616 perfectos

122 683 178 740 quo
192 660 330 734 Propheta
347 658 497 716 admodum
511 658 670 726 delectatur,
686 657 807 728 gnaviter
819 655 927 729 implea-

123 760 157 814 tis
180 779 186 813 :
204 759 269 812 Ecce
287 769 369 823 quam
383 753 478 808 bonum
498 756 524 807 ct
538 767 620 821 quam
630 750 784 820 jucundum
802 750 927 806 babitare
1290 809 1297 821 ,
1323 809 1330 821 .
1595 784 1603 794 .

124 847 230 919 iratrcs'
242 850 271 902 in
284 863 369 902 unum
382 848 465 914 (Psoi.
479 847 612 913 cxxxn).
627 844 707 915 Quod
719 859 776 900 non
795 842 926 913 localiter,
1018 809 1122 883 ³⁰⁵eph
1135 828 1142 865 ²
1155 809 1416 867 Idcifwdumush
1427 807 1537 881 phuam
1547 811 1630 877 ”que
1639 804 1788 878 versem

124 942 172 1000 sed
191 940 348 1015 spiritaliter
362 948 470 1012 oportet
487 939 610 1013 intelligi.
629 938 703 995 Nihil
722 938 795 995 enim
816 937 929 1010 prodest
983 904 1113 961 “micitiae
1126 903 1244 976 gratim
1258 902 1309 959 ΠΜ
1328 901 1399 958 imef
1410 898 1548 973 9⁰¹f⁰⁰⁸⁰⁵
1566 898 1790 972 'imejmdm'

125 1036 148 1093 si
168 1034 290 1092 moribus
309 1048 341 1089 ac
358 1033 499 1106 proposito
513 1031 677 1090 dissidentes
690 1047 745 1088 una
758 1030 928 1088 habitatione
983 1012 1037 1071 (ΨΘ
1064 997 1173 1054 'muti‘
1196 1009 1370 1069 mmmm
1392 1008 1449 1098 Ψ
1475 1006 1569 1065 We
1593 1006 1663 1063 (1⁰⁰⁸
1688 991 1790 1048 adem

121 1129 283 1203 jungantur,
300 1142 351 1183 nce
363 1127 442 1184 obest
452 1126 526 1198 parili
539 1126 636 1182 virtute
650 1124 779 1192 fundatis,
794 1138 843 1196 per
857 1122 930 1180 loco·
984 1091 1110 1148 v⁰¹u¹¹¹⁸⁸
1131 1104 1272 1162 unumque
1301 1095 1472 1161 pf⁰p⁰⁸¹tum
1494 1091 1543 1143 am
1564 1101 1715 1156 numqffim
1740 1093 1792 1143 ³¹¹²

125 1237 189 1278 rum
201 1220 340 1276 intervalia
355 1219 481 1291 disjungi.
493 1217 573 1291 Apud
586 1222 674 1274 mum
686 1231 929 1289 namquemorum
983 1191 1056 1241 ⁰⁶⁶⁰
1076 1182 1266 1288 ‘amfi'efffl
1286 1181 1398 1287 ’ΨΜ
1422 1186 1469 1284 ”ft
1482 1178 1511 1234 1¹¹
1533 1177 1576 1281 hi?
1597 1176 1714 1281 ΨΜ,
1726 1193 1790 1250 9‘0'

126 1311 307 1379 cohabitatio,
327 1326 383 1366 non
398 1310 537 1380 locorum,
553 1310 630 1367 unita
647 1308 746 1366 fratres
762 1308 931 1367 habitatione
983 1275 1088 1333 smum
1111 1274 1241 1348 ⁸9¹¹¹¹³¹¹³
1269 1280 1407 1347 imment
1430 1279 1492 1328 Μ
1517 1277 1621 1342 pamm
1646 1268 1787 1329 dmm·

125 1403 281 1477 corrjungit;
303 1419 354 1460 ncc
370 1411 459 1476 potest
481 1418 613 1474 umquam
627 1403 700 1475 pacis
720 1402 865 1477 integritas
883 1419 931 1460 cu·
985 1367 1067 1440 0³⁰⁶
1081 1368 1105 1426 ’ἰ
1119 1367 1250 1425 anim⁰⁸i⁸
1269 1365 1403 1440 merim
1420 1363 1648 1423 ⁰⁰¹¹t⁸¹¹ti⁰¹¹ibu⁸
1663 1371 1788 1434 mame

124 1498 229 1566 stodiri,
243 1496 289 1554 ubi
302 1496 477 1553 voluntatum
489 1495 629 1552 diverstias
640 1494 785 1552 invenitur.
983 1461 1070 1534 'ique‘
1082 1460 1177 1534 utique
1188 1474 1236 1516 ⁰⁰⁸
1246 1473 1399 1531 ”umquam
1411 1454 1561 1515 mundum
1571 1457 1698 1529 reginam
1709 1472 1789 1529 mam

439 1591 560 1647 ggppp
574 1592 622 1647 pv,
986 1553 1166 1628 prediximus
1180 1551 1264 1610 iubae
1276 1551 1437 1610 concordes.
1457 1549 1511 1607 Sed
1526 1549 1689 1623 quianenro
1704 1555 1790 1623 potest

126 1670 313 1754 Interropatio,
328 1688 420 1739 utrum
437 1685 504 1739 utile
517 1684 625 1754 aliquid
639 1684 722 1738 etiam
736 1687 828 1739 curtim
840 1686 932 1740 uatum
985 1663 1002 1705 ³
1023 1645 1194 1755 perff³⁰fi⁰¹¹⁰
1211 1645 1312 1703 haben
1332 1644 1516 1719 principium
1536 1643 1590 1700 nisi
1611 1643 1657 1750 qf¹i
1677 1642 1713 1749 δι.)
1732 1643 1789 1716 ⁹5⁰³

376 1757 476 1824 (rueris
494 1756 563 1823 effici
575 1755 679 1809 debeat.
947 1773 972 1837 B
986 1750 1103 1815 crepent
1116 1739 1307 1810 fundamento,
1322 1748 1351 1805 ct
1365 1754 1413 1796 ros
1426 1755 1483 1796 non
1496 1747 1599 1811 quanta
1612 1753 1671 1810 epus
1683 1745 1719 1794 srt
1730 1751 1787 1793 ma·

164 1847 318 1904 Germanus
334 1864 341 1901 ε
361 1851 374 1880 ¹
389 1846 461 1917 Quid
476 1862 551 1919 ergo,
567 1846 590 1903 si
608 1861 665 1903 uno
679 1845 786 1902 volente
800 1844 932 1918 perficere
985 1829 1539 1908 8ss51⁰d0280dq⁰0m³dm0d⁰m³d0³m
1549 1828 1677 1903 W'fflffi
1688 1827 1787 1902 imit,

128 1939 231 2012 aliquid
241 1939 315 2012 quod
326 1939 480 1997 secundum
493 1943 582 1996 Deum
595 1937 773 1995 commodum
785 1946 812 1994 et
822 1937 933 1995 salubre
985 1926 1132 2000 intulistis,
1147 1926 1333 1983 necessarium
1347 1940 1411 1981 rtOr
1424 1932 1455 1980 ut
1470 1923 1563 1996 bautii
1575 1921 1698 1995 tegulam
1710 1921 1789 1978 vebis

130 2035 307 2105 perspexerit,
330 2033 397 2090 alius
418 2050 475 2090 non
490 2041 600 2106 praestet
612 2047 764 2101 assensum,
779 2047 932 2106 exsequen-
984 2019 1089 2094 0111880
1101 2018 1243 2077 immitem
1258 2016 1417 2091 quemdam,
1431 2032 1479 2090 per
1492 2031 1577 2088 (luem
1588 2030 1697 2088 ΨΜ
1710 2013 1791 2071 resin

131 2124 234 2182 dumne
248 2127 332 2183 etiam
353 2134 448 2182 contra
469 2133 565 2182 votum
585 2124 677 2182 fratris
690 2133 742 2192 est,
755 2139 792 2182 an
811 2140 860 2198 pro
874 2126 934 2200 eJus
986 2113 1155 2186 dirigantur.
1174 2112 1311 2185 aperiam,
1333 2121 1364 2168 ui
1384 2111 1522 2185 patienti&
1542 2125 1578 2168 ³⁰
1598 2109 1674 2182 Ρὸθὶῦ
1692 2109 1790 2166 bonum

131 2217 244 2274 arbitrio
257 2219 471 2291 negligendum?
986 2205 1094 2265 facilius
1105 2206 1231 2265 obtinere
1240 2204 1361 2279 possitis.

674 2347 806 2405 stanni
825 2349 942 2407 anAEt
959 2348 1246 2408 COMMENTARIUS.

129 2470 298 2527 occasionem
318 2479 346 2527 et
367 2487 465 2529 ansam
484 2468 600 2546 arripuit
620 2468 649 2525 in
667 2466 718 2524 hac
736 2469 883 2528 collatione
896 2470 931 2528 de
988 2466 1533 2528 cabatlimtenimrerumtantummoda
1543 2466 1792 2528 humatorumnon

129 2542 249 2598 amicitia
263 2541 420 2600 disserendi.
712 2582 716 2593 .
989 2537 1793 2610 ctienndivinnrumquamuiscumbeneuolentiaetciorr‘lute

164 2622 177 2649 ⁸
201 2612 301 2670 Affinis
321 2622 363 2670 est
386 2613 500 2686 qoaestio
524 2617 596 2684 apud
617 2616 784 2674 Ciceronem
804 2611 874 2684 (bib.
898 2611 932 2668 de
990 2615 1132 2677 morsm,
1145 2619 1198 2669 etc.
1212 2614 1361 2670 Nuncuero
1376 2613 1509 2681 quantum
1522 2609 1558 2664 de
1570 2607 1719 2679 tepoudeo,
1733 2608 1791 2675 prri-

130 2685 284 2757 dmicitia),
306 2693 335 2741 et
360 2685 463 2770 Aulum
484 2685 602 2769 Gellium
626 2690 711 2758 (Nost.
739 2684 823 2739 Attio.
850 2683 896 2738 lib.
920 2697 933 2739 1
991 2684 1039 2740 bus
1053 2685 1183 2754 replicem
1194 2683 1290 2767 nerbn,
1302 2683 1410 2763 quondo
1425 2696 1494 2743 eum,
1508 2695 1589 2751 quem
1602 2676 1793 2764 quadammodo

130 2754 934 2905 iselttnratnttrcdu
988 2748 1794 2890 aarum

133 2898 283 2954 monachos
302 2906 331 2953 ct
351 2898 399 2953 reli
421 2898 505 2961 iosos,
528 2899 621 2956 locum
642 2915 698 2955 non
721 2894 813 2961 babet,
834 2893 933 2965 qurbus
989 2896 1040 2965 qui
1052 2910 1154 2950 mecum
1168 2896 1338 2966 ternporolem
1351 2897 1435 2949 uitam
1449 2894 1589 2963 quondam
1605 2892 1793 2961 beniqntssrmo

133 2967 200 3022 illud
220 2974 327 3023 constat
344 2914 420 3036 quoi
439 2966 474 3022 ab
494 2968 634 3038 Apostolis
656 2976 698 3023 est
718 2963 868 3030 traditum,
880 2967 934 3020 lieo
985 2966 1159 3038 jucunditate
1170 2967 1286 3030 dunin,
1295 2981 1367 3021 nune
1377 2980 1424 3035 spe
1432 2967 1496 3019 una
1508 2968 1621 3019 atem
1632 2978 1733 3018 mentm
1743 2974 1795 3016 esse

132 3037 468 3104 obediendumcssemaqis
480 3037 723 3105 quamtaminibus
735 3033 890 3106 (Antonin
907 3041 934 3090 et
990 3038 1101 3107 cupisti
1123 3040 1166 3096 ltu
1185 3039 1217 3106 tit
1235 3042 1267 3092 ut
1284 3039 1356 3092 inter
1370 3051 1436 3106 quos
1456 3037 1557 3090 amicos
1578 3050 1635 3089 non
1649 3039 1689 3089 est
1708 3046 1794 3088 rerum

134 3106 935 3177 dissiparialieoossamrnm,quiiominibusplacent,quo
990 3106 1552 3176 mmmsiadtuinurnm‚neciumonomm
1560 3106 1645 3176 pleno
1653 3104 1795 3174 esseponit

134 3176 210 3255 niam
223 3180 292 3230 Deus
302 3178 401 3244 spreuit
412 3190 453 3229 eos
463 3174 546 3246 (Psoi.
557 3183 621 3244 nrt).
637 3177 717 3247 Quod
730 3183 757 3231 et
765 3175 862 3232 Cicero
871 3175 936 3233 saba
993 3194 1025 3234 ac
1043 3194 1116 3235 seru.
1132 3181 1239 3237 Necesse
1256 3184 1295 3234 cst
1309 3180 1379 3234 enim
1394 3181 1425 3232 ut
1438 3179 1519 3232 aliter
1531 3192 1617 3247 quom
1628 3180 1732 3246 eportet
1745 3174 1798 3228 hu-

135 3244 396 3311 rntellesit,dumait
408 3247 937 3319 :Nullaesteccusotiopecoatisiamici
994 3266 1077 3305 mana
1097 3252 1220 3314 (estimet,
1242 3253 1292 3320 qui
1312 3251 1405 3305 diuina
1426 3250 1585 3313 conternnit;
1601 3262 1648 3301 neo
1664 3247 1796 3300 mminem

135 3330 216 3371 musa
227 3318 388 3388 peccaveris.
406 3319 439 3372 Et
453 3333 549 3375 rursus
562 3320 629 3387 (Ubi
642 3323 735 3391 supra)
752 3335 758 3373 :
777 3319 840 3374 stoc
851 3319 938 3387 igitur
955 3287 1061 3376 Crecte
1075 3321 1190 3391 diligere
1209 3322 1323 3383 nocuit,
1346 3321 1469 3390 quisquis
1489 3335 1552 3374 cum
1571 3334 1626 3373 reon
1643 3316 1799 3385 diligitque*

132 3391 226 3457 prima
238 3390 282 3443 tec
295 3390 325 3442 in
337 3391 617 3456 omicitmsumintur,
631 3396 661 3447 ut
673 3403 939 3461 nequeropemusres
993 3391 1123 3447 bominem
1140 3394 1215 3461 lecit.
1231 3391 1349 3447 Proinde
1361 3406 1415 3445 non
1428 3391 1497 3452 dica,
1514 3393 1591 3447 Nunc
1609 3388 1676 3443 mihi
1688 3388 1796 3458 plenius

136 3463 237 3529 turpes,
253 3476 337 3528 neque
351 3461 484 3527 [amamus
497 3465 599 3532 raqcti;
616 3465 704 3533 turpis
719 3463 791 3517 enim
804 3462 939 3516 mononis
993 3465 1094 3518 ammos
1108 3478 1144 3527 es,
1156 3465 1275 3534 qui-eras
1288 3478 1322 3517 ec
1330 3466 1425 3532 parta·
1438 3460 1485 3518 scd
1495 3465 1630 3530 quoniame
1640 3462 1713 3513 ratio
1724 3458 1797 3512 urdi-

136 3534 183 3589 est,
196 3545 255 3611 curn
266 3532 294 3581 in
304 3533 405 3583 crateris
413 3535 537 3600 peccatis,
547 3538 602 3588 tum
612 3535 707 3603 siquis
717 3531 935 3602 cantrarempub.
992 3538 1046 3598 cat,
1061 3549 1108 3590 nco
1126 3550 1161 3590 ec
1171 3538 1251 3605 porte
1264 3537 1335 3600 nos,
1350 3532 1458 3603 quanda
1472 3547 1519 3587 trec
1532 3534 1562 3585 iu
1578 3532 1658 3586 rebus
1672 3530 1797 3584 iunianis

136 3612 254 3679 scamus
268 3613 349 3679 causa
360 3601 455 3667 (ecesse
467 3603 599 3669 (utentur.
614 3606 648 3657 Et
664 3610 726 3674 post
736 3601 822 3657 multa
836 3618 843 3655 ε
857 3605 889 3658 ln
901 3605 939 3656 ta·
993 3620 1095 3659 mecum
1105 3606 1253 3660 amicitiam
1265 3620 1358 3660 ueram
1370 3604 1487 3658 tenebas.
1500 3606 1599 3659 licum
1611 3602 1714 3670 quippe
1725 3600 1797 3653 diri-

137 3668 207 3722 lrbus
221 3668 357 3722 stabilitas
369 3672 495 3724 amicitia
507 3675 659 3742 confirmari
666 3677 763 3742 potest,
779 3688 839 3727 cum
854 3673 939 3727 iomi-
992 3690 1100 3739 narum,
1112 3691 1146 3730 erc
1154 3676 1252 3744 quibus
1262 3679 1330 3730 recte
1339 3676 1617 3745 bumonapensnntur,
1628 3674 1718 3724 socius
1727 3670 1799 3724 milli

137 3754 183 3793 nes
206 3739 386 3795 benevolentia
405 3741 540 3810 corrjuncti
554 3745 673 3813 primum
691 3742 891 3813 cupiditatibus
903 3745 939 3798 iis
992 3746 1111 3800 nmrdum
1130 3760 1198 3808 cras,
1213 3748 1269 3800 sine
1285 3747 1393 3815 quando
1409 3761 1456 3800 nec
1473 3748 1525 3816 ipse
1537 3745 1565 3796 in
1578 3743 1616 3794 eis
1635 3755 1721 3801 eram,
1737 3742 1796 3795 sebe

137 3810 235 3891 quibam
250 3813 341 3865 eaeteri
352 3814 471 3867 seruiunt
487 3814 674 3883 imperabunt,
697 3813 795 3868 deinde
814 3815 940 3882 equitate
990 3820 1167 3888 posteaquam
1181 3831 1225 3871 eas
1238 3832 1331 3886 sapere
1343 3819 1418 3888 copi,
1432 3834 1450 3871 o
1462 3815 1552 3886 quiden
1565 3816 1595 3866 tu
1607 3811 1682 3879 ionqe
1695 3810 1796 3864 abisar-

131 3884 295 3952 pustittaquc
303 3883 469 3950 puniebant,
480 3886 621 3954 omniaque
628 3886 696 3939 aiter
701 3899 753 3955 pra
764 3884 849 3939 altero
860 3886 941 3939 sauci·
993 3888 1080 3943 rebus.
1095 3888 1161 3945 Nolo
1172 3891 1263 3941 antem
1274 3903 1436 3951 succenseas,
1448 3903 1494 3942 nec
1504 3885 1553 3940 tibi
1561 3883 1688 3938 rideatur
1699 3882 1797 3935 absur-

134 3954 939 4025 piet;nequequidquomnmquammisihonestumetrectum,
993 3959 1068 4023 dum,
1093 3959 1165 4030 qimd
1185 3959 1232 4013 illo
1247 3962 1373 4030 tempore,
1395 3974 1456 4013 cum
1469 3960 1499 4012 in
1512 3971 1585 4010 uano
1604 3953 1704 4008 mundi
1715 3952 1795 4022 buius

138 4025 207 4079 alter
218 4024 252 4078 ub
262 4025 346 4080 altero
355 4027 515 4095 postulabit.
531 4030 625 4098 ltaque
636 4029 665 4081 in
676 4029 710 4081 iis
720 4028 886 4097 pemr'amsus
901 4030 941 4083 est
994 4034 1147 4093 restaurem,
1163 4032 1286 4100 quamuis
1297 4045 1339 4084 me
1350 4030 1466 4084 multum
1475 4042 1567 4082 amore
1580 4025 1721 4087 uidereris
1734 4039 1792 4077 non·

137 4111 221 4160 error,
243 4098 292 4166 qui
309 4099 470 4154 eaistimant
487 4098 631 4153 libidinum
647 4102 868 4169 peccatorumque
881 4113 940 4152 om·
994 4100 1059 4156 dum
1073 4116 1132 4156 cras
1147 4103 1250 4156 amicus
1264 4116 1346 4164 meres,
1362 4100 1472 4171 quando
1485 4114 1532 4154 nec
1543 4100 1600 4168 ipsc
1618 4097 1688 4151 mibi
1698 4097 1792 4149 amiens

138 4171 214 4222 nium
231 4172 325 4237 patere
346 4171 375 4223 in
396 4173 516 4226 amicitia
537 4171 673 4226 licentiam
695 4171 850 4224 :uirtutum
869 4171 941 4223 enim
995 4186 1079 4235 eram,
1091 4172 1137 4227 sed
1148 4174 1239 4242 potins
1252 4174 1391 4237 inimicum
1403 4171 1547 4240 diligebam
1557 4171 1660 4239 quippe
1670 4168 1793 4237 imquita-

138 4241 260 4293 amicitia
277 4240 405 4309 adjutrice
424 4259 441 4296 a
461 4245 563 4296 remum
581 4243 649 4297 duta
664 4244 718 4304 est,
739 4256 792 4295 non
812 4241 942 4295 uitiorum
995 4246 1057 4306 tern,
1067 4249 1200 4305 circuere,
1210 4243 1580 4311 quiadiuinasententiaest,
1592 4241 1790 4309 quiascriptum

139 4325 232 4365 comes.
996 4319 1036 4368 est
1049 4315 1079 4368 in
1090 4315 1190 4369 sanctis
1201 4314 1279 4368 libris
1292 4324 1303 4368 τ’
1316 4315 1369 4381 Qui
1377 4314 1468 4382 diligit
1478 4313 1665 4381 iniquitatem,
1678 4306 1792 4363 edinen·

175 4373 189 4411 ¹²
210 4378 392 4434 Commendat
411 4395 507 4436 rursus
527 4390 554 4437 et
567 4381 688 4437 inculcat
708 4379 778 4436 hanc
799 4380 941 4437 seniorum
994 4399 1066 4438 mam
1076 4399 1162 4438 suom.
1180 4385 1246 4441 Cum
1257 4400 1320 4455 erqo
1331 4385 1445 4440 odissem
1457 4386 1581 4437 oninium
1595 4397 1692 4442 meam
1704 4390 1790 4433 nerum

140 4448 316 4528 sententiam,
342 4449 430 4503 verbis
451 4451 574 4505 nonnihil
598 4452 760 4516 immutatis,
781 4466 842 4523 cap.
872 4455 908 4506 24
932 4468 939 4506 ε
995 4456 1112 4509 amicum
1126 4455 1256 4525 quamodo
1271 4456 1506 4525 baberepateram,
1522 4469 1555 4508 ea
1568 4455 1639 4507 mihi
1652 4455 1788 4522 optantem

142 4517 264 4574 Charitas
270 4518 462 4587 stabilitateque
468 4522 939 4591 indiruptanonpoteritperdurare,
995 4526 1133 4596 inquibus
1155 4527 1213 4596 ipse
1230 4529 1362 4597 meipsum
1373 4527 1497 4596 patiebar
1511 4527 1671 4579 inimicum?
1687 4521 1789 4577 Grotius

141 4590 197 4643 nisi
209 4590 279 4645 inter
296 4591 366 4645 ciros
380 4591 499 4661 ejusdem
512 4594 623 4647 uirtutis
636 4598 718 4662 atquc
730 4594 872 4662 propositi.
887 4593 941 4649 Ea·
997 4599 1088 4666 itaque
1103 4601 1166 4661 Deo,
1182 4598 1254 4667 quod
1268 4601 1293 4652 te
1306 4599 1375 4652 milri
1386 4599 1504 4652 amicum
1518 4597 1611 4664 suamc
1623 4593 1722 4648 tardem
1736 4589 1791 4642 ali·

141 4659 258 4733 demque
270 4677 364 4718 rursus
378 4660 449 4718 hanc
465 4662 637 4718 collationem
652 4663 689 4718 ita
704 4662 839 4718 concludit
856 4681 863 4718 :
879 4664 942 4721 Ger·
955 4669 982 4735 1)
995 4669 1103 4738 quondo
1113 4669 1258 4737 diqnotur;
1269 4685 1340 4724 nunc
1351 4671 1421 4724 mim
1432 4670 1509 4723 nobis
1519 4672 1561 4721 esi
1572 4679 1659 4722 rerum
1669 4663 1791 4715 nummis·

142 4736 246 4788 tissima
260 4751 323 4805 erqo
337 4740 376 4790 est
388 4735 661 4805 prudmtissimorum
676 4735 793 4789 uirorum
812 4735 863 4789 illa
881 4750 942 4791 scn-
995 4755 1057 4794 rum
1067 4756 1126 4795 mm
1138 4741 1316 4795 benevolentia
1328 4742 1494 4795 striccitate
1508 4737 1676 4794 conseminia
1689 4733 1790 4786 Christo

142 4808 249 4860 tentia:
266 4808 533 4863 oeramcanoordiam
551 4811 577 4862 et
595 4805 768 4861 indiuiduam
789 4808 944 4863 societatem
994 4813 1058 4866 iesu
1076 4814 1186 4868 Domino
1200 4815 1296 4875 nostro,
1312 4814 1454 4866 nemesimo
1467 4825 1535 4881 pace
1548 4814 1652 4870 nosne,
1664 4805 1713 4876 qui
1727 4803 1791 4857 dte·

142 4878 277 4956 nisiinter
288 4879 438 4934 ememiatos
447 4895 531 4935 mores
541 4879 711 4950 eiusdemque
720 4879 831 4934 uirtutis
842 4894 874 4933 ac
880 4893 944 4949 pro-
997 4883 1046 4936 bus
1054 4885 1196 4954 praecptis
1204 4887 1299 4938 carecto
1305 4883 1442 4953 preconia
1451 4881 1545 4936 dimna
1554 4880 1683 4935 comiserit
1691 4876 1790 4930 deae:

139 4948 224 5026 pocati
235 4948 312 5027 uiros.
323 4952 396 5027 stare
409 4965 461 5004 non
471 4966 557 5020 posse.
574 4952 660 5006 Porro
673 4949 729 5005 huc
743 4948 859 5018 pertinet
871 4950 942 5005 ami·
996 4955 1096 5023 Diliges
1108 4955 1250 5010 mminum
1261 4958 1345 5010 neum
1363 4958 1439 5008 nsum
1456 4969 1491 5008 en
1501 4957 1555 5008 toto
1570 4951 1649 5006 corde
1661 4953 1712 5010 tua,
1724 4950 1748 4999 et
1760 4957 1792 4996 ec

143 5026 214 5072 crttae
230 5015 353 5073 definitio
368 5033 382 5072 a
397 5019 528 5076 Cicerone
542 5021 652 5088 tradita,
667 5029 695 5077 et
708 5036 723 5076 a
735 5024 770 5076 D.
788 5021 942 5093 Augustino
998 5028 1055 5079 tota
1068 5027 1161 5079 animo
1173 5031 1231 5091 tau,
1242 5029 1267 5079 et
1277 5041 1311 5080 ec
1322 5029 1376 5080 tata
1386 5029 1545 5089 mentorum
1563 5027 1590 5077 et
1600 5022 1694 5090 ditipes
1703 5015 1795 5087 proti·

143 5103 309 5161 magnopere
318 5089 520 5172 commendsto,
529 5107 593 5147 cum
602 5091 636 5146 ad
648 5092 839 5148 Marcellinum
848 5106 944 5164 quem·
997 5110 1071 5149 mum
1081 5101 1157 5151 tuum
1166 5100 1303 5166 tamquam
1312 5098 1349 5150 tei
1367 5111 1437 5150 sum.
1449 5096 1532 5152 iniis
1545 5087 1795 5212 dinunomgnss

143 5160 206 5217 dam
228 5170 346 5218 veterem
371 5177 490 5219 amioum
521 5171 585 5219 ete
623 5163 697 5219 entili
716 5162 944 5220 catechumenum
999 5171 1056 5221 tota
1071 5167 1114 5222 lca
1126 5168 1225 5238 pendet
1239 5171 1264 5222 et
1275 5183 1345 5238 prop
1379 5172 1413 5222 tce
1427 5166 1534 5238 (Meni.
1551 5170 1646 5231 xxrr).
1660 5163 1719 5218 lius
1752 5171 1794 5219 rw,

144 5231 247 5289 iactum
270 5233 305 5290 ita
325 5234 417 5290 scribit
438 5238 537 5306 (Epist.
555 5180 646 5307 1555:
668 5237 745 5291 Nosti
763 5238 794 5288 ut
809 5234 944 5302 definierit
998 5239 1024 5292 si
1035 5252 1136 5292 mecum
1154 5240 1307 5307 firmissime
1322 5244 1421 5300 teneas.
1442 5237 1566 5292 amintio
1584 5242 1800 5292 nostrorumst

140 5308 290 5361 amuitiam
310 5308 422 5364 Romani
435 5308 484 5375 (ita
499 5309 540 5361 ait
555 5307 668 5376 quidam
681 5308 792 5372 [Lucan.
810 5305 829 5359 i.
845 5304 942 5377 vt11])‚
999 5311 1160 5391 sempiterna
1173 5312 1234 5371 erit,
1249 5314 1274 5364 et
1287 5325 1334 5365 nos
1348 5325 1401 5364 nan
1415 5311 1503 5365 solum
1517 5311 1643 5369 inuicem,
1663 5304 1801 5382 sedetiam

143 5379 279 5433 monimus
287 5384 383 5433 auctor
394 5378 498 5434 Tullius
508 5379 618 5447 eloquii.
628 5377 796 5439 Diuitenim,
804 5378 830 5431 et
837 5379 945 5433 sonnis
998 5381 1054 5450 ipsi
1073 5381 1182 5435 Domino
1201 5381 1322 5436 sonabit.
1343 5383 1410 5436 liaeo
1423 5381 1457 5436 de
1474 5394 1538 5435 vera
1558 5378 1688 5434 amicitie
1704 5372 1803 5430 detior-

143 5448 208 5500 sime
220 5465 250 5503 oc
261 5452 398 5506 uerissime
409 5449 482 5504 dicit
494 5468 503 5503 .-
517 5450 649 5505 Amicitio
662 5452 702 5502 cst
714 5463 804 5503 rerum
815 5448 946 5504 bumana·
999 5452 1073 5507 tione
1087 5465 1141 5505 non
1154 5449 1245 5506 miuus
1258 5450 1394 5524 eleganter
1404 5467 1488 5523 quarn
1500 5450 1641 5506 subtiliter
1654 5450 1688 5503 t).
1704 5449 1802 5516 Augu·

143 5520 472 5576 rumetdiuinnrumcum
482 5520 946 5577 immotmtnetcnontatesumma
1000 5522 1102 5591 stinus3
1136 5535 1177 5578 uae
1192 5520 1254 5577 licet
1270 5523 1372 5592 prolixe
1386 5520 1468 5591 dicta,
1482 5531 1579 5579 nmen
1592 5521 1626 5576 ad
1637 5516 1723 5600 hujus
1740 5512 1803 5579 loci·

143 5592 286 5669 consensio.
307 5595 348 5674 Tu
360 5595 460 5655 autem,
476 5593 514 5645 mi
530 5592 698 5659 charissime,
714 5593 865 5662 aliquando
877 5592 948 5646 milri
1000 5592 1086 5649 immo
1100 5537 1135 5649 aa
1147 5592 1327 5676 totiushujus
1345 5592 1499 5650 collationis
1513 5601 1541 5650 et
1554 5587 1755 5665 disputationis
1769 5585 1804 5670 de

142 5660 322 5741 consentiebas
337 5678 365 5716 m
373 5662 452 5716 rebus
464 5663 587 5717 iunonis
601 5682 609 5717 :
622 5678 702 5732 porro
714 5665 744 5717 in
755 5664 865 5724 diuinis,
878 5677 947 5730 qna
1000 5679 1062 5719 vera
1075 5663 1194 5720 amicitia
1204 5664 1695 5738 intelligentiamelucidationemque
1708 5660 1801 5718 crisu-

139 5744 202 5785 rum
216 5729 284 5784 meir
296 5731 343 5786 illo
357 5735 472 5801 tempore
485 5733 564 5785 nullu
577 5734 689 5787 lucerm
700 5735 798 5794 virtus,
811 5734 905 5801 utique
915 5734 947 5789 in
1000 5735 1070 5792 mari
1085 5734 1198 5792 omnino
1212 5737 1360 5794 recitanda.

127 5804 237 5879 majore
246 5804 323 5866 tiliis
331 5803 500 5881 definitione
506 5806 599 5877 parte,
611 5805 707 5861 nostro
716 5802 840 5860 amicitia
848 5803 946 5861 cnudi
