3824 6164
129 237 196 295 tras
667 220 1239 293 rosnmscsssmmconmmonss.
1717 233 1783 289 rice

126 368 287 419 sentuosum
298 358 332 417 de
346 359 404 425 illo,
419 358 542 432 quamvis
554 359 686 427 abscisso,
702 360 832 416 sidorum
843 358 924 417 iomi-
939 364 965 427 Α
979 357 1084 417 umetis
1108 355 1276 425 errantibus,
1299 352 1376 412 solus
1396 353 1451 427 ipse
1467 369 1523 411 non
1541 352 1658 410 fallitur.
1674 355 1786 413 ‘Omni

127 461 154 511 te
166 452 328 525 germinare,
342 460 389 509 aut
400 467 481 510 mens
499 452 671 524 presumptis
687 452 757 510 ultra
775 459 925 509 consuetu·
978 455 1054 513 enim
1076 444 1204 511 cautione
1229 461 1312 527 atque
1338 450 1449 509 solertia
1465 449 1524 525 jugi
1551 449 1574 506 si
1594 450 1786 522 marmspeeti

127 546 218 605 dinem
241 544 358 618 dapibus
376 554 488 602 onerata
502 560 560 602 non
584 560 647 618 erga
666 543 803 601 famulum
826 560 927 618 eorpus
979 549 1072 607 cordis
1092 555 1217 606 serretur
1229 546 1363 614 intentio,
1380 544 1539 618 quomodo,
1556 541 1664 616 judicio
1682 550 1786 603 nesta

126 642 246 716 rigorem
256 639 451 697 dominationis
462 656 519 698 suae
532 642 682 707 inflectere,
696 641 849 713 praesertim
863 656 925 697 cum
980 642 1155 701 discretionis
1168 648 1297 709 emante‘,
1320 648 1367 698 aut
1384 637 1594 696 inconsideratae
1607 637 1786 698 nannenus

126 735 155 793 in
169 735 250 793 nobis
273 734 385 792 viridior
404 742 470 792 aetas
486 733 542 791 cito
560 733 596 790 ed
618 734 794 791 mbellioucm
818 732 926 791 subdita
980 735 1127 810 cupiditate
1146 734 1282 803 succensi,
1298 732 1489 791 eutdesiderio
1503 731 1601 788 nimie
1612 732 1786 793 remissionis

125 830 213 903 possit
226 829 349 886 membra
361 828 533 901 compellere,
552 828 574 884 si
589 828 633 885 eel
651 844 725 886 esces
738 829 832 886 solitas
843 828 926 884 ebun-
981 830 1076 898 illecti,
1098 828 1279 887 substantiam
1298 827 1399 883 vinum
1413 833 1573 883 nonnarum
1588 825 1691 897 iniquas
1707 827 1785 885 nuti-

125 924 244 994 dantius,
260 925 302 981 uel
315 922 519 981 certeinsolitas
534 922 659 980 licentius
673 926 892 996 praesumamus?
979 942 1024 986 na
1050 925 1249 984 examinatione
1275 923 1415 1004 libremus,
1439 919 1538 977 sedin
1564 918 1649 976 altera
1672 919 1786 993 quidm

411 1017 530 1073 CAPUT
548 1018 642 1073 xxti.
980 1021 1056 1078 lance
1072 1020 1172 1078 animae
1187 1020 1351 1094 puritatem,
1364 1017 1393 1074 in
1405 1016 1490 1072 nitere
1499 1013 1574 1071 vires
1585 1016 1710 1088 corporis
1724 1015 1785 1075 col·

143 1114 286 1184 ilapansio
298 1112 331 1168 de
343 1113 680 1168 rosemundaeontinentia
691 1116 906 1182 temperamenta.
980 1114 1111 1184 locantes,
1126 1115 1164 1173 ita
1181 1129 1246 1171 rero
1263 1110 1438 1170 conscientie
1456 1107 1565 1183 judicio
1578 1118 1694 1183 utraque
1714 1124 1784 1184 pen·

159 1206 287 1262 Theanus
310 1223 316 1259 :
338 1204 368 1260 Si
395 1204 517 1260 universe
541 1216 603 1274 quae
625 1204 746 1276 gerimus
770 1203 926 1260 rationabili
980 1208 1090 1278 damus,
1105 1209 1174 1266 utin
1188 1214 1315 1265 neutrum
1329 1212 1435 1279 partem
1449 1203 1532 1261 unius
1545 1202 1585 1259 rei
1598 1202 1704 1261 aiiectu
1716 1220 1784 1277 pree·

125 1300 225 1357 mentis
243 1298 430 1371 appendamus
452 1298 587 1366 examine,
603 1299 678 1355 etde
699 1300 817 1369 puritate
835 1299 927 1357 cordis
981 1300 1149 1373 ponderante
1170 1300 1301 1372 perversi,
1319 1298 1363 1354 vel
1386 1297 1421 1355 ed
1444 1294 1628 1353 immodicam
1641 1295 1784 1355 dicmetio

123 1394 211 1450 nostri
233 1408 289 1449 non
309 1392 427 1448 aliorum
440 1391 588 1464 judicium,
610 1393 657 1450 sed
678 1402 802 1449 nostram
818 1409 927 1468 semper
981 1396 1107 1463 nem,rel
1121 1394 1156 1451 ad
1168 1394 1282 1451 nimiam
1292 1391 1496 1459 remissionem,
1509 1390 1675 1464 equalitatis
1687 1391 1783 1448 libram

123 1489 321 1547 conscientium
334 1487 520 1555 consulamus,
531 1495 637 1545 certum
650 1497 691 1545 est
704 1489 786 1546 istam
799 1488 925 1546 reiectio·
981 1490 1139 1562 propensius
1151 1488 1324 1556 inclinemus,
1346 1494 1374 1544 et
1388 1484 1457 1542 illud
1469 1484 1551 1541 nobis
1567 1486 1611 1542 vel
1624 1501 1674 1557 pre
1693 1486 1783 1543 muris

125 1585 171 1641 nis
195 1582 426 1655 intercapedinem
446 1581 521 1654 juste
547 1582 712 1641 districtioni
743 1583 840 1641 obesse
870 1599 927 1641 uon
980 1583 1065 1640 monis
1078 1582 1119 1639 sel
1134 1597 1183 1655 pro
1195 1580 1372 1638 districtionis
1383 1578 1524 1634 nimietate
1536 1577 1783 1647 dicatur,⁶ll'orme

125 1692 214 1751 posse,
230 1678 253 1734 si
269 1675 363 1745 modo,
385 1684 415 1731 ut
429 1674 535 1733 dictum
555 1683 608 1745 est,
627 1691 737 1749 mquam
751 1676 924 1750 indulgentia
980 1680 1090 1733 sirecte
1114 1677 1231 1744 atteras,
1252 1689 1306 1730 nan
1328 1678 1419 1730 cutem
1435 1677 1505 1728 reate
1526 1672 1641 1737 dividas,
1662 1678 1783 1745 peccasti

123 1769 353 1843 continentiaque
378 1784 537 1827 mensuram
562 1770 619 1843 pari
643 1771 720 1828 lance
747 1770 925 1844 perpendens,
941 1762 965 1826 B
981 1770 1055 1837 (den.
1064 1784 1108 1837 tv,
1116 1784 1166 1825 sec.
1176 1768 1352 1837 Lxxlilllas
1360 1766 1465 1824 etenim
1469 1764 1780 1839 jejuniorumrictimas,

123 1873 138 1901 ⁸
159 1872 305 1936 utramque
326 1863 454 1920 similiter
472 1863 642 1921 nimietatem
663 1878 742 1921 mens
768 1865 925 1938 incorrupta
980 1865 1137 1940 quasnobis
1152 1862 1269 1920 uiolenta
1282 1861 1418 1919 viscemm
1435 1860 1781 1919 convulsioneinconsidc·

123 1958 255 2031 castigem
269 1966 401 2015 etutrum
419 1957 547 2030 spiritum
561 1967 690 2016 noenum
702 1959 859 2017 deliciarum
876 1959 924 2018 de·
979 1968 1038 2017 rete
1059 1965 1253 2031 extorquentes
1272 1956 1393 2013 Domino
1415 1962 1489 2013 recte
1504 1953 1607 2013 oiierre
1619 1970 1668 2011 nos
1688 1954 1780 2013 credi-

125 2053 226 2125 primat
243 2052 360 2125 pondus,
378 2068 414 2109 an
435 2068 500 2110 xero
524 2053 657 2122 alteram,
679 2054 733 2109 hoo
747 2053 925 2126 esteorporis
979 2070 1059 2120 mus,
1082 2054 1127 2111 illc
1149 2054 1197 2126 qui
1225 2052 1313 2125 diligit
1339 2050 1560 2109 misericordiam
1590 2058 1620 2108 et
1641 2051 1780 2124 iudicium,

125 2152 248 2217 partem,
270 2145 357 2218 maJ'or
370 2144 539 2203 abstinentia
553 2145 666 2202 inclinet
679 2145 847 2214 austeritas,
862 2160 924 2204 vera
979 2156 1136 2208 exsecratur
1160 2146 1262 2215 dicens,
1282 2151 1341 2217 spo
1355 2150 1486 2204 sommus
1497 2145 1619 2217 diliana
1632 2148 1780 2218 judicias,

123 2237 288 2294 decretione
305 2236 473 2308 distinguat,
495 2237 570 2293 illem
593 2237 634 2293 vel
661 2237 860 2312 comprimens,
883 2238 924 2295 uel
980 2251 1006 2302 ee
1023 2244 1084 2301 odio
1101 2244 1200 2300 nobem
1219 2246 1345 2314 manum
1364 2245 1394 2298 in
1413 2242 1602 2309 ¹holocaustum
1624 2244 1688 2315 (iso.
1712 2242 1780 2315 uxr).

123 2329 269 2388 sublevans
282 2331 446 2401 portionem,
461 2346 545 2403 quam
559 2330 600 2388 vel
623 2331 713 2388 extolli
732 2333 869 2401 senserit,
884 2331 924 2390 vel
980 2338 1044 2395 illos
1057 2338 1138 2394 etiam
1153 2337 1198 2409 qui
1213 2335 1392 2406 oblationem,
1407 2335 1502 2404 idest,
1517 2335 1682 2394 officiorum
1703 2346 1781 2411 atque

125 2424 239 2500 gravam
251 2424 322 2482 Nihil
335 2425 410 2480 enim
421 2425 558 2481 Dominus
569 2434 662 2482 noster
674 2426 708 2482 ad
722 2426 827 2484 autrum
844 2436 925 2497 atque
979 2440 1089 2488 actuum
1104 2446 1217 2488 suorum
1228 2431 1364 2503 praecipua
1379 2429 1512 2487 adlatum
1523 2431 1618 2487 carnis
1631 2440 1781 2505 atqueustu

125 2518 259 2577 honorem
272 2533 354 2575 suum
361 2517 464 2589 absque
471 2516 568 2590 judicii
580 2517 772 2576 moderatione
785 2520 841 2576 vult
853 2519 924 2593 deri,
979 2525 1103 2599 proprios
1117 2532 1326 2596 presumentes,
1347 2523 1477 2597 reliquias
1495 2540 1596 2581 eorum
1611 2526 1734 2583 Domino
1752 2541 1781 2582 ar

122 2615 186 2688 quia
203 2618 291 2671 lionae
304 2617 376 2684 repis
387 2614 521 2683 inanium
541 2614 634 2684 diligit
649 2615 731 2686 (Psoi.
752 2618 873 2685 xcvtst).
891 2617 925 2671 lit
978 2619 1125 2676 minimam
1144 2618 1270 2675 delerant
1285 2619 1452 2691 portionem,
1468 2618 1543 2675 velut
1554 2620 1698 2690 operarios
1714 2618 1782 2677 irau-

123 2709 226 2767 idcirco
245 2709 462 2782 sapientissimus
474 2708 616 2776 Salomon,
631 2716 663 2764 ut
677 2708 704 2763 in
716 2717 841 2765 neutram
860 2724 924 2780 par·
977 2710 1104 2769 delentos
1125 2726 1215 2769 sermo
1232 2711 1345 2769 diuinus
1367 2712 1404 2768 ite
1427 2710 1604 2780 condemnat,
1626 2715 1782 2771 nasama

121 2812 179 2862 tem
204 2812 332 2875 vergente
350 2800 453 2875 judicio
467 2800 650 2869 declinemus,
672 2803 803 2859 admonet
820 2802 925 2872 dicens,
978 2809 1028 2876 qui
1044 2807 1194 2877 tacitanus
1208 2807 1318 2862 Domini
1330 2806 1636 2873 fraudulenta-(ierem.
1660 2812 1781 2873 remes).

120 2902 229 2957 Honora
241 2901 324 2954 ileum
336 2898 370 2954 de
380 2898 437 2953 tuis
449 2896 535 2966 iustis
553 2897 698 2966 laboribus,
710 2902 736 2952 et
747 2897 837 2953 deliba
852 2898 877 2952 ei
890 2897 924 2953 de
977 2898 1039 2953 Non
1053 2912 1119 2970 ergo
1138 2896 1280 2953 immerito
1292 2912 1358 2953 eum
1371 2898 1417 2970 qui
1433 2913 1464 2954 se
1476 2898 1515 2954 ita
1527 2896 1621 2969 iniquo
1635 2896 1709 2955 lallit
1726 2912 1783 2957 esa

118 2993 255 3060 {raetiam
273 2992 392 3061 justitia
412 2994 466 3045 trra
479 2992 567 3053 (Prae.
587 2988 671 3059 111).b
693 2989 798 3044 Etenim
822 2988 924 3047 residet
977 2989 1063 3053 mine,
1085 2989 1208 3062 increpat
1228 2990 1472 3048 Dominusdicens
1489 3010 1496 3047 :
1514 2993 1783 3050 Verumtomeonuni

120 3084 149 3141 in
168 3084 333 3141 conscientia
351 3091 443 3139 nostra
465 3084 641 3153 incorruptus
658 3083 768 3155 quidam
789 3098 821 3139 ac
842 3099 923 3140 verus
975 3084 1029 3152 elii
1041 3084 1185 3146 bominum,
1198 3082 1338 3139 mendaces
1348 3085 1402 3153 ellit
1416 3085 1559 3140 bominum
1570 3087 1602 3140 in
1618 3090 1738 3155 stateris,
1753 3092 1780 3143 nt

115 3175 264 3250 juder,qui
278 3191 487 3247 nonnumquam
496 3190 578 3245 super
587 3183 660 3233 statu
672 3176 794 3247 puritatis
803 3183 915 3241 nostra,
934 3160 1107 3245 Cdeciprant
1135 3176 1216 3246 (Psal.
1234 3175 1307 3245 uxr).
1331 3178 1367 3231 Et
1387 3174 1491 3232 idcirco
1506 3176 1605 3235 beatus
1628 3181 1779 3259 Apostolus,

664 3282 791 3339 susum
809 3284 922 3339 GAZAE!
941 3282 1218 3340 consentimus.

155 3406 168 3433 ⁸
182 3394 228 3452 Sic
247 3390 330 3448 abbas
349 3394 459 3515 Mogses
474 3389 565 3474 collat.
590 3395 684 3462 icap.
703 3395 737 3477 ta
752 3410 758 3446 :
772 3393 865 3475 Omni,¹
876 3391 922 3447 in·
977 3392 1213 3475 platianislstndia
1220 3394 1263 3447 uti
1270 3393 1413 3477 passimus.
1424 3393 1453 3448 S.
1465 3392 1657 3478 Hieronymus
1666 3395 1695 3451 in
1703 3395 1776 3478 epist.

120 3467 297 3540 quiescente
309 3462 386 3516 debet
413 3465 562 3516 secretionis
573 3463 669 3517 bonum
681 3464 923 3518 uirtutebumeleta
977 3463 1011 3519 ed
1024 3466 1206 3535 Nepotianum
1223 3466 1321 3534 (Epist.
1333 3467 1371 3529 rr)
1382 3485 1388 3517 ι
1400 3467 1519 3519 Tunicam
1530 3466 1579 3520 tibi
1593 3467 1700 3522 modum
1707 3484 1777 3538 pepe-

122 3541 158 3594 tis
167 3536 284 3605 acquiri,
295 3546 409 3601 quernos
418 3532 515 3585 illesos
525 3532 559 3585 ab
569 3537 683 3601 utruque
713 3538 780 3588 otest
788 3536 924 3589 rrimmtate
977 3537 1083 3589 nimum
1096 3539 1216 3607 impone,
1228 3540 1358 3605 quantum
1373 3537 1446 3603 serre
1458 3541 1547 3605 potes.
1563 3538 1626 3593 Sim
1638 3539 1691 3592 tibi
1700 3554 1778 3609 puro,

122 3622 237 3665 sanare
254 3607 335 3661 Vetus
354 3617 468 3671 namque
479 3605 611 3656 sententio
625 3609 674 3667 est,
690 3549 823 3673 ἷκρότητες
836 3602 923 3671 lodxq-
977 3611 1062 3671 ousta,
1075 3607 1223 3676 simplicia,
1237 3606 1390 3670 modmuto,
1406 3611 1432 3661 et
1446 3622 1499 3660 nort
1513 3612 1702 3677 superstitiosa
1717 3610 1779 3680 jaja-

121 3696 172 3743 τις,
183 3678 269 3743 idest,
280 3676 431 3728 nimietates
441 3673 610 3742 aequalitates
618 3678 689 3729 eunt.
704 3674 843 3730 Adustum
852 3678 924 3730 enim
977 3677 1034 3730 nia.
1048 3678 1082 3730 Et
1096 3680 1128 3731 erl
1143 3675 1290 3733 Rusticum
1303 3675 1471 3732 monachum
1487 3678 1584 3748 (Epist.
1601 3680 1645 3745 rs)
1655 3698 1663 3735 ς
1674 3680 1778 3749 sauma

123 3748 332 3822 dnmssfmfiissi
342 3744 447 3814 jejunii
457 3749 482 3798 ⁶²
495 3746 628 3800 Wadi&
639 3748 769 3815 Pffl'tm‘i,
783 3747 924 3815 eudemum
976 3746 1193 3809 nonannoeane,
1207 3762 1240 3801 ne
1248 3748 1335 3801 nimiu
1348 3747 1487 3803 debilitent
1502 3750 1672 3812 scemenum,
1683 3756 1711 3804 et
1720 3766 1779 3805 ma-

123 3818 265 3892 dispendio
279 3816 438 3884 sipiliamem
458 3815 637 3869 immoderata
649 3818 815 3871 continuatio
828 3832 924 3871 mana-
972 3817 1061 3886 jarem
1072 3819 1244 3885 resectionem
1258 3820 1397 3887 poscentia
1411 3824 1552 3889 animpont
1561 3821 1592 3872 in
1605 3820 1778 3883 auiditatem,

123 3892 204 3949 olum
217 3904 269 3959 qna
287 3888 373 3942 somni
385 3888 539 3954 merensimi
551 3890 641 3954 torpor
656 3888 774 3941 inuoluit.
791 3889 862 3944 Nam
875 3903 924 3958 per
976 3904 1038 3957 qua
1046 3889 1299 3958 paraslibidinum
1311 3894 1359 3944 est.
1372 3892 1694 3960 liadiceesettemperotns
1706 3892 1779 3947 eiam

124 3976 259 4020 excessum
277 3958 447 4012 militnm
462 3956 634 4010 debilitatem
647 3972 777 4027 quemque
796 3958 834 4011 ad
846 3959 924 4013 illum
977 3964 1003 4013 et
1016 3962 1094 4015 corni
1105 3964 1132 4015 ct
1145 3962 1247 4016 anima
1260 3960 1335 4015 utilis
1349 3964 1399 4016 est.

123 4040 226 4092 ”amm
243 4031 364 4086 simii
380 4041 480 4081 ”iiiiii
491 4032 539 4088 03‘2
553 4029 583 4107 in
595 4042 648 4097 ⁹1¹⁰
664 4028 925 4099 neplipensqqaqnp
1012 4030 1028 4066 ‘¹
1051 4033 1092 4087 lta
1115 4030 1267 4087 seeundum
1283 4030 1409 4087 Graecam
1425 4030 1634 4087 translationem
1655 4033 1776 4106 Septuag.

121 4122 172 4178 per
182 4105 315 4159 incernam
331 4101 474 4154 detinetur.
490 4099 557 4152 iimo
570 4097 623 4153 elle.
640 4097 710 4153 Vide
723 4098 761 4154 ibi
771 4099 925 4156 notationes
978 4102 1171 4172 interpretum,
1190 4116 1273 4173 quam
1293 4102 1413 4172 plerique
1427 4102 1523 4158 Patres
1539 4105 1626 4159 menti
1637 4113 1718 4169 sunt;
1736 4112 1776 4160 aa.

51 4221 57 4237 ·
123 4186 231 4233 noslrfls
243 4172 326 4239 (Vide
339 4170 386 4225 ll'b·
400 4183 432 4223 Vl
444 4171 509 4224 1¹²⁸!-
519 4184 540 4223 θ·
557 4168 633 4233 illb)-
978 4187 1030 4242 que
1045 4173 1116 4229 inter
1130 4173 1199 4229 alios
1211 4173 1379 4243 Augustinus
1393 4172 1441 4228 lib.
1462 4188 1496 4227 su
1510 4176 1552 4228 De
1566 4173 1647 4230 (tivit.
1661 4175 1709 4231 Dei
1719 4190 1773 4246 esp.

160 4241 174 4280 ¹³
189 4248 265 4303 idem
288 4242 377 4298 0⁰¹¹?st
400 4245 436 4294 ²⁰
452 4255 477 4294 θ·
492 4247 508 4293 ⁵
524 4258 531 4294 ἰ
548 4241 708 4295 Verissimus
728 4241 840 4311 aemam
860 4256 926 4297 aaa·
979 4249 994 4297 7
1009 4246 1058 4299 :ln
1070 4245 1130 4311 irae,
1143 4242 1243 4314 inquit,
1252 4244 1433 4299 admonitione
1443 4246 1608 4314 quamneus
1618 4247 1731 4316 protum
1742 4246 1775 4299 aa

124 4322 243 4374 minutor
250 4314 413 4385 pauitantia
420 4315 446 4365 et
453 4311 718 4380 indrelpentioejudec
729 4314 758 4365 in
766 4315 926 4368 mnscientia
979 4315 1055 4375 Cain,
1065 4314 1134 4369 illud
1145 4315 1253 4385 quidese
1265 4315 1337 4384 quod
1346 4315 1449 4369 datum
1459 4319 1499 4370 cst
1512 4334 1522 4369 .·
1533 4318 1773 4384 Noernesirecteat·

127 4388 226 4443 residet
237 4390 337 4449 nostra,
348 4384 396 4451 qrei
409 4381 600 4435 absolutionem
611 4386 701 4436 reatus
716 4386 802 4438 nostri
811 4389 873 4439 onte
887 4400 926 4439 ee
979 4387 1064 4452 sarus,
1080 4390 1244 4441 remeantem
1253 4402 1306 4440 nan
1315 4385 1433 4449 dividas,
1439 4390 1578 4456 pseusti?
1587 4390 1650 4458 quaa
1659 4402 1714 4441 non
1724 4388 1773 4441 erg.

127 4458 258 4530 petitionis
272 4461 297 4508 ct
318 4452 420 4521 iudicii
440 4450 510 4506 dian
533 4451 621 4506 adbuc
640 4454 715 4507 erebra
730 4456 761 4508 in
779 4455 830 4509 bac
849 4470 926 4511 cume
980 4461 1020 4511 oet
1031 4472 1079 4511 eur
1091 4457 1210 4511 velanda
1224 4459 1261 4512 sit
1273 4457 1384 4525 dietam,
1394 4458 1493 4513 multos
1507 4472 1601 4514 smmis
1613 4458 1773 4529 peperitejue

126 4523 507 4590 ⁰⁰mm01'llllil'blidefedl'bei
525 4524 718 4588 satisfactionis
732 4526 814 4591 fluam
832 4526 869 4579 ud
881 4541 925 4580 re·
980 4528 1138 4590 obscuritas,
1152 4543 1211 4583 aem
1226 4528 1382 4582 diuinorum
1392 4528 1716 4599 Saeptamrumqnisquc
1726 4535 1773 4583 tro·

126 4601 262 4657 missionis
273 4597 393 4667 peritiam
400 4594 509 4663 peredit.
521 4592 590 4661 Qum
600 4592 741 4663 quomado
750 4594 925 4667 intelligenda
979 4603 1067 4653 etatae
1078 4600 1223 4653 secundum
1236 4598 1302 4667 fidei
1312 4599 1434 4667 amulam
1451 4600 1484 4653 id
1497 4606 1611 4655 conatur
1621 4602 1770 4669 caprum.

126 4673 189 4735 sint,
207 4671 243 4726 ibi
257 4677 298 4725 est
311 4665 488 4737 explicatum.
981 4673 1059 4726 ilecte
1073 4672 1173 4740 qnippe
1186 4671 1307 4738 affertur
1321 4672 1502 4738 suminatam,
1519 4687 1579 4726 cum
1595 4672 1709 4736 efferim
1721 4672 1771 4722 ileo

162 4754 173 4782 ⁰
187 4741 290 4801 Similia
305 4747 369 4794 sunt
386 4735 442 4792 loca
460 4735 506 4791 lib.
521 4750 541 4790 v
554 4735 675 4791 institut.
690 4750 749 4807 cop.
765 4736 792 4801 8,
807 4742 864 4793 liet
877 4743 926 4805 Ὦς
980 4755 1052 4803 uero,
1065 4744 1110 4795 eui
1118 4743 1168 4795 uni
1176 4741 1360 4796 mruummoda
1373 4742 1580 4810 saalfieandmn
1592 4745 1637 4793 est.
1651 4741 1710 4793 Non
1722 4754 1771 4793 aa·

128 4816 221 4874 collat.
240 4822 256 4867 2
275 4828 334 4881 cap.
350 4815 383 4864 ii
402 4819 430 4863 et
447 4811 493 4863 26.
510 4807 615 4878 Quibus
633 4815 660 4862 et
679 4808 725 4863 SS.
741 4808 853 4863 Petrum
868 4824 929 4865 sen·
982 4816 1033 4867 tarn
1048 4818 1118 4867 recte
1131 4813 1275 4875 diuiditur,
1288 4813 1354 4867 dum
1371 4827 1424 4867 reon
1443 4812 1631 4868 damnarentur
1644 4816 1714 4865 reme
1735 4810 1773 4865 ecl

129 4887 219 4943 tentiae
231 4883 419 4952 astipulantur.
430 4878 599 4934 Basiliuslilr.
614 4878 648 4934 de
663 4878 732 4934 Vera
747 4879 925 4951 virginitate:
982 4884 1048 4948 laete,
1062 4885 1104 4938 ael
1112 4884 1288 4953 tenporaocl
1300 4898 1342 4938 res
1354 4885 1421 4952 ipsa
1430 4898 1492 4953 quoe
1505 4882 1772 4951 attentabimus-iqui

129 4958 204 5014 Siue!
213 4957 244 5008 in
257 4954 327 5021 qula
339 4953 579 5021 intemperantium
589 4950 809 5019 declinerepruoe
818 4956 844 5007 et
855 4954 928 5021 peri·
981 4955 1069 5022 offert,
1082 4956 1124 5008 ecl
1136 4956 1320 5024 quiessertur,
1329 4954 1370 5009 cel
1381 4956 1520 5024 iniquibus
1529 4952 1772 5010 uduesrertdnmdi·

36 5028 40 5045 ²
129 5030 248 5085 calonem
261 5027 309 5089 est,
323 5024 362 5074 itu
375 5024 548 5090 pernimiam
561 5021 929 5092 abstinentiamcapusane
980 5026 1208 5096 atribuiturquorl
1222 5026 1342 5079 oblatum
1355 5030 1409 5092 est,
1427 5030 1457 5080 ut
1469 5026 1629 5081 diuisionem
1640 5025 1771 5093 intellipu·

130 5117 188 5158 rere
211 5102 237 5153 et
250 5093 349 5149 inutile
367 5091 480 5146 redolere
499 5093 572 5145 aterni
588 5094 709 5161 prosecta
726 5098 830 5147 ratione
845 5097 926 5147 caret.
981 5110 1040 5150 mres
1056 5098 1259 5165 discretionem·
1269 5098 1391 5152 sisenem
1404 5096 1517 5165 affertur
1530 5098 1583 5151 ubi
1599 5113 1652 5151 reon
1664 5097 1771 5165 apertat

130 5177 221 5245 Neque
230 5170 298 5225 enim
308 5165 470 5220 abstineres
484 5163 620 5232 uoluptate
628 5166 698 5232 pala
705 5179 755 5232 per
765 5179 792 5217 sc
803 5168 928 5232 capetan-
981 5170 1035 5222 sice
1052 5182 1111 5222 oum
1129 5167 1241 5237 offertur
1252 5169 1362 5237 qnando
1379 5184 1433 5223 nan
1451 5172 1568 5237 epomet,
1584 5174 1634 5223 ant
1647 5166 1771 5237 quodnm

130 5246 195 5300 dum
210 5247 262 5303 est,
276 5238 322 5295 sed
335 5237 399 5305 quiu
414 5232 451 5288 ad
469 5235 578 5288 uirtutis
591 5236 795 5302 acquisitionem
815 5236 926 5300 caiisa-t.
982 5243 1054 5301 tuno,
1065 5240 1188 5293 sedenim
1200 5243 1318 5309 opertam
1334 5242 1455 5294 sincerem
1464 5240 1496 5294 id
1506 5238 1625 5307 offertum
1637 5238 1770 5309 qarodnne

131 5317 207 5381 Quod
217 5316 243 5369 si
255 5310 325 5366 illud
338 5306 415 5375 cirins
432 5308 524 5374 promo
537 5306 656 5359 ciborum
670 5305 860 5358 abstinentiam
878 5307 927 5360 eli·
980 5325 1062 5378 queam
1076 5316 1102 5367 et
1114 5326 1262 5379 rrrrmquam
1273 5312 1382 5380 penitus
1395 5311 1501 5376 debuit;
1516 5312 1576 5365 siue
1587 5326 1648 5365 aum
1659 5310 1771 5365 elenae

129 5388 227 5451 pimus,
240 5400 290 5456 per
303 5378 505 5436 immoderatum
517 5376 822 5444 nepliqamresinediom,
834 5382 928 5433 saraim
980 5379 1033 5434 sibi
1043 5380 1160 5450 ejusdem
1172 5384 1276 5450 pencris
1289 5396 1378 5436 rerum
1393 5385 1461 5436 tenet
1476 5382 1566 5447 bomo,
1580 5398 1665 5452 quam
1682 5384 1772 5435 sistro

131 5460 211 5521 atque
223 5456 392 5510 instituimus
402 5452 517 5517 aqimus.
532 5450 599 5503 llum
609 5451 698 5512 fracto
711 5449 876 5517 contritaque
886 5451 928 5504 in·
980 5466 1041 5520 qua
1059 5454 1144 5520 essert
1159 5456 1226 5519 ilem
1241 5456 1296 5507 siue
1315 5468 1374 5507 eum
1388 5451 1446 5521 cp'us
1461 5454 1503 5507 rei
1516 5468 1581 5521 qua
1594 5454 1685 5508 oblatu
1698 5450 1772 5518 eslii

130 5526 285 5589 strumento,
295 5539 381 5594 neque
391 5526 444 5578 mo
461 5521 591 5575 inbarere
601 5536 651 5590 per
666 5519 784 5575 lectionis
797 5526 822 5575 et
831 5523 929 5576 matia-
979 5525 1112 5594 particeps
1123 5526 1268 5594 profanus.
1279 5528 1328 5578 aut
1337 5524 1452 5592 quilibet
1459 5538 1539 5593 quem
1549 5527 1703 5591 (manual
1710 5520 1772 5590 lieri.

129 5594 174 5647 nis
184 5595 299 5649 studium
310 5608 461 5664 possumus,
470 5592 595 5662 nequead
603 5592 928 5661 liutrumbeneficentium
981 5594 1025 5648 Sic
1040 5597 1215 5665 Augrrstlnus.
1231 5599 1314 5651 Porro
1328 5596 1442 5665 Vtrlpela
1454 5593 1542 5649 versio
1555 5594 1609 5649 disi
1623 5588 1774 5662 liieronymi

130 5665 308 5720 demorsitatis
318 5668 438 5731 efficium
448 5666 521 5719 obire
546 5665 929 5732 lpitnreteorporiseuronc·
983 5678 998 5718 a
1021 5666 1138 5722 coneilio
1153 5665 1312 5721 Tridentino
1331 5664 1478 5736 approbata
1501 5664 1541 5719 sic
1569 5665 1654 5721 habet
1671 5666 1776 5722 :Nomi

127 5735 244 5792 aemerio
259 5734 380 5788 bellanda
389 5738 437 5796 est,
446 5750 500 5787 non
508 5736 594 5801 ipsios
605 5735 707 5799 pratia,
722 5734 769 5787 sal
781 5737 811 5787 ut
820 5733 929 5787 seruitio
982 5738 1008 5789 si
1022 5737 1083 5792 bene
1095 5740 1187 5807 epolus,
1199 5740 1323 5807 recipiam
1337 5740 1483 5793 sinautem
1494 5737 1580 5800 mulc,
1593 5739 1690 5792 statim
1699 5737 1728 5791 in
1737 5735 1775 5802 su

128 5809 203 5865 illius
219 5804 256 5861 od
268 5800 442 5877 philosophie
463 5802 500 5867 (id
516 5810 574 5867 est,
588 5801 726 5870 sapientise
740 5800 781 5855 vel
802 5810 928 5857 comem·
981 5807 1056 5864 ritus
1068 5815 1206 5880 peecatum
1220 5810 1311 5865 aderit
1323 5810 1398 5875 (den.
1412 5811 1466 5877 tr).
