3848 6158
164 218 216 273 {bb
836 221 977 281 torulus
996 223 1148 280 casstmlt
1768 221 1819 275 156

164 341 279 413 plicam,
303 357 363 399 non
384 350 449 399 ante
464 358 577 415 prorsus
592 343 758 408 admittitur,
774 360 858 418 quam
871 345 968 404 diebus
979 351 1006 413 Α
1018 347 1116 404 Sciunt
1132 346 1287 402 enimcum
1298 343 1351 401 sub
1365 342 1528 400 monasterii
1546 341 1693 414 disciplina
1710 339 1821 398 diutur-

164 431 270 502 deoem,
287 433 328 491 rel
338 451 371 492 eo
387 435 508 508 amplius
531 453 580 509 pro
599 435 708 494 foribus
719 438 876 508 excubans,
891 438 965 496 indi·
1018 456 1088 498 num
1101 456 1162 497 esse
1176 455 1234 496 non
1250 454 1341 511 posse,
1352 437 1402 495 sed
1415 453 1450 494 nc
1464 436 1629 494 humilitatis
1636 434 1759 509 quidem,
1772 443 1820 492 aut

164 531 241 586 cium
261 531 491 602 perseverantiae,
522 546 556 586 ao
574 530 702 587 desiderii
730 531 785 598 sui,
806 532 965 606 pariterque
1019 532 1186 591 obedientiae
1207 532 1446 605 apprehensurum
1467 546 1527 589 essc
1543 531 1688 596 virtutem,
1704 544 1756 585 neo
1774 528 1820 586 illa

163 621 329 679 humilitatis
357 639 390 679 ac
407 623 545 695 patientia
569 622 808 680 demonstraverit.
839 624 965 695 Cumque
1019 627 1139 684 coeuobii
1161 634 1321 698 paupertate
1334 641 1366 682 ac
1385 624 1557 683 districtione
1568 630 1730 679 contentum
1745 621 1817 692 fore,

164 717 294 772 omnium
304 718 528 788 pretereuntium
539 715 656 775 fratrum
670 718 964 790 genibusprovolutus,
1019 722 1043 778 si
1059 722 1088 778 in
1101 720 1271 777 conscientia
1281 719 1340 793 ejus
1354 717 1775 793 pecuniaequantulumcnmque
1785 717 1821 773 le-

164 818 193 866 et
204 809 240 866 ab
255 810 391 866 universis
404 811 439 866 de
453 808 590 866 industria
604 809 743 868 refutatus
756 818 838 885 alque
851 809 965 883 despec-
1018 814 1140 872 titarerit
1162 814 1228 870 :sed
1241 813 1289 871 ubi
1304 814 1426 885 primum
1438 821 1533 869 exona
1549 810 1630 869 fuerit
1642 811 1761 889 quab'bet
1775 825 1822 868 oc·

163 910 219 973 tus,
231 911 374 975 tamquam
383 904 430 976 qui
442 920 499 960 non
511 904 662 977 religionis,
671 904 720 961 sed
730 906 899 963 necessitatis
913 907 967 963 ob·
1020 907 1129 964 cesione
1140 907 1305 975 commotio,
1320 899 1333 937 l
1354 905 1453 962 fiducia
1472 906 1550 978 stipis
1566 906 1639 962 illius
1653 905 1819 973 animatum,

163 1004 242 1054 tentu
257 998 459 1054 monasterium
472 1007 548 1071 optet
567 1000 669 1055 intrare
675 1003 708 1069 3⁸
728 999 838 1071 injuriis
857 1014 966 1071 quoque
1019 1000 1151 1056 continuo
1162 999 1201 1072 ‚de
1218 999 1399 1065 monasterio,
1414 992 1490 1055 velut
1503 997 1586 1055 funda
1607 1006 1726 1066 rotante,
1745 996 1822 1070 fugi-

163 1097 191 1145 et
211 1090 472 1162 exprobrationibus
490 1092 586 1148 multis
602 1089 734 1160 aflectus,
745 1093 965 1165 experimentum
1019 1100 1124 1149 turum.

162 1183 268 1243 dederit
278 1188 441 1243 constantiae
454 1202 521 1255 suae,
534 1189 676 1262 qualisque
686 1187 799 1245 futurus
812 1189 847 1244 sit
860 1189 887 1244 in
900 1196 965 1246 ten-
1321 1211 1442 1269 CApUT
1467 1213 1514 1268 pp·

162 1279 329 1348 rationibus,
360 1280 570 1353 opprobriorum
598 1282 743 1339 tolerantia
771 1282 962 1352 declaraverim

163 1379 245 1443 atque
258 1373 297 1429 ita
311 1372 391 1430 fuerit
405 1372 548 1447 explorato
566 1377 668 1432 mentis
682 1375 781 1433 ardore
796 1384 941 1449 susceptus
956 1395 962 1431 :
1021 1350 1074 1408 (Μ’
1086 1350 1230 1417 famatam
1245 1351 1319 1420 &¹⁸²
1342 1352 1392 1420 ⁹¹⁴5
1408 1351 1517 1420 ⁰⁰²¹⁶9i⁰
1535 1351 1722 1407 mmmm
1736 1352 1820 1407 Μ’·

163 1462 211 1519 d..
282 1467 288 1478 .
531 1469 562 1481 ,,
772 1470 779 1483 ,
810 1469 847 1483 ,,
1110 1420 1190 1485 orm,
1207 1421 1292 1476 marm
1303 1424 1461 1476 manerem
1475 1421 1729 1493 >arcamarcaa

183 1464 304 1537 ringentes
318 1481 429 1525 summa
441 1477 620 1544 perquiratur,
641 1485 677 1526 ne
691 1470 724 1527 de
738 1477 864 1542 prastrnrs
882 1467 966 1525 facul·

165 1558 270 1616 tatibus
279 1559 337 1617 suis
353 1560 493 1619 inhaeserit
506 1562 532 1618 ei
552 1562 593 1619 rel
608 1564 692 1620 unius
704 1563 815 1620 nummi
828 1562 964 1636 mntagio.
1056 1560 1091 1616 Et
1106 1558 1208 1616 idcirco
1223 1561 1279 1616 ‘ue
1291 1558 1391 1627 usibus
1401 1557 1516 1632 quidem
1531 1560 1651 1617 coenobii
1664 1557 1822 1633 profuturas

712 1700 840 1756 aarum
859 1698 974 1755 GAZAEl
994 1695 1277 1755 COMMENTARIUS.

162 1810 273 1863 Petrum
284 1815 312 1863 et
326 1809 470 1865 communi
484 1811 657 1867 observantia
671 1811 756 1868 fuisse
769 1813 905 1869 astrictos.
920 1814 964 1868 De
980 1818 1004 1880 B
1020 1812 1053 1867 dc
1064 1813 1181 1867 claustro
1194 1798 1375 1867 umbreae-rs.
1393 1813 1522 1869 calaum
1535 1812 1635 1867 uideris
1645 1813 1774 1883 impotens
1784 1813 1823 1867 ud

161 1887 225 1934 voto
240 1881 408 1950 paupertatis
421 1881 489 1937 nibil
503 1883 658 1954 expressius
679 1891 707 1938 et
724 1883 896 1939 enucleatius
908 1882 962 1939 dici
1019 1883 1207 1953 supportanda
1219 1899 1301 1938 oneo
1315 1886 1414 1953 procia
1427 1884 1577 1953 relipcbnis.
1597 1885 1659 1938 Hoec
1673 1888 1699 1937 ct
1717 1884 1822 1938 similia

161 1951 251 2018 potuit
288 1965 352 2006 uam
371 1951 447 2023 quod
460 1952 532 2009 inter
543 1954 595 2010 alia
614 1953 732 2010 babetur
744 1969 776 2010 ca
798 1960 864 2019 .³6‚
884 1959 916 2008 ut
934 1957 964 2009 in
1016 1959 1104 2024 potest
1117 1956 1143 2008 ci
1159 1954 1255 2009 dicere.
1268 1954 1313 2010 Sic
1327 1953 1381 2010 illc.
1400 1956 1502 2010 Verum
1518 1961 1548 2010 ut
1562 1953 1607 2009 hie
1622 1955 1698 2009 locus
1720 1953 1820 2026 insigni

160 2020 210 2075 bac
223 1964 365 2085 nubtura,
380 2038 462 2092 quom
481 2039 571 2079 coram
585 2028 648 2081 ‘Deo
662 2030 688 2080 et
705 1971 809 2095 anpeg‘s
828 2025 886 2095 ejus
898 2040 965 2095 pro·
1019 2025 1112 2096 aliquo
1127 2023 1277 2106 illustretur
1290 2026 1425 2097 exemplo,
1441 2024 1602 2107 audiamus,
1615 2039 1720 2106 quaeso,
1734 2025 1821 2080 loan-

160 2093 248 2164 fessus
258 2093 423 2162 enodarem
431 2096 816 2168 usquepcrdures.Quampau
835 2103 963 2164 ertatem,
1019 2111 1086 2152 nem
1102 2095 1257 2151 climacum
1270 2095 1304 2152 de
1319 2096 1440 2166 quodam
1452 2104 1621 2152 monasterio
1635 2105 1685 2151 rstu
1698 2096 1821 2151 referen-

160 2161 219 2218 sive
236 2162 400 2232 nuditatem,
418 2163 499 2221 docet
510 2165 544 2221 ab
557 2166 610 2222 illis
620 2166 794 2223 strictissime
808 2113 895 2222 baisse
908 2181 963 2222 ser·
1019 2175 1074 2224 tem
1088 2165 1199 2236 (Gradu
1212 2170 1248 2233 t)
1264 2167 1569 2239 :sudmirobar,inquit‚
1580 2183 1628 2237 epo
1640 2168 1822 2237 illicproescns

160 2241 333 2306 vatam,cap.
350 2242 365 2291 ³
378 2243 405 2290 et
419 2238 610 2308 sequentibus.
620 2240 662 2292 De
676 2245 740 2293 voto
749 2236 928 2294 continentie
937 2245 965 2292 et
1017 2240 1123 2293 nouiter
1143 2253 1177 2292 aa
1193 2239 1288 2293 seculo
1310 2240 1472 2293 uenientium
1486 2239 1581 2308 fidere,
1596 2243 1621 2293 et
1636 2239 1820 2300 tolerantiam,

161 2305 304 2372 eastitatis,
329 2321 386 2361 non
402 2306 553 2363 obscurum
574 2308 682 2365 exbibet
695 2307 888 2363 testimouium
902 2315 964 2363 tum
1017 2313 1098 2378 atque
1109 2310 1303 2377 iniquominiis
1315 2310 1526 2372 etcantumeliis,
1543 2309 1726 2379 etaliquanda
1740 2311 1822 2363 etiam

161 2375 191 2430 iu
213 2377 258 2432 illa
278 2376 423 2434 collatione
441 2379 570 2435 monachi
591 2389 619 2436 et
633 2379 756 2436 bominis
773 2378 849 2434 cruci
871 2376 963 2444 affixi,
1016 2379 1248 2449 persecutionibus
1265 2380 1473 2449 insuperabilem
1491 2382 1672 2449 patientiam,
1686 2395 1755 2447 quas
1769 2395 1823 2434 non

160 2445 256 2503 dicens
276 2449 416 2503 monachos
434 2452 527 2505 timore
546 2453 596 2506 Dei
616 2453 698 2522 quusi
709 2449 872 2520 quibusdam
883 2449 966 2503 clauis
1021 2453 1127 2504 tantum
1141 2448 1177 2500 ub
1189 2449 1301 2511 abbate,
1315 2450 1365 2503 sed
1382 2450 1416 2502 ab
1430 2452 1464 2503 iis
1483 2465 1589 2518 quoque
1602 2451 1651 2517 qui
1667 2450 1823 2516 lorrpeinse-

161 2522 311 2589 mantuae,
321 2523 442 2589 oportere
455 2536 507 2576 nau
515 2522 601 2576 solum
612 2522 765 2577 carrmlibus
774 2522 859 2584 uitiis,
873 2535 966 2575 unum
1020 2523 1105 2575 riores
1117 2522 1205 2582 aaut,
1212 2520 1443 2589 perpetiebantur.
1454 2522 1549 2587 ltaque
1557 2519 1744 2588 aedificationis
1759 2535 1823 2588 pra-

161 2591 242 2644 etium
255 2592 322 2659 ipsis
337 2592 471 2648 elementis
480 2593 681 2664 qrrodammodo
690 2597 808 2648 mortuos
821 2607 876 2647 esse
886 2592 963 2662 (cap.
1020 2594 1070 2655 tio,
1086 2589 1231 2660 quemdum
1245 2606 1279 2644 eu
1293 2590 1429 2656 fratribus
1440 2592 1590 2644 sciscitatus
1605 2605 1678 2651 sarm,
1695 2592 1824 2659 quiante

161 2666 196 2716 34
209 2666 235 2716 et
249 2663 305 2729 35),
317 2669 383 2729 etc.;
392 2668 454 2717 tum
467 2661 496 2718 in
506 2678 539 2719 eo
550 2663 626 2736 quod
639 2663 850 2736 diligentissime
859 2661 895 2718 ab
910 2662 966 2718 illis
1020 2662 1173 2733 quindecim
1182 2675 1268 2716 annos
1277 2663 1305 2714 in
1316 2663 1586 2730 monasterioeqerat,
1598 2661 1823 2730 Abbaeprumno-

161 2731 338 2788 observatum
352 2732 457 2802 scribit,
470 2739 501 2790 ut
508 2734 631 2804 juniores
640 2737 865 2807 proesmtimsuus
877 2747 965 2788 omnes
1020 2736 1103 2798 mine,
1112 2747 1189 2803 quern
1203 2734 1409 2801 muat'meaffici
1417 2731 1527 2801 injuriis
1539 2733 1598 2798 sere
1607 2732 1642 2785 ab
1651 2732 1773 2785 omnibus
1782 2734 1823 2786 ui-

161 2805 349 2872 copitatioaes,
364 2805 447 2860 etium
469 2808 678 2870 occultissimus,
701 2807 887 2862 etdiubolieas
903 2819 966 2872 sup-
1019 2805 1125 2868 debam,
1138 2818 1341 2874 nonnumquam
1355 2804 1509 2858 umoefiam
1522 2804 1720 2857 arnirnstrisea
1729 2817 1821 2857 mensa

160 2876 299 2944 pastiones,
315 2890 361 2930 seu
374 2877 461 2943 ipnita
466 2877 563 2946 jacula
577 2878 678 2933 seniori
686 2878 874 2958 patefacerent
884 2877 963 2944 (Gap.
1017 2878 1124 2944 sapori.
1143 2878 1213 2931 Erat
1225 2876 1294 2929 enim
1309 2876 1399 2941 frater
1417 2875 1462 2929 ille
1475 2875 1638 2928 naturaliter
1656 2874 1757 2942 linquae
1772 2875 1824 2928 ali·

161 2949 178 3000 8
193 2952 219 3000 et
233 2950 273 3009 9.)
286 2946 360 3002 ilinc
373 2948 408 3000 D.
425 2947 545 3004 Basilius
559 2948 586 3003 in
599 2949 713 3018 Regulus
724 2945 775 3001 fus.
786 2946 890 3017 disput.
900 2960 962 3015 cap.
981 3006 985 3013 ,
1017 2949 1179 3015 quantulum
1186 2946 1592 3015 incontinensbicebam'itaquc
1600 2945 1637 2999 od
1644 2944 1739 2998 illum:
1751 2945 1823 3012 Quia

162 3019 196 3069 td
223 3017 295 3070 serio
311 3015 444 3071 admonet
462 3032 510 3073 eus
528 3017 575 3088 qui
596 3017 682 3072 vitam
699 3016 884 3072 monasticam
898 3031 963 3071 cum
1018 3022 1065 3079 est,
1081 3017 1330 3085 fraterbbbacpre,
1345 3017 1417 3086 quad
1433 3017 1712 3086 tequotidieamensa
1724 3017 1825 3085 repelli

160 3084 327 3155 virginitatis
340 3085 511 3157 professione
529 3087 668 3158 suscipere
680 3086 780 3142 uolunt
794 3087 908 3142 omuino
917 3085 963 3142 di·
1017 3088 1103 3151 uideo,
1117 3106 1148 3145 aa
1159 3103 1360 3156 nonnumquam
1374 3088 1491 3141 dormire
1514 3089 1698 3141 incenatum?
1716 3087 1769 3154 Qui
1782 3087 1820 3141 ad

147 3155 312 3222 ,mittendos
335 3171 403 3236 esse.
426 3159 460 3212 lit
480 3157 511 3213 in
523 3157 659 3229 prooemio
683 3157 794 3213 constit.
817 3165 937 3214 monast.
955 3176 961 3211 :
982 3158 1073 3253 Chao
1087 3163 1128 3215 ito
1145 3159 1284 3229 respoudit
1308 3159 1417 3215 :crede
1430 3160 1516 3221 milii,
1540 3162 1629 3220 Pater,
1646 3158 1763 3228 probent
1781 3173 1824 3213 mc

160 3229 266 3296 ltaque,
283 3227 382 3297 inquit,
388 3229 445 3353 gui
463 3244 481 3281 n
495 3229 591 3283 mundi
604 3230 719 3284 viendis
730 3230 798 3284 liber
809 3244 864 3285 esse
878 3231 960 3300 cupii,
1017 3232 1182 3292 Patresmei,
1195 3235 1288 3284 utrum
1302 3231 1449 3284 monachus
1462 3245 1516 3283 esse
1530 3231 1655 3299 cupiam·
1670 3244 1723 3282 non
1732 3231 1823 3283 autem

160 3299 387 3369 nuptiosualutpe
407 3301 703 3371 irasquasdamsuqit:
717 3300 759 3356 bis
769 3301 964 3356 outemrelictis
1017 3301 1822 3371 etmemfaciunt.QrmmepoPotrisoliorumqueintentrbncm

160 3370 246 3423 uitam
260 3384 337 3423 suam
347 3374 400 3424 lieo
411 3376 556 3435 consecrat,
572 3376 597 3427 et
609 3375 760 3427 cosmatem
768 3360 920 3442 profitetur,
934 3375 966 3425 ut
1019 3388 1072 3427 nou
1088 3376 1227 3442 ipnorcns,
1250 3373 1382 3426 latissime
1404 3388 1435 3425 ac
1452 3374 1509 3425 sine
1523 3373 1581 3425 ulla
1594 3371 1715 3425 molestia
1728 3372 1819 3424 omnin

161 3455 245 3510 neque
257 3441 376 3507 facultas
390 3444 487 3512 ipsisit
501 3445 677 3500 corruersionis
692 3444 728 3498 nd
742 3445 862 3512 nuptias.
878 3447 964 3498 Porro
984 3447 991 3459 ‘
1019 3445 1102 3499 tolero
1111 3463 1119 3498 a
1129 3450 1156 3499 et
1165 3442 1358 3498 eccedeu'mum
1372 3442 1562 3511 quintumjam
1575 3458 1677 3496 arratam
1688 3441 1823 3510 epasmo

160 3508 195 3566 de
211 3510 378 3580 obedientia,
394 3512 507 3584 ejusque
525 3514 637 3570 vinculo
656 3521 684 3569 et
702 3514 896 3569 obseruatione
910 3512 966 3583 agit
1019 3516 1147 3582 capitons,
1164 3517 1233 3569 sicut
1252 3517 1278 3566 ct
1290 3515 1360 3582 ipsi,
1372 3513 1482 3582 quando
1496 3515 1689 3568 monasterium
1708 3514 1821 3575 intranei,

162 3581 308 3639 Cassianus
322 3580 378 3638 iere
391 3590 451 3638 toto
466 3583 518 3639 boc
533 3584 603 3639 libro
617 3626 624 3652 ,
639 3593 671 3641 ut
685 3599 717 3639 er
737 3584 819 3639 dictis
831 3591 923 3654 patet,
939 3589 978 3637 et·
1020 3585 1151 3639 eliserunt
1165 3584 1241 3645 mibi,
1252 3583 1325 3651 quod
1339 3583 1471 3652 usquead
1480 3599 1581 3636 annum
1590 3590 1624 3639 30
1630 3584 1822 3640 denuntiantes

162 3653 261 3708 claritis
275 3669 307 3709 er
322 3653 500 3725 sequentibus
511 3654 614 3726 patebit
627 3672 634 3709 :
650 3653 817 3711 nominatim
830 3670 894 3710 vero
904 3668 963 3724 cap.
1017 3656 1266 3725 probaresolerent
1279 3656 1313 3708 Et
1328 3658 1395 3707 reete
1407 3653 1525 3722 porilem,
1535 3656 1617 3708 Potor
1628 3658 1753 3716 ioannes,
1766 3656 1824 3709 sine

163 3728 197 3779 12
215 3723 295 3780 docet
325 3740 373 3780 eos
390 3725 523 3782 virtutem
547 3725 710 3782 obedieutiae
738 3726 774 3780 ita
787 3725 918 3791 uoluisse,
939 3731 966 3792 et
1017 3726 1177 3796 probatione
1190 3727 1260 3780 enim
1272 3739 1369 3777 nurum
1380 3739 1434 3777 raon
1446 3726 1742 3793 perpetualiterque
1750 3741 1823 3793 epre-

162 3796 269 3851 cunctis
284 3796 432 3852 virtutibus
447 3797 609 3870 praetulisse,
621 3806 651 3853 ut
662 3795 890 3922 buicd'udicment
902 3811 967 3851 om·
1019 3798 1080 3866 pius
1096 3798 1257 3867 Abbacprus
1272 3793 1385 3850 secundo
1399 3809 1470 3847 anno
1481 3799 1627 3863 postquam
1645 3796 1821 3858 aduenerant,

161 3866 207 3921 nia
228 3866 432 3939 postponenda,
453 3878 481 3924 et
493 3869 620 3924 universa
633 3868 729 3940 dispeu
750 3868 774 3922 ia
785 3869 877 3924 subire
899 3867 967 3922 mal·
1020 3870 1150 3937 miqraaut
1158 3868 1377 3923 adnamirmmin
1387 3866 1609 3926 monasteriolam,
1618 3867 1755 3928 Patribus,
1765 3881 1824 3920 cum

162 3937 230 3999 lent.
246 3954 331 4010 quam
350 3938 403 3994 boc
422 3938 528 3995 bouum
553 3939 583 3995 in
610 3939 702 4066 aliquo
721 3939 832 3995 uiolare.
855 3938 966 4014 Habes,
1020 3939 1153 4009 deficeret,
1168 3938 1279 3994 dicens:
1298 3938 1407 3994 Grattius
1427 3951 1479 4003 apo
1494 3937 1605 3991 Domino
1625 3940 1653 4016 rt
1665 3937 1748 3998 uobis,
1768 3940 1822 3992 Pu·

162 4009 261 4078 lector,
282 4011 435 4082 praecipuos
455 4011 526 4066 ritus
539 4019 568 4066 et
594 4026 649 4066 con
670 4010 768 4065 itiones
782 4017 840 4067 tam
863 4010 966 4081 proba·
1022 4014 1084 4074 tres,
1096 4011 1170 4081 quod
1181 4025 1222 4064 mc
1232 4009 1269 4063 ed
1280 4010 1395 4062 salutem
1409 4021 1495 4061 meam
1505 4009 1628 4061 tenuantis
1638 4008 1744 4075 Jupiter
1756 4026 1763 4059 :
1776 4009 1826 4062 bac

161 4079 245 4136 tionis
257 4096 340 4152 quam
354 4080 531 4153 professionis
546 4082 707 4138 monasticae
728 4081 802 4152 apud
817 4082 968 4142 monachos
1022 4085 1092 4136 enim
1101 4081 1376 4137 encauscimmunisa
1385 4079 1687 4133 tertiationedamonum
1696 4078 1824 4133 hactenus

161 4150 705 4221 Tabenneusiotas,'sivePachomiauos,
719 4153 887 4222 observatas,
898 4169 968 4225 quas
1020 4156 1119 4208 mansi.
1137 4153 1182 4208 Sic
1196 4152 1250 4206 iile.
1648 4197 1649 4201 ,

163 4220 226 4276 vide
250 4224 358 4291 plenius
369 4223 402 4278 ab
419 4229 539 4281 Auctore
553 4224 714 4295 explicatas.
1056 4216 1234 4294 ¹’Dionysius
1258 4220 1453 4290 paraphrastes
1475 4237 1481 4271 ε
1498 4221 1597 4275 Statim
1616 4220 1649 4273 de
1664 4222 1824 4275 monasterio

197 4292 210 4322 ⁸
224 4293 269 4347 Sic
281 4295 314 4346 D.
332 4294 515 4364 Basiliuscap.
533 4300 617 4350 tsuae
627 4295 751 4366 Regulae,
765 4303 792 4350 et
803 4295 894 4366 ipsum
905 4295 965 4351 imi·
1019 4296 1109 4363 supin
1119 4296 1256 4347 animatus
1270 4291 1369 4360 iduma
1377 4305 1433 4344 suu
1440 4294 1570 4359 peccunia,
1580 4292 1652 4344 aretia
1662 4291 1751 4358 furrdu
1761 4307 1823 4360 pro·

162 4367 237 4416 tatus
251 4364 285 4415 D.
313 4361 477 4418 Benedictus
491 4378 551 4433 cap.
570 4370 624 4418 58:
648 4368 729 4432 Erpa,
744 4365 799 4427 ait,
820 4367 965 4422 circuiens
1015 4365 1113 4433 jactus.
1126 4362 1255 4434 Sequenti
1268 4377 1342 4431 cap,
1356 4363 1394 4417 Nc
1408 4361 1569 4428 confidentia
1584 4361 1665 4430 lartius
1680 4362 1824 4416 oblationis

160 4435 371 4502 perseveraverit
382 4434 506 4503 pulsans,
518 4439 543 4487 et
554 4433 648 4488 illotas
659 4434 713 4489 sibi
724 4435 852 4503 injurias,
868 4440 893 4488 et
904 4436 965 4502 dis·
1019 4436 1141 4503 infinum,
1153 4442 1209 4489 ete.
1223 4433 1310 4488 Porro
1324 4431 1413 4499 funda
1429 4431 1502 4486 dicto
1520 4447 1548 4486 eo
1563 4433 1636 4502 qraod
1658 4449 1692 4486 cae
1714 4448 1743 4486 eu
1755 4434 1823 4499 fun-

162 4503 309 4571 ticultutem
324 4505 472 4571 inpressas,
484 4507 546 4574 pan
559 4509 687 4573 quotuor,
699 4508 748 4557 aut
762 4507 881 4574 quinquie
894 4504 961 4569 dies,
1020 4505 1123 4559 dautur
1156 4506 1183 4559 lu
1203 4504 1269 4566 ides,
1295 4501 1322 4557 id
1344 4510 1400 4567 est,
1424 4504 1594 4565 emittantur,
1617 4503 1657 4558 ait
1684 4502 1820 4558 isidorus.

162 4575 236 4627 uisus
250 4573 338 4638 fuerit
348 4576 487 4644 patienter
499 4579 624 4645 portare,
646 4579 671 4629 et
684 4577 827 4645 persistere
837 4578 965 4646 petitioni
981 4563 1146 4646 DtEtpmol.
1157 4521 1204 4632 1ἑέ
1215 4589 1294 4630 xum
1306 4589 1332 4629 c.
1347 4572 1400 4643 18).
1409 4573 1627 4630 lustramentum
1635 4575 1702 4629 satis
1711 4581 1822 4639 uotum,

162 4658 229 4711 sure,
243 4649 382 4699 annuatur
395 4649 420 4701 ei
434 4650 575 4715 inpressas,
589 4655 641 4700 etc.
653 4648 837 4710 (munemne
848 4649 966 4716 Rurini).
1021 4662 1054 4702 ex
1068 4645 1192 4702 funiculo
1217 4654 1265 4701 aut
1280 4644 1391 4701 fasciola
1406 4641 1584 4711 confectum,
1602 4644 1636 4701 ad
1650 4643 1780 4701 rotundos
1797 4653 1824 4700 et

163 4716 199 4771 Et
211 4713 292 4780 infra,
308 4725 427 4788 quatuor
441 4716 613 4772 conditiones
627 4716 656 4772 in
668 4716 773 4773 novitio
788 4716 968 4787 explorandas
1018 4716 1161 4789 jactandos
1174 4717 1275 4787 lapides
1296 4733 1302 4771 :
1333 4731 1367 4771 uo
1378 4715 1467 4771 David
1477 4714 1626 4786 superbum
1637 4716 1745 4772 Goliam
1760 4730 1823 4787 pro-

163 4786 287 4857 ruquirit.
307 4796 332 4843 1.
347 4791 372 4843 si
381 4804 474 4844 reuera
485 4792 569 4843 Deum
584 4791 698 4858 quartu
715 4789 917 4844 tricalitano
929 4795 968 4847 est
1021 4788 1116 4844 stravit
1129 4788 1154 4859 (l
1164 4791 1229 4857 Req.
1247 4731 1340 4858 ιινιιἹ.

164 4859 201 4914 ud
212 4874 278 4929 epus
293 4863 342 4916 Dei
359 4859 447 4931 (quod
460 4860 570 4928 exponit
593 4861 835 4927 Turreerematus,
852 4860 886 4917 ad
907 4875 967 4917 ora·
1056 4860 1181 4933 eblagno
1193 4857 1371 4929 perfeetionis
1383 4857 1579 4914 zelomouaclri
1591 4857 1630 4913 illi
1644 4857 1822 4914 Pauhomiaui

163 4930 283 4996 tionem,
315 4930 349 4985 ad
370 4931 532 4998 lectionem,
560 4928 595 4990 ad
619 4930 855 5002 meditationem),
889 4937 913 4988 3.
942 4935 969 4988 si
1021 4931 1161 4986 summam
1176 4937 1363 5001 paupertatem
1374 4935 1528 4996 sectantes,
1545 4937 1572 4985 et
1585 4929 1643 4984 solo
1662 4944 1744 5001 opere
1762 4944 1823 4983 ma·

49 5006 54 5015 “
164 5001 201 5055 ad
225 5001 422 5064 obedientiam,
446 5000 616 5072 implendam
640 5002 745 5058 scilicet
771 5003 907 5060 sollicitus
939 5011 967 5059 et
1020 5016 1108 5057 uuum
1122 5016 1250 5068 suarum,
1269 5008 1300 5056 ut
1319 4999 1387 5055 alias
1404 5000 1507 5056 dietum
1525 5001 1822 5072 salliuntur),

164 5080 323 5143 promptus3
338 5076 364 5137 4,
379 5074 405 5125 si
425 5073 462 5126 od
476 5074 632 5143 opprobria,
650 5073 749 5142 idest,
763 5074 966 5146 increpationes
1021 5071 1111 5128 vivere
1123 5071 1237 5139 assueti,
1250 5071 1317 5127 nibil
1341 5072 1457 5127 omnino
1476 5071 1614 5127 bonorum
1633 5079 1680 5128 aut
1694 5072 1825 5142 pecunia-

162 5142 245 5198 duras
258 5141 415 5198 tolerandas
427 5143 574 5213 patienter,
585 5144 660 5216 quod
674 5145 800 5216 superius
811 5144 881 5200 dixit
897 5161 904 5198 ε
919 5145 967 5200 Ad
1019 5158 1086 5199 rum
1099 5143 1134 5199 ab
1149 5143 1184 5199 iis
1195 5157 1266 5213 quos
1283 5142 1464 5216 recipiebant,
1478 5141 1570 5198 inferri
1582 5142 1758 5198 monasteriis
1772 5158 1823 5214 pa-

163 5213 256 5267 iliutas
268 5213 397 5282 iniurius.
406 5213 462 5270 Ubi
472 5216 696 5271 Turrecrematus
709 5216 964 5278 :Cmtsiderundum
1020 5214 1169 5280 tiebantur,
1186 5213 1345 5287 nequidem
1359 5214 1555 5270 communibus
1573 5213 1668 5269 usibus
1682 5213 1822 5285 applican-

164 5283 264 5354 iuquit,
279 5286 349 5354 quod
362 5286 555 5356 hospitalarius
566 5287 735 5356 probationis
744 5301 835 5349 cuma,
844 5290 931 5355 potest
942 5287 968 5341 ei
1021 5284 1107 5352 dum3
1126 5301 1181 5358 quo
1194 5286 1233 5341 sic
1244 5285 1319 5356 operi
1330 5284 1451 5340 manuali
1462 5285 1621 5356 diligentius
1633 5284 1824 5341 incumberent

164 5357 213 5424 qui
220 5357 302 5426 recipi
312 5358 381 5426 petit
391 5357 477 5412 dicere
488 5357 683 5427 aliquauerba,
697 5373 757 5426 quu
767 5358 967 5426 impatientium
1023 5356 1142 5425 (sozom.
1165 5357 1211 5411 lib.
1230 5370 1279 5426 ιιι,
1305 5373 1363 5427 cop.
1390 5363 1421 5422 ὃς
1434 5357 1571 5426 Nicephor.
1599 5357 1643 5410 lib.
1668 5371 1719 5425 ιιι,
1734 5372 1755 5411 c.
1776 5363 1823 5423 ¹⁴3

165 5429 268 5481 urrimos
278 5429 330 5481 cito
342 5431 449 5497 possent
467 5443 613 5499 prouocare
628 5433 654 5481 et
669 5442 844 5490 commoverer
855 5431 967 5496 utpote:
1022 5429 1129 5485 Pollud.
1143 5431 1172 5482 in
1187 5431 1362 5498 buusrbmap.
1377 5433 1420 5482 ³8.
1432 5427 1496 5484 Vid.
1509 5429 1573 5484 Call.
1589 5443 1677 5492 xxiv,
1690 5443 1748 5498 cap.
1761 5430 1822 5496 to):

88 5527 90 5531 ν
163 5498 263 5564 freter,
277 5498 460 5567 quittamus,
477 5504 554 5553 antu
570 5499 722 5553 susmuilis
736 5498 992 5554 conditionislan·
1044 5514 1079 5554 uo
1093 5498 1205 5571 quidem
1220 5498 1280 5554 solo
1295 5497 1610 5568 rivereeospotuisseli
1633 5506 1697 5566 uet,
1713 5497 1824 5570 quaudo

164 5575 291 5638 apostata
305 5571 418 5625 alterius
432 5570 588 5639 reliqionis?
602 5570 827 5640 unlutrpcinium
840 5571 895 5624 siue
903 5570 968 5635 fur·
1021 5514 1056 5626 ge
1070 5570 1235 5642 quibusdam
1247 5567 1345 5624 scribit
1358 5568 1505 5624 Cassianus
1515 5571 1603 5641 capite
1614 5515 1727 5626 becimo
1737 5584 1824 5639 quar-

164 5643 222 5694 tum
237 5642 406 5703 mmanuelis,
434 5643 460 5694 ct
487 5642 582 5695 timore
600 5640 638 5693 od
652 5654 699 5694 nos
717 5654 788 5694 nunc
809 5642 968 5710 confupias?
1021 5649 1051 5697 to
1060 5640 1141 5696 bu’us
1155 5639 1228 5707 libri,
1247 5639 1321 5711 quod
1330 5643 1419 5694 tantos
1433 5643 1615 5711 unusquisqne
1628 5657 1719 5696 eorum
1732 5642 1824 5711 quoti-

139 5726 146 5735 ·
164 5712 298 5766 Prata-ea
307 5711 462 5765 dubiumne
472 5711 543 5780 quod
549 5724 638 5780 poma
647 5713 760 5765 tentatio
769 5715 851 5767 terito
861 5712 969 5782 dejiciet
1022 5711 1067 5766 die
1128 5725 1207 5781 opere
1225 5725 1256 5764 oc
1274 5711 1372 5765 sudore
1390 5713 1501 5781 proprio
1523 5712 1645 5767 redditus
1670 5712 1825 5781 conserebat

164 5797 182 5837 a
189 5781 586 5851 propositoquodnuncuidem's
592 5781 807 5845 bobere,etuelut
818 5784 882 5839 leuis
888 5784 969 5854 paleo
1022 5784 1185 5838 monasterio
1193 5800 1202 5850 ;
1216 5786 1248 5836 ut
1259 5798 1293 5837 ca
1305 5783 1433 5837 bulcem
1444 5786 1595 5838 sustentare
1606 5798 1659 5838 non
1674 5784 1761 5840 solum
1773 5797 1825 5837 ue·
