3824 6164
157 214 226 271 tals
697 203 838 261 loannis
856 201 1008 260 cnsslartt
1028 201 1274 259 COLLATlONES.
1751 198 1823 254 idib

154 338 257 398 relevet
270 352 303 393 ac
313 333 428 402 relaxet,
449 332 592 390 irremisso
604 330 699 404 rigore
718 329 888 398 lentescens,
900 326 956 384 vir·
970 331 997 393 Α
1012 325 1113 386 durum
1132 325 1158 384 ei
1175 324 1222 399 qui
1237 325 1337 399 jugan
1350 322 1453 382 Christi
1466 330 1524 379 tota
1536 328 1632 378 moute
1644 321 1820 392 acceperim

154 433 206 494 tuti
219 430 341 505 spiritus,
356 445 423 486 cum
432 427 582 486 necessitas
594 426 690 498 poscit,
698 423 889 483 obsecundare
902 438 960 480 non
1012 420 1059 495 qai
1072 435 1138 477 vera
1151 418 1306 476 humilitate
1320 416 1466 485 tundalus,
1481 429 1589 488 semper
1607 411 1643 469 ad
1660 412 1818 471 Dominum

156 526 267 603 poterit.
1012 515 1169 589 respiciens,
1180 514 1208 570 in
1218 514 1347 571 omnibus
1359 528 1421 586 qum
1433 511 1486 569 sibi
1499 508 1604 569 inerint
1619 508 1753 580 irrogatae
1768 509 1822 567 lee-

442 615 562 672 CAPUT
580 614 676 670 Xllll.
1012 616 1088 666 tatur
1100 607 1217 681 injuriis,
1231 606 1325 665 dicens
1340 627 1346 662 ι
1362 608 1480 677 Propter
1495 603 1567 674 quod
1587 602 1737 672 complacco
1749 603 1823 659 melei

155 724 333 792 litterroqalio
352 720 470 791 qualiter
482 718 685 788 intelliqendum
698 719 734 771 sit
746 716 819 786 quod
832 717 862 769 iu
871 716 960 770 Euan·
1013 703 1263 773 ininfirmltotibus,
1275 699 1491 773 inpertiamus,
1502 697 1734 767 inanqastiispm
1743 696 1821 754 Chii·

191 794 259 863 qelio
268 793 380 861 dicitur,
389 795 489 862 Juqum
501 806 589 846 meum
595 805 683 852 narce,
693 792 720 844 et
734 802 799 843 ottus
809 786 959 843 meumleac
1013 800 1054 853 320
1060 816 1070 865 ,ι
1084 798 1224 853 cummim
1237 798 1369 866 immor,
1383 797 1547 864 mnepotems
1557 805 1619 846 sum
1628 790 1666 861 (ll
1675 790 1737 847 Gor.
1746 792 1821 863 ml?

191 869 239 920 ‘st‘
1013 888 1088 959 Quo,
1102 888 1226 959 inquam,
1240 886 1380 944 familiaris
1396 884 1435 942 rei
1449 880 1615 941 cruciabitur
1629 880 1749 952 damno,
1760 884 1818 957 qai,

191 966 366 1024 Germanus:
383 965 521 1036 Quoniam
534 963 614 1021 uobis
628 963 785 1021 illusionum
796 965 958 1017 cunctarum
1013 981 1134 1055 cccccccc
1159 980 1283 1039 ccciccc
1303 979 1451 1053 clccicccc
1463 976 1616 1034 cccccccccc
1636 992 1688 1048 ccc
1710 976 1821 1035 ccciccc

156 1057 279 1117 remedia
293 1058 446 1127 contulisti,
460 1068 489 1115 et
503 1057 646 1115 diabolicae
656 1055 755 1130 quibus
767 1051 960 1127 quatiebamur
1013 1077 1155 1135 cccccccccc
1168 1076 1252 1148 ccccc
1266 1072 1362 1131 mcccc
1376 1072 1480 1145 cccccic
1494 1069 1653 1140 cccccccccc
1668 1086 1819 1146 omnesque

155 1151 264 1209 insidiae
276 1169 324 1226 per
340 1152 496 1209 doctrinam
506 1161 593 1219 tuam,
605 1149 727 1207 Domino
736 1148 869 1213 donante,
882 1145 958 1202 dete·
1013 1171 1073 1245 cccc
1096 1168 1333 1243 concupiscentias
1358 1164 1518 1240 cccccccccc
1535 1164 1689 1222 cccccccccc
1707 1174 1739 1223 cc
1755 1173 1821 1222 cccc,

156 1252 210 1303 ⁰¹ae
233 1255 333 1314 sant·
361 1246 413 1301 ¹¹⁰⁰
439 1260 548 1317 (ΜΨ
569 1244 650 1300 ¹¹⁰bi⁵
670 1242 793 1299 ”mmm
815 1254 960 1314 Psefflmuf
1013 1274 1129 1334 cora,at
1142 1263 1285 1321 Christum
1299 1258 1450 1318 lucrifaciat
1464 1259 1581 1329 (Philip.
1593 1263 1656 1327 ιιι),
1670 1259 1819 1332 evangelici

156 1337 268 1396 edisseri
293 1336 366 1408 quod
387 1336 415 1391 in
436 1336 583 1407 Evangelio
608 1334 720 1398 dicitur,
752 1338 850 1403 Juqum
871 1349 959 1388 meum
1013 1360 1086 1416 mccc
1100 1359 1231 1432 praeceptl
1245 1355 1423 1414 cccccccccc
1436 1361 1602 1410 cunctorum
1611 1352 1817 1426 cccccccccc]

156 1446 248 1495 minoe,
264 1435 289 1485 et
303 1445 368 1485 onas
380 1445 467 1484 meum
480 1430 534 1484 leae
548 1433 587 1483 est
601 1427 709 1499 (Metili.
727 1427 785 1499 ιι).
800 1425 958 1483 Satisenim
1011 1463 1095 1511 ccccc
1117 1452 1269 1525 cccccccccc
1295 1458 1324 1506 cc
1346 1446 1513 1506 cccccccccc
1530 1447 1602 1517 cccc
1620 1449 1692 1502 earm
1705 1448 1819 1518 cccccc

155 1524 322 1598 prophetice
336 1523 374 1580 illi
385 1522 528 1581 sententiae
542 1522 650 1579 ridetur
663 1521 810 1578 adversum
821 1536 874 1594 qua
892 1519 957 1577 dici-
1013 1548 1116 1603 homiui
1132 1548 1156 1602 cc·
1170 1548 1326 1600 universum
1345 1542 1478 1598 muudum
1496 1541 1627 1605 lucretur,
1642 1543 1819 1597 animarem

155 1623 215 1673 tur:
231 1619 342 1687 Propter
351 1615 430 1671 uerba
441 1613 577 1671 labiorum
586 1620 690 1671 tuorum
699 1630 744 1685 eqo
758 1615 891 1670 custodivi
900 1616 959 1669 aias
1012 1656 1067 1697 ccc
1085 1641 1275 1695 cccccccccc,
1286 1637 1438 1708 patiatur?
1460 1634 1518 1690 ccc
1533 1650 1614 1705 quam
1634 1635 1715 1690 cccc-c
1735 1635 1814 1690 nomo

154 1709 325 1779 durostPsal.
337 1723 393 1766 xvc
401 1713 420 1778 ).
430 1708 539 1781 Quippe
548 1723 613 1765 cum
623 1706 704 1764 etiam
714 1706 862 1780 Apostolus
871 1705 954 1775 dicat,
971 1722 995 1785 tt
1010 1736 1243 1790 ccmmcchpcmm
1260 1747 1312 1802 pr,
1326 1732 1422 1786 anama
1435 1742 1488 1784 ma
1506 1727 1610 1799 (naut.
1622 1729 1704 1793 aaut?
1720 1728 1809 1799 Super

155 1803 250 1860 amnes
261 1805 310 1873 qui
320 1803 465 1873 uoluntpie
483 1804 571 1857 uiuere
582 1805 611 1858 in
623 1803 737 1866 Christo,
748 1803 956 1872 persecutionem
1009 1828 1086 1900 ccc-cc
1104 1824 1145 1881 cci
1164 1822 1315 1895 cccccccccc
1331 1819 1498 1889 cccccccccc,
1512 1818 1558 1892 cci
1576 1819 1669 1875 omnic
1693 1835 1756 1892 cccc
1781 1820 1816 1876 cb

149 1899 290 1968 patientur
310 1899 347 1963 (ll
368 1898 439 1953 Tim.
454 1895 510 1967 ιιι).
529 1895 667 1969 Quidquid
689 1904 783 1952 autem
806 1895 907 1952 durum
928 1902 957 1949 et
1009 1918 1067 1975 cmc
1087 1913 1187 1973 ,Μ
1209 1920 1332 1986 ccccm,
1347 1927 1398 1970 ccc
1421 1926 1478 1968 ccc
1500 1925 1561 1968 cccc
1580 1913 1730 1984 cognoscit,
1748 1910 1816 1968 mcc

154 1994 391 2066 persecutionibus
414 2000 456 2051 est
477 1992 621 2063 refertum,
643 2010 692 2050 nec
711 1994 770 2051 lcte
784 1999 875 2066 potest
896 2007 956 2049 esse
1009 2011 1106 2068 invicta
1125 2009 1226 2065 ,impe
1241 2007 1415 2081 proclamans
1429 2023 1436 2062 :
1456 2005 1535 2066 mcc-p
1548 2007 1691 2063 mcccc
1703 2008 1735 2061 ,c
1748 2007 1814 2062 cccc

155 2101 208 2144 Μ
222 2103 313 2145 wale·
1009 2108 1150 2175 mundum,
1166 2107 1241 2162 baud
1257 2105 1370 2160 dubium
1381 2105 1448 2175 quia
1461 2119 1509 2160 nec
1526 2104 1636 2171 antone
1650 2102 1717 2172 quid
1722 2117 1815 2173 passu

432 2181 675 2239 CAPUT'fflfl·
1011 2205 1100 2270 mus(l
1113 2205 1179 2258 Tim.
1195 2202 1255 2268 v1)?
1270 2198 1354 2271 cujm
1363 2206 1459 2255 anum
1471 2195 1574 2269 inopiae
1587 2194 1752 2253 necessitate
1759 2196 1816 2267 eius

280 2285 423 2352 Resiluit>
437 2300 496 2338 will
508 2285 671 2352 emasitiaue
684 2283 831 2338 saeternae.
1011 2296 1186 2370 superabitur
1201 2293 1345 2362 tortitudo,
1361 2291 1408 2365 qui
1423 2307 1519 2365 peram
1532 2290 1562 2347 in
1573 2290 1633 2359 ria,
1646 2305 1685 2348 aes
1695 2290 1726 2348 in
1736 2305 1815 2359 zona,

191 2388 332 2447 Abrabam
345 2408 351 2445 :
366 2389 547 2446 Verissimum
556 2388 666 2445 Domini
679 2405 710 2445 ac
720 2389 958 2447 salvatorisnostri
1012 2399 1120 2447 vestem
1130 2389 1159 2445 in
1172 2396 1299 2461 tempora
1313 2386 1414 2444 habere
1424 2401 1482 2443 non
1493 2386 1573 2443 novit
1587 2386 1697 2458 (blatii.
1717 2386 1753 2453 s),
1764 2383 1813 2441 sed

155 2497 215 2540 osse
239 2481 405 2539 sententiam
428 2481 601 2554 experientiae
626 2481 711 2554 ipsius
735 2480 806 2538 iacili
829 2480 955 2554 probabi·
1010 2500 1074 2542 cum
1092 2483 1224 2556 Apostolo
1237 2482 1531 2556 gloriaturqu'ums
1542 2482 1637 2537 multis
1657 2482 1767 2548 ittonae
1787 2483 1812 2534 et

155 2593 221 2634 mus
235 2576 412 2648 documento,
427 2577 448 2633 si
459 2575 635 2649 perfectionis
645 2576 718 2633 viam
732 2575 853 2648 legitime
871 2583 899 2633 et
911 2590 957 2632 se-
1009 2581 1068 2649 siti,
1078 2582 1107 2634 iu
1121 2581 1225 2649 trinorc
1236 2582 1262 2633 et
1276 2576 1402 2632 nuditate
1421 2577 1458 2644 tlt
1473 2577 1533 2634 Gor.
1544 2576 1616 2647 nul?
1638 2574 1708 2645 Quis
1728 2573 1815 2642 labor,

154 2672 275 2730 cundum
299 2672 470 2729 voluntatem
495 2672 593 2729 Christi
618 2671 752 2728 lacrimas
772 2671 904 2744 aggressi,
929 2679 958 2726 et
1010 2672 1117 2745 quodve
1130 2681 1188 2728 tam
1202 2673 1322 2727 arduum
1332 2669 1452 2726 senioris
1462 2676 1641 2742 preceptum,
1657 2666 1817 2740 tranquilli-

154 2767 353 2825 martilicantes
378 2765 471 2823 omnia
492 2763 624 2824 desideria
640 2773 734 2822 nostra
753 2780 785 2821 ae
803 2762 958 2821 voluntates
1009 2775 1096 2824 tatem
1115 2765 1233 2839 pectoris
1251 2765 1311 2838 ejus
1333 2763 1433 2837 poterit
1454 2762 1625 2836 perturbare,
1641 2761 1690 2834 qui
1706 2761 1815 2816 nnllam

155 2862 238 2918 noxia
256 2861 458 2931 abscindentes,
474 2875 531 2917 non
545 2859 637 2916 solum
656 2858 722 2915 nibil
739 2857 859 2915 residere
877 2857 958 2915 nobis
1011 2860 1115 2916 babens
1135 2856 1276 2930 propriam
1302 2857 1483 2921 voluntetom,
1501 2852 1634 2909 omnibus
1664 2865 1731 2923 quae
1758 2851 1815 2907 sibi

157 2954 190 3010 dc
204 2953 300 3012 mnndi
315 2954 396 3027 hujus
409 2953 559 3011 substantia
574 2953 718 3010 siverimus
732 2955 854 3021 [lipsio
863 2967 954 3019 marq.
1010 2951 1114 3010 tuerint
1137 2952 1288 3023 imperata,
1310 2965 1369 3008 non
1384 2948 1474 3006 solum
1492 2947 1645 3020 patienter,
1659 2945 1711 3002 sed
1730 2946 1815 3002 etiam

152 3046 335 3115 noverimusl,
349 3062 395 3118 per
407 3060 490 3119 quam
506 3045 599 3117 utique
614 3058 678 3098 cum
693 3043 802 3098 libitum
815 3041 894 3098 luerit
908 3057 955 3098 va·
1010 3055 1148 3119 gratanter
1177 3044 1312 3113 occurrit,
1338 3042 1483 3116 nostrique
1512 3040 1664 3099 saltatoris
1690 3040 1814 3113 exemplo

153 3137 242 3194 standi
256 3155 306 3194 nos
319 3155 351 3193 ac
364 3137 528 3195 dilacerandi
548 3142 710 3210 potestatem
730 3135 856 3192 inimicus
875 3137 953 3191 iuve-
970 3135 992 3200 C
1008 3155 1065 3197 non
1078 3140 1178 3212 quaerit
1193 3154 1285 3208 suam,
1299 3136 1348 3195 sed
1363 3137 1454 3194 Patris
1467 3133 1559 3192 iacere
1575 3133 1758 3200 voluntatem,
1773 3132 1815 3190 di-

154 3229 221 3298 niet,
238 3230 286 3286 sed
306 3231 389 3287 etiam
402 3232 488 3287 nostri
509 3232 592 3302 ipsius
606 3246 663 3287 non
686 3247 744 3287 esse
764 3245 815 3287 nos
828 3229 957 3289 dominos
1009 3249 1074 3292 cens
1086 3243 1113 3291 et
1127 3234 1186 3306 ipse
1197 3234 1232 3291 ad
1244 3236 1353 3290 Patrem
1367 3247 1450 3290 suum
1462 3251 1468 3284 :
1480 3232 1672 3288 Verumtamen
1683 3246 1734 3284 aaa
1743 3232 1813 3284 suut

154 3323 332 3392 senserimus,
348 3321 418 3380 illud
435 3323 625 3394 Apostolioum
645 3322 797 3380 inveritate
817 3323 956 3397 compleu-
1012 3343 1058 3398 eqo
1071 3328 1139 3392 colo,
1154 3328 1201 3383 sed
1214 3329 1285 3383 suut
1302 3331 1332 3383 tu
1349 3327 1458 3396 (ltattln
1475 3327 1584 3393 sard?
1604 3323 1710 3397 Quibus
1730 3324 1813 3379 etiam

154 3425 196 3473 tes
211 3434 218 3471 :
237 3419 303 3473 Vino
314 3421 403 3472 autem
413 3414 474 3485 jam
487 3431 539 3470 raon
554 3431 610 3484 eqo,
622 3417 691 3471 civit
703 3432 764 3472 uero
778 3418 808 3472 in
822 3434 864 3474 me
875 3418 955 3475 unm·
1010 3420 1126 3493 injuriis,
1140 3436 1194 3492 qna
1212 3421 1402 3493 persecutione
1421 3419 1584 3487 terrebitur,
1598 3418 1688 3475 immo
1699 3417 1774 3491 quod
1787 3419 1813 3474 ei

153 3513 211 3565 stus
224 3510 328 3576 (Galat.
344 3507 388 3575 ιι).
403 3505 473 3577 Quid
496 3508 571 3562 enim
590 3522 672 3579 mate
687 3508 786 3579 poterit
807 3524 876 3579 esse,
891 3509 956 3583 quid
1011 3527 1068 3569 non
1083 3512 1335 3584 etiamjucundum
1349 3520 1515 3586 potestesse
1528 3511 1704 3584 supplicium,
1723 3511 1814 3583 quiin

706 3661 833 3717 attunt
853 3662 965 3720 GAZAEI
984 3663 1262 3722 communiamus.

190 3783 352 3842 *Eandem
370 3785 548 3858 questionem
571 3791 599 3841 et
619 3783 810 3843 difficultatem
831 3796 954 3855 movent,
1009 3790 1127 3845 statibus
1135 3790 1177 3843 oet
1184 3793 1270 3858 puna
1283 3792 1436 3858 importuni
1443 3792 1505 3846 mu
1515 3792 1681 3853 mercatores,
1693 3795 1725 3842 ut
1738 3788 1812 3844 droi-

156 3865 204 3914 cut
222 3865 296 3915 certe
309 3856 460 3926 insinuaut,
475 3872 590 3928 eamque
604 3856 677 3913 varie
697 3856 809 3914 solvunt
827 3866 856 3913 et
868 3875 900 3914 ex
923 3858 954 3914 li·
1010 3861 1432 3929 tiasaenturasooquiranttsed
1438 3861 1598 3931 quibusnam
1609 3859 1814 3922 ammit,oadem

155 3937 220 3986 cant
233 3931 337 3984 Patres.
349 3931 385 4009 D:
396 3927 582 3999 Hieronymus
592 3924 626 3981 ad
636 3927 713 3983 illum
728 3928 819 3983 locum
833 3875 955 3985 Matthaei
1009 3932 1107 4000 qrcnio
1113 3933 1274 4000 polianiam
1284 3934 1334 4000 qui
1345 3947 1406 3987 aero
1416 3936 1521 3999 armat,
1533 3930 1624 3987 ecdem
1638 3930 1817 4000 quidern,sed

153 4015 190 4059 ιιι
207 4003 323 4069 :Juqum
332 4012 501 4080 enemcmeum
514 4012 595 4079 succe
605 4002 654 4081 est,
669 4005 721 4053 etc.
738 3999 772 4079 l).
787 3999 955 4083 Augustinus
1009 4017 1063 4056 non
1083 4004 1348 4127 qraumcratiuntur.
1370 4003 1466 4059 dumea
1477 4005 1548 4058 enim
1559 4017 1630 4057 suaa
1645 4005 1671 4058 et
1682 4004 1814 4057 immania

154 4086 237 4129 serm.
254 4072 317 4128 9dc
328 4069 426 4126 Verbis
441 4070 554 4124 Domum
570 4088 576 4125 :
596 4070 706 4131 Marum,
731 4077 780 4134 art,
794 4071 955 4139 qmbusdam
1006 4086 1117 4143 pmrsus
1126 4073 1185 4138 saci
1194 4076 1222 4127 ia
1233 4077 1259 4128 et
1268 4088 1350 4144 prope
1361 4075 1626 4143 nulloetfieitamor.
1636 4074 1742 4140 Qrmrato
1755 4090 1815 4142 erqo

153 4144 270 4211 uidetur,
285 4143 387 4210 fratres
396 4140 559 4204 eburneum,
568 4155 627 4194 cum
638 4140 755 4195 audiunt
763 4143 956 4197 Dominumdi-
1009 4143 1119 4210 tacitus
1131 4144 1168 4197 ad
1176 4159 1267 4199 ueram
1280 4144 1474 4201 beatitudinem
1484 4145 1604 4200 charitas
1613 4144 1690 4211 tacit,
1701 4145 1815 4214 qrtodcd

154 4218 255 4272 centem
271 4234 276 4269 :
296 4215 391 4271 Venite
406 4213 443 4267 ad
454 4227 504 4279 me,
514 4226 602 4267 munes
614 4213 662 4280 qui
675 4213 804 4267 laboratis
816 4217 841 4267 et
852 4216 957 4268 onerati
1008 4214 1159 4280 miseriam,
1169 4219 1303 4284 quantum
1312 4219 1411 4285 potuit,
1423 4216 1560 4287 cupiditas
1572 4217 1653 4284 tecit!
1665 4216 1815 4288 Gregorius

154 4289 225 4351 estis,
246 4290 272 4342 et
288 4301 333 4356 eqo
351 4285 469 4355 refluum
486 4297 534 4338 aas
551 4283 659 4349 (diutile
677 4286 738 4350 x1);
754 4283 848 4339 Tollite
857 4285 955 4353 jupam
1009 4283 1106 4341 homil.
1125 4290 1157 4341 lt
1173 4301 1256 4357 super
1270 4287 1440 4343 Ezechielem
1453 4307 1458 4343 z
1473 4288 1565 4357 siper
1577 4287 1739 4343 charitatem
1749 4303 1815 4356 per-

152 4374 240 4414 meum
259 4372 339 4427 super
351 4370 409 4420 aas,
428 4362 492 4423 etc.;
509 4358 534 4409 et
550 4354 720 4409 consueram
738 4369 780 4409 eos
795 4357 843 4424 qui
856 4355 955 4425 jupam
1009 4357 1126 4425 tinqitur
1139 4357 1176 4411 ad
1194 4362 1287 4421 Duum,
1301 4363 1387 4429 etper
1405 4362 1576 4428 semetipsam
1598 4360 1706 4415 Veritas
1724 4357 1811 4411 decet:

153 4431 242 4500 ipsum
257 4427 394 4498 intrepida
409 4429 508 4482 cemice
521 4425 671 4489 subierunt,
685 4430 710 4481 et
730 4426 808 4480 illam
820 4429 956 4481 soranam
1009 4429 1112 4482 lunate
1124 4435 1328 4498 perangustum
1339 4434 1451 4500 portam
1463 4429 1574 4495 (lllattlt.
1593 4434 1649 4497 v1);
1659 4434 1685 4484 et
1704 4444 1813 4483 mersum

153 4501 379 4556 mansuetissimis
399 4497 514 4552 humeris
528 4501 699 4568 acceperam,
717 4499 801 4553 tantis
815 4499 918 4566 apitari
930 4502 956 4552 et
1008 4499 1181 4555 Psalmistam
1193 4501 1274 4556 audio
1285 4502 1418 4557 dicentem
1432 4502 1566 4570 :Propter
1579 4501 1663 4556 uerba
1678 4501 1812 4555 labiorum

153 4569 576 4640 exercendificultutibushujus
585 4568 685 4635 saculi,
694 4572 784 4622 atrion
796 4569 956 4624 aleatoribus
970 4598 995 4662 D
1011 4573 1116 4626 morum
1129 4586 1175 4640 eqo
1189 4572 1388 4629 eustodiaiuias
1400 4571 1484 4627 duros
1498 4573 1585 4639 (Psal.
1602 4571 1773 4642 xu1);atque
1784 4574 1812 4625 in

154 4644 191 4700 cd
203 4645 327 4715 quietem,
339 4643 385 4697 sed
399 4657 416 4696 a
445 4642 514 4696 uiete
527 4639 563 4696 ad
578 4639 691 4694 laborem
702 4642 789 4694 uocati
796 4639 954 4707 uideantur3
1009 4642 1151 4710 Eaanqelio
1162 4643 1362 4699 Dominusdicit
1373 4664 1381 4699 :
1392 4647 1489 4713 Juqum
1495 4644 1566 4698 euim
1577 4659 1668 4698 meum
1676 4647 1808 4705 mcueest,

154 4730 213 4771 cum
226 4719 250 4771 et
264 4714 410 4786 Apostolus
423 4658 498 4769 girat
514 4731 522 4766 r
537 4712 631 4769 Omnes
664 4713 694 4766 ui
703 4712 798 4794 coln-m
808 4713 837 4765 iu
851 4712 955 4795 Christo
1009 4718 1035 4768 et
1044 4727 1110 4768 onus
1121 4728 1209 4768 meum
1218 4715 1271 4769 leue
1282 4714 1387 4785 (ltotth.
1400 4730 1432 4770 ιιι
1442 4715 1467 4784 );
1483 4715 1617 4784 quomodo
1627 4718 1743 4782 uacant
1752 4713 1810 4766 lata

149 4789 196 4857 pie
206 4790 304 4850 uicere,
315 4786 522 4857 paremniacum
532 4786 627 4855 potiere
639 4798 675 4838 ur
689 4783 727 4853 (ll
742 4786 809 4838 lim.
827 4783 888 4853 ιιι).
905 4784 954 4838 Aet
1009 4784 1139 4851 charnas,
1149 4787 1300 4854 sionqusta
1315 4789 1415 4857 parta?
1428 4789 1476 4840 out
1486 4785 1619 4855 quomodo
1626 4788 1722 4855 iuqrtm
1731 4798 1812 4839 suane

152 4873 214 4929 erqo
224 4857 490 4941 aliquiseocomado
498 4856 594 4927 jupam
604 4855 658 4910 lure
668 4859 718 4938 cst,
729 4859 754 4909 et
763 4857 868 4938 sarcinc
880 4855 953 4939 lenis,
1008 4858 1087 4910 estet
1106 4857 1248 4939 arausicae,
1270 4859 1339 4911 siin
1371 4859 1492 4928 receptis
1511 4861 1562 4914 liei
1575 4858 1719 4911 uioeduru
1736 4859 1811 4937 murt,

151 4926 954 5070 {intuitusillittltittillltlttltili}
1007 4927 1815 5069 tltintinniit,lt'lttlntttlitltlnttt

155 5073 249 5131 Venite
262 5072 300 5127 ad
313 5086 365 5135 me,
381 5074 429 5140 qui
438 5071 565 5125 laboratis
575 5076 600 5125 et
609 5072 715 5125 onerati
725 5073 797 5132 estis,
814 5075 839 5125 et
854 5086 900 5139 eqo
914 5084 955 5125 re·
1008 5072 1057 5133 est,
1077 5071 1288 5139 etpersectej'om
1300 5072 1450 5126 niventibus
1463 5072 1531 5126 luta.
1546 5072 1583 5127 st
1598 5072 1812 5138 tamtumque

151 5147 241 5216 fictam
251 5146 318 5200 aas?
330 5144 371 5200 Ac
382 5143 530 5213 nonpottus
539 5141 655 5197 dicitur:
670 5143 772 5210 Venite,
784 5144 953 5212 quiuaeatis,
1008 5144 1099 5197 contra
1112 5156 1190 5196 usum
1201 5141 1362 5212 spiritaliter
1374 5145 1464 5197 animo
1477 5145 1668 5213 proponimus3
1679 5147 1705 5196 et
1716 5146 1811 5195 tomen

151 5221 182 5273 ut
195 5218 339 5273 laboretis?
349 5218 419 5275 llam
438 5219 463 5270 et
476 5218 600 5270 uocantes
620 5215 733 5276 incutit,
747 5230 812 5284 quos
826 5214 955 5268 coraduait
1008 5227 1073 5268 anns
1084 5214 1132 5267 Dei
1139 5213 1193 5267 leue
1201 5217 1248 5276 est,
1259 5217 1403 5283 postquam
1411 5214 1458 5269 hoc
1468 5215 1542 5280 serre
1551 5215 1719 5286 ceperimus,
1727 5214 1772 5267 ita
1781 5218 1814 5267 ut

152 5291 182 5344 in
195 5292 311 5357 citream,
321 5292 353 5343 ut
363 5289 466 5354 serrem
474 5293 569 5342 testum
582 5286 647 5340 dici.
656 5287 691 5340 Et
703 5284 773 5341 inira
784 5285 932 5355 respondet
947 5305 952 5337 :
1006 5298 1057 5355 pra
1082 5299 1172 5340 amore
1180 5285 1237 5354 ejus
1247 5287 1327 5339 etiam
1336 5287 1484 5354 persecutio
1495 5286 1615 5355 placeat,
1627 5288 1653 5340 et
1663 5286 1752 5341 omncs
1763 5300 1814 5355 pro

152 5361 204 5418 Sed
215 5363 336 5432 prolecto
347 5360 424 5415 adest
441 5360 559 5429 Spiritus
572 5362 692 5422 sanctus,
708 5359 756 5426 qui
770 5358 799 5410 in
813 5357 955 5410 exterioris
1009 5370 1038 5410 eo
1055 5355 1159 5424 affectio
1174 5355 1227 5422 [Al.
1244 5357 1372 5425 afflictio]
1387 5359 1523 5411 iumentis
1536 5357 1682 5413 dulcedine
1700 5358 1815 5412 ueniet:

154 5430 270 5487 dominis
282 5434 453 5502 eomuptione
464 5435 575 5485 reuocat
586 5428 707 5483 dediein
718 5428 800 5490 diem,
810 5431 835 5482 et
846 5431 955 5496 qustota
1008 5428 1174 5483 sicutsuncti
1186 5442 1288 5496 qnoque
1307 5445 1324 5482 a
1359 5429 1421 5484 stoli
1438 5428 1604 5497 pandebant,
1618 5444 1681 5483 mem
1692 5443 1743 5498 pm
1761 5431 1816 5485 De

154 5505 245 5571 requie
263 5504 403 5573 spirituali
420 5504 450 5556 in
462 5502 606 5568 attinentia
624 5500 780 5554 deliciantur
793 5501 851 5562 lici,
866 5501 896 5553 in
909 5514 955 5568 spe
1008 5499 1081 5554 mireo
1109 5498 1215 5567 tluqclla
1240 5499 1322 5555 tolera
1356 5504 1395 5554 nt.
1418 5501 1480 5567 ipsa
1503 5515 1563 5568 erqo
1585 5504 1710 5569 anmrsta
1730 5504 1817 5569 porto

152 5574 255 5642 sutura
264 5574 546 5636 beatdmliuis‚omnia
552 5573 698 5641 presentia
706 5571 812 5631 delinit,
822 5585 920 5639 aspera
930 5575 955 5624 et
1008 5570 1162 5625 amantibus
1173 5570 1230 5624 luta
1243 5572 1273 5639 tit
1285 5590 1293 5637 3
1305 5573 1370 5640 ipsa
1379 5571 1513 5625 triadum
1525 5571 1696 5640 spiritaliter
1705 5586 1817 5627 currat·

153 5643 953 5713 omniaqrouiareleoat‚Secarieturisebomiarspatiuntur,
1009 5641 1080 5696 tibris
1099 5642 1190 5696 molles
1203 5647 1229 5697 et
1240 5643 1331 5711 planae
1344 5643 1422 5710 tunt,
1438 5643 1507 5697 dum
1523 5645 1573 5699 scit
1591 5645 1703 5698 aramus
1718 5658 1748 5699 ec
1764 5658 1819 5713 pm

152 5716 349 5773 utdoloresuon
356 5713 851 5782 ctami,sedaliquandodieitur-nioras
859 5713 955 5767 calamis
1009 5713 1199 5783 temporalibus
1211 5713 1346 5767 doloribus
1358 5713 1461 5782 quadiu
1471 5718 1569 5770 aterna
1579 5717 1718 5785 recipcre:
1732 5719 1761 5771 et
1772 5714 1821 5770 hoo

141 5792 282 5849 aceruum
296 5785 422 5848 dolorum
432 5787 522 5859 pretio
541 5784 721 5843 redimantur.
736 5784 836 5854 Quibus
855 5788 953 5854 tempe·
1009 5786 1112 5855 induit,
1127 5785 1198 5855 qima
1209 5785 1357 5853 arripitur,
1372 5801 1473 5842 amm·
