3848 6158
130 277 182 329 οη
533 270 701 326 COLLATlO
720 272 754 327 V.
774 273 872 327 —DE
891 272 983 329 OCTO
1001 274 1258 332 salacissimus
1276 276 1388 334 Vltus.
1734 292 1786 348 oia

130 396 328 468 generatricem
345 394 405 466 ejus
423 394 578 465 passionem
589 395 721 489 deceptus
730 395 864 453 illecebris
877 396 934 454 dia·
948 403 974 465 Α
988 399 1090 470 sperari
1108 401 1193 470 [Li'ps.
1210 404 1333 472 lamnia.
1348 409 1467 476 sperare]
1480 383 1571 465 abeo
1587 408 1706 469 fractam
1722 431 1787 486 pec-

130 489 189 548 boli
204 489 357 560 mcepisset.
373 491 410 544 Et
421 489 458 544 ob
469 489 523 546 lioc
538 489 622 546 Filius
634 491 683 547 Dei
693 507 750 548 non
763 491 888 549 absoluta
906 492 934 548 in
988 492 1054 556 cati,
1079 492 1157 564 cajus
1170 509 1234 550 enm
1247 495 1352 553 semina
1371 497 1412 554 vel
1424 498 1530 557 radices
1548 503 1625 559 nullo
1646 506 1731 563 modo
1746 524 1787 564 re-

130 584 326 657 carnepecceti
341 582 566 653 senisscdicitur,
590 583 639 641 sed
653 587 935 643 insonititadiaccoi·
988 587 1093 658 cepisse
1115 589 1254 645 cernebat.
1285 591 1364 648 Licet
1391 595 1573 651 secundum⁶
1600 600 1716 669 Lucam,
1738 603 1785 672 qni

132 681 175 735 iiis
192 681 294 749 peccati
314 676 476 748 (Romani)
502 677 590 749 :qaia
611 688 764 736 comesset
780 680 810 736 in
824 697 857 737 eo
873 697 933 737 iera
988 689 1155 751 postremam
1176 684 1358 740 tentationem
1371 685 1444 741 illam
1459 689 1537 757 ponit
1548 704 1600 758 qua
1620 690 1721 749 dieitur
1737 698 1788 752 :Si

130 786 207 835 caro,
232 769 402 827 manducans
420 768 535 839 scilieet,
556 778 585 827 et
605 770 715 841 bibens,
732 781 761 829 et
782 772 932 842 dormiens,
986 775 1074 830 Filias
1084 779 1180 840 Deice,
1199 779 1278 833 mitte
1290 784 1315 833 te
1327 781 1449 835 demmin
1461 785 1533 846 (bric.
1546 784 1600 853 ivl,
1618 783 1678 840 baio
1691 801 1788 858 snper-

130 864 269 922 clauoram
283 879 395 937 qnoque
404 863 589 921 conlisionem
601 864 629 921 in
643 867 759 923 reritme
770 869 931 941 suscipiens,
987 866 1042 923 liiae
1053 870 1142 940 passio
1152 871 1374 944 possitintelligi,
1391 874 1429 928 ita
1456 884 1487 930 at
1501 876 1545 931 illa
1559 879 1681 949 superior
1700 896 1784 952 quam

130 968 272 1032 peccatam
298 959 372 1032 ejas,
405 956 481 1030 qaod
506 958 756 1029 prevaricationem
786 962 931 1030 contraxit,
986 962 1134 1019 Mattiacas
1153 964 1263 1019 tertimi
1284 965 1370 1036 ponit,
1396 967 1423 1022 in
1448 984 1500 1040 qne
1519 970 1601 1041 juxta
1625 972 1786 1042 prandiorum

130 1070 227 1112 reruni
252 1070 310 1111 non
337 1053 443 1120 babuit,
470 1052 832 1125 sedimnginarium.·1lon
856 1056 931 1112 enini
986 1056 1089 1111 Lucam
1101 1056 1297 1128 evangelistam
1309 1058 1436 1115 omninef
1447 1074 1528 1132 regna
1540 1064 1638 1121 inandi
1645 1065 1673 1121 in
1684 1076 1785 1138 puncto

130 1148 233 1222 ignitos
271 1147 379 1205 aculem
397 1146 633 1218 ‘concupiscentie
665 1148 779 1207 carnaiis
805 1156 932 1223 arpertus
984 1149 1413 1221 temporisostendensdiabolas
1434 1154 1611 1224 repmmittlt,
1637 1160 1787 1231 accipiatur

129 1250 184 1310 est,
208 1243 257 1315 qni
271 1243 353 1301 cunm
373 1239 531 1297 nolentibus
552 1241 631 1313 nobis
649 1251 747 1300 natura
763 1246 822 1315 Jem
842 1243 932 1301 admi-
986 1242 1277 1317 passiopbilargyrim,
1292 1245 1367 1315 qaod
1387 1246 1493 1305 scilicet
1514 1256 1577 1319 post
1589 1251 1787 1325 gastrimargia

127 1335 262 1391 nuntiate
283 1342 463 1407 consurgant,
480 1333 528 1390 sed
541 1333 623 1405 bajus
637 1336 787 1408 quamdam
809 1336 931 1393 similitu
986 1337 1127 1394 victoriam
1146 1336 1327 1395 fornicatione
1342 1352 1407 1395 enm
1428 1346 1535 1396 tenmre
1556 1355 1613 1398 non
1632 1344 1786 1415 prevalens

130 1428 236 1498 dinem,
263 1437 392 1485 namram
410 1427 601 1501 participando
619 1428 749 1501 suscepit.
771 1431 844 1487 tiam
867 1444 931 1487 cam
986 1431 1021 1488 sd
1033 1432 1227 1506 philargyriam
1238 1434 1387 1502 mnsierit,
1405 1449 1489 1506 qnam
1504 1434 1625 1492 radicem
1648 1438 1786 1495 maloram

131 1523 223 1581 omnia
234 1538 296 1595 quae
309 1521 392 1580 oflicii
404 1522 491 1579 nostri
505 1530 570 1583 sunt
585 1522 619 1579 -iu
639 1522 752 1581 unitate
771 1525 931 1597 compleret,
987 1524 1112 1581 omniumr
1136 1526 1304 1592 noveratis
1325 1542 1379 1599 qua
1392 1528 1492 1585 itemm
1511 1532 1785 1601 supermanantem

132 1624 185 1673 et·
202 1616 340 1675 untienas
353 1615 532 1675 infirmitates
554 1624 673 1688 gestarat
695 1615 843 1687 bniuauas,
860 1635 930 1675 con·
989 1620 1014 1677 si
1028 1620 1122 1676 vitium
1135 1634 1168 1677 ea
1177 1618 1221 1678 bis
1233 1634 1297 1693 quae
1304 1621 1490 1693 sequebantur
1500 1623 1559 1695 Jam
1571 1638 1654 1681 ausus
1665 1624 1787 1698 ingerere

131 1720 276 1783 seqimnter
289 1710 354 1767 baie
372 1726 485 1783 quoque
502 1711 622 1782 passioni
643 1718 753 1783 putatus
773 1719 819 1768 est
838 1713 931 1785 siibja·
985 1715 1095 1787 (quippe
1112 1722 1305 1786 quaenouerat
1314 1714 1349 1771 de
1362 1714 1422 1786 ejas
1436 1716 1528 1773 radice
1539 1732 1572 1773 ac
1582 1717 1681 1775 fomite
1694 1720 1786 1792 pollu-

132 1813 244 1873 cers,nt
254 1818 301 1877 per
312 1803 548 1861 besintirmitates
559 1804 641 1861 etiem
653 1805 840 1862 conditionem
849 1805 931 1878 bajus
946 1823 971 1887 Β
986 1806 1063 1876 lere),
1077 1807 1112 1867 ad
1130 1815 1281 1865 erumnam
1297 1808 1434 1881 superbiae
1455 1812 1594 1868 transierit
1619 1814 1785 1885 passionem,

133 1914 241 1972 quoque
259 1897 318 1954 iiiii
334 1906 417 1971 atque
438 1897 543 1970 peccati
561 1896 696 1955 rideretur
723 1898 752 1955 in
773 1912 824 1955 sua
848 1914 931 1955 cerne
986 1915 1040 1972 qna
1055 1908 1169 1957 uosmet
1182 1900 1264 1957 etiam
1280 1901 1547 1977 perfectosqnosqae
1565 1905 1676 1964 devictis
1694 1911 1784 1965 omni·

132 2000 252 2064 portare.
271 1991 395 2063 mulque
408 1990 438 2048 in
455 1991 499 2047 bie
509 2006 572 2048 eum
587 1992 777 2049 tantammodo
791 1992 931 2050 vitiisdia·
985 1993 1037 2049 bus
1048 1994 1120 2051 uitiis
1133 2009 1214 2065 posse
1230 1995 1347 2066 pulsari3
1363 2013 1416 2068 qua
1434 1998 1573 2055 ellanriel
1586 2002 1706 2074 seipsam
1720 2020 1784 2061 cuni

134 2087 219 2143 bolus
230 2094 327 2153 tentat,
342 2086 371 2143 in
388 2086 489 2161 qulbus
500 2095 529 2143 et
542 2086 619 2143 illam
640 2088 761 2157 primam
775 2086 931 2158 deceperat,
985 2094 1056 2142 esset
1067 2083 1190 2154 Lucifer,
1210 2086 1249 2142 iel
1267 2087 1423 2159 complures
1444 2089 1526 2159 alios,
1540 2092 1643 2164 absque
1659 2096 1673 2131 *¹
1687 2096 1784 2153 incita-

135 2179 283 2251 conjiciens
300 2178 374 2237 lianc
391 2192 498 2253 quaque
511 2181 585 2237 velut
601 2179 743 2238 hominem
760 2180 887 2238 similiter
904 2181 931 2237 in
986 2188 1080 2236 mento
1094 2180 1302 2253 praecedentium
1315 2183 1486 2253 passionum,
1506 2184 1541 2241 de
1555 2186 1711 2246 caelestibus
1725 2206 1784 2248 me·

136 2276 246 2331 caeteris
258 2272 437 2343 illudendum,
457 2273 481 2331 si
500 2290 566 2333 eum
580 2275 608 2331 in
622 2274 676 2331 illis
692 2275 792 2348 quibus
811 2274 931 2347 priorem
981 2272 1102 2353 minemt
1127 2273 1273 2330 corruisse.
1299 2276 1380 2331 Juxta
1407 2275 1480 2333 bunc
1506 2292 1572 2351 ergo
1589 2297 1683 2353 auem
1712 2299 1783 2356 prae-

134 2367 266 2439 dejecsrat
291 2368 418 2425 sensisset
443 2369 551 2427 elisum.
587 2372 691 2426 Verum
724 2370 748 2427 ei
778 2369 931 2426 secundnm
985 2366 1104 2425 diximus
1120 2366 1257 2439 ordinem,
1272 2368 1319 2441 qui
1336 2368 1547 2443 aberangeiista
1561 2372 1635 2431 Luca
1654 2375 1785 2434 describi-

128 2461 189 2535 jam
203 2462 334 2519 morbum
344 2463 369 2531 Β,
382 2461 430 2535 qui
441 2461 476 2519 de
488 2462 579 2520 radice
593 2463 753 2536 principalis
773 2464 830 2521 uitii
841 2464 930 2536 pallu-
984 2467 1040 2530 fur,
1052 2461 1134 2518 etiam
1149 2462 1208 2533 ipsa
1230 2461 1277 2519 illa
1290 2461 1421 2519 illicitatio
1442 2473 1472 2520 et
1484 2464 1572 2538 ligni-a
1586 2471 1783 2540 tentationum,

132 2554 212 2623 larat,
228 2554 321 2627 primo
337 2554 658 2614 certamineoonfntetus
679 2555 779 2613 inferre
802 2572 857 2613 non
879 2572 931 2629 po·
984 2554 1084 2629 quibus
1096 2556 1224 2613 velillum
1238 2555 1370 2628 primum,
1383 2558 1521 2615 relisunn
1530 2562 1680 2618 amandum
1694 2564 1784 2621 Adam

133 2648 328 2707 tuit.·Videbst
339 2649 414 2707 enim
427 2649 582 2707 nullatenus
592 2665 656 2707 eum
671 2650 806 2707 initialem
820 2666 931 2708 causam
985 2649 1492 2723 callidisslinus'aggredituriuimicus,
1506 2654 1707 2726 elegantissime
1717 2674 1784 2714 con·

131 2743 304 2818 egriiudins
325 2743 409 2818 hujus
439 2746 600 2818 suscepisse,
619 2753 733 2819 eratque
760 2746 930 2819 superfluum
984 2746 1067 2820 grnit.
1079 2743 1120 2799 Illi
1139 2760 1257 2816 namque
1269 2743 1336 2800 dicit
1347 2763 1353 2799 :
1364 2746 1708 2818 Apici·ientarocuttoestii;
1720 2751 1785 2810 liuic

678 2882 806 2939 ablani
823 2882 935 2939 GAZAEl
955 2880 1233 2937 COMMENTleUS.

169 3010 182 3036 ¹
198 3001 340 3059 Naturales
367 3003 470 3061 scilicet
491 3012 519 3060 et
540 3003 665 3061 innoxias
694 3006 765 3062 Sunt
788 3002 861 3060 enim
884 3002 933 3059 lia·
987 3000 1175 3075 pedinicntam
1192 2998 1304 3072 aliquod
1317 3008 1422 3057 naturae
1435 3009 1485 3057 aut
1505 3000 1620 3063 fortuito
1643 3008 1781 3067 accidant.

133 3086 225 3129 manae
236 3072 412 3130 infirmitates
426 3074 553 3145 quaedam
568 3074 715 3140 naturales,
738 3090 801 3146 qnae
819 3074 884 3131 licet
899 3090 932 3128 es
999 3142 1002 3147 Ι
1022 3066 1036 3104 b
1054 3071 1295 3138 Scilicctluiuriae,
1314 3072 1362 3144 qai
1375 3071 1409 3130 de
1431 3073 1526 3130 radice
1545 3076 1703 3151 principalis
1726 3083 1781 3139 vitii

132 3144 213 3215 calpa
231 3152 260 3200 st
271 3146 487 3216 transgressione
502 3146 658 3219 primomm
677 3154 822 3218 parentum
839 3152 932 3200 ortam
987 3143 1099 3215 (scilicet
1115 3144 1197 3216 galee)
1212 3142 1357 3213 putiiaaiai
1370 3141 1527 3212 inhomine,
1542 3156 1594 3204 eto.

131 3213 262 3282 babeant,
282 3231 338 3272 uon
355 3225 448 3272 tamen
462 3233 494 3273 es
511 3216 705 3288 ssadculpem
719 3216 865 3289 impellunt
884 3225 933 3271 ant
1021 3217 1133 3270 οΙιιιιιι
1148 3214 1310 3285 evangelista
1329 3215 1422 3285 (ibid.)
1440 3217 1619 3275 tentationem
1633 3225 1781 3281 secundani

132 3285 305 3359 pertrabunt,
318 3286 366 3343 sed
378 3288 469 3359 potius
482 3288 626 3345 materiam
639 3288 762 3355 prebent
774 3287 932 3343 exercendae
986 3303 1003 3343 a
1015 3285 1148 3343 blatthaso
1167 3285 1294 3351 relatam,
1315 3300 1371 3366 nou
1386 3286 1521 3354 seeundo,
1541 3289 1590 3345 sed
1604 3292 1701 3349 ultimo
1721 3295 1782 3351 loco

132 3356 254 3424 rimatis,
275 3354 415 3427 utfames,
433 3358 502 3426 sitis,
522 3357 690 3430 defatigatio,
713 3358 876 3415 mortalitas.
896 3360 931 3415 Et
987 3357 1075 3430 ponit.
1099 3354 1181 3413 Unde
1204 3362 1333 3427 qnaerunt
1355 3362 1517 3428 interpretes
1535 3368 1596 3417 uter
1618 3366 1782 3437 evangelista

132 3429 199 3556 {aa
215 3429 322 3555 tgeneris
351 3430 525 3559 infirmitatedes
551 3444 644 3558 revera
671 3432 814 3559 landengss
828 3429 929 3557 t{lectiiist
947 3414 1229 3557 Cardiggmenffg
1231 3431 1387 3555 &lisinam
1401 3436 1613 3557 ἓ1ιοιιιιέιιιῃρροοιιιῖιῖιἢ
1625 3438 1779 3563 serenitierit.

134 3515 624 3644 esttmuiuo'dltiiadguldddrfiromiliodiigfuirilt¹
636 3518 728 3631 ἓιιδιιιινιΙ
738 3519 835 3631 Ιῖιιεειὲ
849 3517 929 3629 Βιῦιιιιιι-
981 3514 1061 3639 sazai,
1076 3571 1103 3626 in
1117 3513 1283 3626 narrationes
1294 3538 1388 3651 rerum
1397 3570 1525 3629 ordinem
1540 3520 1780 3654 ιειιιροξῗιῗιιβςὲῐῃξῗ

134 3648 251 3697 stantnr.
265 3641 334 3699 Aliae
347 3658 412 3700 vero
423 3654 488 3701 sunt
500 3644 651 3718 passiones,
667 3646 806 3703 naturales
815 3644 926 3717 quidem
983 3658 1030 3715 per
1053 3641 1206 3698 observant.
1233 3644 1270 3695 itt
1288 3640 1408 3723 plerique
1428 3653 1602 3701 consentiant
1622 3650 1779 3709 blattbaeain

133 3713 159 3769 si
177 3722 303 3769 naturam
324 3716 426 3786 lapsam
444 3717 618 3783 attendimus,
633 3716 796 3775 innaturales
816 3732 881 3791 vero
906 3716 929 3770 si
983 3730 1016 3771 eo
1031 3728 1086 3786 qao
1100 3712 1255 3769 acciderunt
1277 3710 1375 3768 ordine
1393 3714 1562 3793 ‘tentationes
1579 3718 1680 3775 Cliristi
1701 3738 1780 3777 coin-

133 3784 324 3841 rectitndinem
337 3787 397 3858 eius
408 3795 436 3842 et
445 3789 563 3860 primam
580 3789 781 3845 institutionem
802 3787 928 3843 conside·
982 3800 1166 3850 msmcrassc3
1180 3785 1284 3839 Lucam
1297 3796 1362 3838 iero
1376 3798 1435 3854 epus
1448 3785 1550 3841 ordinis
1571 3789 1704 3845 rationein
1723 3808 1778 3846 nun

132 3870 239 3919 ramus,
252 3872 308 3913 nori
322 3865 430 3914 tantum
446 3875 478 3914 cx
491 3860 572 3930 culpa
587 3858 752 3930 prodeuntes
763 3866 790 3922 ct
804 3858 930 3928 pravari-
983 3855 1119 3921 babuisse,
1140 3854 1215 3935 quod
1242 3870 1275 3909 ea
1295 3861 1370 3935 teiitu
1393 3856 1546 3927 evangelico
1567 3857 1638 3915 fiand
1665 3860 1780 3917 obscure

133 3927 241 3983 catione
256 3927 406 3999 primorum
421 3936 577 3998 parentum,
597 3942 693 3981 verum
716 3924 850 3981 etiamad
871 3926 929 3981 cul·
983 3927 1129 3997 colligitur.
1157 3928 1277 3981 Primam
1300 3940 1362 3996 qaia
1386 3926 1413 3981 S.
1445 3928 1543 3994 Lucas,
1565 3929 1602 3983 ait
1626 3929 1778 4000 cajetanus,

133 4012 200 4071 pain
216 3999 387 4055 occasionem
400 4007 428 4052 et
442 3999 514 4052 riam
527 3994 689 4067 prebentes,
710 4003 759 4051 aut
780 3995 866 4066 calpae
879 4011 929 4057 an·
956 4056 959 4062 ,
984 3997 1048 4052 licet
1064 3995 1174 4051 tertiam
1188 4010 1203 4049 a
1223 3993 1260 4050 ud
1278 3994 1438 4050 blattbaeum
1452 3996 1571 4052 secundo
1592 3998 1654 4055 loco
1673 4003 1778 4071 recitet,

133 4084 224 4137 nexae,
238 4077 269 4126 ut
288 4079 350 4124 sunt
366 4065 562 4136 proclivitasad
582 4065 699 4135 malum,
712 4065 825 4121 tarditas
836 4065 871 4121 ad
883 4065 931 4120 bo-
984 4075 1013 4122 et
1029 4063 1177 4121 secundam
1191 4010 1289 4144 nYtimo
1311 4066 1371 4143 loco
1395 4064 1503 4132 referat,
1526 4083 1582 4122 non
1605 4070 1670 4126 dicit
1687 4080 1779 4130 taniea

133 4154 211 4209 nam,
224 4139 387 4212 ignorantia,
398 4135 488 4192 fomes
500 4137 613 4209 peccati,
630 4137 687 4193 sive
703 4137 930 4219 concupiscentia,
985 4152 1049 4209 qnae
1061 4135 1170 4190 iberam
1180 4149 1255 4205 pncr
1265 4134 1361 4215 faent3
1379 4142 1406 4191 et
1422 4144 1564 4207 propterea
1574 4154 1606 4195 eir
1621 4142 1695 4198 Luca
1715 4146 1778 4201 aul·

133 4226 169 4267 ac
183 4208 357 4267 sensualitas.
371 4209 438 4263 latas
455 4217 546 4265 autem
559 4225 616 4267 non
628 4208 721 4267 decuit
733 4209 874 4265 Christum
885 4224 931 4263 as·
986 4208 1028 4263 lus
1051 4206 1167 4261 istarum
1197 4212 1375 4261 tentationum
1398 4204 1467 4261 ordo
1486 4210 1619 4289 temporis
1644 4213 1776 4284 hebetum

130 4295 247 4339 mmerc
258 4283 423 4343 (Damasceii.
434 4280 484 4334 lib.
499 4295 538 4337 ιιι
552 4296 611 4352 cap.
623 4287 668 4349 ιο,
679 4281 785 4339 άιΡιιὶι
794 4279 929 4362 orthod).
985 4278 1133 4335 blattbaeus
1147 4283 1242 4357 autem
1251 4290 1379 4358 expresse
1385 4291 1481 4333 aarum
1491 4279 1615 4338 ordinem
1625 4288 1776 4345 secundnm

130 4354 209 4409 Nam
225 4348 272 4420 qui
287 4358 393 4418 peccata
412 4351 483 4406 venit
504 4352 609 4421 tollere,
628 4352 753 4431 prolecto
772 4351 840 4408 nulli
858 4351 926 4420 labi,
980 4357 1090 4421 tempas
1111 4348 1238 4432 explicat,
1259 4346 1304 4402 nbi
1323 4347 1390 4405 dicit
1417 4352 1536 4407 :flaiani
1552 4361 1699 4428 assumpsit
1717 4378 1777 4417 enni

132 4430 184 4481 aut
210 4419 325 4476 ninculm
344 4421 456 4502 peccati,
476 4420 653 4496 fomentoque
679 4424 715 4481 ad
737 4423 846 4496 culpam
863 4439 927 4495 pro·
980 4421 1141 4477 diabolitatis
1153 4423 1269 4501 moialem
1284 4421 1424 4478 sarabaiti.
1437 4422 1507 4479 Cain
1520 4425 1777 4490 enimsemeldiiiis·

132 4491 243 4550 vocanti
269 4490 365 4548 delinit
388 4508 447 4549 esse
466 4493 612 4557 annonas.
639 4511 689 4553 nec
711 4495 802 4551 solam
830 4504 926 4551 natura
969 4501 1044 4551 set:
1062 4496 1134 4548 Tuae
1153 4489 1273 4563 (scilicet,
1292 4502 1482 4549 consummata
1502 4495 1590 4566 pn'ina
1611 4503 1774 4571 tentatione)

134 4563 319 4634 ἀναμάρτητοι.
342 4562 372 4619 id
394 4573 435 4620 est
460 4565 655 4636 impeccabilis,
674 4573 705 4623 ut
725 4568 809 4632 Deus,
831 4565 881 4623 sed
899 4575 931 4623 ut
983 4580 1073 4620 ossam
1105 4562 1776 4642 iteumdi'abolnsi‘asanctamciaitotem,etpostea

134 4634 222 4691 borno
236 4633 378 4700 mediator,
393 4644 420 4690 et
430 4636 609 4707 Redemptor,
618 4643 645 4691 et
663 4638 799 4703 Poittisca,
812 4642 929 4703 saraba,
983 4636 1060 4693 subdi
1082 4636 1103 4691 it
1121 4638 1243 4693 :ltemiii
1267 4637 1416 4705 assumpsit
1429 4653 1489 4691 cnm
1504 4639 1535 4692 ia
1549 4644 1681 4703 montem,
1708 4652 1774 4705 etc,

136 4710 268 4768 armariis,
295 4707 460 4776 iiirpcilatas,
477 4712 663 4776 sepi-epasmo
681 4709 874 4777 peccatoribus,
899 4716 931 4763 ut
983 4717 1075 4778 aperte
1086 4705 1249 4762 monstravit
1267 4706 1586 4783 perilladuiteramquod
1598 4708 1718 4764 seuuemo
1732 4727 1776 4766 as-

134 4779 177 4833 ait
188 4782 213 4831 A
232 4777 335 4833 ostolas
349 4779 433 4833 Helia.
448 4793 510 4845 vii,-
527 4794 561 4833 ne
575 4787 602 4833 et
615 4778 664 4848 ipsi
679 4778 780 4834 nicrito
796 4778 930 4849 objicere·
984 4777 1101 4847 sumpsit
1120 4776 1151 4856 in,
1173 4783 1318 4856 montem,
1351 4790 1405 4852 qai,
1424 4775 1514 4843 priano
1541 4788 1726 4860 assumpserat
1748 4783 1774 4837 iii

134 4857 181 4905 tur
196 4792 261 4905 ilfurt
280 4848 430 4919 vulgatam,
451 4850 772 4920 neum,cn1·aietpsam
788 4851 865 4916 (buc.
877 4853 926 4915 iv).
944 4822 1107 4926 Deerit-tam
1127 4853 1285 4923 civitatem„
1299 4845 1339 4898 lta
1358 4846 1527 4924 cajetanus:
1545 4846 1596 4900 Est
1610 4856 1639 4903 et
1651 4849 1722 4908 aliud
1734 4871 1777 4910 ar·

134 4922 223 4976 Porro
248 4919 390 4990 passiones
423 4920 504 4991 primi
526 4921 644 4992 generis,
665 4935 728 4991 quae
745 4920 806 4976 licet
819 4920 874 4976 sint
895 4936 929 4977 eii
981 4916 1231 4987 gumentamslmm
1243 4927 1317 4967 enim
1329 4927 1345 4967 a
1359 4912 1465 4969 Claram
1490 4913 1594 4996 dictum
1610 4917 1704 4978 fuisset
1716 4925 1775 4981 din·

134 4990 227 5060 culpa,
263 4999 432 5047 nontamen
458 4989 588 5047 inclinant
605 4991 640 5047 ed
660 4991 783 5062 culpam,
808 4990 930 5063 duplices
982 4989 1047 5045 bolo
1060 4986 1173 5071 alode,
1200 4986 1316 5066 damea,
1331 4991 1397 5051 etc,
1418 4984 1512 5064 subdit
1538 4989 1664 5071 baangel.
1682 5013 1689 5048 :
1705 4999 1778 5053 iiiia

133 5069 200 5118 saut
219 5080 225 5115 :
245 5061 370 5132 qriaedam
392 5062 465 5117 enim
486 5078 647 5118 communes
665 5070 729 5118 sunt
743 5062 793 5118 toti
809 5062 929 5119 huniano
981 5062 1164 5139 calamitatem
1175 5054 1309 5134 diabolum
1326 5061 1368 5137 (fat
1380 5069 1454 5137 enlm
1475 5061 1706 5140 verosimillimum
1722 5068 1778 5124 dia·

133 5132 239 5205 generi,
253 5148 314 5202 quas
336 5141 423 5189 totam
446 5141 574 5189 naturam
590 5134 740 5189 nnmainin
759 5148 930 5204 conseqnuii-
983 5131 1077 5187 bolam
1091 5127 1144 5210 ¹.¹¹'⁸
1155 5125 1253 5183 Christi
1268 5124 1357 5207 verbis
1367 5134 1495 5210 territam
1519 5140 1777 5205 victamqaestatim

133 5212 196 5271 tur;
206 5203 331 5274 qoaedam
344 5221 408 5261 vero
415 5205 606 5276 personaleset
612 5205 863 5278 particularesque
872 5220 930 5260 non
983 5202 1156 5265 abscessisse,
1179 5211 1240 5268 quai
1253 5195 1366 5267 quidem
1378 5198 1459 5254 verba
1472 5215 1502 5255 in
1514 5211 1619 5271 monte,
1633 5222 1688 5262 non
1712 5212 1777 5269 alibi

133 5282 225 5332 totam
239 5274 387 5332 humanam
404 5284 543 5338 naturam,
556 5274 605 5333 sed
629 5275 781 5348 singulares
797 5276 929 5348 quasdam
984 5272 1143 5353 dictasunt.
1164 5269 1251 5324 Porro
1267 5268 1340 5339 quod
1353 5269 1387 5351 ad
1402 5284 1492 5353 mores
1507 5281 1535 5328 et
1556 5287 1717 5345 praesentem
1738 5285 1778 5339 lo.

134 5361 267 5471 gessonas
281 5346 439 5418 respiciunt.
451 5356 478 5403 et
498 5346 634 5413 afficiant,
648 5358 679 5403 ut
689 5356 753 5403 sunt
772 5347 845 5403 varia
857 5363 931 5404 mor·
984 5360 1049 5409 cuni
1067 5348 1174 5404 attinet,
1188 5338 1243 5395 hoo
1255 5348 1395 5421 annotant
1412 5349 1494 5399 etiam
1517 5347 1553 5400 D.
1576 5346 1698 5407 Thomas
1712 5354 1781 5424 (Ubi

157 5432 237 5473 orum
283 5434 376 5488 encra,
402 5419 519 5487 caecitas,
544 5416 674 5487 surditas,
702 5416 872 5487 deformitas,
903 5426 932 5474 et
984 5410 1280 5493 marceniensem
1305 5411 1778 5494 uidenturevangelistaediversum

137 5485 249 5557 bajusm
286 5490 304 5545 i.
318 5488 454 5559 Quoniam
464 5497 558 5547 autem
574 5488 697 5547 Christus
711 5500 820 5549 venerat
830 5488 932 5546 bania-
985 5486 1112 5568 ordinem
1126 5491 1154 5540 te
1192 5481 1521 5564 isse,.qu1aqaandoque
1545 5502 1578 5543 eir
1597 5489 1671 5546 inani
1694 5497 1780 5567 gloria

134 5572 204 5613 nam
225 5569 499 5632 nataram'reparare,
519 5578 551 5617 ac
572 5570 724 5618 restaurare
738 5563 931 5628 communiter,
987 5565 1092 5613 veantur
1115 5554 1150 5611 nd
1214 5552 1368 5636 piditatem,
1401 5556 1605 5630 qnandoquec
1635 5579 1778 5640 converso,

132 5638 164 5687 et
177 5629 236 5687 sine
266 5648 427 5689 ersonaram
439 5632 684 5704 distinctione,par
704 5631 862 5705 fuitipsam
881 5649 933 5688 na·
986 5628 1060 5702 quod
1070 5634 1165 5709 nostro
1177 5633 1261 5707 teritur
1275 5633 1337 5697 apte
1352 5636 1495 5683 consonat.
1587 5703 1593 5714 .

132 5648 388 5769 turatesdnnranat,
410 5713 438 5759 et
451 5720 507 5759 non
527 5704 693 5777 personales,
714 5704 884 5761 infirmitates
904 5704 932 5759 in
1022 5700 1036 5736 l
1063 5702 1105 5755 En
1122 5699 1351 5762 illicitamentum,
1366 5705 1394 5753 et
1417 5699 1496 5780 paulo
1509 5710 1573 5774 post
1586 5705 1727 5778 illicitatio,
1749 5710 1784 5765 de

132 5790 162 5831 se
178 5772 324 5844 suscipere.
337 5774 417 5831 Unde
428 5791 477 5830 nec
494 5774 607 5831 morbos
618 5776 761 5841 contraxit,
780 5791 832 5833 nec
840 5772 933 5857 defor—
987 5770 1086 5899 quibus
1111 5783 1193 5841 supra
1222 5766 1299 5841 (Cap.
1328 5769 1367 5842 l),
1392 5768 1493 5842 quibus
1525 5788 1710 5849 synonymum
1744 5784 1785 5861 esi

132 5846 247 5902 mitates
262 5844 861 5920 corporis,qaeeplerumqucbominibasob
878 5862 934 5903 im·
986 5844 1145 5913 ilicium..
1645 5874 1669 5887 ··
1784 5864 1790 5883 ι

243 5937 373 5993 Parnon.
391 5936 496 5991 xiix.
1625 5936 1666 5986 'ab
