3848 6158
129 237 138 257 -·
157 227 209 280 599
697 217 840 277 ioannis
858 214 1012 270 cassum
1031 215 1274 275 coctano-nes.
1760 228 1814 282 coo

155 348 190 404 lei
211 335 300 406 carnis
318 348 606 422 insurgunt,{suisque
625 361 675 403 nos
690 345 759 400 vitiis
781 351 808 398 et
828 339 956 413 passioni·
970 345 997 406 Α
1010 358 1097 414 neque
1116 344 1148 399 ad
1166 343 1298 402 cllrcnata
1312 347 1378 404 vitia
1398 358 1518 407 mentem
1539 348 1659 422 pertrahi
1679 352 1813 421 concupi-

121 446 124 452 '
155 441 207 499 bus
226 444 386 514 sauciantes,
403 459 579 517 nequaquam
596 443 623 497 in
635 441 689 507 illa,
706 453 759 510 qua
780 435 954 501 delectamur,
1010 436 1113 491 scentia
1127 438 1240 507 spiritus
1254 439 1338 509 sinat,
1349 456 1400 497 nec
1417 458 1525 499 rursum
1540 443 1573 499 ad
1586 444 1722 498 virtutum
1743 443 1810 499 irra-

157 538 282 609 puritatis
304 537 437 610 qualitate
459 545 531 592 stare
543 535 716 607 permittunt,
732 532 813 602 atque
831 528 865 585 ad
880 529 955 584 illam
1009 527 1153 586 tionabiles
1177 533 1315 603 appetitus
1334 533 1464 608 fragilitas
1476 536 1566 592 carnis
1579 537 1707 608 spiritum
1723 538 1815 609 patia-

156 644 239 701 quam
269 632 413 687 horremus
435 626 563 700 lrigidam
590 626 769 698 voluptatem,
793 623 956 695 plenamque

157 722 278 778 sentibus
286 720 450 793 pertrahunt
462 720 543 775 viam.
558 723 666 775 Rursus
680 718 701 774 sl
720 717 832 786 spiritus
849 714 959 770 fervore

160 813 293 880 succensi,
313 827 394 884 opera
421 813 512 868 carnis
539 811 660 868 volentes
688 811 870 883 exstinguere,
902 811 959 864 siue

161 903 217 961 ullo
231 912 356 976 respectu
364 903 515 978 bagitirati
529 907 670 972 humanae,
690 912 763 960 totos
775 901 960 972 nosmetipsos

158 998 354 1055 tentaverimus
368 999 401 1056 ad
414 999 594 1056 immoderata
609 998 741 1054 virtutum
762 995 851 1053 studia
870 994 960 1051 cordis

156 1092 274 1149 elatione
300 1093 436 1163 conferre,
466 1094 640 1167 interpellans
666 1091 839 1149 imbecillitas
867 1089 959 1171 cqrnis

156 1185 192 1242 ab
217 1186 262 1241 illa
277 1186 482 1258 reprehensibili
504 1187 643 1243 nimietate
666 1184 778 1258 spiritus
795 1191 906 1240 revocat
926 1199 959 1239 ac

155 1280 290 1348 retardat;
304 1291 333 1339 et
356 1283 390 1338 ita
411 1282 443 1337 lit
465 1291 507 1350 ut,
533 1291 650 1354 utraque
670 1279 887 1352 concupiscentia
910 1278 959 1335 tali

155 1372 350 1430 colluctatione
364 1374 469 1431 alterna
483 1374 595 1432 sibimet
607 1381 785 1445 repugnante,
798 1373 898 1428 animae
909 1387 957 1427 vo·

157 1465 259 1537 luntas,
274 1483 336 1539 quae
355 1477 507 1525 nectutem
531 1484 561 1524 se
585 1467 740 1523 carnalibus
754 1465 895 1522 desideriis
908 1464 955 1521 de·

155 1559 230 1626 dere,
239 1577 290 1617 nec
301 1563 434 1618 virtutum
444 1563 503 1618 vult
517 1561 654 1619 laboribus
665 1561 810 1628 desudare,
824 1558 957 1632 quodam·

155 1655 241 1712 modo
252 1655 329 1727 justo
340 1655 528 1713 moderamine
541 1664 719 1728 temperetur,
730 1654 796 1710 dum
813 1653 872 1710 haec
885 1653 956 1708 inter

1013 628 1058 676 tur
1067 623 1159 696 extolli
1167 644 1174 692 ;
1188 640 1222 681 ne
1235 627 1275 682 vel
1291 627 1352 684 inde
1363 628 1541 701 omnigenum
1554 629 1688 701 pullulent
1703 627 1813 685 lomites

1015 712 1152 784 viticmm,
1176 717 1216 773 vel
1242 717 1306 774 binc
1326 719 1407 776 elatio
1426 721 1516 778 morbi
1539 721 1697 794 principalis
1721 736 1813 778 emer-

1013 826 1090 883 gens,
1108 810 1163 867 telo
1185 827 1237 867 nos
1254 812 1387 884 superbiae
1406 815 1530 885 graviore
1558 813 1702 870 confodiat
1729 834 1737 870 ι
1765 816 1811 874 sed

1014 917 1111 975 pugnae
1124 901 1301 975 borumjusta
1317 905 1664 976 aequilibratio·succedeus
1675 922 1772 963 sanam
1786 917 1813 965 et

1013 996 1184 1053 moderatam
1199 999 1269 1054 inter
1285 1007 1429 1072 utramque
1452 1001 1580 1058 virtutem
1599 1010 1720 1058 reservet
1729 1003 1811 1074 viam,

1014 1091 1110 1147 itinere
1137 1092 1211 1164 regio
1231 1091 1333 1149 docens
1347 1092 1459 1150 militem
1488 1095 1589 1151 Christi
1611 1110 1723 1168 semper
1740 1099 1812 1154 ince-

1012 1185 1087 1252 dere.
1104 1190 1193 1259 ntque
1207 1185 1243 1242 ita
1256 1186 1297 1254 nr,
1316 1195 1347 1244 ut
1366 1203 1428 1244 cum
1444 1204 1493 1260 pro
1507 1188 1712 1261 teporesshujus,
1727 1204 1811 1262 quam

1011 1279 1141 1346 diximus,
1170 1280 1353 1352 ignavissima
1372 1283 1516 1339 voluntatis
1539 1283 1705 1355 propensius
1731 1299 1810 1342 mens

1011 1373 1046 1430 ad
1064 1373 1196 1430 desideria
1213 1373 1301 1431 carnis
1320 1373 1401 1431 luerit
1414 1375 1551 1445 devoluta,
1575 1376 1687 1448 sptritus
1708 1392 1811 1435 coucu-

1013 1465 1142 1536 piscentia
1170 1465 1334 1535 refrenetur,
1353 1483 1528 1540 nequaquam
1556 1484 1589 1525 eo
1614 1468 1686 1527 vitiis
1706 1471 1813 1543 acquie-

1010 1567 1101 1614 scente
1123 1559 1249 1625 terrenis;
1270 1575 1434 1633 rursumque
1457 1561 1480 1616 si
1496 1561 1686 1619 immoderato·
1703 1561 1812 1622 fervore

1010 1666 1059 1723 per
1074 1666 1214 1708 excessum
1237 1651 1326 1709 cordis
1346 1652 1381 1709 ad
1397 1652 1575 1725 impossibilia
1598 1654 1681 1712 luerit
1694 1657 1810 1728 spiritus

156 1756 273 1820 utraque
295 1750 446 1819 contentio,
472 1750 547 1807 illam
568 1749 789 1822 perniciosiorem
810 1745 957 1803 excludens
975 1754 1107 1822 Bncster
1124 1754 1150 1802 et
1167 1746 1365 1803 inconsiderata
1385 1756 1544 1820 praereptns,
1567 1748 1724 1806 infirmitate
1746 1767 1809 1807 car·

155 1841 445 1912 animaeroluntatem,
466 1852 497 1900 ut
513 1843 660 1916 quamdam
671 1841 810 1913 aequitatis
824 1839 961 1895 libramin
1014 1829 1103 1898 nis'ad
1118 1840 1224 1914 justum
1244 1840 1398 1896 retrahatur
1413 1856 1537 1910 examen,
1560 1849 1587 1898 et
1604 1842 1800 1900 transcendens

153 1943 256 1992 statera
280 1938 367 1994 nostri
389 1939 513 2010 corporis
535 1937 659 2007 collocat,
683 1952 745 2008 quae
763 1936 875 2006 spiritus
903 1948 962 1989 car·
1015 1934 1578 2006 voluntatisnostraetepidissimumstatum
1587 1936 1808 1994 commodissima

156 2028 252 2101 nisque
263 2031 381 2087 confinia
391 2031 468 2103 justo
480 2031 608 2088 discernit
621 2030 756 2096 examine,
766 2045 817 2085 nec
831 2044 846 2084 a
858 2026 961 2084 dextris
1013 2029 1145 2100 temperie
1165 2029 1299 2100 planoque
1317 2029 1426 2084 tramite
1451 2045 1515 2085 cum
1542 2029 1650 2086 sudoris
1673 2029 1812 2087 industria

154 2130 275 2177 mentem
294 2122 515 2194 spiritusardcre
533 2122 705 2191 succensam,
719 2138 795 2178 neca
816 2121 883 2178 laeva
898 2137 957 2177 car-
1013 2121 1087 2178 viam
1106 2120 1280 2193 perfectionis
1301 2122 1415 2178 incedat.
1434 2123 1529 2179 Simile
1548 2121 1619 2194 quid
1631 2122 1715 2181 etiam
1740 2124 1770 2179 in
1783 2123 1813 2179 il·

155 2226 220 2268 nem
234 2213 361 2269 vitiorum
386 2197 485 2270 aculeis
502 2213 709 2287 praeponderare
721 2214 864 2286 permittit.
880 2216 956 2270 Dum
1012 2214 1063 2271 lius
1076 2216 1158 2272 turris
1173 2215 1358 2272 exstructione
1379 2215 1493 2289 legimus
1504 2231 1520 2271 a
1533 2215 1652 2271 Domino
1666 2214 1809 2288 dispensa·

155 2302 215 2359 haec
233 2320 321 2376 pugna
337 2300 504 2377 quotidianis
524 2306 619 2363 diebus
634 2307 738 2362 utiliter
758 2307 909 2379 exagitatur
929 2306 957 2362 in

155 2396 246 2465 nobis,
261 2397 296 2454 ad
311 2397 379 2455 illud
402 2408 533 2470 quartum
557 2398 630 2471 quod
650 2401 780 2455 nolumus
809 2399 957 2456 salubriter

156 2489 247 2545 venire
267 2491 469 2563 compellimur,
491 2500 522 2549 ut
541 2493 687 2565 puritatem
710 2492 800 2549 cordis
823 2509 878 2549 nou
899 2493 956 2549 otio

60 2599 69 2619 .
155 2597 207 2638 nec
229 2583 383 2652 securitate,
397 2582 447 2641 sed
457 2584 516 2658 jugi
533 2585 634 2642 sudore
651 2596 679 2642 et
698 2586 864 2643 contritione
878 2587 956 2658 spiri·

155 2682 201 2732 tus
219 2679 622 2752 acquiramus,castitatemque
637 2679 725 2735 caruis
737 2679 868 2735 districtis
884 2679 954 2752 jeju·

156 2770 219 2839 niis,
232 2772 315 2843 lame,
329 2773 370 2828 siti
382 2788 414 2828 ac
434 2772 567 2846 vigilantia
588 2773 768 2838 retineamus3
781 2773 958 2829 directionem

1010 2318 1085 2378 tum,
1103 2312 1130 2365 in
1161 2309 1229 2366 libro
1262 2311 1411 2376 Geueseos,
1444 2309 1489 2365 ubi
1516 2309 1673 2381 linguarum
1712 2309 1812 2365 oborta

1009 2410 1121 2473 repente
1139 2400 1263 2457 conlusio
1284 2401 1431 2470 sacrilegos
1444 2417 1525 2457 ausus
1542 2400 1688 2457 hominum
1711 2399 1812 2458 nelau-

1009 2493 1113 2564 dosque
1126 2495 1296 2564 compescuit
1309 2493 1410 2564 (Getice.
1428 2493 1479 2565 xx).
1495 2497 1508 2526 ¹
1522 2492 1723 2550 permansisset
1736 2494 1811 2550 enim

1009 2585 1269 2642 etiamibiadsersus
1277 2588 1377 2654 Deum,
1390 2586 1613 2643 immoadversus
1624 2601 1674 2643 eos
1688 2586 1735 2660 qui
1746 2586 1815 2644 divi·

1012 2695 1078 2736 nam
1092 2679 1150 2753 ejus
1163 2685 1295 2735 attentare
1309 2688 1448 2751 coeperant
1465 2679 1651 2752 majestatem,
1663 2695 1818 2739 consensus

1011 2776 1119 2844 noxius,
1133 2779 1184 2834 nisi
1203 2794 1251 2835 ecs
1275 2777 1474 2852 dispensatione
1493 2779 1544 2836 Dei
1567 2793 1726 2852 repugnans
1739 2779 1813 2837 inter

157 2863 240 2918 etiam
260 2867 360 2932 cordis,
383 2865 509 2934 lectione,
533 2865 639 2937 vigiliis,
662 2866 787 2921 oratione
815 2866 955 2934 contiuua,
1011 2884 1041 2924 se
1055 2867 1195 2926 diversitas
1219 2871 1321 2944 lingum
1337 2889 1384 2944 per
1404 2872 1601 2928 dissonantiam
1620 2873 1697 2929 vocis
1712 2873 1742 2929 in
1756 2888 1817 2931 mc·

157 2962 184 3009 et
194 2956 350 3012 solitudinis
367 2957 495 3027 squalore
514 2958 669 3028 capiamus;
694 2958 854 3028 patientiam
868 2957 955 3014 tribu·
1012 2961 1109 3017 liorem
1135 2971 1236 3019 statum
1259 2965 1390 3036 prolicere
1418 2965 1605 3037 compulisset,
1630 2974 1658 3022 et
1679 2981 1752 3039 quos
1776 2966 1814 3025 ad

156 3044 289 3099 lenonum
307 3046 442 3101 exercitiis
462 3056 639 3117 retentemus,
660 3065 722 3104 cnm
738 3049 912 3121 blasphemiis
930 3060 958 3108 et
1010 3054 1145 3111 excidium
1167 3056 1209 3113 sui
1231 3059 1397 3115 animaverat
1420 3058 1572 3129 perniciosa
1600 3059 1759 3127 consensio,
1780 3061 1817 3119 ad

157 3136 368 3207 opprobriorum
390 3139 535 3195 saturitate
548 3149 644 3196 nostro
661 3141 811 3198 serviamus
828 3145 955 3215 Auctori3
971 3147 994 3211 C
1009 3151 1125 3205 salutem
1140 3161 1293 3208 revocasset
1317 3151 1388 3208 hona
1412 3152 1540 3223 utilisque
1568 3151 1719 3221 discordia,
1746 3153 1816 3210 inci-

156 3227 298 3308 verilatem
318 3222 385 3287 'cum
402 3229 501 3288 invidia
518 3233 612 3290 mundi
632 3235 712 3305 istius
723 3243 750 3291 et
768 3236 925 3306 inimicitiis,
935 3239 957 3294 si
1011 3242 1113 3314 pientes
1132 3243 1236 3299 scilicet
1252 3244 1400 3300 humanam
1416 3244 1593 3316 fragilitatem
1615 3243 1812 3304 intercedente

156 3337 267 3379 necesse
290 3323 384 3395 luerit,
403 3341 599 3398 exsequamur,
614 3337 641 3384 et
653 3329 699 3385 tali
716 3330 906 3388 colluctatione
927 3333 957 3389 in
1011 3334 1144 3391 divisione
1161 3337 1271 3398 sentire,
1285 3353 1366 3407 quam
1386 3353 1434 3408 per
1447 3338 1558 3393 noxiam
1578 3338 1818 3410 conspirationem

156 3423 252 3474 nostro
274 3434 389 3492 corpore
412 3421 558 3491 militante,
581 3426 726 3496 protractis
751 3425 831 3482 nobis
851 3425 886 3483 ah
907 3427 957 3484 hac

157 3512 254 3584 ignava
267 3514 422 3582 securitate,
434 3524 515 3587 atque
529 3516 562 3573 ad
579 3517 661 3573 istum
678 3534 762 3590 quem
778 3520 904 3576 volumus
922 3523 958 3578 la·

155 3605 252 3661 horem
266 3621 299 3661 ac
307 3607 435 3661 virtutem
445 3606 536 3664 studia
551 3609 713 3680 provocatis,
729 3612 842 3681 aequitas
855 3615 959 3685 optime

157 3699 246 3756 media
258 3701 416 3767 retineatur,
434 3706 462 3755 et
479 3700 601 3772 tepidum
627 3709 730 3758 nostrae
752 3704 899 3762 voluntatis
913 3723 958 3764 ar·

156 3795 281 3861 bitrium,
305 3795 370 3851 hinc
381 3795 490 3866 spiritus
505 3794 606 3863 fervor,
629 3797 703 3853 illinc
721 3800 811 3855 carnis
824 3803 959 3873 gelidissi-

156 3904 218 3946 mus
233 3890 316 3962 rigor
336 3889 556 3947 moderatissimo
578 3891 668 3947 calore
696 3902 910 3966 contemperent,
925 3913 957 3955 ac

193 4130 315 4185 'Genes
328 4143 361 4184 x1
379 4146 385 4183 :
403 4131 542 4186 Descmrdit
554 4133 692 4194 Dominus,
708 4137 739 4186 ut
751 4134 852 4188 uideret
866 4136 960 4189 meilo-

157 4203 208 4253 tem
220 4205 245 4253 et
256 4202 354 4253 turrim
365 4217 445 4268 qratia
460 4201 629 4272 aedificabant
638 4205 692 4272 filii
705 4204 806 4266 Aelim,
822 4210 848 4259 et
862 4207 957 4261 dicit:

156 4272 221 4323 Ecce
235 4285 304 4321 unus
315 4274 354 4321 cst
366 4272 491 4338 populns,
510 4278 535 4326 ct
552 4289 636 4326 unum
650 4279 690 4328 est
702 4275 802 4329 ludium
823 4278 955 4340 cerenicus,

156 4342 340 4406 ceperuntque
355 4338 513 4405 bocfircere3
525 4359 570 4395 nec
581 4343 709 4397 desistent
721 4361 738 4397 a
751 4348 956 4413 coqitotionihus

156 4409 224 4470 anie,
239 4408 319 4458 donec
340 4419 385 4458 cas
406 4421 483 4474 opere
496 4412 654 4478 compleant.
680 4415 772 4467 Vertite
791 4418 886 4482 iqi'tur,
909 4419 955 4472 de·

156 4476 324 4537 secedamus,
338 4479 363 4526 ct
380 4478 577 4542 coresuadcmue
599 4480 639 4532 ibt
659 4482 780 4549 linquam
803 4501 902 4548 cotum,
925 4492 956 4542 ut

155 4560 208 4598 teon
217 4544 313 4599 audiat
323 4548 505 4616 unusquisque
514 4563 601 4602 ccccm
612 4554 736 4617 proaimi
748 4556 800 4606 sui.
814 4557 905 4623 Atque
917 4560 956 4611 ito
969 4550 994 4611 D

155 4617 249 4671 diuini
262 4631 304 4670 eos
317 4616 445 4671 Domitius
466 4635 500 4672 car
513 4620 559 4673 illo
568 4620 622 4673 loco
635 4623 663 4673 in
677 4624 807 4676 citicensis
823 4629 920 4697 turos,
933 4634 958 4682 et

155 4691 324 4743 cessauerant
339 4687 473 4756 edifica-re
485 4692 628 4745 ciuitatem.
650 4691 694 4746 Sic
714 4691 794 4763 igitur
805 4694 958 4767 linguarum

156 4759 253 4815 chorta
268 4757 404 4826 conlusio,
419 4769 447 4815 et
461 4776 559 4817 vocum
575 4760 709 4818 discordia
733 4768 892 4822 temerarios
906 4785 956 4824 au·

155 4845 202 4886 sus
220 4829 365 4885 hominum
388 4830 564 4905 nefariosque
585 4834 763 4903 compescuit.
789 4836 849 4905 Quo
873 4839 956 4895 etiam

155 4900 239 4954 modo
254 4900 334 4954 nobis
349 4902 457 4971 prodest
470 4904 577 4959 iuterna
595 4905 713 4975 partium
730 4916 887 4965 nostrarum
903 4911 958 4966 dis-

155 4970 258 5037 cordia,
273 4978 331 5024 tum
350 4971 384 5025 ad
407 4972 613 5042 deprimendam
629 4977 730 5032 mentis
744 4988 847 5035 nostrae
860 4980 955 5038 elatio·

154 5056 230 5105 nent,
246 5049 306 5095 tum
318 5040 353 5096 ad
364 5041 432 5098 alios
447 5042 651 5116 ellectussupra
666 5048 795 5119 signatos.

191 5106 322 5184 ¹'Colligit
338 5126 371 5166 ex
397 5111 479 5167 dictis
500 5114 533 5168 ali
555 5123 604 5169 not
628 5118 768 5185 utilitates,
793 5136 855 5192 qnae
873 5122 956 5177 nobis

155 5196 187 5236 ex
209 5183 400 5238 colluctatione
417 5198 449 5239 ac
465 5131 577 5239 dissidio
601 5189 690 5243 cantis
712 5200 739 5244 et
760 5192 870 5260 spiritus
890 5207 953 5261 pro·

155 5253 276 5307 veniunt.
292 5254 380 5308 Prima
397 5254 497 5309 utilitas
512 5263 554 5310 est
571 5257 700 5313 salutaris
717 5262 856 5315 cunctatio
870 5270 898 5316 et
912 5261 952 5316 di·

154 5321 219 5377 latio
231 5337 282 5392 qua
301 5323 332 5376 lit
346 5325 456 5380 utmala
475 5341 536 5396 quae
554 5328 828 5398 animoconcepimus
847 5331 953 5388 tardius

154 5407 345 5464 exsequamur,
367 5396 491 5465 corporis
517 5398 589 5453 mole
615 5398 767 5470 praepediti,
794 5407 821 5454 et
847 5400 952 5458 lacilius

154 5463 241 5519 abeis
255 5479 413 5521 revocemur
427 5467 584 5538 poeuiteutia
599 5469 683 5525 ducti.
697 5470 768 5523 Hinc
778 5472 880 5526 Poeta:

237 5571 324 5634 Diller,
344 5571 439 5622 hahent
449 5587 534 5637 parvm
545 5574 676 5624 commoda
685 5587 773 5637 magna
786 5563 871 5626 morte.

152 5677 285 5743 Secunda,
312 5678 420 5735 facilior
440 5681 513 5752 apud
544 5685 632 5737 Deum
653 5683 790 5738 excusatio
814 5692 841 5739 et
863 5687 951 5744 renim

82 5754 90 5771 ·
153 5750 321 5821 consecutio,
334 5751 438 5808 ratione
461 5751 629 5808 infirmitatis
643 5761 669 5808 et
683 5752 836 5827 fragilitatis
853 5757 950 5814 huma·

1011 3429 1074 3486 elati
1087 3439 1168 3486 antea
1182 3431 1347 3486 nesciebant.

1297 3571 1417 3627 CAPUT
1437 3571 1516 3626 Xlll.

1088 3703 1125 3753 lle
1134 3700 1253 3753 utilitate
1259 3701 1432 3753 correlationes
1443 3716 1504 3768 qua
1514 3717 1548 3754 eu
1561 3702 1746 3757 colluctatione

1232 3772 1320 3824 oritur·
1335 3773 1460 3825 coracinet
1473 3774 1596 3841 spriritus.

1048 3903 1079 3954 lu
1092 3907 1199 3954 tantum
1214 3890 1304 3953 vero¹'
1322 3885 1392 3953 utilis
1412 3898 1491 3954 nobis
1501 3913 1534 3953 ex
1555 3897 1636 3971 hujus
1649 3914 1752 3972 pugnae
1772 3899 1816 3957 di·

704 4016 830 4072 ababli!
850 4020 962 4077 GAZAEI
981 4022 1261 4080 COMMENTARIUS.

1011 4154 1067 4206 nae,
1083 4139 1161 4211 cujus
1181 4137 1294 4193 obtentu
1307 4139 1388 4193 toties
1404 4137 1542 4193 Psalmista
1563 4137 1684 4195 divinam
1707 4139 1817 4195 miseri·

1011 4210 1133 4265 cordiam
1157 4216 1312 4264 commovet
1332 4216 1359 4263 et
1371 4209 1510 4280 implorat,
1535 4207 1658 4264 diceus:
1689 4213 1817 4267 lltsmcre

1012 4285 1072 4343 mei,
1107 4283 1226 4342 Domine,
1254 4282 1381 4349 quoniam
1399 4283 1523 4349 irtfimnns
1550 4296 1619 4343 sum,
1652 4287 1719 4347 etc,
1739 4281 1816 4352 quod

1010 4351 1097 4421 angeli
1117 4351 1207 4404 dicere
1224 4366 1279 4404 ncn
1296 4358 1418 4421 possunt,
1435 4350 1543 4420 quibus,
1558 4367 1623 4406 cum
1648 4351 1705 4407 sint
1723 4351 1815 4408 incor-

1011 4420 1096 4489 porei,
1112 4421 1184 4474 nulla
1210 4421 1332 4492 suppetit
1355 4423 1493 4476 excusatio
1516 4422 1699 4489 infirmitatis,
1717 4430 1751 4478 ut
1770 4422 1815 4477 lrie

1009 4491 1115 4545 dicitur.
1134 4491 1237 4559 Tertia,
1256 4492 1343 4562 maior
1362 4495 1465 4546 cautela
1488 4501 1517 4547 et
1533 4492 1704 4561 sollicitudo,
1725 4500 1758 4549 ut
1779 4494 1815 4549 de

1009 4560 1097 4625 hoste,
1114 4563 1265 4633 praesertim
1282 4563 1444 4626 domestico,
1462 4578 1613 4635 numquam
1627 4564 1727 4631 securi,
1744 4579 1815 4618 cau·

1012 4631 1066 4686 tius
1088 4633 1167 4687 nobis
1189 4633 1359 4705 iuvxligemus
1382 4641 1409 4688 et
1447 4635 1632 4705 rospiciamus.
1646 4634 1703 4706 Qui
1722 4635 1813 4700 enim,

1011 4701 1089 4758 hoste
1110 4712 1254 4774 prasente,
1277 4717 1364 4774 eoque
1395 4649 1583 4772 iniestissimo,
1610 4704 1737 4785 nonsibi
1763 4720 1815 4778 qa·

1011 4782 1083 4840 veut,
1113 4789 1225 4844 seseque
1256 4775 1377 4829 muniat?
1411 4774 1523 4843 Quarta,
1556 4774 1722 4844 humiliatio,
1759 4790 1813 4846 qna

1010 4845 1093 4899 etiam
1108 4845 1155 4900 viri
1180 4845 1311 4914 spiritales
1324 4854 1351 4900 et
1368 4845 1479 4916 perlecti
1504 4845 1539 4901 ob
1554 4848 1642 4902 carnis
1663 4846 1813 4902 infirmita·

1010 4923 1106 4970 temet
1125 4915 1341 4981 immunditiam,
1360 4931 1444 4987 qnam
1471 4917 1610 4988 patiuntur
1624 4917 1713 4981 inviti,
1737 4917 1812 4973 salu·

1009 4984 1093 5040 briter
1110 4987 1297 5053 humiliantur,
1321 5002 1356 5042 ne
1373 4987 1407 5042 de
1424 4986 1481 5042 suis
1502 4987 1647 5043 virtutibus
1659 5004 1693 5043 ac
1710 4987 1813 5045 divinis

1008 5054 1146 5112 beneficiis
1160 5057 1337 5112 extollantur.
1355 5059 1384 5113 si
1408 5059 1481 5112 enim
1498 5059 1632 5130 Apostolo
1651 5059 1752 5127 Panlo,
1776 5075 1814 5116 nc

1008 5127 1166 5198 magnitudo
1191 5127 1388 5184 revelationum
1405 5143 1469 5184 eum
1485 5129 1636 5198 extolleret,
1662 5131 1746 5188 datus
1770 5139 1813 5187 est

1007 5196 1136 5253 stimulus
1162 5199 1248 5253 carnis
1264 5214 1332 5264 suae,
1347 5199 1458 5267 angelus
1477 5201 1595 5269 Samum,
1614 5201 1737 5273 quicum
1759 5217 1813 5258 co·

1007 5265 1156 5337 laphizaret
1171 5270 1251 5338 (Vide
1262 5273 1336 5325 loun.
1352 5271 1595 5341 Clinnocumprodu
1609 5274 1670 5343 15),
1681 5268 1749 5344 quid
1758 5273 1813 5327 mi·

1007 5353 1068 5393 rum
1084 5339 1106 5393 si
1120 5339 1196 5393 aliis?
1211 5343 1267 5395 Has
1279 5343 1346 5397 duas
1367 5342 1497 5398 utilitates
1506 5345 1682 5414 prosequitur
1694 5357 1757 5413 cap.
1775 5350 1812 5399 ts

1005 5416 1032 5462 et
1044 5411 1217 5479 sequentibus
1229 5415 1264 5480 (ll
1280 5413 1338 5469 Cor.
1356 5413 1405 5484 tt).
1423 5415 1572 5484 Caeterum,
1584 5411 1750 5486 quamvisex
1763 5413 1812 5472 his

1006 5487 1080 5534 recte
1099 5481 1251 5551 colligatur,
1272 5491 1302 5538 nt
1316 5483 1418 5555 colligit
1440 5489 1557 5551 Auctor,
1578 5495 1728 5557 utcumque
1753 5487 1812 5542 sal·

1006 5557 1063 5604 tem
1081 5559 1108 5607 et
1120 5553 1272 5609 secundum
1288 5554 1364 5624 quid,
1383 5555 1439 5610 sire
1465 5555 1681 5622 occasionaliter,
1699 5556 1809 5614 bonam

1006 5635 1065 5676 esse
1076 5631 1103 5677 et
1122 5624 1156 5680 ad
1170 5624 1255 5679 multa
1269 5625 1348 5680 nobis
1363 5625 1459 5680 utilem
1475 5627 1564 5683 carnis
1582 5635 1610 5682 et
1623 5627 1735 5698 spiritus
1749 5631 1811 5684 col·

1006 5691 1195 5762 luctationem,
1217 5694 1333 5766 ideoque
1344 5696 1433 5751 divina
1449 5696 1651 5768 dispensatione
1672 5713 1721 5755 seu
1745 5697 1806 5754 dis·

1005 5763 1140 5834 positione
1155 5766 1184 5820 in
1200 5766 1279 5823 nobis
1293 5765 1374 5822 ctiam
1391 5773 1452 5840 post
1469 5768 1637 5840 baptismum
1659 5784 1808 5827 remanere
