3848 6158
145 218 196 272 oet
694 204 834 262 torturus
852 202 1004 267 cassiani
1024 199 1266 257 tentationes.

145 339 260 412 piritalis
274 336 386 394 ferroris
407 335 469 407 igne
499 331 632 391 discessit.
649 330 697 386 lllc
712 343 833 399 namque
848 343 945 398 corpo·
960 331 985 393 Α
1301 326 1421 382 CAPUT
1435 327 1503 383 XX.

145 433 249 490 ralibus
262 433 359 488 saltem
374 430 447 485 uitiis
460 428 629 494 humiliatus,
640 431 722 493 atque
735 421 911 478 immundum
920 437 949 477 se

145 529 267 584 sentiens
280 525 443 594 contagione
459 520 570 589 carnali,
597 517 631 573 ad
647 515 753 572 fontem
770 531 839 572 verae
852 515 948 588 purili-

146 622 264 679 cationis
281 634 312 673 ac
341 613 517 687 perfectionis
545 610 663 672 culmen,
687 609 851 682 quandoque
870 624 946 664 com·
1039 610 1173 683 Denique,
1190 610 1263 682 quod
1281 610 1363 682 pudet
1376 609 1476 678 dicere,
1498 609 1536 665 ito
1558 610 1704 682 plerosque
1728 610 1811 668 abre-

149 721 267 786 punctus
296 708 426 771 accurrit,
442 713 469 760 et
486 703 645 760 horrescens
660 702 756 770 illum,
775 702 803 757 in
825 716 880 773 quo
898 709 949 768 est,
1002 705 1143 761 nuntiasse
1155 704 1350 776 conspicimus,
1361 706 1415 760 utl
1429 702 1496 760 nibil
1510 703 1627 776 amplius
1648 704 1811 762 immutasse

148 801 323 858 infidelitatis
333 796 651 869 gelidissimumstatum,
661 795 772 867 spiritus
786 794 883 850 ardore
893 809 948 849 suc
1003 798 1036 854 de
1049 797 1232 853 anterioribus
1245 797 1317 853 vitiis
1328 813 1361 853 ac
1374 796 1495 853 moribus
1509 795 1739 869 comprobentur,
1758 797 1811 855 nisi

148 910 263 962 census,
285 892 319 947 ad
349 883 673 971 perfectionem'facilius
695 888 859 945 convolabit.
875 890 948 944 Nam
1003 890 1127 946 ordinem
1159 889 1353 947 tantummodo
1386 898 1467 962 atque
1496 888 1620 946 habitum
1646 891 1810 948 saecularem

148 988 195 1058 qui
208 985 480 1053 semel,utdiximus,
495 984 586 1057 tepido
602 999 716 1040 exorsus
730 983 807 1039 initio
819 976 949 1038 monaehi
1004 984 1086 1056 (Vide
1099 986 1188 1040 collat.
1203 991 1228 1054 ³,
1245 1000 1304 1054 cap.
1320 989 1346 1050 s,
1361 988 1378 1040 b
1393 988 1418 1040 et
1436 988 1515 1054 seq).
1532 984 1603 1039 Nam
1623 991 1651 1039 et
1669 985 1811 1056 acquirere

149 1080 231 1151 coepit
243 1079 318 1135 abuti
331 1078 474 1147 uocabulo,
489 1094 539 1134 nec
554 1087 646 1134 tamen
666 1078 821 1135 humilitate
843 1092 874 1133 ac
888 1066 947 1132 ier·
1003 1079 1132 1150 pecunias
1158 1077 1286 1153 gestiunt,
1309 1092 1377 1149 quas
1398 1092 1448 1133 nec
1465 1084 1529 1132 ante
1553 1076 1752 1147 possederunt3
1767 1079 1811 1135 rel

150 1188 214 1229 rore
225 1190 280 1245 quo
294 1172 390 1230 debuit
402 1174 453 1229 iter
472 1172 553 1244 hujus
568 1171 744 1243 professionis
764 1171 890 1242 arripuit,
905 1169 949 1225 in·
1003 1180 1085 1241 certe,
1106 1186 1174 1244 quas
1192 1169 1354 1237 habuerant,
1369 1170 1485 1226 retinere
1502 1184 1558 1225 non
1576 1168 1721 1239 desinunt3
1749 1179 1811 1236 aut,

148 1264 236 1323 fectus
248 1269 331 1324 semel
344 1268 394 1323 hac
408 1267 555 1323 miserabili
570 1267 624 1334 lue,
640 1273 668 1322 et
682 1266 710 1321 in
723 1280 754 1322 ca
767 1265 948 1336 quodammo·
1003 1265 1076 1336 quod
1095 1274 1137 1321 est
1159 1265 1311 1337 lugubrius,
1334 1264 1418 1320 etiam
1442 1261 1611 1335 amplificare
1636 1262 1809 1330 desiderant,

149 1358 185 1417 do
198 1360 346 1425 resolutus,
361 1377 411 1416 nec
425 1375 457 1415 en
474 1343 503 1415 sc
517 1359 630 1416 ulterius
648 1356 765 1430 perlecta
777 1372 882 1428 sapere,
898 1370 949 1411 nec
1002 1358 1053 1414 sub
1075 1358 1128 1414 hoc
1153 1366 1288 1430 praetortu
1313 1357 1388 1431 quod
1408 1356 1449 1413 rel
1475 1355 1594 1414 famulos
1616 1373 1684 1415 suos
1701 1373 1811 1431 semper

149 1453 259 1510 alterius
275 1451 375 1524 poterit
386 1451 497 1507 monitis
512 1451 624 1508 erudiri.
638 1451 713 1506 Dicit
730 1451 803 1505 enim
824 1450 852 1504 in
866 1447 948 1504 corde
1003 1450 1099 1506 exinde
1111 1450 1152 1505 uel
1172 1450 1270 1507 fratres
1289 1451 1361 1507 alere
1381 1466 1411 1507 sc
1424 1448 1523 1507 debere
1543 1450 1648 1522 justum
1669 1467 1729 1509 esse
1743 1469 1808 1510 con·

149 1561 209 1615 suo,
225 1543 461 1602 seeundumiiinm
475 1543 584 1599 Domini
597 1543 773 1608 sententiam,
789 1543 856 1611 quia
875 1542 949 1596 diues
1003 1544 1128 1612 tendunt,
1145 1545 1186 1600 vel
1197 1554 1271 1601 certe
1282 1549 1294 1578 ⁰
1307 1545 1359 1602 sub
1378 1544 1492 1601 obtentu
1514 1547 1700 1620 congregandi
1718 1556 1810 1605 coetus

123 1658 207 1698 nsum
225 1645 251 1695 ct
273 1640 396 1708 locuples,
423 1643 448 1693 et
469 1639 578 1711 nullius
595 1652 665 1707 equo.
689 1636 738 1692 Cui
754 1635 822 1691 illud
840 1650 948 1706 quoque
1004 1647 1152 1705 reservant,
1168 1654 1250 1711 quem
1275 1640 1350 1695 uelut
1362 1639 1484 1706 abbates,
1510 1639 1653 1697 instituere
1678 1656 1709 1698 se
1728 1659 1812 1714 posse

149 1731 222 1805 quod
232 1731 417 1802 subsequitur,
430 1738 627 1801 consequenter
642 1729 780 1800 aptabitur
795 1731 852 1783 :Tu
862 1718 990 1782 autcmB
1006 1741 1186 1806 praesumunt.
1202 1734 1255 1805 Qui
1271 1733 1333 1789 siin
1348 1733 1460 1789 veritme
1476 1733 1548 1788 viam
1561 1731 1736 1805 perfectionis
1763 1736 1812 1791 in-

150 1844 176 1882 es
194 1828 276 1881 miser
292 1830 317 1879 et
326 1824 513 1892 miserabilis,
524 1829 549 1879 et
560 1840 667 1894 pauper
683 1828 709 1879 et
723 1837 805 1878 caua
827 1826 852 1878 et
863 1821 952 1876 nudus
1006 1827 1156 1898 quirerent,
1176 1825 1228 1883 boc
1245 1826 1336 1899 potius
1347 1835 1405 1883 tota
1420 1828 1521 1883 virtrne
1543 1827 1667 1899 perficere
1681 1828 1810 1884 niteren-

152 1920 292 1993 (Apocrn)
307 1939 312 1974 :
325 1921 353 1975 in
367 1935 400 1976 eo
413 1918 594 1975 lactusetiam
604 1919 728 1975 saeculari
739 1917 867 1983 deterior,
878 1915 953 1987 quod
1006 1928 1062 1990 tur,
1072 1927 1102 1974 ut
1113 1919 1215 1975 scilicet
1229 1921 1301 1976 cnuti
1323 1936 1380 1976 non
1396 1921 1487 1978 solum
1501 1921 1629 1993 pecuniis,
1649 1920 1698 1978 sed
1717 1923 1811 1977 etiam

150 2030 201 2071 nec
215 2015 346 2069 miserum
362 2030 392 2071 se
408 2030 460 2070 nec
475 2029 578 2070 eaecum
590 2029 622 2069 ac
633 2013 739 2069 nudum
761 2021 808 2068 aut
821 2010 953 2066 emenda·
1007 2013 1202 2069 affectionibus
1225 2012 1346 2085 pristinis
1372 2021 1400 2070 et
1424 2011 1638 2070 distentionibus
1661 2015 1813 2084 uniuersis,

150 2109 224 2164 tione
235 2107 361 2179 dignum,
373 2107 415 2162 vel
427 2123 505 2180 egere
516 2107 626 2162 monitis
645 2105 760 2177 alicujus
774 2113 823 2159 aut
844 2103 954 2159 iustitu-
1007 2105 1168 2176 semetipsos
1191 2105 1340 2178 singulares
1367 2121 1399 2160 ac
1422 2104 1512 2162 nudos
1537 2105 1572 2161 ita
1592 2105 1643 2161 sub
1667 2107 1813 2162 seniorum

151 2201 232 2268 tione,
248 2202 403 2276 cognoscit,
421 2210 448 2256 et
466 2200 503 2257 ob
519 2200 573 2255 hoc
594 2215 644 2254 nec
655 2197 877 2254 exhortationem
891 2197 953 2268 qui·
1008 2197 1121 2268 imperio
1140 2196 1321 2265 collocarent,
1335 2206 1365 2253 ut
1382 2213 1478 2253 curam
1496 2214 1553 2254 non
1579 2196 1665 2254 modo
1692 2197 1813 2255 aliorum

152 2293 216 2349 dem
230 2294 313 2349 ullam
337 2291 412 2348 verbi
432 2292 562 2348 salutaris
578 2290 715 2359 admittit,
730 2306 786 2346 non
804 2289 955 2361 intelligens
1008 2289 1124 2358 nnllam,
1140 2288 1186 2344 sed
1200 2305 1236 2344 nc
1250 2290 1291 2345 sui
1306 2289 1415 2360 quidem
1430 2299 1563 2362 gererent.
1577 2290 1744 2347 Econtrario
1763 2307 1811 2347 au·

152 2388 210 2458 ipso
225 2385 352 2441 monachi
365 2401 394 2441 se
408 2385 519 2442 nomine
536 2384 698 2457 praegravari
713 2399 745 2439 ac
760 2383 878 2455 deprimi
899 2382 959 2454 opi·
1011 2390 1067 2437 tem
1082 2383 1170 2437 evenit
1188 2390 1218 2437 ut
1227 2381 1293 2438 dum
1308 2381 1439 2439 fratribus
1449 2399 1563 2455 praeesse
1576 2383 1717 2450 festinam,
1733 2399 1815 2442 num·

152 2479 233 2535 nione
257 2488 432 2550 cunctorum,
455 2478 600 2552 quadum
623 2475 743 2533 creditur
765 2476 800 2531 ab
826 2475 959 2532 omnibus
1012 2490 1093 2545 quam
1105 2474 1259 2531 senioribus
1274 2475 1325 2547 ipsi
1340 2476 1528 2549 subjiciantur,
1541 2486 1598 2534 eta
1620 2478 1754 2551 superbia
1771 2478 1815 2534 in-

152 2582 272 2642 sauctus,
288 2584 316 2629 ct
327 2574 402 2630 uelut
416 2575 466 2630 Dei
482 2573 604 2629 famulus
612 2570 729 2639 colitur,
746 2585 857 2626 necesse
871 2577 913 2626 cst
928 2580 958 2627 ut
1011 2566 1151 2633 siccantes,
1163 2566 1229 2623 llum
1249 2567 1318 2624 aiios
1339 2569 1479 2627 instituere
1493 2571 1621 2643 cupiunt,
1644 2586 1696 2627 nee
1709 2571 1818 2629 discere

153 2666 182 2722 iu
199 2665 292 2725 futuro
314 2667 509 2725 vehementiori
527 2667 630 2740 judicio
648 2680 794 2738 poeuaeque
811 2662 956 2720 subdatur.
1012 2660 1073 2732 ipsi,
1085 2675 1136 2716 nec
1149 2676 1228 2732 agere
1242 2675 1273 2716 ea
1292 2676 1353 2732 queo
1375 2670 1439 2718 sunt
1450 2666 1507 2720 Deo
1521 2663 1625 2736 agenda
1641 2673 1814 2722 mereantur.

154 2737 296 2818 Postremo
309 2763 374 2835 quid
388 2762 492 2819 diutius
508 2762 689 2817 immoramur
702 2759 730 2814 iu
744 2758 785 2813 his
800 2772 862 2830 quae
879 2756 960 2826 nobis
1013 2755 1117 2824 Quibus
1128 2769 1238 2812 necesse
1252 2763 1294 2812 est
1312 2762 1353 2824 ut,
1371 2756 1524 2813 secundum
1539 2757 1686 2814 salvatoris
1709 2767 1817 2815 suten-

1210 470 1248 522 Do
1260 469 1330 522 male
1342 468 1601 523 abrenuntiantibus.
1640 500 1642 503 .

154 2856 342 2927 experimento
355 2856 421 2912 satis
442 2863 582 2927 comperta
605 2859 672 2908 sunt
693 2867 726 2906 ac
745 2851 877 2922 probata?
893 2851 958 2906 Fre·
1013 2849 1091 2915 tiam,
1106 2848 1169 2904 caeci
1184 2849 1266 2905 duces
1279 2864 1418 2906 caecorum
1434 2848 1536 2918 eflecti,
1551 2851 1655 2924 pariter
1667 2853 1696 2908 in
1707 2851 1816 2910 foveam

154 2955 269 3018 quenter
288 2950 360 3004 enim
373 2949 491 3005 vidimus
512 2948 546 3004 dc
570 2945 677 3017 frigidis
696 2952 777 3015 atque
792 2943 958 3013 carnalibus,
1012 2941 1110 2998 cadant
1125 2941 1233 3012 (blattis.
1249 2943 1308 3014 nv).
1326 2943 1411 3015 Cujus
1434 2943 1568 3015 superbiae
1584 2945 1648 3000 licet
1668 2961 1756 3002 unum
1778 2946 1816 3003 sit

155 3039 182 3096 id
192 3046 242 3106 est,
260 3041 294 3096 de
304 3041 481 3101 saecularibus
496 3056 527 3095 ac
541 3039 664 3112 paganis,
676 3037 710 3094 ad
730 3038 880 3109 spiritalem
896 3053 958 3109 per·
1012 3050 1111 3108 genus,
1127 3035 1224 3107 duplex
1238 3044 1330 3092 tamen
1346 3037 1404 3109 ejus
1428 3045 1470 3093 est
1483 3037 1585 3109 species
1600 3057 1605 3092 :
1621 3054 1678 3095 una
1695 3055 1761 3110 quae
1773 3054 1815 3096 se·

156 3130 261 3185 uenisse
279 3130 427 3197 fervorem,
449 3131 483 3186 de
496 3130 595 3202 tepidis
609 3137 690 3202 etque
709 3130 871 3186 animalibus
897 3144 957 3185 om·
971 3111 993 3173 C
1008 3128 1133 3186 rietatem
1148 3129 1363 3202 gravimemque
1377 3128 1460 3202 [lips.
1481 3133 1510 3185 in
1527 3148 1614 3200 mora.
1629 3132 1816 3201 seueritatem,

156 3224 222 3279 uino
243 3240 299 3279 uon
318 3223 445 3282 vidimus.
468 3228 542 3296 Quos
568 3225 649 3281 etiam
670 3241 718 3297 per
740 3226 900 3297 prophetam
918 3224 955 3279 ita
1009 3224 1194 3290 serenitatem,
1215 3226 1255 3280 uel
1278 3223 1437 3297 veritatem]
1459 3225 1560 3297 iugiter
1579 3227 1749 3294 ementitum
1767 3226 1816 3282 alia

157 3317 273 3389 legimus
292 3319 444 3374 Dominum
469 3318 621 3388 detestari,
650 3327 680 3375 ut
703 3318 868 3389 spiritalibus
890 3317 956 3374 viris
1010 3332 1073 3389 quae
1087 3315 1220 3373 effrenata
1235 3317 1358 3373 libertate
1373 3318 1401 3372 in
1424 3317 1574 3373 cachinnos
1590 3316 1683 3374 fatuos
1692 3319 1819 3390 risusque

156 3419 237 3482 atque
257 3411 417 3468 doctoribus
439 3413 626 3485 praecipiatur,
652 3419 685 3469 ut
703 3411 791 3467 abeis
813 3410 973 3467 monendis.
1011 3410 1177 3465 dissolvitur.
1194 3414 1227 3465 Et
1241 3410 1285 3465 illa
1302 3398 1412 3482 quidem
1435 3410 1623 3466 taciturnitate
1651 3411 1817 3483 congaudet,

157 3504 341 3579 docendisque
359 3507 511 3576 discedant,
526 3517 553 3564 et
570 3522 743 3579 nequaquam
758 3506 832 3562 velut
854 3505 883 3561 in
900 3513 955 3559 ste·
1011 3503 1070 3559 brec
1088 3519 1151 3559 uero
1165 3503 1327 3577 dedignatur
1344 3504 1452 3560 silentio
1466 3504 1615 3570 coarctari;
1630 3520 1680 3560 nec
1695 3503 1819 3561 confuu-

158 3600 200 3655 rili
215 3609 296 3670 atque
312 3599 480 3656 infructuosa
493 3609 564 3656 terra
577 3601 723 3669 noxiisque
741 3598 862 3654 sentibus
872 3613 957 3653 occu-
1011 3594 1087 3650 ditur
1107 3597 1206 3666 passim
1220 3597 1357 3668 proloqui,
1371 3597 1456 3654 etiam
1473 3612 1517 3652 res
1534 3597 1698 3669 incongruas
1722 3608 1751 3653 et
1778 3598 1818 3654 iu·

158 3702 220 3764 pata
232 3708 325 3749 semen
341 3691 415 3748 verbi
437 3693 564 3747 salutaris
582 3690 751 3762 expendant,
772 3688 869 3745 sedat
891 3705 957 3744 con·
1011 3697 1098 3759 eptas,
1123 3687 1190 3759 dum
1205 3689 1342 3745 erubescit
1356 3689 1397 3745 vel
1416 3689 1531 3746 inferior
1549 3691 1656 3746 catoris
1675 3690 1717 3744 rel
1736 3690 1820 3747 indo·

159 3793 312 3841 temnentes
326 3800 400 3853 eam,
415 3799 514 3839 novam
539 3783 629 3856 potius
650 3782 778 3838 excolant
794 3789 906 3850 terram,
930 3780 958 3837 id
1013 3780 1219 3854 ctiorjudicari.
1246 3782 1308 3838 ntia
1332 3782 1369 3838 ob
1383 3783 1543 3851 elationem,
1566 3783 1702 3839 clericatus
1728 3786 1822 3842 arabit

158 3888 209 3944 est,
221 3895 284 3952 erga
300 3894 418 3951 paganos
431 3895 463 3935 ac
474 3878 616 3946 saeculares
634 3892 735 3932 omnen
753 3875 886 3933 doctrinm
902 3875 958 3932 cul·
1012 3875 1150 3945 officium,
1174 3878 1257 3933 altera
1277 3876 1401 3948 despicit,
1420 3886 1516 3951 utpote
1532 3877 1659 3949 judicans
1677 3876 1748 3934 illud
1772 3889 1823 3936 aut

158 3982 248 4029 turam
271 3990 303 4028 ac
333 3973 407 4027 uerbi
436 3971 603 4028 transferant
633 3970 760 4027 salutaris
788 3970 956 4036 instantiam,
1014 3969 1136 4043 dignitati
1147 3971 1278 4043 pristinae,
1295 3980 1344 4028 aut
1353 3971 1415 4029 vitae
1431 3988 1463 4028 ac
1482 3972 1616 4028 natalium
1631 3988 1748 4028 suorum
1761 3988 1821 4029 me·

158 4068 234 4141 quod
251 4069 287 4123 ito
311 4068 407 4140 legitur
429 4084 435 4121 ε
457 4070 518 4123 Hac
533 4069 599 4123 dicit
618 4069 746 4123 Dumium
771 4068 828 4121 uiro
844 4066 916 4120 Judn
935 4068 960 4119 et
1014 4067 1073 4122 ritis
1100 4053 1283 4140 incongruum
1299 4068 1339 4123 rel
1356 4067 1507 4140 indignum.
1532 4069 1658 4138 Quarum
1680 4083 1745 4139 quat
1772 4068 1821 4125 de·

159 4161 352 4216 habitatoribus
372 4163 518 4216 Jerusalem
539 4180 547 4216 :
569 4164 582 4193 ⁸
602 4147 702 4217 Nouate
719 4161 791 4216 cobis
816 4160 919 4223 novale,
936 4163 961 4215 et
1016 4160 1099 4216 terior
1119 4160 1319 4232 pronuntianda
1339 4162 1388 4230 sit,
1409 4161 1624 4235 uniuscujusque
1639 4161 1771 4217 discutiat
1789 4177 1821 4218 ac

159 4257 242 4310 nolite
255 4270 340 4309 serere
354 4271 434 4324 super
448 4259 542 4326 spirtus
555 4256 659 4327 (teron.
671 4255 722 4325 rr).
1017 4254 1167 4324 perpendat
1181 4271 1303 4311 examen.
1319 4257 1413 4313 Unum
1430 4271 1495 4312 sane
1511 4255 1620 4327 atquel
1641 4255 1714 4311 idem
1730 4255 1823 4312 inobr-

712 4368 838 4422 ALthil
859 4363 972 4422 GAZAEl
989 4362 1270 4423 COMMENTARIUS.

196 4455 400 4511 ·'rertollinnus
422 4457 470 4512 lib.
490 4460 620 4514 adversus
641 4463 656 4514 J
660 4461 755 4517 udaeos
776 4463 843 4532 legit
862 4483 868 4516 ;
885 4466 961 4519 lurra·
980 4463 1473 4535 1)sirnilc‘sproaerluntinpublicum,
1495 4469 1526 4519 ut
1538 4467 1665 4519 cottiarum
1681 4469 1821 4518 ruer-reum

161 4528 299 4582 antecedis
311 4528 466 4592 tenuitatem,
477 4535 502 4582 et
516 4531 737 4585 rtaiitcscminare
746 4535 774 4585 in
783 4537 880 4601 spinis.
893 4532 964 4586 attin
1019 4535 1186 4600 fitcurtdium.
1204 4539 1328 4606 Plerique
1334 4538 1437 4591 artibus
1451 4542 1477 4591 et
1487 4537 1715 4604 negotiationibus
1731 4538 1822 4604 pristi-

162 4612 226 4678 t'ero
248 4616 254 4652 :
276 4601 409 4677 Rturocate
427 4599 499 4653 uobis
523 4615 660 4661 reovamen,
686 4608 737 4655 etc.
760 4603 796 4656 D.
813 4603 967 4672 Cyprianus
1019 4606 1062 4658 nis
1074 4621 1163 4661 carcre
1175 4612 1357 4676 rtonpcssunt,
1371 4610 1536 4677 mutatisque
1549 4608 1704 4660 nominibus
1717 4609 1825 4660 irretita·

162 4668 207 4725 bb.
222 4672 233 4726 1
248 4671 364 4725 Testrm.
377 4669 508 4724 advorsus
527 4672 542 4724 J
546 4669 640 4726 udaeos
656 4690 662 4725 :
679 4673 811 4727 Rertoaatc
825 4675 896 4738 irater
918 4689 963 4728 cos
1018 4691 1090 4738 rum,
1106 4678 1198 4731 cadem
1212 4682 1334 4732 enarrent
1348 4681 1520 4742 commercia;
1533 4693 1586 4730 non
1605 4680 1706 4731 cictrun
1720 4679 1827 4731 stami-

161 4744 319 4803 nout'fatent,
335 4744 605 4796 etnescmiuuucritts
620 4744 649 4798 in
659 4744 755 4812 spinis.
909 4795 912 4801 ,
983 4765 987 4770 ·
1020 4751 1092 4800 ctum
1099 4749 1180 4816 (qaod
1186 4750 1329 4818 Apostolus
1338 4751 1465 4818 praecipit
1473 4746 1495 4820 [l
1508 4751 1577 4804 Dm.
1590 4750 1651 4816 nil),
1661 4749 1708 4802 sed
1716 4748 1823 4815 majora

196 4806 303 4868 bTales
327 4812 410 4867 etiam
429 4814 470 4868 sui
493 4812 625 4883 temporis
652 4812 801 4869 monachos
827 4813 964 4884 quosdam
1021 4821 1200 4887 quamsamli
1214 4821 1331 4874 nomines
1347 4821 1522 4874 emolumenta
1536 4823 1678 4873 sectantes.
1698 4820 1771 4874 llaec
1795 4824 1822 4872 et

162 4885 219 4939 suis
232 4883 371 4939 coloribus
381 4884 502 4965 depingit
513 4901 544 4940 oc
562 4885 721 4956 perstringit
732 4887 764 4940 D.
780 4884 966 4957 Hieronymus
1020 4889 1071 4943 alia
1087 4892 1120 4943 D.
1133 4891 1319 4960 Hieronymus
1333 4889 1397 4945 huic
1413 4890 1473 4946 locu
1484 4899 1676 4945 consentanea.

164 4955 274 5026 epistt
300 4972 306 5006 :
333 4957 676 5026 t'tut',1uqulr,quosdnm,
702 4960 751 5026 qui
761 4962 904 5027 postquam
922 4975 964 5012 re·
1057 4962 1161 5015 “Hunc
1176 4962 1266 5016 locum
1290 4960 1372 5015 etiam
1392 4959 1420 5016 in
1439 4961 1559 5018 editione
1582 4960 1758 5015 Plautiuiana
1780 4958 1820 5012 ri·

164 5028 321 5079 curationem
332 5027 437 5087 seculo,
451 5030 614 5081 uestimentis
625 5029 771 5082 dumtaaat
784 5035 810 5083 et
820 5031 889 5084 cocis
902 5045 966 5099 prc-
1020 5031 1131 5098 tiatum,
1146 5031 1246 5087 additis
1260 5030 1423 5102 quibusdam
1442 5031 1586 5104 superfluis
1599 5031 1685 5103 (quod
1697 5031 1726 5085 in
1739 5028 1822 5102 priori

164 5098 288 5164 sessione,
304 5111 356 5148 tien
371 5097 465 5157 rubus,
485 5098 607 5152 rathilde
625 5101 746 5168 pristina
770 5103 967 5154 cortseroattoae
1022 5102 1143 5158 editione
1166 5117 1221 5157 nou
1245 5101 1446 5173 animadverti)
1473 5102 1620 5159 ciaconius
1645 5101 1824 5173 paucioribus

165 5172 305 5222 mutarunt
322 5181 381 5219 :rus
394 5167 542 5232 framiiiruis
551 5172 637 5236 mopis
652 5175 831 5238 auctaque-m
842 5173 968 5225 irrrminu-
1024 5173 1112 5228 uerbis
1130 5173 1167 5228 ito
1190 5173 1318 5240 restituit,
1342 5172 1556 5245 suifragantibus
1575 5173 1660 5227 etiam
1675 5170 1824 5227 Basiteeusi

167 5242 210 5302 ta;
223 5238 313 5291 cadem
325 5238 479 5290 ministeria
489 5239 664 5301 serculorum,
676 5241 746 5293 incra
756 5246 905 5309 apparatus
912 5256 969 5295 con·
1022 5260 1121 5299 excuso
1136 5252 1163 5297 et
1173 5243 1310 5299 nonnullis
1328 5258 1405 5310 mss,
1423 5245 1452 5300 in
1468 5244 1568 5315 quibus
1584 5253 1678 5299 tamen
1692 5252 1736 5298 est
1756 5258 1825 5298 nou-

166 5309 234 5360 uiaii
242 5326 249 5371 ;
260 5309 289 5359 iu
301 5309 371 5360 citro
391 5312 415 5361 ct
427 5310 530 5376 patella
542 5311 630 5376 fictili*
645 5326 743 5364 aurum
756 5311 921 5374 comeditur;
943 5315 969 5367 et
1022 5314 1096 5369 nulla
1116 5313 1267 5369 diversitas.
1285 5316 1356 5370 Nam
1370 5314 1413 5370 alii
1431 5314 1533 5371 habent
1546 5333 1553 5370 ε
1566 5316 1615 5370 sub
1630 5316 1737 5369 obtuitu
1760 5330 1827 5368 con-

167 5379 238 5430 inter
252 5377 344 5431 turbas
354 5382 379 5430 et
387 5380 513 5432 enuntiuu
522 5382 707 5434 nrirtistrurum
714 5395 807 5433 nomon
818 5381 870 5432 sibi
879 5382 969 5435 oindi·
1023 5385 1156 5453 propendi
1165 5391 1245 5439 catus
1258 5390 1403 5449 reseruant,
1416 5402 1486 5449 cum,
1497 5387 1570 5442 uelut
1583 5387 1701 5450 abbates,
1712 5387 1829 5440 institui

167 5452 228 5503 curti
242 5448 381 5502 solitarii:
397 5451 447 5517 qui
459 5465 519 5503 aera
533 5465 666 5520 pauperes
685 5455 758 5510 sunt,
778 5455 803 5503 ct
818 5453 895 5504 terrui
907 5453 970 5506 sub·
1023 5471 1050 5509 sc
1107 5470 1134 5508 se
1146 5462 1322 5524 presumunt.
1342 5456 1503 5513 basileensis
1521 5472 1586 5513 vero
1606 5455 1697 5512 etalii
1719 5474 1726 5509 :
1745 5471 1825 5526 quos,

167 5520 306 5581 stantroia,
321 5519 497 5589 uidenturque
508 5521 561 5576 sibi
579 5522 665 5585 scioli,
685 5535 846 5590 pomparum
859 5524 970 5587 fetuum
1023 5470 1226 5594 crffflabbutes,
1237 5530 1377 5583 instituere
1387 5542 1416 5583 se
1428 5544 1507 5600 possa
1518 5532 1696 5599 presumunt.

1059 5583 1230 5652 lsueuuum
1248 5601 1331 5663 casm,
1356 5599 1395 5653 ut
1420 5603 1456 5654 u.
1483 5600 1524 5655 or
1558 5598 1720 5665 otimiano.
1738 5610 1825 5654 xxxv

205 5664 326 5718 *clarum
339 5669 415 5720 uocat
428 5681 545 5720 tesauro
565 5671 696 5734 ctmrrqno
711 5665 796 5734 pretia
808 5672 921 5738 carptas,
934 5667 970 5722 ait
1024 5671 1090 5725 llicr.
1109 5685 1131 5723 c.
1150 5670 1200 5738 13),
1214 5670 1286 5738 quad
1301 5685 1447 5740 numquam
1465 5615 1710 5740 periicatmriom
1722 5669 1825 5723 marm

168 5733 315 5789 illariauus.
816 5748 818 5752 ⁴
1024 5742 1093 5809 ficri,
1107 5740 1253 5810 alquanto
1267 5745 1357 5797 nutem
1370 5741 1448 5798 debet
1467 5757 1517 5812 per
1530 5741 1708 5798 obedientiam
1731 5741 1825 5796 boman
