3848 6158
145 242 199 297 abe
499 233 665 292 contario
684 234 753 291 xxi.
776 260 808 273 -—
827 232 873 287 DE
891 228 1095 287 Remissioris
1113 228 1414 298 Quinquatruum.
1714 230 1783 287 taut

129 363 238 437 publica
255 361 338 435 vulgo
359 368 473 419 vocator
492 361 610 429 exactio,
634 375 668 417 eii
688 375 743 432 qua
763 365 840 416 tanta
862 358 929 415 lucri
944 364 971 425 Α
985 356 1019 415 ad
1044 357 1211 430 propositam
1234 372 1291 414 non
1314 356 1446 431 pertineat
1470 355 1663 428 questionem,
1692 362 1785 411 tamen

129 456 220 529 portio
232 454 307 527 regis
318 452 475 510 commodis
486 452 640 526 deputatur,
656 459 790 524 quantum
805 459 833 507 et
847 465 929 507 ano·
983 450 1046 523 quia
1063 466 1092 507 sa
1112 449 1210 508 obtulit
1229 450 1393 507 narrationis
1409 450 1531 519 occasio,
1549 464 1585 505 ne
1599 448 1651 505 lioc
1672 446 1783 520 quidem

128 549 171 606 bis
188 562 282 621 arege
300 547 425 604 omnium
443 546 608 605 seculorum
623 561 673 618 pro
686 560 738 603 usu
753 545 815 602 vitae
829 552 931 601 nostre
984 544 1203 617 pratereundum
1224 553 1305 618 puto,
1323 542 1401 617 quod
1420 541 1639 614 frequentissime
1663 540 1784 599 seniores

130 640 281 714 legitimum
291 640 512 714 Quadragesiniae
522 639 634 713 vectigal
646 639 774 711 exigitur.
787 637 931 697 Sonelicet
985 638 1071 695 nostri
1085 639 1186 697 ideirco
1207 639 1258 697 illis
1275 637 1374 697 diebus
1391 638 1508 695 marimo
1525 636 1679 711 impugnari
1701 648 1784 692 omne

677 788 804 845 ALARDI
825 786 938 843 GAZAEI
957 785 1237 843 COMMENTARIUS.

131 915 212 981 ratio,
268 914 304 972 od
320 912 556 987 quemadmodum
575 912 649 986 apud
669 917 858 970 Romanosex
877 928 929 969 usu
984 914 1090 977 Merito,
1106 911 1204 984 inquit,
1218 928 1358 969 nonenim
1373 912 1561 984 quadruplata
1573 911 1679 967 dicium
1693 915 1784 967 aisto-

130 986 222 1043 telonii
248 988 332 1043 Gicer.
349 987 412 1043 Act.
427 992 445 1041 4
463 987 494 1041 i'n
515 984 647 1058 Verrem),
661 985 690 1042 id
703 994 756 1053 est,
769 1000 800 1041 cii
815 983 931 1055 vectiga·
983 983 1781 1055 diredebemus,quempeveueiiiplulloqsi's,ElioetGbrist.

131 1056 211 1127 libus,
252 1057 359 1123 ecimis,
380 1056 493 1183 ali'uqqq
512 1055 663 1113 redditibus
679 1054 771 1184 peguli
795 1054 928 1121 Romani,
983 1053 1096 1135 leqimus
1110 1061 1296 1109 consecratum.
1315 1056 1343 1111 S.
1359 1054 1417 1110 Leo
1434 1053 1639 1110 sermoiietde
1653 1051 1783 1123 Quadra-

130 1142 201 1199 quos
218 1127 358 1184 Publicani
377 1127 454 1200 exige
490 1135 530 1197 nt,
544 1134 593 1184 aut
614 1126 710 1199 origen
731 1140 763 1182 os
782 1126 871 1197 pretio
884 1140 931 1180 er·
983 1137 1087 1195 gerima
1099 1140 1106 1177 ε
1117 1124 1783 1195 Ριουιειιιηεει,ιιιαιΐιῳαιαιιόαηιιιιεηιι“ειιιιιί-

131 1197 219 1254 bibito
237 1198 414 1256 venditabant
441 1197 514 1255 unde
533 1207 560 1254 et
580 1197 723 1254 decumani
741 1196 929 1254 dicebantura
983 1198 1108 1250 totnuto
1120 1196 1781 1251 nobisdr'eruminmutatiomederctur.Etserm.

131 1267 254 1326 decumis
268 1271 309 1325 vel
323 1270 435 1327 decimis
448 1310 455 1335 ,
469 1278 543 1326 certa
557 1268 649 1341 portio
669 1267 782 1340 prindpi
800 1268 857 1323 sivo
876 1265 930 1321 im·
983 1269 999 1319 5
1015 1266 1197 1347 :apostolica
1206 1268 1340 1321 menotio
1351 1268 1386 1321 40
1396 1265 1613 1333 dierumjcjmu'o
1624 1266 1779 1345 impleatur.

131 1340 250 1411 peratori
270 1341 392 1407 cedebat,
414 1355 475 1413 quae
488 1349 516 1397 ct
529 1339 743 1423 Quadragesima
764 1337 843 1409 vulgo
863 1352 930 1393 cen·
983 1333 1014 1390 ld
1028 1345 1109 1391 etiam
1124 1336 1260 1409 colligitur
1276 1352 1309 1391 eii
1322 1352 1381 1406 cap.
1399 1334 1534 1391 tconsilii
1546 1334 1670 1391 arausici
1685 1334 1784 1405 (Apud

130 1410 255 1477 sebatur;
267 1412 302 1467 ita
313 1411 485 1468 abstinentiae
497 1410 580 1467 veluti
591 1409 701 1482 veongal
712 1423 845 1474 annuum,
855 1406 931 1491 quod
983 1407 1133 1462 Dorcbord.
1149 1406 1196 1462 lib.
1216 1421 1277 1462 xiii
1289 1422 1348 1477 cop.
1363 1404 1403 1477 9),
1417 1406 1472 1460 sive
1487 1404 1577 1476 primi,
1590 1405 1645 1460 sive
1656 1404 1780 1473 secundi,

132 1483 193 1537 Deo
201 1481 358 1553 pendimus,
369 1483 402 1539 ad
412 1482 482 1538 illius
494 1480 701 1538 slmilitudinem
708 1478 931 1552 Quadragesimae
983 1492 1101 1548 quorum
1115 1485 1265 1547 utmmque
1284 1477 1364 1549 louge
1381 1483 1443 1532 aute
1459 1483 1583 1546 tempora
1604 1478 1639 1531 D.
1655 1474 1783 1547 Gregorii

130 1566 231 1608 nomen
246 1554 385 1633 partitum
407 1552 500 1609 suerit.
523 1553 615 1607 Aliam
638 1551 733 1607 itidem
758 1565 869 1606 causam
888 1548 931 1605 bis
983 1547 1153 1604 celebratum
1167 1547 1381 1612 iuissaconstat,
1396 1545 1625 1627 quoprrccipitur.
1643 1548 1783 1603 Utinsob

131 1620 303 1679 subtiliorem
318 1640 350 1677 cii
367 1623 481 1679 alcuino
496 1622 622 1693 colligere
640 1621 701 1677 licet
714 1619 763 1677 lib.
779 1620 813 1678 de
834 1619 928 1675 Divin.
985 1618 1046 1673 boto
1059 1625 1160 1682 sancto,
1175 1620 1223 1674 lioc
1234 1624 1273 1673 cst
1286 1621 1315 1673 iu
1327 1620 1424 1687 eiqilui
1436 1618 1553 1681 Pascite,
1564 1620 1702 1688 qepuiiiiim
1716 1623 1780 1673 oute

131 1690 211 1748 utne.
224 1708 282 1765 cap.
296 1698 325 1761 8,
340 1692 386 1747 ubi
396 1702 423 1747 et
436 1692 558 1748 nominis
570 1691 782 1764 septuagesimae
797 1691 930 1746 rationem
982 1692 1068 1745 noctis
1078 1692 1198 1751 initium.
1209 1691 1264 1744 nisi·
1272 1706 1289 1743 o
1298 1690 1431 1759 paruulis,
1443 1690 1626 1757 outiiipiiivi's,
1636 1688 1781 1743 consulun-

132 1763 254 1834 assignat
266 1763 310 1818 bis
322 1762 412 1819 verbis
426 1782 433 1817 ι
450 1763 618 1820 Consuetudo
632 1767 671 1818 est
687 1762 845 1817 diuinorum
857 1763 928 1818 Scri·
982 1764 1042 1827 tur3
1054 1776 1101 1816 nec
1112 1764 1174 1831 ipso
1187 1762 1215 1815 iii
1227 1764 1380 1823 Parasceue,
1396 1763 1463 1830 quio
1477 1775 1549 1814 cono
1562 1760 1681 1822 Domini,
1692 1764 1718 1813 et
1731 1761 1782 1815 Po·

129 1837 277 1902 plurarem
285 1834 794 1903 utomiiisiinmeruseaquoquomli'bet
804 1833 927 1889 decadem
982 1846 1097 1895 rosceue,
1107 1839 1133 1887 et
1143 1832 1405 1887 sabbatumodillos
1416 1831 1600 1902 qiiodroqintu
1609 1830 1665 1886 dies
1673 1829 1780 1903 (jejunii

134 1906 284 1969 troiuieiit,
292 1902 570 1961 utsiterti'oeinouodi
578 1906 699 1959 incuirot
708 1903 834 1974 (sicenim
844 1902 929 1975 legen
943 1941 967 2004 B
982 1901 1230 1975 quadragesimalis)
1256 1905 1410 1973 respiciunt.
1436 1901 1517 1960 Unde
1547 1916 1716 1972 consequens
1739 1909 1781 1957 est

130 1970 197 2028 dum
208 1975 297 2046 puto),
307 1991 360 2029 noir
372 1974 517 2044 deportetur
527 1974 598 2028 idem
609 1989 735 2029 uumeius
749 1974 845 2029 caudi·
852 1990 929 2044 proe-
983 1982 1099 2042 quatuor
1110 1973 1176 2029 istos
1188 1973 1246 2030 dies
1254 1973 1311 2045 jani
1327 1982 1388 2029 tuin
1400 1972 1482 2029 luisse
1494 1972 1717 2043 Qiiadiagesiiiiae
1729 1971 1780 2029 ad-

131 2044 243 2106 cedenti³
255 2045 336 2099 cedei
345 2046 382 2099 od
393 2060 475 2114 quarm
487 2044 581 2099 teiidit.
597 2047 663 2112 beqc
672 2046 771 2099 librum
781 2046 889 2102 Genesis
899 2048 929 2100 iii
979 2042 1100 2115 junctos,
1114 2060 1178 2099 cum
1188 2044 1223 2099 ad
1234 2059 1381 2101 numerum
1392 2044 1474 2100 istum
1485 2044 1661 2116 quadraginta
1671 2042 1780 2099 dierum

133 2114 290 2184 qeiuoloqio
300 2116 419 2184 illiorum
428 2118 491 2173 Noe.
506 2115 551 2172 Sic
564 2114 618 2170 illc.
635 2115 740 2171 Eodem
751 2115 834 2186 igitur
845 2116 929 2173 modo
983 2114 1065 2170 etiani
1089 2114 1619 2187 ertineaut,eumdemquccompleantet
1628 2112 1780 2194 perficiant,

134 2183 169 2240 dc
184 2184 289 2257 jejunio
306 2185 530 2259 quadragesimali
551 2184 728 2243 metuendum
748 2194 800 2253 est,
818 2194 849 2241 ut
866 2201 929 2242 cum
983 2131 1098 2256 prolatio
1119 2186 1227 2242 initium
1251 2186 1346 2257 jejunii
1370 2185 1610 2258 quadragesimalis
1627 2183 1780 2255 inciperes

135 2254 247 2327 triginta
262 2272 309 2313 seii
327 2256 385 2313 dies
399 2256 566 2312 tricesimam
581 2256 721 2323 excedant,
736 2256 769 2313 ad
784 2256 931 2329 quadrage·
984 2264 1080 2327 quarta
1094 2255 1172 2323 scria,
1186 2271 1248 2313 cum
1265 2254 1294 2311 in
1309 2255 1435 2312 confesso
1446 2256 1480 2311 sit
1493 2254 1565 2327 apud
1579 2270 1676 2311 omnes
1689 2254 1780 2311 domi-

134 2324 234 2381 siniam
248 2327 350 2384 idcirco
365 2328 498 2399 pertinere
509 2328 643 2390 dicantur.
657 2336 684 2383 et
696 2343 730 2383 eo
743 2327 853 2383 noniiue
867 2342 931 2383 ccii-
984 2324 1059 2381 nicos
1077 2325 1135 2383 dies
1145 2326 1285 2398 jejunandi
1309 2328 1366 2399 lege
1378 2328 1485 2383 solutos
1498 2342 1567 2383 esse.
1583 2326 1625 2382 ild
1641 2325 1700 2382 baec
1713 2340 1779 2381 con-

134 2397 188 2453 seri
200 2396 354 2457 debuerint.
369 2400 455 2455 Porro
469 2415 502 2455 eii
514 2398 558 2455 bis
567 2414 629 2471 quas
641 2398 771 2455 hactenus
784 2397 818 2454 de
826 2397 931 2479 jejunio
984 2397 1075 2453 cilium
1091 2397 1246 2469 agathense
1262 2398 1337 2453 circa
1351 2414 1453 2459 annoni
1468 2397 1578 2453 Domini
1594 2396 1782 2468 quingentesi-

135 2467 362 2552 quadragesimali
387 2469 457 2527 dicta
483 2479 557 2537 sunt,
590 2470 715 2542 colligere
738 2468 802 2525 licet
827 2468 931 2541 aliquot
983 2482 1062 2524 mum
1075 2478 1183 2523 sentum
1196 2467 1361 2523 celebratum
1377 2483 1436 2538 cap.
1450 2473 1468 2523 9
1483 2466 1600 2538 praecipit
1620 2467 1782 2538 prenitentes

135 2548 235 2608 puncta
244 2540 328 2596 inboc
337 2550 453 2597 tractatu
463 2541 582 2596 manime
589 2540 929 2610 notandaetscitudigna.
985 2537 1076 2593 cinere
1095 2553 1219 2609 aspersos
1233 2546 1260 2592 et
1280 2536 1365 2593 cilicio
1386 2538 1496 2592 indotos
1514 2538 1547 2592 ab
1562 2536 1690 2608 episcopo
1705 2546 1781 2594 eitra

138 2613 166 2663 1ο
184 2612 216 2665 lii
234 2612 352 2667 Ecclesia
368 2611 501 2668 oetliolica
520 2612 649 2667 omnibus
662 2613 768 2668 sacculis
781 2619 841 2665 tuni
858 2608 932 2681 apud
985 2607 1125 2663 ecclesiam
1144 2608 1206 2689 ejici
1225 2608 1252 2662 in
1273 2609 1360 2679 capite
1380 2606 1611 2680 Quadragesimae,
1631 2607 1704 2679 quod
1723 2623 1781 2665 non

134 2679 257 2749 Graecos,
272 2691 332 2738 tum
346 2683 418 2752 apud
432 2683 546 2739 Latinos
555 2682 689 2754 ieiunium
704 2680 828 2751 paschale
847 2678 932 2735 fuisse
985 2677 1131 2735 aliudesse
1144 2680 1263 2745 videtur,
1278 2694 1360 2748 quam
1376 2680 1432 2750 ipsa
1446 2687 1542 2750 quarta
1556 2680 1624 2734 lenia
1638 2678 1782 2747 Cinerum,

134 2749 241 2807 dierum
260 2759 306 2822 ⁴⁰,
326 2762 373 2808 aut
395 2752 452 2809 iere
468 2760 515 2821 to,
535 2754 634 2818 idest,
654 2752 764 2823 triginta
783 2766 839 2807 seii.
862 2753 932 2807 liant
985 2764 1067 2820 quain
1088 2752 1117 2805 i'n
1131 2754 1219 2821 copiis
1234 2749 1337 2820 jq‘uiiii
1357 2764 1494 2815 vocamus,
1518 2765 1574 2820 quo
1595 2748 1638 2804 die
1654 2760 1782 2807 cantores

135 2822 225 2878 omnia
248 2824 361 2879 concilia
384 2831 411 2880 et
432 2825 527 2880 Patres
551 2822 655 2893 antiqui
679 2830 793 2878 utuntur
818 2822 930 2876 nomina
984 2820 1049 2876 olim
1063 2818 1090 2875 in
1109 2821 1219 2877 ecclesia
1237 2835 1334 2876 canere
1349 2819 1417 2876 soliti
1440 2825 1636 2875 :luimutinius
1657 2820 1780 2876 bobium

135 2890 366 2961 Quadragesimae,
380 2910 443 2949 cum
453 2894 585 2965 je'unium
600 2891 723 2964 paschale
731 2890 930 2961 ,commendant
984 2892 1072 2945 cinere
1080 2896 1106 2947 et
1115 2894 1213 2960 cilicio,
1219 2892 1249 2963 je
1256 2895 1371 2946 'anemos
1380 2897 1406 2946 ct
1412 2892 1548 2963 ploremus
1558 2892 1778 2956 oiithomt‘niim,

137 2957 244 3042 (bellur.
258 2962 303 3017 lib.
317 2977 342 3017 ιι
353 2963 386 3016 de
395 2967 460 3019 Boii.
474 2912 537 3033 tipo.
550 2968 689 3031 t'itplttrlt'c.
703 2978 762 3042 cop.
776 2967 824 3029 ¹⁵3
834 2962 927 3017 coiicil.
984 2969 1048 3027 etc.;
1062 2960 1229 3043 quodetiam
1245 2910 1302 3043 imo
1315 2972 1441 3043 tempore
1454 2963 1481 3018 in
1496 2962 1590 3043 eadrni
1606 2970 1699 3043 quarta
1711 2959 1779 3043 feria

135 3032 237 3088 Nicon.
249 3047 307 3085 cuii.
323 3032 510 3099 53Laodi'cru.
526 3048 585 3087 etin.
599 3039 651 3097 dli,
666 3036 790 3099 lqriuttus
803 3033 881 3101 epist.
894 3032 931 3086 od
984 3030 1120 3087 decantari
1145 3041 1295 3098 consuevit,
1319 3033 1391 3105 quod
1415 3032 1459 3088 die
1481 3033 1628 3099 dominico,
1649 3048 1695 3103 qui
1720 3034 1780 3090 dies

135 3102 268 3171 Pbi'li'pp.,·
283 3102 359 3169 Griq.
380 3104 450 3157 liom.
472 3109 505 3158 ιο
519 3105 548 3157 in
561 3104 656 3167 beriti
673 3102 775 3158 Tei-tul.
790 3102 837 3155 lib.
854 3116 879 3157 ii
897 3103 931 3159 de
983 3101 1086 3158 laetitias
1104 3118 1211 3174 semper
1233 3119 1248 3158 a
1274 3104 1401 3159 Patribus
1421 3103 1530 3160 babitus
1553 3113 1603 3168 esi,
1627 3118 1779 3173 numquam

134 3172 256 3241 Jejtttit'03
275 3174 359 3229 Dosi'l.
383 3176 453 3228 oroi.
476 3173 540 3229 ade
553 3174 677 3241 Jejunt'o).
700 3171 819 3227 Nomine
838 3181 930 3227 anteiri
985 3180 1145 3243 usurpatum
1160 3173 1268 3246 legitur.
1285 3175 1408 3244 Denique
1424 3173 1505 3247 liujus
1521 3173 1665 3231 additionis
1676 3181 1706 3229 ut
1720 3190 1778 3246 per·

135 3242 358 3313 Quadragesiniae
380 3259 436 3298 non
464 3252 555 3315 potest
574 3243 698 3315 intelligi,
725 3243 777 3298 nisi
801 3257 931 3298 numerus
984 3242 1103 3312 antiquar
1120 3254 1148 3300 et
1163 3245 1191 3300 in
1206 3245 1330 3301 universa
1351 3246 1478 3309 Ecclesia,
1493 3248 1591 3301 saltem
1608 3245 1714 3313 latina,
1732 3260 1779 3301 re·

135 3311 374 3386 quadragenarius,
388 3324 435 3370 aut
445 3312 503 3371 iere
517 3312 753 3397 quadragenarius.
767 3315 797 3367 2⁰
809 3313 931 3384 Quadra·
946 3282 968 3345 C
985 3320 1080 3383 ceptae,
1103 3315 1287 3369 meminerunt
1301 3316 1452 3383 Scriptores
1472 3316 1713 3369 ecclesiasticnmm
1727 3330 1780 3371 cte·

183 3384 268 3440 imam
287 3387 396 3457 proprie
414 3387 532 3457 incipere
550 3386 578 3441 iri
597 3401 685 3456 prima
699 3382 835 3441 dominica
854 3385 930 3453 Qua-
985 3383 1169 3439 remoniarum
1184 3393 1211 3439 et
1225 3384 1455 3449 observationum,
1469 3385 1515 3439 ubi
1531 3385 1565 3439 de
1581 3386 1670 3455 capite
1680 3385 1777 3466 jeiunii

133 3399 306 3536 ffigesimae,
327 3467 358 3513 ut
379 3456 531 3514 observavit
552 3456 719 3527 blicrologus
741 3471 800 3527 eap.
825 3460 875 3521 49;
901 3461 929 3511 et
984 3461 1100 3508 tractant
1113 3472 1119 3509 :
1134 3455 1204 3510 inter
1216 3470 1284 3525 quos
1297 3454 1448 3510 amalarius
1460 3453 1778 3528 Fortunatusdicitqua·

134 3526 270 3598 colligitur
290 3544 323 3583 ex
345 3531 380 3584 D.
404 3528 561 3593 ambrosio,
584 3528 731 3600 Gregorio,
750 3526 880 3584 Cassiano
900 3534 929 3582 et
983 3531 1045 3579 tuor
1055 3524 1122 3581 istos
1135 3523 1194 3582 dies
1205 3526 1286 3581 simili
1299 3541 1363 3583 curn
1377 3526 1430 3581 illis
1441 3526 1567 3597 tringinta
1577 3541 1624 3581 seii
1634 3526 1777 3583 devotione

134 3594 246 3668 aliisqui
255 3599 379 3656 scribunt
389 3598 926 3673 Quadragesimamconstaretidiebus;
982 3595 1156 3664 venerabiies,
1185 3605 1212 3653 et
1243 3598 1300 3668 pari
1330 3597 1504 3664 abstinentia,
1527 3599 1580 3652 boe
1604 3605 1656 3663 est,
1685 3597 1777 3668 jejunii

134 3673 161 3722 et
179 3667 307 3725 detractis
321 3685 367 3726 seii
386 3672 545 3739 dominicis,
560 3672 587 3726 in
601 3670 701 3742 quibus
712 3685 767 3725 non
778 3669 927 3741 jejunatur,
983 3665 1171 3725 observatione
1198 3669 1402 3736 custodiendos,
1429 3678 1456 3725 et
1482 3678 1639 3725 saiietoruui
1662 3671 1777 3725 Patrum

132 3752 275 3795 remanere
290 3740 348 3797 dies
358 3742 454 3814 jejunii
469 3742 581 3815 triginta
594 3756 641 3797 seii
658 3760 665 3795 :
681 3740 809 3813 idemque
823 3739 928 3812 perspi·
981 3739 1142 3796 auctoritate
1156 3748 1183 3795 et
1197 3740 1302 3795 'ratione
1315 3740 1372 3810 ipsa
1384 3739 1581 3795 commendari.
1596 3740 1672 3809 Quos
1684 3748 1777 3795 autern

133 3822 214 3865 cunni
235 3820 276 3866 est
290 3819 351 3868 tum
371 3828 403 3869 eii
418 3813 509 3868 oibcio
524 3815 584 3894 ejus
597 3811 753 3878 doniinicie,
772 3820 831 3867 luni
848 3826 881 3866 ex
894 3825 927 3867 eo
981 3818 1090 3865 munos
1103 3813 1196 3867 Patres
1207 3811 1335 3882 appellat,
1348 3826 1402 3865 non
1413 3812 1473 3883 ipso
1488 3809 1580 3880 utique
1595 3815 1628 3865 l).
1644 3811 1776 3879 Gregorio

133 3880 207 3949 quod
224 3881 361 3951 jejunium
385 3883 493 3950 Quadra
513 3897 605 3935 ssimae
628 3882 694 3935 olim
716 3882 872 3936 solvebatur
893 3882 928 3937 ad
981 3882 1153 3948 recentiores,
1169 3883 1217 3939 sed
1236 3882 1326 3954 potius
1345 3882 1385 3937 vel
1407 3881 1535 3953 aequales,
1555 3880 1595 3935 vel
1610 3882 1776 3951 antiquiores

134 3963 287 4018 vesperam,
299 3951 382 4005 modo
391 3960 452 4021 post
459 3898 580 4006 oiffcium
591 3952 770 4018 vesperarum
780 3973 787 4015 ;
792 3950 927 4021 jejunium
981 3951 1137 4007 existimare
1146 3962 1358 4008 consentaneum
1370 3963 1421 4009 est.
1433 3952 1490 4008 lllis
1499 3951 1610 4008 accedat
1620 3950 1777 4023 alphonsus

133 4028 225 4073 autern
237 4019 354 4090 qiiatuor
366 4021 470 4076 dicrum
485 4020 695 4093 praecedentium
707 4018 824 4090 primam
836 4019 927 4075 domi·
981 4020 1093 4075 Pisanus
1106 4023 1151 4091 qui
1164 4023 1209 4077 lib.
1223 4022 1257 4077 de
1268 4023 1366 4077 Poenit.
1382 4040 1440 4094 cap.
1457 4031 1474 4077 ti
1490 4044 1497 4075 :
1513 4026 1658 4089 Rouianae,
1675 4023 1774 4094 inquit,

133 4087 233 4156 nicam,
250 4091 350 4160 passim
364 4092 478 4147 solvitur
490 4092 524 4147 ad
536 4106 647 4156 nonam,
663 4089 717 4144 sive
731 4099 792 4171 post
803 4088 927 4147 oiiioiuni
982 4090 1112 4146 Ecclesiae
1132 4091 1302 4147 cousuetudo
1316 4106 1425 4162 semper
1439 4092 1500 4159 init,
1516 4102 1546 4147 ut
1563 4109 1579 4147 a
1593 4092 1659 4148 seria
1679 4102 1775 4164 quarta

133 4160 231 4215 Nonas.
248 4165 278 4216 3ο
293 4164 364 4219 Cum
378 4162 413 4217 ab
430 4163 504 4218 initio
520 4164 627 4233 triginta
646 4176 692 4216 ser
712 4160 806 4216 diebus
820 4170 926 4217 tantuin
982 4160 1147 4216 Cinciumu
1183 4176 1217 4217 ue
1238 4161 1273 4217 ad
1302 4161 1438 4229 pascliales
1463 4162 1530 4219 dies.
1552 4161 1775 4234 Quadragesimae

129 4238 265 4310 constaret
274 4233 410 4305 jejunium
422 4233 662 4306 quadragesimale,
675 4233 750 4304 quod
762 4248 811 4303 pro
821 4230 926 4288 decima
978 4227 1112 4301 jejunium
1139 4176 1349 4289 cse‘iebraruur:
1379 4234 1406 4288 in
1429 4249 1462 4289 eo
1486 4233 1619 4306 siquidem
1644 4233 1777 4304 temporis

129 4306 212 4356 totius
227 4305 290 4358 anui
310 4306 529 4376 computabatur,
540 4312 572 4361 ut
588 4304 694 4360 dictum
707 4310 763 4358 est:
779 4312 880 4370 tamen,
896 4310 928 4358 ut
980 4301 1080 4372 spatio,
1101 4303 1219 4373 exceptis
1233 4302 1386 4368 dominicis,
1401 4304 1630 4377 quadragenarius
1644 4319 1775 4361 numerus

129 4384 162 4425 eii
176 4373 310 4446 Gregorio
328 4375 394 4431 citat
410 4375 557 4432 Gratianus
572 4378 618 4443 (De
633 4376 751 4432 Coiiseer.
771 4374 800 4429 d.
816 4380 844 4438 5,
864 4389 895 4429 cu
917 4415 924 4429 .
980 4372 1151 4444 relinquitur.
1163 4373 1466 4432 Undeconstatverum
1481 4392 1618 4443 nonense,
1631 4376 1704 4447 quod
1736 4376 1775 4431 ui·

130 4390 927 4520 Qimiirnqesi'mo),utsacernumerusiudiciuinadimple
980 4442 1274 4525 dam'ciiistimarunt,
1303 4447 1466 4518 Gregorium
1490 4457 1609 4520 quatuor
1632 4448 1692 4503 illos
1716 4392 1776 4503 iles

128 4521 215 4579 retur,
236 4531 318 4587 quein
336 4519 459 4574 Salvator
474 4527 568 4574 noster
584 4534 633 4573 suo
647 4533 725 4573 sacro
737 4516 840 4588 jejunio
855 4532 924 4571 eon·
974 4516 1073 4585 jejunii
1087 4524 1150 4571 ante
1162 4517 1277 4588 primarii
1291 4516 1454 4575 doniiuicain
1465 4520 1684 4591 Qiiadragesimae
1701 4517 1774 4574 addi-

128 4586 252 4654 socravit,
266 4597 383 4659 quatuor
396 4589 454 4645 dies
467 4588 643 4659 praecedentis
655 4588 835 4644 hebdomadae
849 4587 923 4643 addi·
977 4586 1056 4641 disse.
1072 4589 1185 4644 Exstant
1193 4587 1327 4659 siquidem
1338 4592 1373 4645 D.
1388 4592 1528 4661 Augustini
1542 4592 1629 4645 niulto
1639 4589 1773 4659 Gregorio

128 4658 172 4735 tos
194 4672 261 4725 esse,
288 4659 322 4715 ad
347 4661 568 4731 supplementum
597 4659 721 4714 videlicet
746 4659 923 4730 quadraginta
938 4632 963 4695 Ῑ)
977 4658 1135 4729 antiquioris
1148 4674 1288 4715 sermones
1302 4661 1329 4714 iii
1348 4660 1416 4716 seria
1450 4670 1526 4716 uarta
1541 4660 1669 4716 Cinerum
1681 4668 1709 4713 et
1726 4660 1774 4714 tri-

128 4722 244 4793 dieruni,
264 4746 361 4801 nempe
379 4730 476 4788 feriam
501 4738 638 4802 quartam,
658 4745 720 4801 qoae
735 4739 816 4800 caput
826 4730 922 4801 jejunii
977 4728 1028 4783 bus
1039 4730 1134 4785 diebus
1145 4731 1330 4799 sequentibus.
1344 4734 1412 4786 llaec
1426 4676 1471 4785 iile
1485 4740 1510 4786 ot
1524 4732 1599 4800 plura
1614 4732 1668 4785 illa.
1682 4730 1773 4785 Calc-

129 4796 301 4865 subnotatur,
322 4811 349 4856 et
366 4803 490 4874 quintam
511 4801 606 4858 seriani
628 4808 798 4882 sequentem,
813 4811 841 4855 et
862 4816 922 4855 seii·
977 4814 1038 4854 rum
1056 4809 1150 4855 uionet
1171 4802 1245 4856 card.
1269 4800 1450 4857 Dellaruiinus
1470 4800 1637 4858 additionem
1655 4809 1773 4872 quatuor

128 4869 197 4945 lom,
221 4876 248 4922 et
267 4872 421 4928 sabbatum.
445 4877 547 4929 Verum
568 4871 649 4944 liuius
671 4870 849 4926 institutionis
871 4871 923 4926 alia
978 4868 1078 4924 borum
1097 4871 1203 4926 dierum
1227 4871 1308 4926 fuisse
1321 4872 1410 4944 aliquo
1431 4874 1514 4929 niodo
1535 4873 1677 4927 variatam.
1700 4872 1772 4927 Nam

129 4942 211 4991 etiarn
230 4939 299 4995 ratio
313 4957 371 4996 esse
392 4944 489 5014 potuit,
506 4953 535 4999 ut
551 4959 616 5000 cuni
629 4943 734 4998 decima
742 4941 840 5024 jejunii
860 4957 925 5011 qua·
978 4948 1100 5011 touiporc
1113 4943 1141 4996 S.
1157 4943 1256 4997 Leonis
1272 4950 1390 5011 quatuor
1400 4942 1458 4999 dies
1477 4953 1552 5000 eraut
1564 4943 1629 4999 feria
1643 4941 1772 5008 secunda,

128 5005 313 5087 dragesinialis
325 5013 408 5068 siinul
428 5014 528 5085 aliquid
542 5017 653 5071 noiiiine
667 5012 850 5086 primitiarum
866 5014 923 5069 Deo
977 5020 1083 5079 quarta,
1104 5020 1233 5075 sestace
1252 5013 1411 5081 sabbatuiu;
1434 5023 1555 5086 tempore
1575 5024 1667 5071 auteur
1687 5016 1772 5070 saneti

128 5092 157 5134 iii
170 5079 272 5137 borum
284 5091 403 5156 quatuor
413 5084 520 5140 dierum
533 5085 701 5141 observantia
716 5084 922 5150 eiiliiberemos3
977 5082 1100 5154 Gregorii
1114 5082 1177 5138 levia
1192 5093 1298 5154 quarta,
1312 5086 1416 5156 quinta,
1429 5096 1514 5155 sexta,
1531 5094 1558 5142 et
1569 5086 1725 5149 sabbatum,
1741 5091 1772 5138 ut

128 5160 209 5225 alque
226 5156 277 5211 liac
296 5156 378 5211 etiam
396 5156 501 5212 rationo
522 5165 689 5227 praeceptum
711 5153 779 5210 illud
801 5154 923 5209 naturale
976 5169 1049 5208 nunc
1062 5154 1230 5210 observatur.
1247 5160 1315 5227 Quae
1327 5158 1398 5213 ratio
1412 5158 1571 5214 Gratianum
1587 5156 1701 5211 sortasse
1714 5169 1771 5210 iiio

128 5221 162 5280 de
174 5225 285 5282 declinis
294 5237 321 5283 et
331 5228 455 5301 primitiis
468 5225 618 5282 offerendis
627 5227 724 5296 pariter
736 5224 921 5297 impleremus.
977 5240 1039 5281 vere
1055 5226 1150 5295 potuit,
1167 5233 1197 5281 ot
1217 5228 1384 5282 eristiniaret
1402 5236 1518 5298 quatuor
1536 5229 1602 5283 istos
1616 5226 1674 5282 dies
1686 5224 1771 5281 luisse

127 5299 157 5349 4⁰
181 5298 243 5351 Non
264 5300 328 5354 satis
346 5307 472 5356 constare
492 5296 600 5369 quando
625 5296 664 5352 vel
687 5313 703 5352 a
725 5313 780 5368 quo
801 5297 922 5367 primuni
977 5299 1041 5352 aD.
1051 5297 1180 5369 Gregorio
1193 5296 1345 5365 institutos;
1360 5299 1405 5369 qui
1420 5308 1511 5354 tauien
1526 5296 1652 5370 quaedam
1666 5298 1771 5368 Grego-

128 5376 246 5438 quatuor
265 5368 308 5423 isti
326 5370 384 5427 dies
403 5371 518 5427 instituti
537 5368 640 5425 fuerint
651 5368 679 5423 in
701 5366 921 5438 supplementum
976 5367 1009 5422 rii
1023 5370 1133 5423 nomine
1148 5371 1224 5433 citat,
1245 5384 1306 5441 quae
1321 5371 1393 5439 apud
1408 5370 1573 5441 Gregorium
1589 5384 1643 5423 non
1664 5376 1773 5424 exstant

127 5438 228 5510 ieiunii
248 5439 459 5513 quadragenarii,
479 5442 536 5497 sive
550 5440 585 5496 ad
596 5439 759 5510 explendum
774 5454 921 5494 numerum
976 5446 1006 5493 ut
1020 5439 1158 5495 annotavit
1169 5441 1227 5495 Pet.
1243 5444 1368 5496 llluturus
1381 5441 1414 5495 ad
1429 5442 1458 5496 S.
1473 5441 1654 5495 Antoninum.
1672 5440 1724 5497 Sed
1737 5438 1772 5495 de

127 5513 163 5567 to
181 5512 300 5567 dierum.
322 5513 391 5567 Noui
405 5514 452 5568 SS.
468 5518 561 5569 Patres
581 5510 688 5568 disertis
708 5510 798 5566 verbis
811 5509 923 5565 tradunt
977 5507 1019 5562 bis
1034 5510 1108 5576 plura
1129 5510 1202 5580 apud
1216 5514 1454 5567 Turrecreinatum
1473 5512 1501 5566 in
1520 5528 1550 5567 ca
1574 5553 1580 5567 .
1606 5518 1642 5567 iti
1656 5510 1772 5583 Regula

126 5579 260 5652 jejunium
283 5582 513 5653 quadragesimale
526 5599 587 5640 esse
605 5589 640 5639 40
652 5582 770 5637 dierum.
786 5581 867 5636 Unde
880 5581 921 5634 in·
976 5581 1012 5633 D.
1030 5580 1181 5647 Benedicti,
1196 5591 1225 5636 et
1237 5582 1433 5638 Belloiniinum
1447 5583 1492 5637 lib.
1509 5598 1534 5639 ii
1547 5529 1581 5637 Xe
1595 5584 1677 5639 Bonis
1687 5583 1773 5654 Oper.

130 5652 260 5723 telligitur
278 5655 334 5725 iani
347 5661 427 5709 antea
441 5654 469 5708 in
482 5654 615 5726 plerisque
628 5653 755 5710 Ecclesiis
766 5652 925 5708 observatos
977 5666 1035 5719 cap.
1055 5657 1088 5706 15
1104 5659 1131 5707 et
1149 5661 1274 5724 sequent.
1291 5670 1323 5709 cii
1339 5670 1393 5727 quo
1405 5654 1534 5710 nonnulla
1547 5655 1706 5711 summatim
1721 5653 1770 5707 dc·

130 5719 212 5779 inisse
221 5734 338 5807 quatuor
349 5725 399 5781 bos
409 5724 469 5781 dies
477 5733 540 5780 ante
551 5727 668 5796 primam
678 5723 844 5782 dominicam
854 5722 925 5790 Qua·
976 5722 1137 5794 cerpsimus.

129 5792 301 5868 dragesimae.
320 5798 356 5852 D.
373 5794 542 5870 Augustinus
561 5810 643 5852 serm.
662 5802 697 5852 δι
713 5798 746 5852 de
766 5803 889 5867 tempora
914 5810 921 5849 ε
