3848 6158
128 289 196 344 {023
667 271 808 329 tonnuls
827 268 979 326 etsslunl
999 261 1246 323 centuriones.
1714 257 1784 310 {024

129 411 216 467 mines
231 408 288 468 rult
299 407 389 464 salvos
400 405 470 473 lieri,
483 411 577 459 utrum
588 409 616 456 te
628 414 663 454 an
675 397 757 453 alium
767 395 924 469 quempiam
937 398 963 460 Α
978 408 1029 464 qna
1044 392 1102 447 sinc
1115 388 1198 444 dubio
1213 383 1400 443 contentiones
1413 381 1535 453 rixaque
1548 377 1707 445 verborum,
1719 393 1789 449 quas

129 503 234 576 perdas.
244 507 256 535 ⁸
265 503 360 558 Unum
369 497 504 571 siquidem
514 493 661 568 cujuslibet
678 491 789 547 interitu
803 489 827 546 ei
841 488 929 545 nasci·
982 484 1131 556 Apostolus
1143 475 1419 561 demandacione),
1431 473 1789 547 plerumqueconsurguar3

127 605 173 653 tur
190 596 400 661 detrimentum3
417 590 567 662 itidemque
585 587 622 643 illi
643 585 686 642 cui
706 591 782 657 grata
804 582 929 639 omnium
983 580 1054 638 unde
1076 584 1276 649 consequenter
1298 572 1414 630 divonia
1433 571 1503 626 inter
1524 567 1668 625 unanimes
1689 566 1792 624 iratres

127 688 243 763 perditio
257 696 309 754 est,
325 701 411 742 unum
427 684 545 746 lucrum,
562 681 604 737 rel
616 687 663 736 tua
676 678 716 734 rel
732 675 823 732 iratris
837 682 929 731 morte
983 673 1071 730 hostis
1084 671 1193 728 invidus
1208 684 1239 725 ac
1256 668 1391 740 malignus
1404 662 1549 721 interserit.
1564 665 1636 719 Vera
1650 670 1694 718 est
1707 677 1791 719 nam-

129 780 309 853 conquiritur.
336 774 576 848 Quemadmodum
600 778 739 844 postremo
768 768 866 840 poterit
888 765 930 822 rel
983 784 1036 842 que
1055 764 1250 840 sapientissimi
1271 759 1427 819 Salomonis
1444 758 1489 815 illa
1501 744 1675 825 sententia,d
1692 758 1791 813 Odium

131 884 242 932 tenuem
265 882 360 930 contra
382 869 497 927 iratrem
519 868 638 924 retinere
662 864 812 930 tristitiam,
834 860 880 933 qui
901 874 930 917 se
983 864 1096 917 susciten
1106 860 1251 924 cocleatim
1266 858 1402 911 uniuersos
1415 867 1476 909 uero
1487 852 1601 922 quinon
1615 851 1791 914 metendum,

130 967 218 1024 credit
228 965 358 1038 quotidie,
371 964 460 1021 immo
469 960 600 1019 continuo
610 959 644 1016 ab
655 957 709 1015 boc
717 955 817 1014 saeculo
830 954 931 1025 nrigra-
980 956 1100 1025 proteqit
1116 953 1239 1007 amicitia
1253 951 1342 1017 (Pron
1359 951 1402 1013 ιι).

131 1062 243 1118 turum?
1286 1042 1407 1099 CAPUT
1429 1040 1482 1095 tx.

430 1150 550 1208 CAPUT
570 1149 632 1206 Vll.
984 1138 1204 1210 Deomputondis
1212 1138 1295 1192 etiam
1306 1133 1472 1205 spiritalibus
1482 1133 1572 1187 musis
1580 1129 1790 1186 discordiarum.

133 1250 209 1318 Quod
219 1248 290 1303 irriti
301 1245 431 1301 inornati
439 1241 650 1312 praeponendum
661 1241 706 1302 sit,
718 1253 764 1294 neo
777 1236 929 1292 irmuadue
1020 1232 1192 1303 Quapropter
1211 1228 1246 1285 ad
1266 1223 1483 1284 muserrandam
1498 1229 1660 1295 perpetuam
1673 1229 1702 1278 et
1718 1222 1793 1279 indi-

102 1325 105 1335 '
328 1318 333 1323 ’
415 1312 638 1383 mumdum·
870 1319 873 1323 ’
984 1328 1096 1385 viduam
1110 1324 1284 1393 charitatem,
1304 1331 1316 1360 ⁸
1334 1321 1400 1378 nihil
1415 1320 1527 1394 prodest
1540 1319 1660 1392 primam
1680 1334 1793 1376 causam

165 1416 242 1471 sieut
262 1428 327 1486 ergo
346 1410 415 1468 nihil
435 1408 651 1483 praeponendum
671 1415 712 1465 est
733 1406 872 1474 charitati,
892 1405 930 1462 ita
984 1432 1140 1495 amputasse
1152 1419 1268 1488 dissidii,
1291 1432 1354 1491 (μω
1374 1415 1448 1473 „3501
1467 1415 1537 1472 50102
1555 1412 1591 1471 (ιθ
1603 1413 1689 1471 rehu,
1707 1413 1792 1471 capu.

132 1506 216 1563 lurori
242 1505 283 1561 rel
312 1502 461 1559 iracundiae
483 1501 549 1558 nihil
571 1509 613 1557 est
638 1499 794 1557 econtrario
820 1505 930 1570 postpo·
986 1516 1026 1573 θῇ,
1048 1523 1133 1586 atque
1153 1512 1278 1577 terreni&
1294 1519 1321 1566 eq
1341 1510 1467 1567 universa
1482 1507 1642 1580 despexi&
1659 1508 1786 1571 mmmm,

130 1599 262 1657 flendum·
280 1597 380 1654 Omnia
394 1611 513 1669 ”imque
526 1596 653 1669 luflmlss
666 1594 742 1651 uilia
761 1608 793 1650 ³⁰
806 1606 933 1648 mem*
987 1617 1070 1682 atqne
1084 1607 1209 1665 omnium
1229 1605 1327 1678 quibus
1339 1611 1434 1660 noster
1445 1617 1512 1659 usus
1527 1600 1627 1672 indiget
1636 1615 1726 1656 rerum
1740 1599 1784 1655 in-

131 1693 170 1750 ria
187 1691 339 1760 rideantur,
353 1688 507 1762 spernenda
523 1697 617 1745 nmen
630 1695 702 1756 sunt,
719 1695 750 1743 ut
763 1685 811 1742 irae
826 1693 933 1756 pertur·
986 1702 1134 1759 discretam
1151 1698 1377 1757 communionem
1390 1695 1522 1752 fratribus
1546 1694 1710 1768 permisisse,
1730 1694 1784 1749 ὡδὶ

133 1787 207 1843 batia
227 1785 380 1853 deviteturg
398 1792 426 1841 et
446 1783 541 1840 omnia
559 1781 641 1840 etiam
659 1796 720 1853 quae
735 1786 866 1852 putantur
883 1776 934 1834 ad·
950 1779 1071 1853 Bqum
1084 1793 1230 1852 mundam
1245 1806 1307 1863 (ψῃ
1321 1791 1373 1847 gub
1385 1790 1474 1863 ,pecie
1486 1787 1647 1862 gprfiquum
1658 1798 1790 1843 mum·

132 1896 220 1949 versa,
239 1877 511 1950 ⁵1¹⁵⁰5llii¹¹di¹i¹¹ll¹1e
531 1874 672 1932 ⁸⁰¹⁸f³⁰di
694 1881 769 1942 suut,
785 1874 798 1908 ³
817 1866 848 1929 (Π
865 1868 932 1926 ‘¹5¹⁰'
986 1889 1061 1947 nasci
1077 1889 1148 1946 solet
1165 1887 1291 1944 similiter
1311 1884 1512 1952 abscindentes,
1535 1882 1743 1956 acquisierimus
1760 1882 1789 1938 in

131 1975 232 2032 ationis
252 1973 380 2046 pacisque
394 1970 576 2044 tranquillitas
595 1969 695 2026 illibata
713 1973 853 2032 serretur;
870 1963 933 2035 quia
987 1983 1116 2041 omnibus
1130 1980 1264 2039 humpen,
1278 1994 1388 2036 gensum
1401 1985 1429 2034 gt
1440 1993 1578 2036 consonas
1591 1975 1755 2036 volgum,

132 2084 183 2126 nec
204 2069 244 2125 ira
267 2077 349 2139 atque
368 2065 474 2122 tristitia
495 2063 675 2136 perniciosius
696 2058 858 2133 quidquam,
882 2072 933 2113 nec
1303 2073 1421 2130 CAPUT
1439 2073 1479 2129 χ,

132 2161 262 2217 Chdl'iidie
274 2159 365 2215 Utilius
379 2157 547 2214 credendum
560 2163 611 2212 est·
1167 2172 1205 2225 De
1225 2169 1325 2239 optimo
1339 2169 1463 2222 emmim
1478 2166 1612 2220 verimi&

425 2258 546 2313 CAPUT
565 2257 641 2311 Vlll·
1023 2261 1134 2319 Memini
1147 2275 1266 2333 namque
1282 2275 1346 2316 eum
1360 2274 1404 2315 me
1418 2258 1508 2315 adhue
1524 2257 1668 2317 adhaerere
1680 2273 1793 2315 musor-

133 2353 235 2420 Quious
246 2350 279 2406 de
295 2351 383 2404 causis
396 2350 469 2404 inter
486 2349 624 2418 spiritales
638 2349 770 2403 nascatur
784 2346 934 2402 durnecto?
987 2355 1028 2411 tio
1039 2354 1155 2411 fratrum
1175 2352 1344 2425 aetasjunjor
1361 2352 1528 2420 hortaretur,
1539 2350 1705 2425 hujusmodi
1715 2353 1792 2410 nobi,

167 2458 237 2511 Nam
252 2451 489 2525 quemadmodum
504 2451 627 2507 carnales
645 2449 735 2507 adbuc
747 2456 774 2523 et
785 2447 934 2505 imbecilles
986 2446 1192 2520 intelligentiam
1216 2445 1258 2525 vel
1287 2447 1316 2503 in
1341 2446 1494 2503 moralibus
1517 2444 1672 2517 disciplinis
1700 2447 1742 2502 vel
1764 2447 1791 2502 in

132 2548 229 2606 fratres
247 2546 282 2603 ob
303 2547 382 2604 rilem
397 2554 588 2615 terrenamque
610 2541 792 2600 substantiam
812 2542 868 2598 cito
882 2541 934 2597 ini·
987 2543 1131 2615 seripturis
1155 2542 1239 2599 sacris
1262 2539 1419 2613 frequenter
1442 2541 1584 2608 insertam,
1609 2547 1645 2596 ut
1668 2538 1737 2596 nihil
1760 2555 1791 2597 ea

131 2641 222 2698 micus
252 2640 300 2704 ille,
323 2639 468 2713 disjungit,
493 2639 531 2695 ita
555 2647 566 2674 ⁰
597 2637 682 2694 etiam
706 2636 778 2692 inter
801 2633 935 2707 spiritales
988 2637 1077 2693 verius
1092 2636 1214 2709 nihilque
1228 2636 1415 2693 rationabilius
1429 2634 1617 2693 crederemus.
1638 2634 1694 2693 Sed
1708 2635 1718 2672 ¹
1731 2650 1792 2692 cnm

132 2733 219 2807 gignit
242 2749 292 2805 pro
313 2733 500 2791 intellectuum
520 2730 676 2789 diversitate
697 2728 871 2786 discordiam.
895 2731 935 2785 Ει
989 2728 1018 2785 in
1042 2745 1128 2786 unum
1151 2729 1342 2787 convenientes
1361 2728 1511 2786 sententias
1533 2736 1646 2786 nostem
1668 2743 1791 2801 promere

685 2855 813 2912 Atnnul
831 2853 944 2910 GAZAE!
962 2851 1241 2909 COMMENTARIUS.

168 2980 180 3008 ³
202 2976 247 3033 Sic
264 2975 413 3031 Cassianus
429 2972 476 3029 lib.
496 2985 557 3027 rur
578 2970 699 3027 Institut.
720 2985 780 3038 cap.
801 2974 855 3024 lt:
877 2970 936 3025 Non
989 2968 1095 3040 (Epirus.
1109 2971 1177 3032 tul:
1192 2968 1690 3036 Sollicitiseruoreunitatemspiritus
1702 2967 1791 3023 iuria·

133 3049 202 3102 etaim
213 3048 253 3099 ita
264 3047 364 3099 nostris
376 3045 509 3112 obsequiis
519 3043 664 3097 communis
676 3041 795 3093 omnium
804 3039 935 3095 Dominus
989 3039 1047 3094 culo
1079 3040 1135 3093 uois
1149 3039 1241 3108 (Grau.
1255 3039 1388 3094 Pastoral.
1400 3043 1477 3109 port.
1489 3051 1538 3105 111,
1551 3037 1662 3092 aelmon.
1674 3038 1713 3108 2).

132 3117 287 3176 delectatur,
308 3118 340 3167 ut
352 3115 423 3182 quod
437 3116 465 3166 in
475 3127 528 3166 uno
540 3112 672 3234 tarquinii,
686 3108 786 3180 perdat
798 3112 827 3164 in
839 3110 933 3173 altero,
1024 3109 1038 3144 ἃ
1054 3055 1150 3191 grace
1169 3110 1242 3180 μῖσος
1262 3108 1350 3191 ἐγείρει
1369 3111 1466 3190 νεῖκος..
1477 3106 1558 3178 Quod
1572 3115 1694 3190 utroque
1711 3106 1790 3190 modo

132 3187 287 3242 dominante
307 3185 432 3237 tnssstitio.
453 3185 483 3238 ln
502 3197 577 3252 curus
588 3182 641 3235 ibet
656 3195 772 3251 namque
794 3180 933 3250 dispendio
949 3183 972 3249 C
987 3179 1055 3235 verti
1069 3187 1166 3251 potuit.
1188 3182 1260 3235 Nam
1281 3179 1376 3236 odium
1395 3188 1508 3236 suscitat
1522 3187 1675 3246 centenno,
1698 3187 1729 3236 ut
1748 3179 1791 3235 bre

132 3272 215 3312 unum
227 3257 335 3325 patitur
347 3255 547 3316 detrimentum,
559 3254 608 3322 qui
619 3253 708 3307 eodem
724 3251 802 3306 modo
814 3253 932 3307 omnium
988 3251 1097 3318 citatur,
1114 3249 1158 3306 ubi
1173 3252 1246 3321 picae
1264 3258 1306 3307 est
1319 3250 1466 3308 accusativi
1483 3264 1575 3316 casus,
1592 3255 1621 3306 et
1635 3253 1718 3312 νεῖκος
1737 3266 1787 3306 no·

130 3323 932 3464 ‘⁰li⁰nmtllllntilltldtillttattilia
986 3319 1791 3464 illlisinliditurinliditur,itt

133 3472 238 3534 ionum,
249 3414 372 3524 utgetiam
381 3471 411 3522 in
422 3468 501 3522 relus
512 3468 625 3521 terrearis
637 3470 719 3535 utque
727 3465 887 3520 mortalibus
894 3467 933 3519 rei
988 3464 1085 3521 Odium
1098 3433 1212 3519 suscitoi
1221 3465 1310 3533 riuus,
1320 3469 1346 3520 et
1359 3466 1486 3520 uniuersa
1497 3462 1596 3518 delicta
1609 3465 1698 3534 operit
1709 3465 1791 3519 ciam·

131 3543 172 3597 bil
186 3543 271 3596 soleat
289 3542 393 3606 pentius
412 3538 517 3600 audiri,
532 3537 603 3592 nillil
616 3536 822 3591 desiderabilius
836 3552 931 3591 mneu·
986 3539 1028 3590 tos
1041 3534 1127 3605 (Pron
1140 3533 1182 3606 x).

128 3613 207 3681 pisci,
219 3609 524 3677 ninilpostremopossit
536 3607 630 3661 melius
643 3608 768 3660 inueniri.
783 3604 871 3672 Idem,
883 3620 932 3662 seu
1021 3612 1033 3641 ⁸
1056 3606 1153 3661 Causae
1167 3602 1343 3661 dissidiorum
1366 3613 1394 3661 et
1413 3601 1618 3662 discordiarum
1637 3604 1709 3661 inter
1730 3602 1787 3660 ira-

130 3680 191 3750 quls
204 3686 301 3733 auctor
315 3676 349 3732 ad
362 3676 459 3732 iratres
472 3676 500 3730 in
515 3690 608 3731 eremo
622 3693 629 3727 ε
644 3676 727 3739 Scire,
743 3676 840 3748 inquit,
856 3676 933 3730 debe-
986 3682 1043 3731 tres
1057 3682 1122 3731 sunt
1136 3673 1164 3728 in
1177 3674 1278 3746 duplici
1293 3690 1393 3746 genere
1413 3696 1420 3732 ι
1439 3675 1560 3732 carnales
1579 3676 1647 3744 elia,
1665 3690 1729 3730 cunr
1750 3675 1785 3729 de

132 3751 178 3812 tis,
193 3751 304 3817 fratres,
324 3749 397 3818 quod
411 3746 536 3818 quadam
550 3751 615 3802 sunt
629 3747 705 3808 bona,
721 3761 782 3815 quae
797 3760 851 3800 aon
868 3752 933 3802 sunt
986 3761 1048 3801 meo
1070 3753 1098 3802 et
1117 3751 1180 3813 tuo,
1201 3743 1254 3801 hoc
1276 3753 1329 3814 est,
1343 3746 1378 3802 de
1396 3746 1479 3803 robus
1499 3746 1622 3813 externis,
1645 3759 1713 3815 quas
1734 3743 1781 3799 bic

131 3819 282 3886 commoda;
298 3820 422 3889 quodam
434 3819 568 3889 jumado,
584 3833 644 3887 quae
657 3832 709 3871 non
723 3821 786 3872 sunt
800 3817 865 3873 torro
880 3835 888 3871 ε
904 3832 928 3872 u.
985 3816 1069 3873 abbas
1082 3822 1161 3872 vocat
1174 3814 1332 3873 utilissimas
1344 3816 1384 3888 lut
1396 3825 1462 3873 sunt
1476 3832 1569 3874 revera
1581 3813 1779 3888 comparatione

130 3908 157 3961 p.
169 3892 237 3947 tona
246 3896 309 3946 sunt
315 3891 436 3961 jejunia,
446 3891 557 3960 uigilia,
568 3890 769 3954 mutuationes,
781 3891 807 3942 ct
817 3888 930 3942 similia.
985 3886 1145 3970 spiritalium
1166 3894 1194 3942 et
1206 3886 1378 3958 scelestium),
1394 3896 1458 3960 puta
1474 3888 1510 3945 de
1526 3887 1654 3956 restibus,
1667 3885 1781 3941 alimen-

130 3961 548 4023 anenimlonosunt,sednon
557 3958 768 4029 iuuenumque
778 3958 931 4013 earoinliis
985 3965 1031 4027 trs,
1053 3959 1115 4015 loco
1145 3956 1279 4034 digniore,
1300 3957 1473 4031 praelectura,
1494 3957 1644 4026 domicilio,
1660 3957 1783 4014 utensili-

130 4049 183 4089 non
198 4032 379 4103 pessundatur,
401 4031 450 4086 sed
470 4031 590 4086 laeditur.
612 4029 736 4086 Jucunola
755 4033 845 4085 auten
866 4034 932 4085 surrt
985 4027 1049 4097 bus,
1066 4029 1185 4102 juribus,
1205 4029 1316 4102 aliisque
1332 4029 1578 4087 commoditatibus
1596 4028 1785 4095 contenditur,

130 4106 339 4168 comessationes,
355 4104 506 4167 amiciores,
525 4101 572 4158 sed
589 4117 642 4158 noa
658 4102 736 4157 lona.
759 4102 929 4167 simonaciae,
984 4099 1047 4158 aliae
1060 4101 1205 4172 spiritales,
1220 4116 1284 4157 cum
1298 4098 1423 4158 derariis
1441 4101 1640 4173 quaestionibus
1666 4100 1788 4157 senubus

130 4177 288 4245 ompoteris
302 4176 459 4230 inuenirein
469 4176 692 4245 praesentianum
703 4173 775 4243 quod
786 4175 822 4227 sit
835 4172 932 4228 donum
984 4171 1150 4244 Scripturas,
1173 4171 1284 4244 aliisque
1306 4171 1399 4228 rebus·
1412 4171 1596 4229 controversis
1623 4143 1659 4229 ad
1684 4171 1788 4228 intelle·

131 4249 156 4300 et
165 4246 326 4314 jurandum.
344 4245 426 4314 Cupis
442 4249 531 4300 tamen
542 4245 614 4299 illud
627 4246 765 4300 inuenire?
774 4258 932 4314 persequere
984 4250 1072 4310 mum,
1087 4253 1117 4300 ut
1130 4243 1175 4300 liic
1188 4241 1297 4308 dieitur,
1316 4242 1519 4315 pertinentibus
1529 4243 1713 4315 disceptatur,
1728 4257 1788 4315 pro

128 4330 233 4386 patera,
249 4320 274 4370 et
287 4316 443 4384 amplectere
460 4331 527 4370 eam.
548 4318 610 4370 Hoeo
623 4319 663 4369 est
676 4317 747 4369 enim
763 4315 820 4369 solo
833 4316 930 4377 virleu,
1004 4314 1051 4370 riis
1073 4312 1248 4385 opinionibus
1271 4314 1343 4370 ultra
1367 4330 1453 4387 quam
1476 4330 1526 4386 par
1548 4322 1592 4371 est
1615 4313 1783 4370 inhaerendo.

130 4400 191 4454 qua
205 4385 285 4438 nabet
303 4386 400 4437 loreum
413 4389 438 4437 et
448 4385 611 4451 jucundum.
626 4387 689 4439 Hac
702 4389 741 4439 est
758 4385 809 4438 illa
826 4385 931 4439 bonitas
1013 4384 1058 4441 ine
1077 4388 1111 4440 Ι).
1132 4383 1282 4455 Gregorius
1299 4383 1485 4443 Nazianzenus
1507 4385 1671 4458 praclarum
1691 4384 1784 4441 babuit

130 4468 191 4523 quoe
202 4467 249 4506 nos
261 4452 383 4506 habiture
394 4454 463 4518 facit
473 4456 554 4508 unius
569 4457 651 4508 moris
665 4456 694 4508 in
705 4455 791 4516 domo,
804 4459 836 4508 ut
849 4454 932 4509 simul
985 4455 1637 4528 credonemdemoderationeindisputatimtibus
1643 4456 1783 4517 sananda,

130 4526 218 4578 uiuere
227 4521 360 4590 simulque
372 4524 444 4603 mori
453 4536 556 4593 semper
566 4528 695 4592 opternus.
710 4525 807 4593 Opoa,
818 4528 849 4578 m
859 4540 932 4578 men·
985 4525 1033 4582 ubi
1049 4525 1108 4582 haec
1124 4525 1196 4582 inter
1209 4524 1261 4581 alia
1281 4527 1368 4592 (Orat.
1383 4528 1429 4598 26)
1446 4548 1453 4584 r
1468 4528 1604 4596 Quidnam
1618 4531 1648 4582 in
1665 4528 1784 4583 doctum

131 4597 167 4651 tis
173 4594 312 4656 serenitas,
318 4594 402 4646 anime
409 4594 607 4662 tranquillitas,
614 4595 713 4648 amoris
720 4595 865 4658 uinculum,
871 4595 930 4649 olto·
944 4569 969 4632 Ῑ)
981 4598 1239 4668 prestantissimum
1247 4600 1380 4654 estiPan.
1390 4598 1589 4655 Addametr'um
1598 4600 1777 4655 mdrssimmn.

131 4667 227 4722 ritulis
239 4666 409 4720 consortium.
426 4666 489 4719 uec
501 4668 540 4720 est
552 4664 602 4719 illa
613 4678 719 4719 summa
731 4662 858 4731 (elicitos,
871 4681 932 4735 quae
985 4668 1095 4733 Contra,
1106 4668 1174 4739 quid
1184 4670 1370 4738 turpissimum
1381 4668 1780 4752 etperru'stosissimumlmtrm-

131 4738 199 4794 bella
211 4739 360 4807 compescit,
375 4738 433 4791 irus
447 4737 606 4806 comprimit,
623 4735 756 4791 iuuenes
772 4734 858 4798 sedat,
873 4737 931 4791 ini·
985 4744 1073 4794 tatum
1083 4740 1239 4810 disjunctio.
1252 4738 1634 4798 S.Ambros1us0sflciorum
1648 4739 1714 4796 libro
1725 4737 1780 4810 pri·

130 4812 209 4864 micas
221 4809 372 4872 concutiat,
383 4808 587 4878 cunctisplacet,
597 4807 724 4862 aaunotis
734 4811 854 4879 optatur.
864 4810 931 4864 Rea·
984 4824 1033 4866 mo
1051 4810 1127 4882 (Cap.
1146 4814 1191 4876 22)
1207 4826 1213 4862 :
1228 4811 1318 4866 Sumo
1334 4811 1469 4867 diumitm
1481 4814 1512 4866 in
1524 4812 1687 4883 colloquium
1700 4811 1783 4880 {ami-

131 4883 175 4934 tus
187 4882 236 4947 qui
244 4884 269 4932 te
280 4879 370 4940 iubet,
380 4880 591 4949 maledictusqui
599 4882 624 4934 te
633 4878 701 4946 odit,
711 4882 737 4935 et
745 4880 853 4949 (ranqit
861 4880 932 4935 inter
985 4882 1051 4936 ltere
1070 4887 1096 4936 et
1120 4884 1150 4936 in
1169 4885 1315 4937 tractatum
1333 4883 1605 4954 disceptationemque
1622 4883 1691 4954 fidei
1709 4888 1787 4954 atque

131 4951 261 5015 limnines,
283 4950 410 5017 quoniam
424 4950 608 5006 Antichristus
630 4953 680 5019 est,
695 4956 722 5007 et
740 4950 814 5021 filius
833 4950 931 5021 perdi·
979 4950 1636 5024 iustitia.inutroqueseruaadumnesitoliqua
1670 4955 1787 5010 riardo·

131 5021 221 5076 tionis.
444 5089 449 5101 Ι
984 5025 1036 5089 tim
1049 5022 1096 5078 sed
1108 5028 1215 5079 tonnam
1225 5026 1309 5087 muts,
1320 5027 1346 5080 et
1354 5024 1490 5096 placidus,
1501 5030 1527 5080 et
1536 4971 1729 5081 bmcootgntaa
1757 5025 1786 5079 le

167 5088 236 5148 edd
254 5087 306 5159 hos
323 5095 427 5162 spectat
442 5088 487 5145 illa
500 5092 536 5145 D.
551 5089 677 5161 Gregorii
691 5089 931 5148 salutarisadmo-
983 5109 1046 5157 nus,
1063 5099 1088 5149 et
1102 5097 1210 5163 pratia,
1230 5096 1288 5149 sine
1304 5095 1363 5151 ulla
1376 5110 1461 5152 somno
1479 5097 1598 5152 dueatur
1614 5101 1726 5152 contum
1750 5099 1787 5151 ia.

131 5161 221 5219 nitio:
243 5162 393 5225 Discordes,
413 5161 510 5233 inquit,
525 5162 688 5216 admonendi
701 5168 774 5230 sunt,
793 5165 824 5216 ut
837 5165 930 5218 certis-
984 5165 1203 5236 Absitpertinau
1210 5167 1381 5232 intaminati
1385 5182 1504 5224 sennem
1511 5169 1790 5239 comentn;questto

131 5233 295 5290 sime'sciont
304 5236 380 5305 quia,
389 5232 563 5303 quantislibet
572 5235 719 5288 uirtutibus
736 5234 867 5304 polleant,
878 5235 930 5303 api·
983 5250 1030 5290 nes
1055 5239 1125 5291 enim
1148 5239 1265 5293 enodare
1289 5238 1384 5294 inanes
1408 5239 1568 5294 subtilitatis
1591 5242 1682 5308 magis
1707 5254 1789 5310 msam

132 5306 224 5360 uitales
240 5307 396 5360 nullatenus
416 5305 478 5374 fieri
495 5308 615 5375 poemat,
630 5306 655 5358 si
669 5306 747 5359 uniri
757 5318 807 5373 per
822 5318 931 5358 amoue-
984 5307 1336 5378 utilitotisoflerrealiquid
1344 5309 1791 5380 soletltisceptotiosineirmsua

131 5376 930 5446 diumprorimisnegliqunt.Scriptumqurppeest:Fruotus
983 5378 1119 5434 uitassine
1127 5377 1311 5434 amaritudine
1320 5381 1790 5452 stammmesmeaspettotqtor·

131 5447 674 5517 autemspiritusestclaritaspaudium,
682 5445 879 5516 etpouliiolat.
887 5450 929 5514 v).
984 5451 1051 5504 totto
1064 5449 1121 5504 sine
1133 5448 1292 5516 offertione.

133 5517 254 5586 Quicum
263 5533 368 5575 seuere
374 5535 468 5589 paean
477 5535 530 5573 aon
539 5523 625 5582 curat,
636 5520 709 5585 serre
718 5518 839 5585 leuatum
848 5521 931 5588 spiri-
1021 5511 1032 5551 ¹
1044 5518 1231 5576 Collationum
1244 5519 1300 5577 sire
1312 5519 1529 5579 collocutionum
1543 5519 1709 5593 spiritalium
1722 5515 1787 5575 iru-

133 5591 177 5645 tus
189 5591 304 5642 recusat.
320 5593 389 5644 Hine
402 5591 503 5646 Paulus
516 5593 557 5646 ott
570 5608 579 5644 ε
594 5591 659 5647 Cum
670 5591 706 5645 sit
718 5590 789 5644 inter
799 5603 844 5643 cos
859 5590 932 5645 aelus
984 5596 1072 5660 etum,
1087 5589 1224 5662 simulque
1244 5590 1405 5650 earumdem
1423 5593 1510 5650 ritum
1528 5606 1561 5649 ao
1576 5592 1694 5651 modum
1712 5588 1788 5664 apud

134 5663 159 5716 et
177 5659 417 5739 alaemanniae
435 5661 630 5716 carnalesestis
648 5662 671 5727 (l
690 5661 751 5717 Cor.
773 5661 842 5725 ull?
862 5662 931 5714 Hinc
984 5661 1111 5734 antiquos
1130 5661 1280 5719 monachos
1298 5663 1400 5720 serrari
1421 5664 1546 5733 solitum,
1565 5661 1652 5722 babes
1670 5662 1720 5721 hio
1738 5678 1792 5719 ex·

134 5732 231 5787 iterum
245 5727 314 5784 droit
326 5747 334 5782 ε
345 5731 439 5783 Pacem
452 5732 599 5799 sequimini
610 5745 670 5785 cum
685 5730 817 5790 omnibus,
830 5732 857 5783 et
869 5743 931 5783 son·
983 5746 1117 5803 pressum.
1132 5735 1174 5788 De
1189 5747 1245 5805 quo
1263 5732 1347 5792 etiam
1367 5733 1428 5794 ride
1440 5732 1650 5795 mactationem
1662 5740 1791 5794 nmirum

136 5802 292 5860 alimoniam
315 5799 389 5873 [Hei.
412 5799 479 5870 aar).
503 5801 572 5855 Hine
590 5814 686 5856 rursm
709 5799 871 5863 admoneres,
890 5801 932 5856 ait
983 5802 1019 5862 ad
1035 5801 1127 5861 collat.
1146 5809 1162 5860 2
1178 5818 1241 5877 cap.
1254 5808 1281 5863 ².
