3848 6158
117 187 173 243 209
371 184 416 240 DE
433 182 677 243 OOENOBIORUM
696 188 817 244 lNS'il'l.
837 189 901 247 ils.
923 191 953 248 V.
975 221 1006 232 -
1028 192 1073 247 DE
1091 192 1225 249 SPliilTU
1244 194 1523 255 aasrultlaitcns.
1721 206 1775 263 210

116 308 148 364 in
167 305 306 374 omnihus,
333 305 361 362 in
385 308 514 380 prasenti
534 318 626 382 potest
645 311 700 368 hoc
718 326 775 384 quo
798 311 918 370 diximus
933 323 959 387 Α
974 313 1216 390 uniformisregula
1228 317 1371 389 custodiri,
1385 319 1506 392 quianec
1514 323 1774 383 roburuuumcun·

115 398 215 469 modo,
238 397 266 455 id
286 405 337 467 0⁵1.
357 416 406 473 per
418 409 508 474 1)th
529 404 661 461 virtutum
675 419 736 462 0⁸⁸0
748 405 777 462 in
792 405 922 466 mnibus
974 417 1025 475 ctis
1045 420 1205 492 corporibus
1228 422 1307 491 inest,
1336 437 1396 492 nec,
1425 423 1495 480 sicut
1515 432 1623 482 cetere
1649 425 1773 497 virtutes,

115 496 205 563 ΒΜ,
220 493 283 550 Ιῑθθῑ
295 495 419 598 {mudum
434 512 482 568 l>er
500 497 697 569 Diissiiudifflm
711 514 808 558 ΨΜ
828 501 921 559 ⁰ffl⁰i³
974 521 1057 577 animi
1071 522 1154 579 sollus
1168 522 1256 595 rigore
1269 532 1409 595 parantur.
1423 526 1458 580 Et
1472 524 1572 582 idcirco
1592 525 1654 598 quia
1676 541 1733 581 non
1746 525 1775 580 in

114 587 153 643 sit
175 587 204 642 in
228 586 368 644 omnibus.
395 589 465 658 Quia
490 589 555 646 licet
574 606 645 648 unus
663 591 800 665 religionis
819 601 921 652 nostre

114 680 154 738 sit
183 680 255 744 unis.
288 680 471 754 professiones
499 691 591 740 minen
613 684 728 743 diuersae
760 686 859 758 quibus
885 687 919 746 ad

113 773 378 882 Dmmttendimum
392 775 502 882 sicutin
511 777 702 836 collationibus
715 779 857 837 seniorum
869 779 921 853 pla·
974 827 1102 884 tmditam
1113 828 1195 886 nobis
1207 830 1362 901 accepimus
1387 824 1401 862 g
1418 830 1557 887 dimum
1568 845 1628 888 esse
1645 830 1775 888 refectio·

114 869 385 942 nrusdapuunaum
393 870 535 939 mmmm
545 873 636 928 mitur.
652 879 678 939 r,
691 878 760 929 raet
777 873 918 940 renum·
1365 872 1373 899 ’

114 977 170 1036 quie
181 961 358 1029 discretionis
367 969 395 1019 et
405 963 677 1022 continentiaelorma
688 966 722 1022 alr
731 967 773 1023 lais
782 976 825 1024 est
839 969 919 1026 nobis
972 929 1016 988 ¹¹⁵⁸
1027 930 1138 1003 widem
1152 938 1259 1005 tempus
1272 948 1304 989 ³⁰
1315 931 1430 990 m⁰d¹¹⁰¹
1440 940 1467 990 εἴ
1477 933 1645 1007 ‘muntem’
1658 951 1708 1007 ⁹¹⁰
1723 935 1776 992 ³¹¹¹·

114 1055 452 1130 mmmmm
469 1058 594 1130 aquibus
607 1059 722 1116 virtum
735 1059 785 1117 pm
800 1076 848 1134 per
859 1079 920 1136 m,
974 1032 1031 1104 pari
1053 1032 1156 1090 scilicet
1178 1049 1329 1105 corporum
1350 1043 1434 1105 emta,
1459 1035 1501 1092 vel
1522 1044 1603 1093 aetate
1624 1052 1657 1093 ac
1678 1052 1774 1094 seru:

113 1149 185 1207 tim
204 1150 321 1223 spiriu„
335 1151 422 1208 meu
444 1151 555 1208 uberius
575 1151 698 1210 videmus
712 1153 848 1226 'emnem
863 1172 919 1215 „on
974 1150 1056 1191 unum
1070 1143 1161 1191 tamen
1175 1150 1235 1194 esse
1245 1135 1373 1194 omnibus
1386 1151 1437 1209 pro
1453 1137 1552 1194 mentis
1566 1138 1734 1195 continentia
1748 1147 1777 1196 et

114 1242 190 1317 quod
206 1243 281 1300 ullus
298 1258 360 1317 quae
379 1244 407 1300 in
427 1244 530 1300 multos
549 1244 633 1302 diuisa
651 1254 717 1303 sunt
734 1248 809 1304 solus
833 1251 919 1322 possit
972 1240 1055 1297 animi
1080 1242 1179 1298 rimato
1205 1242 1390 1315 castigationis
1414 1242 1548 1315 regulam.
1577 1244 1672 1314 Neque
1698 1244 1776 1302 enim
1823 1222 1830 1231 ¹

114 1337 267 1410 acquirere,
283 1337 333 1395 sed
352 1347 384 1395 ut
403 1337 430 1395 iu
445 1337 487 1395 his
498 1336 578 1396 bouis
597 1354 717 1412 quorum
731 1357 845 1416 capaces
859 1359 918 1402 esse
970 1346 1074 1403 cunctis
1087 1346 1215 1419 possibile
1228 1357 1270 1404 est
1282 1347 1499 1405 hebdomadibus
1514 1348 1649 1420 protelare
1656 1349 1773 1420 jejunia,

114 1447 272 1504 meumes·
290 1431 328 1490 ed
346 1447 444 1490 eorum
463 1448 515 1490 ιιι
528 1432 708 1492 imiuuonem
721 1437 768 1509 qu
786 1453 817 1494 ιι
833 1454 917 1511 pecu·
970 1452 1062 1511 aune
1077 1451 1331 1526 mammarium,
1346 1453 1388 1511 ver
1404 1454 1533 1523 niumm,
1547 1452 1635 1510 uum
1647 1451 1774 1510 rernm-

114 1524 207 1583 ΜΨ
225 1525 380 1596 ⁰b¹5¹¹¹¹⁸¹⁰t
394 1526 548 1584 mamm·
970 1576 1035 1618 nem
1056 1561 1109 1619 cibi
1130 1560 1293 1619 differret
1317 1560 1412 1618 multis
1436 1561 1537 1634 quippe
1559 1560 1719 1634 egritudine
1745 1571 1775 1620 et

114 1715 193 1784 Quod
223 1729 268 1770 m
338 1717 375 1769 m
396 1621 650 1784 abctffnggffmvu'ms
705 1720 718 1731 ,,
756 1718 787 1728 ,,
833 1722 838 1732 ,
970 1669 1090 1724 manime
1110 1668 1186 1724 senio
1204 1668 1262 1742 jam
1282 1667 1410 1740 defessis,
1426 1683 1461 1724 ne
1481 1682 1567 1739 usque
1589 1670 1624 1726 ad
1645 1683 1775 1726 occasum

213 1732 223 1770 ²
287 1729 337 1786 pos
392 1787 487 1854 requla
498 1787 637 1842 aratoria-i.
647 1732 729 1773 om
745 1734 915 1789 Jemwmm
929 1750 954 1812 B
970 1777 1081 1851 quidem
1093 1777 1160 1834 solis
1165 1777 1301 1850 ieiunium
1310 1777 1368 1833 sine
1376 1776 1525 1833 atllictionc
1538 1776 1772 1834 tolerarun‘Non

151 1881 265 1952 ltaque·
279 1878 536 1952 superjejuniorum
552 1880 636 1937 modo
649 1881 721 1938 haud
739 1892 828 1953 potest
840 1884 918 1942 facile
972 1884 1099 1942 omnibus
1114 1881 1270 1941 inlusarum
1285 1883 1453 1956 leguminum
1473 1899 1537 1941 esus
1548 1885 1675 1942 convenit
1694 1901 1772 1942 encr-

663 2007 791 2063 AleRDi
808 2009 921 2064 uazffil
939 2008 1218 2066 COMMENTARIUS.

115 2121 145 2173 iu
158 2120 258 2174 caeru
269 2123 374 2174 ooetma.
387 2119 451 2176 Cum
462 2124 552 2174 autem
561 2135 652 2174 rerum
665 2123 781 2175 omnium
794 2125 857 2192 furis
867 2123 916 2178 ud·
970 2125 1055 2188 iacias,
1063 2129 1093 2180 ut
1103 2125 1185 2194 dupio
1190 2124 1253 2193 plus
1261 2125 1386 2192 temporis
1395 2123 1514 2176 inediam
1521 2124 1603 2189 facile
1610 2127 1770 2195 sustineant,

112 2193 228 2253 renent,
237 2194 299 2245 tunc
310 2191 437 2244 omnutin
447 2191 569 2244 munibus
583 2191 644 2251 erit,
658 2196 689 2245 ut
701 2193 805 2261 stnquli
813 2199 918 2249 sarecto·
970 2199 996 2250 ct
1008 2197 1180 2255 emicantem,
1191 2193 1470 2263 scadiebuseapietis,
1480 2195 1638 2248 alimentum
1652 2210 1772 2250 rrecersa-

113 2275 182 2313 rum
200 2274 287 2316 mnam
302 2262 413 2315 uirtutes
430 2262 558 2324 madeant,
577 2265 607 2314 ut
619 2263 655 2315 sit
667 2263 788 2319 dirutus
800 2268 871 2320 totus
886 2267 917 2320 in
970 2266 1044 2320 mum
1054 2265 1206 2335 degustant.
1219 2266 1287 2320 llaec
1301 2262 1348 2318 illi.
1363 2263 1468 2332 Quibus
1479 2263 1582 2319 accedit
1592 2266 1626 2319 D.
1641 2267 1771 2346 Augusti·

113 2332 230 2386 canatis
241 2334 307 2387 Haec
319 2332 354 2385 D.
366 2331 559 2413 Hieronymus.
971 2351 1023 2392 nus
1037 2338 1110 2403 (iii.
1130 2351 1141 2391 1
1156 2335 1190 2389 de
1202 2338 1269 2392 lior.
1288 2335 1358 2392 licet.
1375 2350 1434 2404 rap.
1450 2338 1501 2400 31)
1519 2333 1553 2390 de
1566 2334 1714 2390 Coenobitrs
1728 2336 1771 2393 sui

159 2401 227 2457 ‘Sic
242 2409 270 2456 et
288 2403 324 2457 D.
339 2400 453 2457 Basilius
467 2418 493 2457 rn
515 2403 619 2475 Regula
635 2403 839 2462 monachorum
856 2421 916 2477 cap.
971 2408 1104 2476 temporis
1118 2406 1177 2461 haic
1188 2405 1309 2462 scribens
1323 2425 1330 2460 ι
1345 2405 1451 2475 teirrnio
1466 2407 1548 2460 etiarm
1564 2420 1677 2474 prorsus
1689 2409 1772 2462 inere·

115 2477 151 2528 10
163 2475 351 2541 (savarum
362 2475 463 2542 Rufini,
474 2477 498 2527 et
508 2476 673 2544 dillapsus.
683 2477 784 2546 disum.
795 2493 854 2547 cap.
866 2480 916 2545 19),
972 2477 1069 2533 dibilia
1082 2479 1180 2532 multos
1195 2493 1314 2532 auersere
1323 2476 1416 2536 didr'ei,
1429 2492 1482 2530 nou
1496 2477 1615 2545 quotidie
1627 2479 1707 2532 semei
1720 2479 1768 2532 uti

114 2542 160 2599 ubi
175 2542 274 2614 quaerit
285 2557 346 2614 quar
359 2543 392 2597 sit
408 2558 533 2598 mensura
547 2544 732 2613 continentiae,
745 2546 772 2602 id
786 2556 837 2614 est,
847 2555 916 2602 tern·
968 2549 1217 2618 rroctcmrefiu'endo
1226 2563 1331 2618 comus.
1345 2547 1417 2617 quod
1432 2551 1471 2602 est
1480 2563 1671 2616 usquequaque
1683 2551 1769 2604 usita·

113 2613 255 2688 menuae,
267 2628 315 2669 seu
333 2613 525 2671 abstinentiae?
545 2624 572 2670 ct
589 2616 734 2688 respondet
750 2634 756 2670 :
777 2620 915 2684 Quantum
968 2621 1112 2682 tissimum,
1125 2619 1173 2672 sed
1185 2618 1480 2680 continaumtn'duam,
1495 2618 1537 2672 uel
1550 2619 1667 2687 umquius
1679 2621 1769 2689 saepis-

112 2684 240 2749 adeidos,
255 2688 337 2755 prout
349 2699 414 2738 usas
427 2685 554 2754 depascit,
573 2687 614 2741 aet
626 2692 703 2750 atae,
720 2688 760 2741 uel
775 2689 860 2751 terior,
873 2690 914 2743 uel
967 2691 1042 2752 sime,
1054 2691 1112 2744 siue
1121 2690 1177 2742 cibo
1191 2688 1408 2769 acpotudueere.

112 2756 197 2810 robur
208 2758 336 2825 corporis,
347 2756 388 2810 rel
394 2756 565 2811 commoditas
575 2760 679 2813 estrita
687 2760 767 2812 etiam
775 2762 800 2813 et
808 2758 912 2822 medrus,
1008 2761 1171 2831 ⁰Legumen
1192 2757 1290 2814 dicitur
1304 2755 1435 2880 quidqiuld
1452 2764 1562 2813 eterrae
1576 2757 1642 2813 salis
1660 2757 1686 2812 in
1708 2759 1767 2815 sili-

112 2830 139 2881 et
151 2827 270 2896 qualitas
288 2826 480 2896 temperabitur
488 2828 547 2882 eiii.
559 2830 651 2898 Neque
660 2831 731 2883 mim
741 2830 867 2898 possibile
876 2833 915 2885 est
968 2828 1027 2900 quis
1038 2829 1168 2884 nascitur.
1186 2831 1273 2883 Varro
1285 2827 1332 2882 lilr.
1348 2841 1360 2882 ι
1394 2829 1463 2882 elie
1475 2828 1573 2882 rustica
1586 2846 1591 2881 :
1608 2831 1766 2897 lequmina,

112 2912 201 2953 emata
212 2898 317 2964 tratres
334 2912 417 2950 urium
431 2898 552 2952 ordinem
568 2916 599 2953 ac
612 2899 720 2953 aradum
736 2900 776 2954 uel
792 2901 915 2969 requiam
968 2899 1064 2971 iuquit,
1078 2900 1228 2954 evellantur
1240 2915 1254 2954 e
1265 2899 1602 2962 terra,ruorrsulrseoantur,
1615 2905 1646 2953 ut
1654 2901 1766 2967 sruqes3

111 2967 255 3023 custodire.
269 2969 306 3023 lli
319 2983 380 3022 uero
395 2971 443 3036 qui
456 2971 726 3039 solemniapcensi
739 2985 827 3025 omncs
843 2985 913 3025 eam·
967 2971 1112 3040 quaequod
1124 2972 1163 3024 itu
1178 2971 1312 3038 ieqantur,
1327 2970 1462 3037 lequminu
1473 2969 1545 3023 dieta
1562 2974 1632 3023 sunt.
1646 2969 1768 3027 isidorus

112 3038 174 3094 dem
185 3054 340 3093 mensuram
350 3040 652 3095 tersereinabstiuentm.
665 3043 807 3096 immaturi
822 3045 912 3096 aretem
966 3041 1085 3112 Etymol.
1103 3038 1148 3095 lib.
1164 3054 1231 3096 xvir
1240 3045 1327 3111 capt
1341 3058 1347 3093 ε
1361 3041 1509 3108 iaqumu-'ua
1518 3057 1536 3093 a
1555 3040 1665 3108 teqendo
1680 3041 1765 3104 dr'ctrr,

111 3109 912 3180 oportetpersingulos,inquiduscaasrraltquadirersttatis
964 3114 1141 3167 ueteresenim
1150 3110 1672 3180 melioraquequleqeamusruequud
1684 3128 1767 3166 marm

111 3180 396 3249 eerstit,promdentia
406 3183 691 3249 acproeisioneeomrm
702 3181 912 3252 quibusdtspeu·
965 3183 1099 3251 leqantur,
1115 3184 1345 3251 nequesectionem
1356 3183 1507 3250 requirunt.
1517 3183 1691 3249 Leguminum
1723 3183 1765 3238 lu·

112 3250 274 3304 sandicina
287 3250 341 3333 iaec
355 3253 494 3304 commissa
511 3255 559 3306 e'st.
578 3253 610 3306 Ht
624 3254 658 3306 D.
676 3250 835 3307 Benedictus
849 3267 909 3324 cap.
965 3255 1035 3307 rtma
1045 3258 1221 3321 suntqenera,
1237 3268 1270 3308 ee
1283 3253 1378 3322 quibus
1387 3253 1465 3318 faba,
1474 3253 1540 3313 lens,
1552 3254 1623 3321 pisa,
1635 3198 1763 3320 sarreiim,

973 625 1031 681 solu
1044 622 1201 681 tortitudine
1212 626 1312 682 mentis
1320 627 1481 695 consistunt,
1494 643 1558 683 cum
1567 627 1690 700 corporis
1700 628 1776 685 cuim

975 725 1154 797 possibilitate
1168 727 1337 800 participant,
1349 727 1430 784 talem
1441 743 1522 800 super
1532 727 1576 785 liis
1587 726 1777 786 definitionem

110 3325 169 3385 ⁴⁰3
184 3322 368 3391 Unmqmsque
400 3322 627 3390 ropriumdanum
639 3322 758 3376 lobeton
767 3323 911 3384 Demades
964 3326 1042 3387 cicer,
1064 3324 1198 3393 lupinum,
1218 3326 1341 3392 qratiora
1360 3325 1389 3375 tn
1407 3338 1458 3379 rau
1475 3324 1611 3377 nominum
1626 3323 1763 3378 ridentem.

108 3392 164 3454 sie,
177 3391 248 3446 alius
257 3407 316 3446 aero
325 3337 398 3462 sicii
405 3391 465 3447 Cor.
478 3396 549 3458 ιιι).
561 3395 596 3448 Et
604 3392 662 3446 uteo
673 3393 946 3470 cumaiiquuscruc
966 3392 1060 3449 lniusa
1083 3402 1176 3448 autem
1204 3392 1339 3519 legpflmina
1362 3392 1499 3460 dicuntur,
1526 3408 1596 3464 aqua
1623 3393 1766 3451 dumtaxat

107 3461 258 3531 puiosr'tate
272 3479 290 3516 a
306 3462 381 3516 nobis
397 3477 520 3516 melaena
536 3465 620 3517 rictus
636 3465 753 3518 aliorum
766 3465 909 3519 statuitur.
965 3461 1116 3519 madefacta
1132 3462 1247 3520 antdilu
1280 3464 1349 3519 .Slc
1363 3477 1436 3533 saepc
1453 3463 1481 3518 in
1499 3464 1566 3519 Vitis
1580 3467 1703 3531 Petrum,
1718 3468 1764 3520 in-

111 3531 215 3599 thus
238 3537 326 3587 autem
346 3533 431 3587 aaut
450 3536 519 3588 Deus
540 3534 711 3589 tolerantiam
729 3533 909 3599 abstinentia,
964 3535 1177 3605 testimonum,
1206 3534 1654 3603 romacerare,autmadeiacere;
1667 3535 1711 3591 lib.
1725 3551 1765 3593 ιιι

108 3605 253 3673 propriam
265 3617 292 3657 se
305 3603 444 3658 laiduros
463 3604 606 3659 mercedem
626 3607 723 3660 saturat.
737 3604 848 3672 Quodsi
862 3610 911 3660 aut
963 3620 1042 3672 num,
1051 3610 1082 3661 ⁴:
1094 3608 1160 3673 insu
1195 3606 1360 3676 ebutpancm
1372 3608 1400 3659 iu
1410 3621 1510 3675 uquam
1522 3607 1611 3662 diceres
1625 3626 1632 3661 :
1646 3608 1764 3663 Drnrmic

112 3674 165 3728 lori
176 3675 329 3737 necesitas,
347 3678 398 3727 aut
413 3673 498 3736 labor,
514 3679 564 3729 aut
578 3675 662 3729 ardor
677 3678 778 3730 astatis
793 3677 910 3745 amplius
960 3679 1043 3745 panis
1061 3677 1227 3744 infunditur,
1248 3685 1317 3743 etc.;
1334 3676 1380 3732 lib.
1393 3692 1413 3731 v
1435 3676 1555 3733 libellos
1570 3697 1576 3730 :
1593 3679 1699 3746 lrrsrrrlit
1710 3695 1763 3748 pa·

106 3746 271 3819 pepercerit,
280 3746 311 3798 in
324 3744 437 3798 arbitrio
446 3746 547 3814 prioris
556 3749 691 3808 cmudtat,
701 3746 871 3802 considerans
881 3749 910 3802 tn
963 3762 1034 3809 rtem,
1043 3752 1068 3803 ct
1079 3748 1186 3803 seditut
1195 3747 1379 3802 manducaret.
1392 3749 1478 3803 Porro
1490 3747 1682 3820 leguminibus,
1693 3760 1723 3803 ut
1735 3757 1763 3804 ct

111 3815 246 3877 cruribus,
259 3815 428 3885 nesudrepat
440 3817 611 3879 sauciasset
627 3817 750 3872 cometas.
963 3817 1093 3886 oleribus,
1118 3820 1269 3874 monachos
1289 3817 1473 3874 communiter
1498 3819 1536 3874 uti
1556 3819 1645 3874 solere
1669 3828 1762 3872 narrat

147 3878 254 3941 l'Patet
272 3900 305 3940 ex
324 3885 377 3941 boc
390 3884 450 3941 loco
462 3886 567 3941 varium
587 3886 669 3942 inisse
679 3887 731 3942 illis
743 3886 868 3943 Patribus
881 3895 909 3943 et
963 3888 1045 3943 etiam
1061 3891 1096 3944 D.
1112 3889 1296 3960 Hieronymus
1310 3889 1337 3943 in
1350 3888 1428 3959 epist.
1446 3893 1480 3944 22
1502 3907 1509 3943 :
1527 3892 1642 3948 l'r'rr'tur,
1663 3887 1760 3956 inquit,

111 3954 255 4013 monachis
276 3956 418 4027 utriusqus
440 3970 521 4011 seius
536 3955 677 4029 ieiunandi
696 3956 810 4013 modum
827 3976 833 4011 ε
849 3957 910 4013 aliis
959 3974 1039 4027 mane,
1056 3960 1234 4028 lequrniniirus
1249 3964 1274 4013 et
1285 3960 1410 4023 oleribus,
1425 3975 1485 4028 quie
1500 3958 1618 4013 satereia
1633 3957 1763 4011 cotidian-

110 4027 278 4084 strictiorcm
300 4036 328 4083 et
349 4027 540 4094 austeriorem,
564 4027 625 4082 aliis
647 4026 735 4081 minus
755 4035 905 4096 austerum,
962 4033 1018 4082 tur.
1034 4032 1070 4084 Et
1090 4031 1117 4085 in
1137 4029 1284 4084 Hilarionis
1303 4030 1363 4084 Vita
1387 4031 1435 4085 :A
1453 4031 1575 4082 semime
1588 4030 1677 4097 primo
1689 4042 1763 4083 (irrito

30 4125 34 4129 ·
108 4099 194 4168 proi
258 4100 294 4161 η’,
315 4097 410 4168 inquit.
433 4112 574 4167 corporum
593 4101 678 4158 statu,
697 4097 738 4150 rel
757 4100 845 4164 atrata,
866 4099 908 4152 ret
961 4113 1045 4167 usque
1059 4100 1417 4167 adruesimumseptimum,
1431 4100 1604 4152 tritusarmis
1617 4098 1763 4154 dirnidium
1824 4108 1829 4115 ·

109 4182 197 4235 θείαις
208 4183 224 4224 a
236 4169 276 4224 ios
289 4171 360 4223 enirn
376 4167 487 4239 integris
501 4166 719 4248 hebdomadibus
728 4166 831 4238 ieiunia
841 4182 906 4238 pro·
961 4168 1039 4222 lentis
1052 4172 1202 4224 sextarium
1211 4169 1393 4233 marrtefactum
1403 4184 1475 4235 aqua
1482 4168 1590 4236 srr'qida
1602 4167 1723 4232 eomedit,
1735 4169 1763 4225 et

111 4238 222 4307 telasa,
237 4239 263 4296 id
277 4246 329 4305 cst,
344 4239 462 4309 integras
475 4238 662 4294 hebdomadas
672 4236 823 4309 jejunasse
838 4236 908 4294 alios
961 4239 1023 4292 aliis
1042 4239 1129 4292 trium
1140 4254 1238 4308 partem
1250 4237 1358 4291 aridum
1369 4252 1428 4290 eram
1442 4238 1497 4291 sale
1509 4241 1534 4290 et
1552 4253 1633 4306 aqua.
1649 4240 1732 4292 Porro
1742 4253 1763 4296 a

109 4307 247 4378 triduana,
261 4318 309 4365 aut
320 4309 436 4365 biduana
449 4324 585 4377 serrasse3
604 4309 670 4364 alios
684 4308 817 4380 integram
831 4308 906 4378 Qua·
960 4311 1083 4364 uicesimo
1097 4311 1208 4379 septimo
1217 4323 1302 4379 usquc
1312 4307 1349 4361 ad
1363 4310 1534 4371 tricesimum,
1546 4308 1633 4362 lueriis
1647 4311 1764 4376 aqresti·

109 4379 292 4452 dragesimam
304 4380 406 4450 absque
426 4380 487 4435 cibo
499 4387 526 4434 et
543 4379 771 4452 potujejunasse;
790 4378 906 4460 denique
962 4379 1762 4449 irasctrr'rqultorumquorumdamradieibascrudissusten·

109 4450 181 4508 aiios
202 4452 268 4508 solis
286 4449 468 4524 leguminibus
488 4460 536 4507 aut
555 4451 685 4512 uterinum
705 4449 774 4506 alios
798 4449 906 4506 modico
961 4454 1034 4506 tatros
1045 4455 1094 4506 est.
1109 4453 1175 4507 liaec
1189 4451 1383 4523 Hieronymus.
1396 4453 1438 4505 De
1451 4450 1578 4506 lenticula
1591 4451 1683 4516 etiam,
1699 4464 1761 4522 quae

110 4535 193 4594 pane,
214 4536 301 4594 eoque
322 4523 405 4588 sirco,
426 4521 453 4576 id
473 4528 524 4590 est,
544 4522 645 4592 absque
665 4519 778 4576 obsonio
799 4520 905 4591 (cujus-
959 4520 1030 4576 inter
1053 4521 1189 4592 legumina
1210 4530 1348 4586 censetur,
1366 4536 1490 4577 necnon
1509 4520 1639 4647 lapsania,
1664 4522 1757 4597 idest,

108 4591 187 4649 rnodi
199 4591 301 4650 victum
312 4592 377 4648 alias
391 4593 464 4660 (iit.
480 4606 555 4659 1v‚c.
570 4597 622 4661 21)
635 4591 796 4662 ξηροφαγίαν,
813 4590 839 4648 id
854 4598 905 4660 est,
960 4591 1033 4648 olere
1051 4593 1152 4663 agresti
1166 4592 1308 4648 monachis
1325 4592 1454 4664 AEgyptiis
1468 4591 1531 4647 lami
1543 4593 1591 4648 lari
1604 4593 1664 4648 cibo
1678 4608 1760 4664 snpe-

107 4663 248 4721 siocorum
259 4678 336 4720 esum
346 4663 436 4720 uocari
448 4663 582 4728 diximus)
597 4671 741 4718 contentos
755 4660 849 4718 inisse.
866 4665 906 4719 De
959 4663 1016 4719 rius
1026 4662 1116 4719 liabita
1128 4671 1169 4720 cst
1183 4663 1283 4719 mentio
1293 4666 1304 4731 (
1312 4664 1370 4720 Lib.
1386 4678 1418 4719 ιι
1430 4680 1452 4718 e.
1462 4668 1497 4719 20
1507 4668 1532 4718 et
1544 4665 1620 4728 ult.).
1630 4666 1665 4718 D.
1676 4664 1760 4717 etiam

107 4733 212 4806 quibus
229 4733 359 4791 videndus
375 4733 537 4806 Epiphanius
556 4733 584 4788 in
598 4733 652 4789 line
666 4733 726 4788 libri
741 4742 837 4788 contra
853 4735 907 4790 lle-
961 4733 1122 4790 Benedictus
1144 4734 1256 4790 tertium
1282 4734 1316 4788 de
1343 4733 1523 4804 leguminibus
1545 4733 1759 4804 pulmentarium

70 4854 86 4883 ,
106 4818 194 4870 reses,
214 4813 243 4860 et
258 4803 394 4861 Palladius
416 4805 445 4860 in
465 4804 613 4869 Lausiaeis‚
630 4806 800 4860 sozomenus
813 4803 860 4859 lib.
877 4820 907 4861 vr
923 4797 948 4859 i)
961 4803 1088 4860 iratribus
1101 4804 1225 4860 concedit
1237 4805 1318 4874 (Cap.
1331 4809 1365 4859 39
1376 4807 1467 4873 itaq).
1481 4808 1518 4857 At
1532 4811 1630 4882 praeter
1645 4801 1704 4855 haec
1717 4817 1760 4856 sc-

105 4890 170 4948 cap.
189 4879 224 4931 28
235 4882 262 4931 et
275 4883 397 4948 sequent.
412 4877 469 4931 Nec
481 4891 536 4930 non
548 4883 576 4930 et
589 4875 657 4931 Vitae
670 4876 780 4930 Petrum
794 4874 910 4945 praecla-
962 4876 1012 4943 ria,
1025 4877 1143 4931 occurrit
1157 4874 1222 4930 milri
1239 4873 1357 4946 lepidum
1368 4887 1529 4944 responsum
1543 4870 1685 4940 cujusdam
1698 4886 1759 4926 nro·

105 4945 147 5001 ris
159 4946 236 5002 notis
248 4953 276 5002 et
287 4945 517 5003 observationibus
529 4949 564 5001 ll.
577 4950 607 5002 P.
631 4945 765 5001 Heriberti
780 4947 879 5000 Hosne
898 4976 911 4987 -
962 4944 1052 5014 naabi,
1066 4945 1112 5018 qui
1124 4953 1236 5025 rogatus
1248 4943 1311 5025 quid
1326 4941 1406 4998 hodic
1416 4940 1578 4998 comedisset
1585 4944 1603 5022 i·
1610 4941 1759 5022 respondit,

104 5015 135 5072 di
155 5032 173 5072 s
197 5017 333 5073 Societate
351 5019 416 5073 Jesu
439 5016 558 5091 theologi
584 5032 670 5089 nuper
692 5015 844 5085 illustrata,
864 4963 910 5073 nii
963 5018 1037 5072 olera
1050 5031 1114 5071 cunr
1128 5015 1209 5087 pis1s3
1222 5013 1286 5086 quid
1301 5012 1375 5069 heri?
1388 5015 1444 5084 pisa
1460 5028 1523 5094 eum
1540 5012 1674 5095 olerrlrus3
1695 5013 1761 5094 quid

105 5086 252 5143 innumera
268 5088 403 5160 ejusmodi
420 5087 575 5144 reieruntur
586 5087 717 5159 exempla.
734 5087 795 5142 Huc
806 5094 910 5159 spectat
963 5085 1064 5143 nudius
1085 5085 1201 5141 tertius?
1219 5086 1274 5155 pisa
1293 5092 1320 5140 et
1335 5083 1416 5139 olera.
1432 5086 1555 5166 Demque
1576 5084 1641 5156 quid
1662 5086 1761 5140 nudius

126 5157 226 5214 uodde
244 5159 385 5215 monachis
397 5157 587 5214 Alexandrinis
599 5157 693 5215 scribit
708 5157 786 5214 Philo
797 5157 910 5215 Judaeus
961 5159 1095 5228 quartus?
1107 5156 1180 5212 olera
1204 5164 1231 5212 et
1245 5153 1312 5228 pisa.
1332 5155 1433 5211 Sicilie
1447 5153 1634 5226 quotidianum
1647 5163 1693 5210 aut
1704 5155 1760 5211 ire·

104 5172 179 5300 (im
195 5229 229 5285 de
247 5231 304 5285 uita
323 5231 493 5301 contempl),
512 5238 540 5285 et
556 5245 589 5284 er
609 5244 641 5285 eo
664 5228 799 5285 Eusebius
821 5230 908 5287 cesa·
962 5227 1204 5300 quemadmodum
1221 5225 1418 5284 monachorum
1433 5225 1578 5282 obsonium
1587 5224 1675 5282 iacere
1690 5225 1760 5282 indi·

104 5299 204 5357 cianus
219 5300 293 5370 [aar.
314 5315 339 5357 ιι
352 5303 454 5357 Htstm.
469 5317 491 5367 q.
511 5306 558 5367 16)
570 5300 613 5356 his
627 5300 717 5356 serbis
733 5300 846 5356 :Cibum
861 5304 910 5356 aut
963 5314 1029 5356 cans
1043 5300 1129 5367 (Vide
1140 5299 1218 5354 aliud
1236 5299 1388 5369 canapium
1404 5298 1478 5369 apud
1490 5298 1647 5361 Caesarium,
1664 5298 1711 5352 tri.
1728 5312 1761 5353 iv

102 5373 239 5440 mmmm
253 5387 329 5427 nemo
343 5372 451 5426 iliorum
463 5376 526 5427 ante
536 5373 598 5427 solis
608 5386 728 5426 oceasum
742 5374 824 5441 cupit.
839 5373 906 5438 Qui-
959 5387 1019 5442 cap.
1033 5375 1082 5437 793
1094 5373 1177 5427 Basti.
1188 5371 1235 5425 lii.
1248 5370 1281 5425 de
1294 5375 1388 5425 sarecto
1405 5371 1496 5439 Virq.;
1511 5371 1668 5439 Hieroupnr.
1681 5372 1760 5439 epist.

105 5441 172 5498 dam
181 5458 278 5515 porro,
289 5458 403 5513 quorum
412 5444 510 5498 animis
522 5442 662 5498 ardentius
675 5444 792 5498 edentia
804 5442 907 5498 deside-
964 5450 996 5497 10
1008 5442 1046 5497 ad
1054 5444 1188 5508 Furtum).
1200 5443 1336 5499 Ceterum
1347 5456 1408 5497 esus
1416 5438 1583 5524 leguminum
1592 5456 1645 5512 qua
1655 5444 1762 5509 ratione

107 5515 179 5568 mam
193 5514 305 5577 iruidet
327 5516 375 5568 ata
387 5515 466 5569 semel
480 5514 638 5568 toto'tmduo
652 5514 704 5569 cidi
719 5514 904 5570 recordantur.
962 5511 1006 5569 liic
1023 5512 1128 5569 dicatur
1142 5520 1294 5583 enervatus,
1316 5511 1391 5569 haud
1409 5521 1474 5569 saus
1488 5510 1611 5582 expedio,
1631 5512 1680 5565 nisi
1701 5527 1759 5566 rire·

104 5584 236 5641 Nonnulli
250 5585 381 5641 illecebris
399 5587 539 5655 sapientia
558 5591 633 5655 (qua
655 5585 777 5639 salubria
797 5586 908 5640 uirtutis
962 5585 1111 5656 tonymice‚
1122 5586 1183 5658 quia
1197 5599 1297 5656 corpus
1308 5592 1336 5639 ct
1358 5583 1426 5639 uires
1444 5591 1567 5649 enervat,
1583 5591 1663 5654 atque
1685 5580 1761 5636 delri-

101 5661 238 5727 proecepta
248 5661 306 5712 tum
319 5657 434 5723 anatim
447 5659 472 5710 et
483 5658 583 5725 canosa
593 5657 750 5727 suppeditat
763 5656 909 5726 (quodam-
962 5653 1022 5711 litat
1039 5655 1130 5727 potius
1146 5671 1229 5730 quam
1241 5654 1405 5712 conlirmat:
1421 5654 1463 5711 rel
1474 5654 1678 5726 comparatione
1692 5652 1760 5708 alio·

102 5726 304 5784 modoiruitati
311 5729 349 5783 sic
357 5728 533 5791 oblectantur,
545 5727 659 5798 indeque
672 5727 738 5782 tales
748 5727 910 5797 capiuntde·
964 5741 1027 5782 rum
1038 5725 1161 5783 ciborum
1176 5726 1331 5796 tortiorum,
1352 5741 1399 5783 scu
1418 5723 1464 5798 qui
1482 5726 1569 5797 magis
1586 5723 1711 5780 nutriunt
1734 5727 1765 5777 et
