3848 6158
132 255 199 311 itae

495 245 666 304 counitio
685 248 753 303 lle.
771 274 810 287 -
828 245 873 302 DE
891 241 1096 301 sanissimis
1114 240 1414 309 QUlNQUAGESlllAE.

1717 242 1786 297 itta

128 392 193 444 mac,
207 373 341 448 quamdiu
352 372 483 431 Ecclesiae
495 372 568 429 illius
580 371 724 444 primitiiae
734 368 867 443 perfectio
885 370 931 424 iii-
945 368 1031 439 Aqui
1050 364 1333 440 Evangeliocredunt,
1346 382 1361 420 a
1372 365 1440 437 Jugo
1450 372 1476 420 et
1486 362 1670 421 dominatione
1684 364 1788 436 peccati

128 472 226 528 dolata
236 467 396 542 permansit,
408 467 516 540 penitus
525 483 582 524 non
597 464 689 523 inisse.
701 467 765 522 Non
774 464 849 521 enim
862 478 931 535 piae-

128 565 203 637 cepti
220 563 302 635 hujus
326 561 489 619 necessitate
512 572 564 618 nec
583 559 660 633 quasi
683 559 761 633 legali
790 558 933 615 sanctione

129 658 279 725 constricti,
289 655 449 713 arctissimis
455 654 625 729 jejuniorum
637 653 763 710 terminis
771 651 932 709 claudeban-

127 759 183 819 tur,
194 752 240 824 qui
254 759 345 807 totum
356 750 420 806 anni
431 750 552 822 spatium
565 748 664 821 aequali
668 748 776 820 ieiunio
784 743 930 802 conclude·

128 842 205 901 bant.
227 847 332 902 Verum
353 859 417 903 cum
434 843 468 900 ab
480 843 524 900 illa
545 841 705 916 Apostolioa
722 840 868 898 devotione
880 838 931 895 de-

128 937 260 994 scendens
273 936 394 1010 qnotidie
409 935 579 994 credentium
592 933 747 992 multitudo
760 933 818 991 suis
833 931 932 1005 opibus

129 1030 279 1100 incubaret,
294 1047 346 1087 nec
369 1046 414 1088 aas
430 1031 493 1087 usui
511 1038 675 1087 cunctorum
689 1027 840 1086 secandum
855 1032 930 1099 Apo·

130 1122 266 1179 stolorum
279 1122 401 1180 instituta
425 1120 559 1179 divideret
583 1124 686 1190 (Actor.
703 1122 756 1193 iv),
777 1118 825 1177 scd
847 1118 932 1191 priva-

130 1214 179 1270 tim
203 1214 345 1287 impendiis
367 1214 426 1272 suis
447 1215 592 1272 consulens
610 1230 666 1270 non
688 1228 795 1271 servare
813 1219 928 1276 tantum,

984 461 1086 518 liberos
1098 468 1181 532 atque
1194 460 1298 519 alienos
1311 472 1371 515 esse
1384 456 1552 530 pronuntiat,
1567 456 1706 529 quomodo
1719 472 1787 531 pene

985 552 1014 609 iii
1032 552 1161 609 omnibus
1176 551 1319 624 baptizatis
1340 551 1413 623 viget
1430 548 1582 606 dominatio
1599 558 1785 621 peccatorum,

987 645 1137 703 secundum
1149 644 1312 703 sententiam
1326 643 1436 699 Domini
1445 643 1492 714 qui
1504 643 1556 699 ait:
1573 644 1665 700 Omnis
1678 645 1728 714 qui
1741 646 1786 711 so·

986 743 1023 796 cit
1031 746 1180 812 peccatum,
1192 754 1281 796 cauus
1294 743 1332 794 est
1342 740 1445 810 peccati
1455 736 1538 807 (loun.
1551 736 1645 808 viii)?

1253 841 1373 897 CAPUT
1393 840 1518 895 XXXll.

1066 942 1208 1009 Responsio
1222 938 1255 993 de
1264 938 1419 1006 differentia
1433 938 1532 1007 qratia
1542 940 1568 990 et
1583 935 1710 1004 tepolium

1283 1013 1487 1078 praceptorum.

1021 1108 1147 1166 Theanus
1161 1131 1168 1166 ;
1182 1110 1368 1180 Quaestionem
1384 1108 1464 1165 nobis
1475 1123 1569 1164 rursus
1580 1123 1635 1163 non
1649 1107 1787 1164 modicam

985 1202 1125 1275 inquisitio
1140 1209 1229 1258 vestra
1244 1201 1407 1268 commorit,
1419 1201 1496 1271 cujus
1510 1200 1563 1254 rim
1575 1201 1637 1255 licet
1652 1201 1737 1255 sciam
1752 1199 1788 1255 ab

130 1308 179 1365 sed
192 1309 382 1383 etiamaugere
401 1308 575 1367 contenderat
595 1311 701 1379 (Actor.
718 1310 760 1377 v),
780 1305 891 1362 Ananiae
903 1312 932 1360 et
985 1296 1130 1369 inerpertis
1154 1311 1204 1351 nec
1223 1294 1293 1351 tradi
1322 1310 1401 1368 posse
1432 1308 1483 1350 neo
1502 1293 1616 1365 percipi,
1639 1300 1733 1348 tamen
1759 1293 1788 1350 in

130 1401 272 1475 Sapphirae
285 1402 440 1475 exemplum
460 1417 516 1459 non
540 1409 667 1458 contenta
691 1398 803 1467 sectari,
820 1397 848 1453 id
865 1405 931 1452 tunc
986 1396 1121 1463 quantum
1145 1396 1240 1460 potero
1262 1386 1353 1443 verbis
1367 1385 1507 1442 absolvere
1519 1392 1547 1440 et
1567 1383 1684 1441 breviter
1706 1400 1788 1457 expe·

130 1495 266 1553 universis
278 1496 463 1553 sacerdotibus
483 1496 594 1568 placuit,
606 1503 638 1551 ut
656 1493 781 1550 homines
796 1490 868 1547 curis
880 1504 930 1548 sar·
985 1483 1043 1540 dire
1064 1481 1192 1551 tentabo;
1207 1481 1229 1537 si
1247 1479 1331 1537 modo
1346 1479 1498 1536 intellectus
1517 1486 1605 1536 aester
1622 1494 1655 1534 ea
1671 1493 1732 1550 quae
1745 1477 1787 1537 di·

130 1586 268 1644 cularibus
291 1588 417 1659 illigatos,
439 1595 466 1644 et
481 1604 549 1660 pena
566 1588 667 1656 (utita
682 1584 814 1657 dixerim)
840 1583 932 1639 conti·
985 1578 1085 1646 cianus,
1111 1576 1193 1633 etiam
1224 1576 1351 1647 operibus
1380 1573 1571 1644 subsequatur.
1601 1571 1787 1645 Quaecumque

131 1679 228 1738 nentiae
242 1680 281 1736 vel
295 1682 515 1753 compunctionis
534 1681 652 1752 ignaros,
669 1680 703 1735 ad
723 1694 793 1751 opus
806 1684 930 1734 sanctum
986 1671 1059 1727 enim
1073 1686 1128 1726 non
1145 1685 1193 1742 per
1213 1667 1379 1732 doctrinam.
1404 1666 1452 1723 sed
1467 1682 1515 1737 per
1532 1664 1724 1738 experientiam
1737 1680 1788 1722 co-

132 1774 261 1831 eanonica
276 1774 444 1847 jejuniorum
463 1772 609 1837 indictione
623 1779 800 1838 revocarent,
816 1777 846 1827 ct
864 1769 934 1825 ielut
947 1769 971 1832 Β
986 1771 1171 1837 gnoscuntur,
1189 1761 1261 1819 sicut
1283 1761 1354 1818 tradi
1373 1761 1406 1816 ab
1427 1760 1566 1831 inexperto
1586 1766 1738 1830 nequeunt,
1750 1758 1788 1814 ita

131 1866 258 1940 legalium
279 1866 446 1923 decimamm
465 1866 626 1923 necessitate
651 1863 857 1937 compellerent,
872 1878 934 1936 qnae
987 1873 1038 1913 nec
1056 1864 1146 1913 mento
1165 1855 1274 1927 concipi
1294 1854 1337 1911 vel
1353 1854 1454 1922 teneri,
1467 1853 1518 1909 nisi
1534 1852 1570 1908 ab
1584 1867 1617 1907 eo
1642 1852 1688 1922 qui
1707 1849 1788 1906 simili

132 1960 227 2033 utique
247 1960 364 2016 infirmis
384 1958 512 2031 prodesse
534 1959 631 2030 possit,
646 1965 674 2014 et
695 1956 821 2030 perfectis
835 1957 933 2031 praeJ'u-
987 1950 1078 2010 studio
1090 1950 1174 2007 fuerit
1192 1959 1274 2022 atque
1286 1948 1459 2006 institutione
1476 1945 1618 2004 fundatus.
1641 1947 1676 2002 Et
1687 1944 1788 2002 idcirco

132 2051 222 2111 dicare
233 2066 291 2108 nori
304 2051 401 2124 possit,
417 2051 462 2122 qui
474 2052 524 2107 sub
535 2052 619 2124 gratia
629 2051 768 2124 Evangelii
781 2050 932 2119 constituti,
987 2045 1171 2102 necessarium
1191 2060 1255 2101 reor
1269 2052 1298 2100 ut
1312 2045 1430 2116 primum
1448 2042 1603 2115 diligentius
1619 2041 1788 2113 inquiramus

133 2145 285 2203 voluntaria
309 2144 396 2216 legem
415 2143 560 2200 devotione
579 2143 786 2211 transcendunt,
800 2149 832 2198 ut
844 2142 879 2199 ad
898 2143 933 2198 il-

132 2239 188 2295 lam
205 2238 369 2310 Apostolicae
387 2239 530 2294 sententiar
545 2237 740 2295 beatitudinem
754 2238 858 2308 possint
872 2253 932 2308 per·

135 2331 225 2388 renire
236 2350 243 2386 τ
256 2335 397 2388 Peccatum
406 2333 475 2386 enim
483 2333 514 2385 iu
522 2332 596 2387 aobi's
605 2348 657 2386 riou
671 2332 781 2386 domiuo
786 2332 869 2394 bitur,
880 2347 933 2386 uoti

133 2426 204 2479 mim
217 2425 279 2479 estis
297 2425 346 2478 sub
365 2422 433 2492 lepe,
452 2425 499 2480 secl
516 2424 564 2480 sub
577 2427 667 2493 pratia
680 2425 767 2494 (Rom.
791 2424 846 2495 iii).
864 2426 933 2479 Vera

986 2137 1119 2210 quidnam
1133 2137 1168 2193 sit
1189 2136 1359 2208 propositum
1375 2136 1415 2191 iel
1437 2135 1563 2191 voluntas
1576 2133 1655 2205 legiS,
1668 2132 1708 2187 iel
1726 2145 1788 2204 quar

986 2233 1081 2306 gratiae
1106 2231 1246 2304 disciplina
1270 2238 1354 2301 atque
1369 2228 1517 2300 perlecto,
1538 2235 1568 2284 ut
1589 2234 1789 2297 consequenter

987 2343 1019 2383 eii
1033 2327 1087 2393 liis,
1102 2326 1159 2382 siaa
1172 2324 1387 2381 dominationem
1403 2322 1517 2396 peccati,
1528 2321 1584 2377 sivo
1602 2320 1789 2392 expulsionem

987 2419 1046 2492 ejus
1067 2418 1205 2491 possimus
1230 2432 1385 2491 agnoscere.
1414 2418 1508 2486 ltaque
1536 2415 1578 2470 lex
1603 2412 1789 2484 principaliter

134 2519 209 2572 enim
223 2517 436 2574 dominationem
451 2518 534 2574 inillo
550 2534 606 2574 non
624 2526 715 2590 potest
727 2533 854 2574 exercere
871 2533 932 2589 pec·
983 2510 1062 2583 jubet
1083 2509 1172 2581 capeti
1194 2509 1320 2579 copulam
1346 2507 1499 2579 nuptiarum
1523 2505 1619 2561 dicetis
1640 2524 1646 2559 ε
1671 2506 1789 2559 llteatus

134 2617 237 2680 catum,
252 2612 300 2683 qui
313 2611 471 2669 dominatur
485 2610 626 2667 aflectibus
641 2620 825 2684 pcccatorum.
987 2607 1035 2674 qui
1048 2604 1127 2658 liutet
1140 2619 1229 2658 semen
1248 2604 1278 2656 iii
1291 2602 1370 2665 Sica,
1386 2605 1410 2655 et
1421 2600 1576 2654 domesticos
1596 2600 1625 2652 r‘ii
1645 2598 1789 2653 Jerusalem
1859 2664 1864 2675 ε

409 2716 531 2771 CAPUT
550 2715 659 2769 xxxi,
988 2700 1076 2765 (isaie
1088 2711 1223 2753 xxxisec.
1233 2697 1329 2763 Lxx)
1341 2718 1347 2760 3
1359 2702 1393 2760 et,
1403 2694 1547 2749 llliilaiiietii
1556 2694 1656 2746 sterilis
1668 2706 1789 2761 primumi

135 2813 310 2879 intermitto
329 2809 552 2879 queamdmodum
570 2811 687 2877 intelligi
704 2811 798 2864 debeat
808 2810 880 2880 quod
895 2813 936 2865 uit
985 2792 1102 2861 peperit.
1127 2789 1288 2845 E⁰⁰¹¹tfffl⁰
1318 2788 1402 2860 Biatia
1430 2786 1464 2842 id
1493 2783 1702 2857 5⁰⁰⁰ffflpfi⁰¹¹i⁵
1726 2799 1788 2856 llffl'·

183 2882 339 2948 Apostolus,
349 2884 486 2948 premium
498 2881 528 2933 iii
542 2880 616 2934 nolis
629 2895 682 2934 aori
697 2879 889 2934 ilamiiiobitui·.
989 2892 1079 2955 petum
1093 2882 1242 2954 puritatem
1258 2891 1285 2938 ct
1304 2881 1494 2938 castimoniam
1505 2895 1557 2935 nos
1576 2878 1662 2936 bealae
1681 2876 1790 2950 virgini·

172 2978 345 3035 Germanus:
361 2978 431 3045 Quia
445 2994 500 3032 nori
515 2987 602 3049 potest
615 2979 766 3033 tallaxhaec
780 2981 935 3050 Apostolica
989 2974 1174 3031 latisiniitat:
1189 2979 1286 3039 Beata,
1300 2975 1434 3046 inquiens,
1445 2975 1619 3043 sterilesque
1628 2988 1680 3027 aori
1692 2986 1789 3041 periuc-

136 3087 195 3129 cssc
207 3071 348 3136 sententie,
361 3071 602 3141 qumsccnritatem
612 3086 667 3126 non
682 3071 771 3126 solum
783 3073 935 3137 monachia,
990 3073 1065 3132 aurit,
1082 3072 1107 3123 et
1121 3070 1275 3138 uberaque
1289 3084 1342 3123 aon
1355 3070 1539 3138 lactuaermit;
1550 3075 1587 3135 et,
1604 3068 1657 3134 Qui
1664 3082 1716 3122 non
1728 3065 1789 3121 ocle-

136 3160 185 3217 sed
200 3159 283 3216 etiam
298 3158 425 3215 omnibus
439 3158 600 3215 Christianis
617 3159 775 3231 generaliter
789 3160 934 3231 repioniit-
951 3135 973 3198 C
991 3165 1029 3216 rit
1038 3166 1177 3233 patraret
1185 3167 1306 3227 ciatrem,
1318 3168 1343 3218 et
1356 3179 1478 3225 oaorem,
1489 3178 1542 3217 aaa
1553 3165 1640 3231 potest
1652 3176 1725 3216 meus
1736 3174 1791 3215 esse

136 3252 179 3320 tit,
192 3252 310 3309 nimium
320 3251 401 3308 nobis
412 3251 517 3308 videtur
526 3251 651 3308 obscura.
665 3254 736 3310 Cum
744 3252 817 3308 enim
825 3263 937 3309 cunctos
991 3256 1140 3324 discipulus
1155 3259 1227 3323 (Luc.
1250 3260 1327 3321 xiv).
1341 3259 1377 3312 Et
1395 3256 1460 3312 illud
1478 3254 1598 3327 Apostoli
1619 3275 1625 3310 :
1648 3254 1791 3324 Reliqurim

683 3360 812 3417 timaei
832 3361 946 3417 Cizici
965 3360 1244 3418 conuicerimus.
1705 3396 1719 3423 r

138 3458 218 3528 Oper.
233 3474 257 3513 c.
277 3457 330 3529 tt).
353 3455 522 3523 Secundum,
537 3457 604 3537 olim
616 3455 645 3511 in
664 3457 782 3512 Ecclesia
802 3457 937 3539 primitiva
993 3473 1040 3513 eos
1053 3457 1165 3523 fiebant,
1181 3465 1218 3537 ut⁸
1231 3470 1363 3581 pauperes
1374 3462 1401 3510 et
1413 3453 1592 3537 elcemosyriis
1604 3454 1791 3536 diiitnmlale·

138 3529 240 3599 aequale
261 3536 288 3583 et
300 3529 462 3584 continuum
478 3526 511 3582 ab
530 3526 658 3583 omnibus
669 3527 827 3583 Christianis
844 3544 938 3584 scria·
992 3537 1087 3585 rentur
1111 3536 1164 3584 :ut
1184 3536 1265 3582 atiani
1297 3533 1359 3582 ocet
1376 3527 1518 3581 Cassianus
1539 3525 1586 3581 lib.
1602 3540 1646 3581 vii
1669 3528 1789 3582 institut.

139 3606 198 3654 tum
218 3598 301 3656 fuisse
312 3600 448 3672 jujunium
466 3617 471 3652 :
486 3597 534 3654 sed
555 3598 654 3653 sensim
673 3598 832 3670 frigescente
852 3599 939 3656 dero-

138 3669 228 3733 tione,
247 3685 310 3725 cum
334 3671 481 3741 inciperent
498 3669 571 3740 apud
592 3670 693 3725 multos
711 3671 781 3743 negli
802 3671 937 3741 ijeJunia,

138 3739 272 3821 placuisse
290 3741 418 3796 omnibus
443 3739 639 3805 sacerdotibus,
659 3750 689 3796 ut
714 3687 938 3812 quadragesimae

135 3811 271 3880 Je‘uninm
296 3812 471 3880 indiceretur,
498 3820 525 3867 et
546 3810 598 3865 iiia
622 3811 679 3883 lege
703 3811 878 3867 stabiliretur.
902 3816 941 3868 ti

139 3880 178 3936 ili
204 3882 346 3935 sententiar
368 3888 500 3950 repugnat
527 3880 649 3949 inprimis
669 3897 757 3935 canon
776 3882 940 3951 apostolicus

140 3952 215 4018 (Cori.
242 3951 298 4020 68),
317 3958 344 4004 et
364 3965 379 4003 a
401 3953 437 4003 D.
463 3949 601 4003 Clemente
627 3949 758 4003 recensita
781 3951 940 4006 constitutio

139 4019 286 4091 apostolica
299 4018 333 4074 de
348 4018 537 4074 observatione
553 4017 772 4090 Quadragesimae
786 4020 873 4090 (Clem.
890 4022 938 4075 lib.

140 4092 281 4148 vCoiisti't.
302 4106 324 4145 c.
341 4096 394 4157 it).
408 4092 573 4160 Repiignant
584 4096 612 4144 ct
628 4090 675 4145 SS.
691 4093 794 4156 Patres,
811 4090 856 4161 qni
871 4107 939 4147 una-

139 4161 208 4217 nimi
229 4176 362 4217 consensn
375 4160 509 4242 jejunium
528 4159 750 4229 Quadragcsiniae
767 4161 868 4217 docciit
881 4178 941 4234 apo

140 4232 264 4287 stolicam
278 4246 337 4288 esse
347 4231 545 4287 institutionem
559 4238 585 4287 ct
601 4231 786 4287 traditionem.
807 4232 888 4288 Unde
902 4235 937 4288 D.

139 4302 325 4375 Hieronymus
339 4302 373 4359 ad
387 4302 545 4357 lllarccllam
563 4321 569 4356 ε
583 4306 646 4365 il'ns,
657 4303 756 4373 inquit,
769 4320 853 4357 arnum
865 4306 938 4372 Θυα-

140 4374 322 4442 driipcsiiimm
342 4374 487 4429 semiactum
500 4374 675 4429 traditionem
689 4375 869 4444 apostoloirim
885 4380 939 4430 toto

138 4447 206 4498 onai
228 4451 345 4514 ternpore
361 4446 435 4500 nobis
450 4461 565 4514 coopiuo
579 4445 745 4515 jip'iiiiamus.
768 4447 803 4500 Et
816 4447 844 4501 S.
859 4447 937 4501 Leo:

140 4516 215 4582 Quod
229 4532 300 4584 erpo,
314 4516 482 4571 dilectissimi
489 4558 496 4577 ,
513 4519 586 4570 orarii
597 4522 714 4586 tenipoiu
727 4533 939 4587 unumquemque

139 4589 261 4653 miipiuit
274 4590 364 4653 fircera
374 4588 567 4654 Christianum,
582 4588 612 4640 iii
624 4604 693 4641 iiuiic
701 4589 841 4642 sollicitius
853 4593 878 4642 et
891 4589 937 4642 ilc·

139 4658 630 4726 potiriseasequeiidum,utapostolica
640 4661 793 4714 constitutio
801 4665 836 4714 tt)
845 4660 938 4715 diebus

993 3616 1051 3682 cap.
1072 3606 1113 3655 it.
1130 3598 1173 3655 Ad
1184 3597 1242 3654 liaec
1256 3599 1268 3652 l
1280 3595 1315 3652 ad
1330 3595 1488 3654 Corinthios
1502 3611 1542 3652 iii
1556 3596 1685 3651 admonet
1695 3596 1792 3652 Corin-

992 3670 1066 3726 tliios
1087 3670 1251 3740 Apostolus,
1268 3676 1298 3723 ut
1325 3667 1359 3723 ad
1383 3676 1493 3739 tempus
1518 3667 1700 3722 intermittant
1722 3682 1792 3738 opus

992 3740 1144 3812 conjugale,
1159 3745 1190 3795 ut
1201 3744 1293 3795 uiiceiit
1307 3742 1425 3793 orationi
1439 3738 1494 3805 (ubi
1510 3739 1599 3794 Graeci
1622 3738 1734 3805 addunt,
1750 3738 1792 3791 rol

993 3816 1025 3883 τῇ
1044 3811 1159 3880 νηστείᾳ,
1175 3809 1202 3865 id
1222 3818 1279 3875 cst,
1295 3817 1321 3863 et
1336 3808 1452 3879 jejunio).
1469 3811 1532 3863 Non
1547 3822 1611 3878 eigo
1635 3823 1683 3879 per
1702 3815 1791 3864 totum

992 3899 1096 3938 annum
1112 3882 1229 3954 jejunare
1243 3879 1327 3936 soliti.
1342 3883 1376 3935 Et
1391 3883 1403 3935 l
1424 3878 1547 3935 Corinth.
1569 3892 1625 3933 riti
1640 3887 1746 3943 monet,
1761 3886 1792 3934 ut

994 3953 1139 4009 comedant
1162 3951 1296 4023 quidquid
1310 3950 1337 4006 in
1358 3951 1471 4007 macello
1484 3948 1566 4006 venit.
1588 3950 1670 4007 Unde
1685 3949 1791 4023 colligi-

993 4037 1057 4077 mus
1070 4023 1153 4077 etiam
1173 4021 1301 4075 carnibus
1319 4021 1387 4076 vesci
1408 4021 1543 4090 potuisse,
1558 4037 1573 4076 a
1588 4021 1686 4091 quibus
1700 4029 1791 4077 tumen

994 4091 1131 4147 abstinent
1141 4091 1304 4161 jejunantes.

1030 4172 1042 4197 ⁸
1061 4161 1106 4217 Sic
1126 4159 1323 4216 transtulerunt
1343 4160 1422 4215 LXX
1444 4160 1534 4215 locam
1551 4158 1629 4214 illum
1643 4160 1730 4227 lsaiic,
1746 4160 1792 4217 ubi

993 4246 1044 4288 nos
1055 4232 1186 4287 habemus
1196 4250 1202 4284 :
1214 4232 1296 4301 Cujus
1307 4235 1346 4286 est
1359 4233 1431 4298 ipriis
1442 4233 1471 4286 in
1486 4232 1560 4293 Sion,
1573 4239 1600 4284 et
1610 4232 1792 4302 caminusejus

992 4305 1022 4358 in
1031 4304 1206 4359 Hierusalem.
1221 4306 1257 4358 Et
1267 4300 1305 4357 ita
1315 4302 1381 4357 citat
1391 4304 1424 4355 l).
1443 4302 1626 4372 Hieronymus
1637 4302 1715 4374 epist.
1732 4310 1791 4373 tui,

993 4373 1030 4430 ad
1047 4373 1254 4430 Pammachium
1275 4394 1281 4429 :
1302 4373 1373 4428 lllud
1386 4375 1466 4435 cuim,
1485 4370 1581 4444 inquit,
1596 4376 1668 4443 qnod
1681 4376 1793 4443 lepinius

991 4446 1022 4499 iri
1035 4447 1127 4512 diutia
1142 4448 1239 4501 Beiitus
1248 4446 1296 4514 qui
1307 4446 1386 4499 habet
1403 4460 1490 4499 senten
1501 4446 1531 4498 iii
1543 4446 1619 4512 Sicu,
1630 4450 1655 4500 et
1664 4447 1792 4501 domesti-

992 4532 1033 4571 cos
1049 4519 1076 4571 iii
1088 4518 1269 4584 Hierusalem
1282 4517 1368 4571 solent
1380 4517 1487 4571 llcbriei
1496 4516 1619 4571 deridere
1628 4533 1686 4571 cum
1696 4517 1792 4572 nudie-

995 4590 1060 4642 riiit.
1078 4590 1113 4642 Et
1131 4587 1160 4643 iii
1174 4587 1251 4659 epist.
1270 4586 1305 4643 ad
1324 4587 1500 4642 Eustochium
1514 4589 1613 4656 (Epist.
1628 4592 1672 4652 22)
1689 4607 1696 4641 ε
1713 4588 1790 4649 Alio,

993 4657 1089 4729 inquit,
1100 4661 1157 4727 suit
1166 4661 1194 4712 iii
1205 4661 1289 4713 ceteri
1302 4660 1356 4728 lcqc
1368 4659 1496 4725 felicitas.
1512 4657 1554 4711 lbi
1564 4658 1664 4711 dicitur
1672 4673 1681 4709 .·
1694 4659 1792 4712 Beatus

135 4728 240 4795 jejunio
251 4730 405 4798 inimicatur,
413 4744 466 4782 aori
474 4730 593 4783 ciliorum
597 4731 731 4798 parcitate
745 4732 938 4793 tautummodo,
952 4762 976 4824 D
995 4732 1043 4799 qui
1053 4730 1132 4784 tiabat
1149 4745 1237 4784 semeia
1250 4731 1278 4783 in
1292 4731 1366 4793 Sion,
1381 4733 1406 4783 ct
1417 4729 1571 4783 doriiestieos
1584 4731 1612 4781 iii
1627 4729 1792 4782 Hicmtsolem

139 4798 186 4852 sed
197 4802 350 4866 priuatione
360 4802 477 4854 anticione
490 4802 627 4854 citiorum.
643 4797 862 4855 Fundamentum
874 4800 941 4856 e'ns-
994 4803 1057 4866 (isa.
1074 4814 1161 4860 xxiii,
1177 4801 1251 4855 Psal.
1264 4799 1392 4870 cxxvii).
1406 4801 1460 4853 Et:
1469 4797 1612 4853 Maledicta
1625 4799 1792 4868 sterilisque

141 4864 206 4921 dem
216 4870 358 4924 sententiae
369 4870 453 4924 ctiam
468 4868 567 4926 lalsuni
582 4885 641 4925 esse
651 4869 732 4925 docet
746 4870 819 4926 card.
837 4872 882 4926 Bel
895 4886 941 4925 ar·
993 4887 1046 4925 uon
1057 4871 1182 4939 pariebat
1191 4874 1309 4935 (Dciitar.
1324 4872 1389 4937 xv).
1406 4872 1441 4925 Et
1455 4887 1465 4922 :
1477 4869 1543 4923 Filii
1550 4871 1593 4923 tui
1600 4870 1669 4925 sieut
1682 4871 1792 4925 nouella

141 4936 233 4993 minus
246 4937 288 4992 liis
303 4938 391 4993 verbis
408 4960 413 4994 :
429 4941 547 4995 Tametsi
560 4941 635 4997 enim
645 4940 775 4995 credibile
785 4942 941 5012 sitaposto-
994 4942 1127 4996 elicorum
1141 4943 1298 4995 incircuitu
1312 4954 1407 4995 aieiisoe
1422 4944 1476 4995 tua
1491 4940 1556 5009 (Iso.
1572 4944 1646 5006 tvi).
1661 4944 1696 4996 at
1713 4959 1723 4996 .·
1738 4943 1793 4998 ltc-

140 5006 183 5064 los
198 5009 320 5079 aliosque
341 5010 497 5078 nonnullos,
512 5011 581 5068 sicut
599 5013 627 5067 in
644 5012 784 5067 communi
804 5012 938 5077 virebant,
991 5014 1134 5082 promissio
1147 5012 1304 5066 diiiitiarum
1323 5013 1431 5075 (ldcttli.
1452 5015 1492 5079 v).
1509 5015 1543 5066 nt
1558 5031 1566 5065 ι
1581 5015 1639 5069 ll'ou
1652 5015 1703 5067 erit
1716 5015 1792 5081 infir·

141 5086 169 5136 et
187 5079 385 5135 continentiam
404 5088 564 5152 perpetuam
586 5081 723 5149 colebant;
745 5082 781 5138 ita
803 5083 886 5139 etiam
900 5084 939 5139 ael
993 5098 1052 5137 mus
1063 5085 1092 5136 iii
1104 5082 1227 5137 trilicibus
1242 5086 1299 5137 tuis
1312 5084 1384 5153 (luc.
1401 5082 1475 5153 xvi).
1491 5085 1567 5139 Nunc
1577 5084 1706 5138 eunuchis
1720 5083 1791 5136 dici-

141 5159 411 5220 pertotumannum,
423 5152 465 5207 vel
475 5161 548 5207 certe
559 5150 781 5225 frequentissime
786 5154 937 5226 jejunasse,
994 5158 1041 5208 tur
1055 5172 1063 5207 :
1078 5155 1117 5210 Ne
1137 5157 1162 5208 te
1180 5155 1285 5222 liparim
1299 5156 1442 5209 arbitreris
1461 5154 1571 5209 aridum
1586 5156 1621 5224 (ll
1639 5154 1696 5209 Cor.
1719 5158 1790 5221 iiii).

142 5226 235 5275 minen
258 5238 349 5295 neque
371 5232 478 5279 certum
500 5237 589 5294 neque
609 5223 754 5279 verisimile
776 5233 819 5279 est
844 5239 940 5281 omnes
992 5225 1079 5281 Habes
1094 5226 1235 5296 locumpio
1253 5227 1317 5294 filiis
1330 5225 1481 5295 ctfiliabus,
1493 5226 1523 5279 ia
1539 5225 1686 5279 celestibus
1699 5226 1792 5294 sempi

142 5290 310 5347 Christianos
328 5309 377 5364 per
398 5303 488 5351 totum
509 5310 612 5350 annum
638 5310 761 5351 servasse
776 5293 938 5421 gajanium:
993 5295 1794 5367 torriumllluacheudiciinturpuuperes,etdazamsiliaiti

142 5361 378 5432 quemadmodum
392 5365 464 5422 nulla
479 5365 582 5422 ratione
596 5364 726 5422 allirmari
742 5365 775 5421 de
795 5375 823 5422 et
844 5382 940 5423 omnes
989 5370 1139 5437 prefertur
1152 5370 1179 5421 iri
1195 5384 1332 5439 pumero.
1347 5370 1424 5425 Naue
1438 5371 1488 5437 qui
1497 5369 1622 5437 iiitlrmus
1636 5371 1684 5429 cst,
1694 5366 1793 5433 sortior

142 5431 244 5504 ubique
260 5432 433 5492 Christianos
450 5437 501 5494 sub
520 5436 650 5509 apostolis
671 5437 753 5493 vitam
774 5437 899 5494 coelibem
912 5446 940 5494 et
993 5442 1042 5505 est,
1056 5447 1109 5493 etc.
1127 5440 1194 5494 llaec
1210 5439 1306 5494 atalia
1322 5443 1353 5493 l).
1372 5438 1565 5510 Hieronymus,
1580 5452 1642 5507 qnae
1656 5453 1720 5493 cum
1737 5437 1792 5495 do-

141 5517 318 5584 cemmunem
333 5503 448 5561 duriose.
469 5509 538 5564 Nam
553 5507 625 5581 opud
640 5508 797 5565 Corinthios
816 5509 939 5581 aliasque
992 5508 1079 5563 ctrina
1098 5507 1179 5580 liujus
1202 5509 1297 5580 capitis
1318 5513 1345 5564 et
1368 5509 1470 5579 aliquot
1489 5508 1677 5580 sequentinm,
1691 5510 1792 5581 quibus

141 5582 260 5630 civitates
281 5574 453 5643 Graecorum,
475 5585 507 5633 ut
528 5594 560 5635 cr
582 5579 704 5651 epistolis
725 5579 800 5635 Pauli
825 5579 939 5651 apostoli
993 5578 1028 5635 dc
1050 5577 1204 5635 dillercntia
1220 5580 1315 5652 gratim
1330 5587 1357 5636 et
1373 5579 1501 5649 legalium
1518 5588 1727 5651 praceptorum,
1740 5581 1792 5636 lioc

141 5645 314 5769 perspicuum
337 5654 388 5712 est,
407 5645 552 5729 Christiciii
572 5650 696 5720 permulti
715 5649 806 5706 liberis
827 5666 939 5722 operam
993 5656 1044 5717 est,
1073 5648 1140 5730 legis
1164 5650 1333 5723 Evangelicte
1358 5660 1385 5707 et
1408 5652 1545 5720 llosaicae,
1564 5652 1664 5724 agitur,
1689 5651 1793 5723 optime

162 5714 253 5778 abant,
266 5725 292 5771 et
305 5733 350 5773 res
366 5732 428 5773 suas
439 5733 564 5790 proprias
578 5722 727 5777 retinebant
744 5741 750 5777 z
767 5720 838 5776 unde
853 5730 879 5777 et
890 5738 940 5792 pei·
992 5729 1166 5777 conveniunt.

141 5799 224 5841 uuam
243 5787 352 5844 sabboti
371 5787 476 5859 (idest,
499 5787 543 5847 die
560 5788 704 5863 dominica)
727 5793 849 5850 collectae
866 5793 939 5866 apud
