3848 6158
131 248 199 304 1153
593 240 764 301 coutsrlo
782 244 840 301 XX.
858 270 894 285 —
912 242 958 299 DE
974 240 1211 301 POENITENTIAE
1229 244 1319 300 slas.
1493 279 1497 287 ι
1714 255 1785 309 titt

129 368 222 425 labore
239 369 330 441 operis
350 366 434 425 vestri
455 381 524 440 peno
537 365 677 425 dictorum
695 374 853 423 nostrornm
876 383 927 425 ex·
944 372 1045 441 Apter
1065 368 1143 425 omni
1162 367 1388 441 brevitatemque
1401 373 1569 444 compendio
1591 376 1784 451 propositionis

127 472 253 535 sequetur
262 462 405 531 industria,
417 462 453 518 ita
464 461 597 518 meritum
611 469 708 518 vestrm
723 461 831 517 virtutis
840 462 930 518 occul·
982 469 1080 519 vestrae
1097 460 1237 518 desiderio
1252 460 1407 519 satisfacere
1416 464 1540 523 nitimur.

128 556 207 625 tatis,
222 563 362 627 tamquam
377 554 401 612 si
414 555 489 612 nulla
504 553 538 611 ad
551 569 710 612 voscorum
726 570 790 628 qnae
805 554 929 627 quotidie
972 606 980 623 ,
1294 604 1414 662 CAPUT
1432 606 1457 661 v

129 650 261 706 marcetis
274 665 340 706 aura
351 649 513 721 pervenerit.
536 648 589 706 Sed
604 649 668 722 quia
689 649 808 721 idipsum
819 664 928 705 summa
1459 648 1466 662 '

129 742 209 800 laudo
223 743 413 816 dignissimum
430 752 481 812 est,
496 742 570 814 quod
584 744 657 800 velut
670 743 761 800 adbuc
782 742 864 800 rudes
885 743 930 798 in·
1035 732 1073 785 De
1091 729 1169 785 modo
1178 732 1356 800 Will'lfml'oe»
1369 736 1395 786 ⁴³²
1410 733 1584 803 indnlqentie
1597 742 1728 806 fefftfiae

129 838 240 911 cognita
261 837 342 895 vobis
364 852 424 894 esso
437 838 488 894 ista
511 846 671 894 sanctorum
697 836 820 893 instituta
843 846 929 893 testa-
1294 808 1465 872 ‘¹'⁹“''³⁰²²⁸⁰·

129 928 209 1002 mini,
227 930 254 988 id
272 930 375 1004 quoda
394 929 474 987 nobis
491 931 585 988 sedulo
602 931 745 1005 postulatis
768 930 886 988 breviter
899 940 930 987 ut
1017 941 1030 968 ⁸
1044 934 1212 991 Paenitentia
1227 935 1306 1007 plena
1326 945 1363 992 ·et
1386 935 1505 1008 perfecta
1527 936 1651 995 delinitio
1678 947 1733 1008 est,
1752 947 1784 997 ut

129 1038 277 1096 possumus
296 1025 520 1097 complectamur.
544 1028 661 1083 Necesse
674 1030 715 1081 cst
731 1024 805 1082 enim
817 1033 848 1081 ut
859 1024 929 1082 ultra
982 1036 1091 1099 peccata
1102 1044 1151 1100 pro
1161 1029 1260 1100 quibus
1276 1030 1475 1103 poenitudinem
1487 1031 1618 1104 gerimus,
1632 1034 1672 1089 vel
1684 1033 1784 1108 quibus

129 1117 333 1189 possibilitatem
346 1128 468 1177 nostram
481 1128 562 1191 atque
572 1119 701 1176 virtutem
713 1119 832 1191 antiquae
846 1116 927 1175 fami·
981 1130 1077 1177 nostra
1100 1121 1265 1177 couscientia
1284 1124 1470 1192 remordetur,
1483 1140 1657 1197 nequaquam
1671 1126 1785 1184 ulterius

129 1208 253 1268 liaritatis
264 1221 362 1270 vestrae
375 1229 521 1285 pareamus
539 1214 666 1285 imperio.
683 1215 779 1286 itaque
792 1214 827 1270 dc
840 1213 929 1285 poeni-
982 1214 1172 1271 admittamus.
1188 1217 1201 1251 ¹³
1216 1215 1353 1273 indicium
1367 1232 1431 1272 vero
1448 1216 1641 1275 satisfactionis
1655 1219 1784 1276 etindul-

129 1306 223 1363 tentiae
239 1307 428 1365 exhortatione
453 1309 495 1366 vel
520 1309 618 1366 merito
651 1309 731 1366 multi
755 1324 812 1365 non
839 1307 928 1364 solum
982 1308 1081 1382 geutiae
1095 1317 1137 1365 est
1150 1307 1387 1382 affectusquoque
1403 1324 1501 1366 eorum
1521 1310 1555 1367 do
1574 1311 1677 1367 nostris
1691 1312 1784 1368 eordi-

129 1396 223 1468 dictis,
250 1416 346 1457 verum
373 1401 456 1458 etiam
479 1401 587 1473 scriptis
601 1400 717 1474 plurima
738 1401 926 1473 vulgaverunt,
981 1400 1034 1458 bus
1047 1401 1192 1475 expulisse.
1207 1404 1322 1459 Noverit
1340 1403 1414 1459 enim
1437 1403 1622 1475 unusquisque
1648 1404 1784 1461 necdum

129 1502 314 1551 monstrantes
328 1503 429 1568 quanta
444 1494 503 1567 ejus
521 1494 633 1562 utilitas,
647 1504 803 1567 quantaque
817 1495 853 1551 sit
864 1509 929 1566 gra·
981 1510 1012 1551 se
1023 1496 1140 1567 peccatis
1153 1494 1273 1566 pristinis
1285 1495 1452 1565 absolutum,
1467 1495 1604 1569 quamdiu
1616 1497 1668 1554 sibi
1677 1498 1787 1555 satisfa-

128 1586 224 1658 tis,ita
237 1597 267 1644 ut
279 1589 492 1661 Deopraeteritis
505 1589 674 1646 facinoribus
686 1588 805 1657 offenso,
818 1598 929 1661 tamquo
982 1587 1068 1644 ctioni
1088 1595 1116 1644 et
1132 1588 1277 1661 gemitibus
1296 1588 1438 1646 incubanti
1457 1590 1499 1646 vel
1518 1589 1629 1647 illorum
1649 1606 1711 1664 qum
1730 1593 1786 1665 egit

127 1680 307 1752 justissimam
322 1698 432 1755 poeuam
448 1684 594 1755 protentis
614 1683 777 1740 criminibus
790 1681 928 1749 inferenti,
983 1684 1024 1739 vel
1033 1683 1166 1740 similium
1174 1683 1320 1740 cuminum
1330 1692 1393 1741 ante
1404 1684 1500 1741 oculos
1514 1685 1607 1758 imago
1622 1686 1784 1758 praeluserit,

131 1772 154 1827 si
167 1774 220 1830 dici
235 1773 276 1831 fas
288 1783 341 1844 est,
355 1775 562 1848 quodammodo
578 1775 703 1847 obsistat,
718 1785 747 1833 et
761 1776 839 1849 quasi
853 1775 930 1832 inviti
948 1773 974 1837 B
987 1792 1138 1851 eorumque
1158 1793 1215 1835 non
1230 1778 1319 1835 dicam
1335 1778 1500 1849 oblectatio,
1515 1779 1619 1836 sedvel
1634 1779 1785 1836 recordatio

133 1868 174 1933 (ut
190 1868 230 1924 ita
244 1868 368 1940 dixerim)
386 1869 528 1926 dexteram
549 1870 696 1943 suspendat
710 1869 816 1927 ultoris.
829 1873 933 1927 Vemm
985 1870 1154 1928 infestaverit
1163 1873 1263 1929 mentis
1276 1888 1384 1929 arcana.
1401 1876 1497 1946 ltaque
1514 1882 1580 1931 tunc
1594 1890 1624 1932 se
1637 1875 1720 1948 isqui
1735 1890 1785 1947 pro

133 1959 193 2017 baec
214 1963 307 2018 omnia
325 1963 412 2032 vobis,
436 1964 476 2018 vel
501 1979 552 2036 pro
569 1964 700 2036 sapientia
720 1964 932 2035 supernaturali.
986 1962 1171 2022 satisfactione
1191 1967 1335 2040 pervigilat
1355 1967 1545 2025 acriminibus
1568 1969 1735 2038 absolutum,
1755 1984 1787 2025 ao

132 2054 173 2109 vel
193 2070 243 2126 pro
268 2055 403 2113 indefesso
424 2071 567 2113 sacrarum
590 2056 682 2114 studio
706 2057 879 2127 litterarum,
895 2058 931 2115 ita
986 2057 1021 2113 de
1038 2058 1183 2130 praeteritis
1201 2058 1329 2116 admissis
1344 2061 1453 2117 venians
1466 2061 1618 2133 percepisse
1629 2068 1786 2133 cognoscat,

132 2149 239 2221 cognita
262 2165 321 2209 esso
339 2167 397 2207 non
411 2151 532 2225 ambigo,
545 2160 577 2208 ut
589 2150 624 2208 de
642 2151 687 2208 lxis
700 2151 788 2226 prima
801 2152 932 2226 plantatio
985 2167 1049 2207 cum
1062 2166 1234 2224 nequaquam
1248 2168 1297 2209 eor
1310 2169 1393 2210 suum
1404 2154 1566 2212 eorumdem
1579 2155 1712 2212 vitiorum
1725 2154 1788 2212 ille-

132 2249 230 2299 vestrae
254 2245 469 2302 conversationis
493 2245 646 2302 inoleverit.
673 2246 798 2318 Denique
817 2262 874 2302 non
898 2245 933 2304 do
985 2243 1074 2302 cebris
1090 2246 1206 2303 senserit
1229 2247 1271 2303 vel
1291 2246 1485 2320 imaginatione
1508 2248 1663 2320 perstringi.
1681 2249 1789 2317 Quam-

131 2336 303 2406 poenitentiae
314 2339 456 2411 qualitate,
468 2338 517 2396 sed
530 2339 564 2397 de
576 2338 636 2413 ejus
649 2338 704 2396 bne
715 2355 748 2395 ac
767 2338 930 2396 satisfactio-
983 2341 1079 2394 obrem
1092 2340 1250 2397 verissimus
1263 2340 1376 2412 quidam
1390 2341 1563 2398 examinator
1576 2342 1742 2413 poenitentiae
1760 2351 1789 2399 et

131 2428 175 2486 nis
189 2429 291 2488 indicio
315 2432 439 2503 solliciti,
458 2433 486 2492 id
498 2432 573 2507 quod
593 2432 628 2490 ab
645 2433 705 2491 aliis
717 2432 931 2506 pretermissum
984 2431 1161 2506 indulgentiae
1182 2437 1266 2505 [lips.
1296 2437 1326 2489 in
1350 2452 1438 2504 rncrq.
1464 2433 1555 2504 index]
1575 2435 1602 2491 iu
1623 2436 1789 2494 conscientia

132 2530 174 2580 est
186 2566 194 2594 ,
208 2526 382 2599 sagacissima
405 2526 617 2600 interrogatione
629 2526 789 2600 disquiritis.
803 2527 932 2599 Quapro·
985 2528 1086 2584 residet
1100 2537 1206 2599 nostra,
1219 2529 1266 2600 qui
1285 2528 1491 2586 absolutionem
1511 2537 1608 2586 reatus
1619 2531 1706 2587 nostri
1727 2538 1789 2587 ante

680 2724 807 2780 xnxaov
826 2696 939 2780 nazar
957 2721 1238 2780 conunvrxmus.

171 2912 184 2939 ⁸
199 2902 304 2959 Eodem
318 2902 376 2960 fere
397 2905 480 2961 modo
494 2905 538 2960 alii
548 2907 642 2961 Patres
659 2903 845 2975 poeniteutiam
865 2903 936 2961 defi-
990 2902 1109 2960 bitatum
1125 2920 1185 2961 esse
1206 2904 1298 2971 debet,
1308 2904 1384 2977 quod
1402 2915 1431 2962 et
1443 2922 1459 2961 a
1473 2905 1602 2964 Patribus
1621 2906 1791 2967 Tridentinis

135 2973 222 3029 nivrnt.
235 2974 390 3030 Lactantius
399 2974 418 3029 l.
435 2989 467 3029 vx
480 2965 547 3029 ilrst.
564 2990 624 3046 cap.
641 2979 676 3028 24
689 2992 696 3029 :
709 2977 809 3044 Agere,
816 2975 865 3041 ait,
878 2991 936 3045 pm·
989 2973 1152 3042 declaratur,
1164 2978 1329 3045 pertitnttiae
1342 2978 1499 3033 encomium
1508 2984 1566 3033 tnm
1582 2982 1611 3033 in
1624 2979 1727 3035 decinis
1742 2982 1789 3036 iit-

134 3047 286 3108 nitentiom,
301 3045 371 3100 stibii
382 3045 460 3098 alind
474 3050 513 3099 est
522 3060 603 3113 qnam
614 3048 741 3125 profiteri
756 3048 935 3113 stertilianae
989 3048 1064 3109 teris,
1081 3050 1138 3101 tum
1146 3046 1222 3116 opud
1234 3047 1282 3103 SS.
1297 3050 1401 3115 Patres,
1414 3063 1468 3103 amn
1478 3065 1530 3120 pro
1538 3051 1595 3107 sola
1607 3053 1792 3121 resipiscentia

134 3130 162 3171 se
180 3117 293 3171 ulterius
311 3131 364 3170 aton
375 3120 558 3186 peccatorum.
570 3118 606 3170 Et
621 3112 693 3169 infra
708 3118 752 3171 :fs
764 3117 836 3170 enim
854 3132 932 3185 quem
986 3120 1269 3185 cntmntotioneoiioe,
1278 3120 1545 3184 nicoluntbcretici,
1556 3123 1604 3175 sed
1612 3138 1665 3191 pro
1674 3123 1790 3177 detesto·

133 3186 933 3258 tactinrtpoenieetenorernsuumineelttpte,tdeoqucaracs
986 3190 1057 3242 tione
1071 3193 1096 3243 et
1107 3189 1287 3244 vindicatione
1307 3196 1474 3260 pecorinum
1493 3194 1694 3247 comatnssoanm
1705 3208 1790 3249 usur·

133 3260 229 3314 arelius
251 3264 277 3313 et
294 3260 488 3328 significantius
504 3258 635 3328 μετάνοιαν
656 3258 763 3321 dicunt,
779 3273 862 3326 queem
884 3273 931 3313 nos
990 3261 1064 3327 puri.
1076 3259 1189 3314 concilii
1198 3259 1278 3315 verba
1287 3270 1352 3315 sunt
1362 3263 1429 3327 (Ubi
1439 3266 1533 3333 snpra)
1547 3264 1689 3319 :Declomt
1697 3270 1791 3321 scenio

130 3344 272 3400 possumus
290 3331 500 3399 resipiscentiam
520 3329 617 3383 dicere.
641 3329 783 3397 Resipiscit
798 3330 879 3394 enim,
905 3345 936 3383 cc
951 3332 973 3395 c
991 3329 1110 3397 synodus
1124 3330 1192 3383 bone
1205 3333 1391 3384 cointritionem
1409 3348 1462 3387 non
1478 3334 1564 3386 solum
1582 3336 1755 3389 cenationem
1771 3352 1790 3391 o

133 3406 247 3455 meantem
260 3417 337 3456 sunm
357 3402 438 3471 questi
451 3401 486 3455 nd
506 3401 615 3455 ienanio
631 3401 736 3469 recipit,
759 3414 837 3469 quem
851 3402 938 3455 errati
986 3404 1104 3469 pmccto,
1127 3404 1153 3453 et
1172 3401 1236 3453 vitre
1257 3415 1330 3454 noan
1347 3404 1525 3470 propositam,
1539 3406 1565 3457 et
1583 3404 1787 3469 inchoationem,

131 3473 218 3542 pipet,
231 3475 397 3541 castigetque
405 3473 522 3542 secpsnm
532 3472 682 3537 dementire,
696 3475 721 3525 et
732 3472 871 3539 wnflrmnt
881 3472 936 3524 eati
988 3470 1035 3525 sed
1048 3471 1144 3525 veteris
1157 3472 1239 3524 etaim
1252 3472 1343 3525 odium
1357 3474 1498 3538 mutilene,
1507 3474 1592 3544 jnato
1605 3474 1677 3529 illnd
1685 3493 1693 3530 ε
1702 3478 1791 3546 Proji-

132 3558 206 3596 mam
219 3559 297 3597 suarm
311 3544 454 3599 adrectins
466 3543 617 3598 vincendam.
635 3540 803 3613 Augustinus
817 3556 901 3596 serm.
919 3548 933 3595 7
989 3543 1040 3596 cite
1050 3557 1068 3594 c
1081 3541 1155 3596 nobb
1168 3556 1256 3595 omens
1270 3543 1429 3611 iniquitates
1443 3549 1556 3607 nestros,
1572 3546 1602 3599 in
1614 3547 1712 3616 quibus
1719 3563 1791 3617 pree-

135 3612 169 3669 de
177 3616 330 3686 Tempore:
344 3616 400 3670 fsto
409 3618 448 3669 est
458 3630 522 3669 cern
532 3615 705 3685 penitencie,
714 3612 822 3682 qmrrtdo
830 3615 868 3668 sic
875 3628 936 3667 oon-
988 3613 1106 3667 sericati
1116 3612 1195 3679 estis3
1214 3616 1240 3665 et
1252 3613 1334 3678 facite
1351 3614 1423 3669 nobt's
1434 3629 1478 3669 coa·
1497 3631 1605 3679 aoenm,
1620 3621 1647 3672 et
1663 3620 1790 3687 miiitum

134 3687 252 3740 vertitur·
261 3688 429 3755 quantana
437 3690 602 3751 reuertatur,-
614 3685 722 3754 quando
734 3686 773 3739 sic
777 3686 935 3753 poenitebat
987 3698 1085 3738 tionum
1105 3685 1211 3749 (Erech.
1237 3684 1332 3754 xvtrx).
1357 3687 1393 3741 st
1408 3689 1478 3741 certe
1498 3689 1547 3756 qni
1559 3688 1620 3742 illos
1636 3695 1790 3745 sanctonae

134 3771 187 3810 nori
206 3761 319 3827 repetat.
340 3756 488 3828 Gregorius
502 3755 598 3811 homil.
617 3760 652 3810 td
674 3768 755 3826 super
770 3754 932 3825 Evangelia:
987 3755 1112 3809 dcnmres
1126 3754 1336 3810 enumeraverit
1351 3774 1360 3809 ε
1376 3756 1437 3811 fibi
1450 3757 1501 3811 soli
1512 3760 1630 3827 percon,
1649 3764 1674 3813 et
1688 3762 1791 3815 anulum

134 3828 265 3882 Pettitere
275 3833 314 3882 est
328 3832 453 3881 antertcln
462 3832 570 3895 pecmtc
581 3830 652 3894 (teve,
667 3831 693 3880 et
706 3826 856 3893 llendnnon
865 3842 934 3881 coen·
987 3840 1076 3880 eornm
1088 3830 1114 3881 te
1124 3828 1193 3894 teci·
1204 3826 1326 3880 laborovi
1335 3829 1364 3880 in
1374 3829 1475 3895 peinitn
1484 3844 1558 3893 meo3
1570 3828 1664 3882 tacebo
1673 3846 1724 3897 pen
1735 3834 1788 3885 sin·

134 3901 242 3952 mittere
256 3917 264 3951 :
278 3900 313 3951 Et
321 3896 442 3952 Isidorus
452 3897 499 3951 lib.
512 3911 535 3949 xx
543 3893 579 3951 de
592 3897 706 3950 Summo
718 3896 792 3950 Bono
800 3912 862 3966 cap.
879 3902 931 3951 16:
987 3899 1164 3964 corrosiones
1185 3899 1280 3952 lectum
1294 3914 1381 3952 meum
1402 3900 1486 3964 (Psol.
1502 3904 1559 3953 net
1572 3902 1629 3966 v1);
1643 3903 1791 3968 recogitabo

134 3966 454 4037 fsniosdepecontoribus
466 3966 533 4019 dicit
547 3984 555 4019 ε
569 3967 720 4025 tueamini,
735 3966 833 4019 nitendi
845 3970 934 4021 esoce.
989 3968 1040 4021 tibi
1058 3984 1147 4023 omens
1164 3984 1249 4022 cennos
1267 3984 1337 4024 meos
1356 3972 1387 4023 in
1407 3970 1590 4025 nmcnnudine
1608 3972 1706 4025 animo
1726 3988 1791 4027 aneia

135 4040 256 4095 Mantus
269 4037 417 4091 elmundus
425 4040 465 4090 est
473 4038 552 4105 quiet
558 4035 936 4105 preteritnploaqitetftendc
988 4036 1050 4106 (isc.
1063 4038 1204 4105 xxnvxxx);
1220 4042 1246 4092 et
1255 4040 1322 4093 ulios
1336 4040 1417 4107 brqns
1430 4044 1551 4107 ροηοοίος
1561 4042 1645 4108 focile
1661 4043 1792 4112 iintellipct

135 4112 233 4165 iterant
242 4124 296 4163 enon
309 4109 459 4162 committit.
473 4110 593 4162 merctur
602 4112 628 4161 et
640 4121 694 4161 iton
706 4110 746 4161 est
757 4106 873 4160 muamus
886 4108 937 4176 qni
987 4121 1030 4161 eos
1043 4122 1077 4160 ca
1089 4107 1359 4175 veliementiqaodcm
1369 4115 1499 4164 concoctos
1507 4112 1571 4164 niteo
1582 4112 1643 4165 odio
1656 4116 1682 4165 et
1690 4115 1794 4182 ingenti

133 4182 244 4251 plangit
256 4195 316 4248 qne
328 4180 419 4247 pessit.
434 4192 480 4232 nec
492 4178 592 4233 deserit
604 4196 613 4231 ε
626 4182 661 4245 et,
674 4181 736 4247 post
746 4178 889 4246 lampenas,
904 4194 936 4232 eo
984 4181 1154 4248 peccatorum
1166 4176 1340 4232 detestatione
1353 4194 1486 4234 manasse.
1502 4180 1571 4236 Haec
1584 4179 1716 4251 synodus.

136 4267 198 4321 quc
211 4250 353 4319 defleveris
368 4251 473 4318 repetit.
487 4250 591 4305 Verum
615 4257 646 4304 ut
660 4248 704 4303 baa
725 4256 754 4303 et
778 4245 936 4319 hujusmodi
1023 4249 1037 4283 ¹³
1064 4246 1162 4311 idest,
1187 4246 1329 4315 indicium,
1342 4248 1399 4304 sive
1419 4259 1626 4322 argumentum,
1652 4267 1708 4323 quo
1729 4254 1792 4326 quis

134 4323 278 4377 sententia
291 4335 358 4377 sane
373 4319 563 4402 intelligantur,
578 4318 732 4375 notmdum
754 4318 936 4390 quemadmo·
989 4317 1145 4443 colligatos
1171 4318 1252 4389 plene
1272 4325 1302 4373 et
1320 4317 1439 4401 perfecte
1460 4320 1586 4403 expiasse
1608 4332 1728 4393 paccata,
1743 4335 1791 4382 aut

136 4393 204 4448 dum
220 4392 346 4465 superius
360 4391 394 4446 de
408 4390 526 4447 amicitia
537 4406 601 4447 vora
615 4389 874 4447 dictumestcollat.
890 4396 934 4456 16,
989 4397 1058 4444 satis
1069 4404 1156 4445 ccxsse
1178 4404 1228 4460 pro
1249 4398 1377 4461 peccatis.
1391 4400 1419 4447 et
1441 4391 1556 4464 proxndo
1575 4408 1671 4450 eorum
1686 4397 1792 4453 veniam

137 4462 174 4518 ita
192 4462 303 4519 devera
318 4462 476 4533 peonitentia
485 4462 669 4529 sentiendum,
681 4460 789 4518 duobus
803 4476 865 4517 eam
873 4476 936 4517 mo·
990 4468 1017 4516 et
1026 4459 1226 4531 indulgentiam
1236 4476 1297 4517 esse
1312 4471 1505 4532 consecutum,
1514 4464 1560 4536 qui
1573 4472 1616 4521 est
1625 4465 1688 4522 finis
1767 4468 1791 4524 i-

135 4533 178 4591 dis
199 4534 285 4605 accipi
306 4548 396 4607 posse,
419 4541 451 4589 ut
464 4534 543 4591 docte
559 4541 675 4588 annotat
693 4537 729 4588 D.
746 4534 935 4588 Bonavcntura
989 4530 1095 4595 tentiae.
1108 4531 1143 4588 de
1175 4547 1210 4588 uo
1222 4532 1348 4590 instituta
1360 4541 1389 4590 et
1399 4534 1529 4607 inscripta
1541 4534 1600 4592 haee
1613 4538 1731 4595 collatio.
1745 4540 1791 4596 Ad

137 4605 165 4661 iu
190 4616 319 4676 quartum
337 4606 460 4660 Sentent.
478 4606 558 4675 (Diti.
584 4609 636 4671 rt).
650 4605 743 4659 Primo
766 4602 850 4660 modo
872 4619 935 4659 vera
989 4601 1063 4658 hunc
1074 4548 1258 4673 porroqoeum
1268 4620 1334 4661 sane
1343 4604 1553 4676 intelligendum
1563 4622 1620 4664 non
1629 4609 1792 4681 negligenda

137 4676 295 4748 poenitentia
308 4675 408 4732 dicitur
419 4675 447 4729 in
460 4691 513 4746 qua
529 4674 663 4745 reperitur
681 4689 743 4729 vera
762 4674 831 4730 ratio
891 4674 933 4730 ni-
989 4674 1064 4729 Petri
1076 4674 1177 4730 illaturi
1187 4676 1330 4731 annotatio
1343 4678 1454 4742 (circii.
1466 4682 1541 4747 port.
1554 4692 1579 4733 xx
1604 4694 1626 4732 c.
1640 4686 1669 4745 2,
1687 4682 1730 4734 tit.
1746 4685 1790 4744 ¹5,

135 4746 240 4812 tentiae,
255 4746 395 4817 quomodo
416 4761 514 4802 verum
531 4760 630 4801 aurum
649 4743 767 4801 dicimus
782 4761 820 4816 qu
876 4717 1066 4871 10119319)
1085 4744 1157 4816 apud
1174 4746 1203 4801 S.
1219 4746 1390 4802 Antoninum
1406 4766 1413 4802 :
1431 4747 1501 4817 Quae
1517 4745 1571 4802 hoc
1582 4719 1660 4815 loco,
1675 4749 1724 4815 ait,
1738 4757 1793 4807 tra-

137 4826 179 4873 est
200 4817 401 4881 adulterinum
421 4825 448 4872 et
460 4817 513 4874 boc
534 4815 617 4873 modo
637 4822 748 4886 accepta
768 4830 831 4871 vera
845 4817 936 4886 poeni-
1010 4825 1108 4885 untur,
1123 4816 1158 4872 de
1181 4814 1375 4887 cognoscenda
1390 4826 1568 4888 peccatorum
1582 4833 1698 4875 suorum
1711 4819 1792 4877 abso·

137 4887 223 4944 tentio
236 4886 384 4958 opponitur
398 4884 474 4942 falsae
486 4887 688 4944 autsimulatae.
702 4884 764 4942 illio
775 4886 859 4942 modo
873 4900 936 4942 vera
989 4886 1093 4941 lutiouc
1104 4895 1132 4941 et
1148 4886 1325 4951 remissione,
1340 4885 1442 4966 indicia
1456 4887 1572 4958 quidem
1586 4897 1613 4946 et
1626 4890 1791 4964 conjecturat

137 4957 239 5014 dicitur
251 4956 409 5029 poenitentia
427 4972 488 5026 quae
501 4957 644 5014 homiuem
657 4956 779 5029 perducit
802 4956 934 5013 adfinem
988 4971 1049 5013 esse
1074 4963 1189 5027 possunt
1208 4955 1388 5012 absolutionis
1409 4967 1600 5029 peecatorum,
1617 4976 1673 5017 uon
1696 4970 1792 5020 tamen

139 5029 278 5097 ultimum,
292 5028 320 5085 id
333 5036 384 5095 est,
398 5027 479 5083 vitam
494 5036 633 5084 aeternam.
645 5031 688 5084 De
704 5027 755 5084 hac
766 5027 847 5101 igitur
861 5042 934 5096 vera,
987 5035 1064 5083 certa
1080 5035 1111 5082 et
1122 5026 1277 5082 necessaria
1298 5039 1478 5097 argumenta,
1493 5030 1593 5101 quibus
1611 5032 1696 5089 bomo
1712 5034 1748 5091 ad
1763 5035 1792 5093 id

138 5100 165 5157 id
177 5110 230 5169 est,
239 5099 355 5173 perfecta
370 5097 539 5171 poenitentia,
549 5099 701 5171 loquuntur
714 5102 815 5169 Patres,
828 5100 935 5172 quando
988 5098 1160 5155 eredendum
1174 5105 1311 5169 procerte
1324 5097 1424 5154 adduci
1439 5104 1523 5171 possit
1539 5103 1700 5160 :neminem
1714 5105 1792 5161 enim

137 5170 233 5228 dieunt
257 5187 349 5229 veram
420 5169 562 5225 nitentiam
587 5185 645 5225 csse
665 5170 802 5241 praeterita
827 5178 935 5241 peecata
986 5170 1039 5225 nisi
1055 5184 1103 5242 per
1117 5168 1240 5225 divinam
1253 5168 1372 5241 gratiam
1387 5179 1493 5226 certum
1506 5186 1566 5228 esse
1582 5188 1663 5245 posse
1676 5176 1791 5231 certitu·

138 5242 249 5310 dellere,
264 5252 292 5299 et
305 5244 359 5299 lien
379 5241 524 5299 aulterius
537 5256 591 5296 non
607 5240 793 5309 committam
809 5239 849 5296 vel
862 5249 935 5297 certe
987 5240 1053 5297 dine
1076 5240 1139 5298 fidei
1158 5240 1211 5296 sibi
1231 5248 1342 5322 peccata
1366 5256 1427 5297 esse
1447 5242 1574 5310 dimissa,
1596 5251 1726 5301 constans
1746 5254 1790 5301 est

140 5313 294 5385 intelligunt
307 5314 496 5384 poenitcntiam
508 5326 566 5368 esse
577 5311 760 5368 cessatimm
777 5327 792 5367 a
807 5311 935 5383 peccatis,
987 5311 1295 5382 catbolicommopxnio.
1306 5309 1378 5367 Vvde
1386 5313 1529 5369 canisium
1537 5314 1567 5369 in
1577 5315 1668 5386 Opere
1677 5316 1789 5373 Cateeb.

138 5386 234 5441 saltem
250 5383 277 5439 in
290 5393 355 5439 voto
368 5392 395 5441 et
407 5383 548 5457 pmposito
567 5384 740 5456 poenitontis;
755 5382 935 5455 quemadmo·
989 5398 1050 5455 cap.
1073 5381 1109 5439 de
1135 5382 1256 5439 Peccatis
1280 5389 1378 5439 eontra
1398 5384 1531 5457 Spiritum
1542 5385 1571 5441 S.
1595 5394 1695 5457 quaest.
1718 5394 1746 5455 t,
1765 5397 1793 5445 et

138 5456 207 5512 dum
220 5457 316 5512 Patres
328 5454 475 5511 Tridentini
487 5455 574 5527 (Sese.
590 5458 623 5510 {a
634 5471 655 5509 c.
669 5458 700 5525 4)
714 5454 813 5511 docent
830 5453 934 5510 contri·
987 5455 1017 5509 S.
1032 5452 1170 5509 Thomarn
1187 5453 1215 5508 in
1232 5458 1293 5518 l—t,
1307 5464 1406 5525 quaest.
1424 5460 1486 5525 112,
1498 5472 1523 5512 a.
1540 5461 1568 5523 ⁵,
1582 5456 1680 5513 Sotuxu
1692 5457 1739 5515 lib.
1753 5474 1791 5516 xvx

138 5526 242 5583 tionem
254 5532 326 5598 (quae
338 5532 380 5581 est
391 5524 494 5597 primus
503 5526 674 5599 poenitentiae
683 5526 773 5595 actus)
787 5526 937 5579 esseanimi
988 5524 1024 5579 de
1038 5526 1101 5579 Nat.
1115 5524 1232 5581 etGrat.
1248 5541 1273 5581 c.
1286 5529 1345 5579 itt-1
1353 5532 1380 5593 2,
1393 5535 1422 5582 et
1429 5529 1534 5597 vegam
1540 5526 1575 5583 do
1589 5526 1791 5586 Justillcatioue

138 5598 270 5666 dolorem,
287 5602 312 5653 et
326 5598 527 5653 detestationem
548 5598 581 5653 de
597 5600 703 5668 peceato
715 5598 861 5659 coronasse,
876 5610 936 5650 cnm
990 5593 1038 5650 lib.
1061 5610 1110 5661 xx,
1126 5593 1174 5665 qui
1190 5594 1356 5651 confirmant
1373 5610 1407 5651 ea
1424 5610 1487 5668 quae
1501 5597 1530 5652 in
1544 5598 1644 5664 concil.
1664 5600 1790 5658 Trident.

138 5672 271 5741 proposito
284 5667 618 5739 nonpeccnndidecoetero
628 5668 708 5735 (Vide
723 5683 759 5723 ss.
774 5675 791 5722 o
805 5682 864 5737 cap.
880 5668 935 5735 is),
990 5672 1085 5722 sesso
1096 5680 1157 5747 cap.
1169 5672 1293 5721 eeteun.
1309 5669 1341 5721 12
1351 5674 1379 5721 et
1393 5671 1502 5724 ltsunt
1511 5671 1627 5735 sancita,
1642 5679 1671 5727 et
1681 5673 1790 5729 sixtum

158 5740 277 5797 uomodo
289 5741 371 5795 etiam
384 5737 509 5796 videntur
516 5738 668 5811 accipienda
685 5740 767 5795 verba
780 5737 936 5809 Augustini,
989 5738 1104 5793 Sauene
1123 5736 1171 5792 bb.
1188 5752 1220 5793 vx
1233 5736 1414 5795 bibliothece
1427 5747 1523 5794 annot.
1545 5744 1608 5798 tto,
1624 5744 1693 5800 Haec
1714 5746 1788 5799 Petr.

138 5756 234 5869 isidori
245 5818 273 5868 et
288 5808 396 5870 abbatis
410 5808 508 5867 Pinulli
526 5808 579 5868 boc
593 5810 664 5869 loco.
679 5808 750 5869 iilud
768 5824 834 5867 vero
852 5806 937 5867 indu·
989 5810 1125 5867 Maturus.
1139 5810 1192 5867 Sed
1206 5808 1270 5865 vide
1282 5810 1362 5881 plura
1375 5806 1493 5869 inferius
1505 5819 1647 5872 armouta.
