3848 6158
134 192 201 248 uer
509 185 679 247 cosmum
697 186 885 265 xxc-foc
903 182 1107 243 nemssrorvn
1125 184 1425 255 aumanacnsrun.
1726 196 1795 255 tres
1876 160 1879 165 ’

131 326 173 387 ut,
192 315 362 375 discretionis
376 314 565 375 moderamina
585 313 747 380 retinentes,
768 312 797 371 in
807 320 934 369 neutram
948 316 976 380 Α
991 311 1124 381 Domino,
1139 325 1172 368 eo
1186 311 1262 384 quod
1285 319 1400 370 staterae
1417 312 1528 371 dolosas
1544 329 1576 371 ac
1589 329 1732 375 mensuras
1743 317 1794 377 du·

132 417 241 485 partem
253 407 334 465 illecti
346 407 487 465 nimietate
502 422 649 480 vergamus
662 404 804 471 admonet,
819 403 912 461 diceus
927 423 933 460 :
991 405 1073 479 plicas
1094 403 1256 469 habeamus,
1270 404 1422 462 secundum
1434 405 1510 463 illam
1532 408 1701 465 sententiam
1714 410 1795 468 Salo·
1903 458 1906 463 .

135 500 466 573 itatimtabrleabscauium
474 499 686 569 uestrumtflam.
699 504 764 565 su).
776 498 866 568 Quam
877 512 936 554 rem
989 500 1082 557 monis
1094 514 1148 572 qua
1165 497 1276 569 dicitur,
1299 500 1475 557 Abominatio
1488 506 1527 557 est
1552 505 1666 561 Domina
1686 506 1794 576 ponam

134 596 219 653 etiam
242 596 383 669 legislator
393 595 520 653 similiter
537 594 681 661 interdicit,
696 594 734 651 ita
756 592 934 664 praecipiens:
990 594 1104 665 duplam,
1126 598 1152 648 et
1168 598 1271 649 statem
1294 594 1386 649 dolosa
1399 609 1454 650 aon
1465 598 1504 649 est
1523 594 1592 651 bona
1611 599 1640 652 in
1652 604 1795 670 conspectu

136 691 245 747 statera
259 688 347 759 justa,
363 694 390 745 et
411 706 490 761 aqna
500 692 557 746 sint
570 687 701 759 pondera,
712 686 806 757 justus
819 685 936 751 matus,
991 688 1048 759 ejus
1060 686 1165 755 (ibid).
1181 691 1241 744 flac
1252 688 1336 744 etiam
1348 688 1553 745 moderantum
1566 687 1655 747 dolosi
1666 690 1795 763 ponderis

136 798 283 856 aquasque
295 787 435 840 sectarius
447 785 541 850 (Leuis.
564 782 651 849 xtxlc
671 782 815 838 Salomone
829 794 937 852 quoque
990 778 1160 853 duplicisque
1182 795 1320 838 mensurae
1344 780 1485 839 evidenter
1507 781 1687 852 incurrimus,
1706 784 1729 841 si
1748 784 1795 843 di-

134 892 229 950 parem
247 892 328 949 super
342 877 396 933 hoc
408 876 572 933 sententiam
593 872 749 949 proferente
766 892 773 931 :
791 877 804 908 ¹
827 874 938 930 Pondus
991 875 1128 932 strictiora
1142 875 1340 949 quaedamque
1352 877 1480 949 privatim
1493 893 1543 950 per
1562 886 1671 935 nostras
1683 880 1794 938 cellulas

136 977 299 1041 maauamet
314 973 457 1043 pmiitam,
470 968 782 1041 etmensuraduptiees,
796 967 937 1023 immunda
991 958 1119 1025 exercere
1144 971 1339 1027 consuevimus
1368 970 1499 1028 humanas
1523 971 1609 1030 laudis
1640 973 1792 1046 cupiditate

134 1064 283 1136 suntapud
294 1067 436 1120 Dominum
450 1066 676 1136 utraque,etqui
688 1065 758 1132 sarit
771 1062 843 1117 eain
857 1062 936 1117 adin·
989 1076 1085 1145 coram
1109 1062 1235 1119 iratribus
1253 1071 1436 1129 ostentemus,
1456 1064 1667 1123 abstinentiores
1689 1067 1795 1125 scilicet

132 1162 301 1216 umbonibus
315 1162 372 1216 nris
385 1160 566 1233 compedietur
576 1162 664 1227 (maa.
674 1157 738 1229 xx).
754 1154 871 1214 Proinde
878 1170 936 1211 non
987 1162 1015 1210 et
1038 1155 1188 1211 sanctiores
1211 1171 1341 1228 apparere
1364 1156 1524 1213 affectantes
1538 1158 1659 1216 humano
1678 1175 1795 1233 conspe·

134 1254 224 1311 solum
236 1254 282 1311 illo
296 1269 350 1326 quo
360 1251 494 1323 diximus,
505 1253 554 1311 sed
566 1253 648 1309 etiam
663 1252 716 1309 froc
728 1245 934 1307 modostuden·
988 1245 1045 1303 ctui
1062 1261 1145 1319 quam
1157 1246 1262 1303 divino.
1278 1249 1330 1317 Qui
1347 1248 1461 1305 morbus
1476 1251 1612 1322 precipue
1631 1267 1689 1307 non
1707 1251 1793 1311 modo

134 1346 201 1406 dum
216 1358 257 1406 est
277 1349 367 1418 nobis,
383 1358 413 1407 ut
431 1365 483 1406 nec
504 1347 734 1421 iniquapondem
760 1344 789 1401 in
807 1341 936 1400 cordibus
988 1338 1125 1408 vitandus,
1136 1355 1232 1397 verum
1250 1340 1333 1396 ctiam
1351 1340 1554 1400 abominandus
1575 1350 1618 1400 est
1637 1343 1727 1403 nobis.
1739 1345 1793 1405 Sed

134 1444 246 1508 nostris,
260 1460 311 1500 nec
325 1446 353 1501 in
367 1444 472 1501 horreis
486 1441 661 1499 conscientias
675 1446 777 1496 nostrae
791 1450 935 1494 mensuras
987 1432 1098 1490 interim
1111 1449 1127 1489 a
1138 1434 1289 1507 quaestione
1299 1436 1439 1506 proposita
1454 1436 1536 1508 paula
1550 1436 1659 1513 longius
1671 1441 1788 1511 evagati,

133 1534 254 1608 duplices
267 1530 434 1605 babeamuss
447 1536 474 1594 id
489 1542 541 1604 est,
561 1550 595 1593 ne
609 1550 640 1592 ea
655 1534 708 1605 ipsi
720 1548 781 1605 quae
793 1529 934 1588 districtio
988 1526 1022 1585 ad
1035 1525 1160 1584 eamdem
1172 1544 1187 1584 a
1199 1544 1253 1600 qua
1270 1527 1458 1599 discessimus,
1466 1539 1646 1589 revertamur.

133 1628 175 1683 nis
198 1629 320 1701 regulam
334 1618 461 1686 molliunt
475 1628 631 1686 remissiore
649 1625 815 1698 indulgentia
830 1638 933 1696 praesu·
1254 1624 1375 1682 CAPUT
1404 1628 1513 1682 xxltt.

134 1726 256 1786 mentes,
278 1734 325 1774 eos
350 1717 451 1789 quibus
474 1718 589 1773 verbum
619 1716 731 1772 Domini
754 1712 975 1786 praedicamusss
1096 1715 1301 1782 &refectionis
1316 1721 1431 1787 tempore
1445 1721 1676 1787 atqtremensura.

134 1808 345 1869 districtioribus
368 1811 509 1884 praecptis
534 1819 562 1867 et
583 1808 756 1883 gravioribus
778 1821 861 1879 quant
884 1805 934 1878 ipsi
1023 1807 1434 1881 igiturpraedictorumdierum
1449 1809 1538 1865 itaest
1553 1810 1790 1869 custodiendaso·
1880 1850 1884 1857 -

133 1901 254 1976 perferre
264 1906 401 1978 possimus
418 1904 586 1979 ponderibus
599 1904 758 1961 obruamus.
773 1901 854 1974 Quod
868 1916 934 1958 cum
987 1902 1121 1967 lemnitas,
1135 1910 1167 1957 ut
1179 1885 1301 1973 corporis
1314 1909 1394 1974 atque
1408 1902 1510 1960 animes
1522 1903 1607 1961 cultui
1622 1904 1709 1975 prosit
1726 1920 1789 1963 ma-

132 1994 261 2064 facimus,
275 1997 342 2068 quid
365 1997 420 2052 nisi
444 1997 544 2068 duplici
568 1996 687 2068 pondere
703 2003 785 2068 atque
805 2010 933 2051 mensura
986 1996 1027 2068 gis
1047 1995 1150 2052 indulta
1172 2010 1255 2066 quam
1273 2003 1380 2060 noceat,
1395 1995 1460 2068 quia
1475 2012 1526 2053 nec
1540 1997 1613 2054 illins
1632 1996 1788 2057 festivitatis

133 2098 330 2162 praeceptorum
339 2091 455 2147 Domini
468 2106 589 2148 mercem
601 2090 764 2163 frugemque
771 2089 812 2146 vel
829 2105 932 2162 appen·
985 2087 1116 2161 gaudium
1138 2088 1249 2144 aculeos
1269 2088 1357 2144 carnis
1383 2088 1535 2146 obtundere
1544 2130 1554 2162 ,
1569 2092 1646 2147 uecl
1671 2092 1787 2150 immitis

133 2182 223 2239 dimus
238 2184 278 2240 rel
298 2185 447 2241 metimur?
469 2185 498 2242 Si
519 2186 593 2242 euim
608 2184 689 2241 aliter
702 2198 732 2240 ea
751 2182 843 2253 nobis,
857 2183 933 2239 aliter
986 2184 1032 2240 ille
1045 2181 1214 2238 adversarius
1225 2180 1334 2237 dierum
1346 2182 1422 2238 novit
1433 2182 1583 2239 reverentia
1600 2183 1731 2256 mitigari.
1746 2187 1787 2243 Ut
1808 2174 1827 2195 ''

132 2277 233 2334 uostris
251 2276 382 2335 fratribus
402 2278 606 2350 dispensemus,
627 2286 703 2335 recte
725 2278 896 2350 increpamur
916 2292 932 2334 a
985 2284 1093 2348 ergoet
1112 2274 1207 2332 diebus
1225 2273 1331 2331 festivis
1344 2283 1456 2332 statutae
1469 2276 1638 2332 consuetudo
1652 2277 1786 2334 solemni·

676 2423 804 2479 stanni
822 2423 938 2479 zemt
957 2419 1236 2479 contemnamus.

167 2556 180 2587 ⁸
195 2553 325 2625 Vtrlaatus
337 2562 448 2612 textus:
467 2556 574 2613 Pondus
585 2561 611 2613 et
629 2558 744 2627 medus.
764 2572 892 2613 mensura
906 2561 933 2612 et
986 2570 1067 2613 mnne
1080 2554 1164 2610 etiam
1182 2568 1230 2609 seu
1243 2554 1330 2610 carnis
1344 2552 1493 2625 cupiditate
1512 2559 1602 2625 potest
1613 2554 1736 2628 intelligi,
1751 2572 1785 2614 eo

131 2641 269 2689 mansura
280 2628 610 2698 utrumqueabominabile
620 2629 740 2699 estapud
747 2631 830 2683 Deum
841 2627 930 2700 (Pron.
986 2626 1070 2682 modo
1084 2641 1139 2697 quo
1151 2641 1166 2680 a
1180 2625 1317 2680 nonnullis
1329 2625 1477 2693 (Attmnas.
1491 2630 1567 2750 Τ62,
1583 2626 1601 2680 1.
1620 2642 1632 2681 1
1645 2628 1722 2696 epist.
1735 2634 1783 2691 80.

132 2702 195 2763 xx).
211 2698 294 2769 Cujus
316 2699 459 2755 sententiae
471 2699 603 2769 triplicem
622 2698 821 2770 expositionem
843 2713 932 2754 mora·
986 2699 1117 2753 iuvencus
1132 2712 1160 2750 rn
1174 2700 1269 2758 carm.)
1284 2706 1458 2767 exponuntur
1476 2695 1521 2750 ila
1541 2694 1622 2751 verba
1636 2697 1784 2755 salvatoris

132 2768 185 2823 lent
200 2767 244 2822 irie
257 2766 338 2823 affert
358 2773 470 2833 Auctor,
490 2783 569 2840 aqua
584 2783 640 2826 ηοη
660 2770 779 2825 multum
791 2768 930 2839 discrepat
987 2767 1086 2823 ilatth.
1102 2784 1139 2822 v:
1159 2769 1223 2822 listo
1237 2770 1400 2822 coruscatione
1414 2766 1569 2821 aduersario
1582 2772 1628 2822 tuo
1640 2768 1702 2827 cito.
1719 2770 1784 2825 darm

131 2840 167 2893 1).
181 2839 338 2910 lliercnymi
370 2840 461 2896 emina
472 2839 567 2895 itidem
575 2840 708 2911 expositio
719 2841 745 2893 iu
759 2838 819 2895 lraec
828 2839 926 2895 verba:
982 2854 1009 2893 cs
1018 2855 1079 2894 curn
1092 2854 1121 2893 eo
1130 2840 1160 2893 in
1172 2840 1228 2905 uia,
1240 2848 1292 2893 etc.
1305 2837 1483 2908 Qnoquidem
1495 2837 1524 2892 in
1535 2837 1605 2902 loco,
1614 2838 1653 2892 ait
1663 2838 1783 2897 isidorus

131 2909 237 2963 Pondus
248 2915 274 2963 et
286 2925 320 2978 po
361 2927 400 2972 us,
416 2912 462 2965 boc
475 2916 524 2973 est,
538 2911 627 2979 majera
639 2915 665 2967 et
682 2913 773 2965 miuus
784 2926 928 2975 3mmtsnra
982 2911 1142 2973 Pelusiotes,
1150 2925 1200 2979 per
1209 2908 1403 2971 aduersariam,
1419 2910 1784 2984 memoriseupiditatemspi-

132 2978 432 3040 somniculosissime
439 2980 525 3048 major
534 2984 815 3049 etminor,utrumqua
826 2982 929 3035 abomi-
980 2982 1050 3035 ritui
1072 2984 1266 3051 repttpnuntem
1280 2980 1372 3034 dioine
1384 2980 1525 3047 iutellipit.
1541 2981 1619 3035 Viam
1636 2986 1727 3036 aufem
1739 2984 1783 3037 lric

130 3048 220 3103 nubite
244 3052 283 3102 est
303 3048 378 3117 apud
391 3051 485 3102 Deum
510 3051 652 3118 Praepositi
669 3053 739 3104 enim
760 3053 790 3104 in
812 3051 929 3106 Ecclesia
980 3053 1064 3105 uitam
1077 3057 1163 3120 cocat,
1185 3066 1245 3120 pua
1259 3065 1277 3105 c
1290 3066 1384 3119 parere
1397 3053 1559 3106 nostrosine
1576 3052 1633 3106 trita
1647 3054 1783 3110 institione

131 3120 338 3189 praesuirentes
352 3120 402 3173 fras
416 3120 535 3189 displices
544 3134 683 3175 murmurem
695 3123 725 3175 in
739 3120 873 3186 domibus,
882 3122 929 3175 boa
981 3128 1151 3190 peccaretur.
1165 3122 1325 3178 Germanum
1337 3122 1452 3192 darique
1460 3138 1492 3176 ac
1503 3122 1707 3177 beneuolerttiam
1719 3138 1782 3193 erpa

132 3191 612 3261 est,coascientiissuisbabeuf‚quia
621 3192 931 3260 bmrumquodaliisim-
982 3208 1086 3263 menas,
1108 3195 1273 3261 canitiauem
1295 3194 1448 3248 rebellionis
1470 3194 1555 3262 ipsius
1577 3194 1782 3265 appellatque

128 3266 227 3331 perant
236 3263 290 3331 ipsi
304 3263 413 3316 minime
422 3263 540 3328 faciunt,
551 3263 682 3316 etmalam
694 3263 767 3332 qaroel
777 3264 807 3315 in
816 3262 930 3318 subdetis
983 3265 1123 3329 confestim
1131 3265 1251 3332 perspici
1254 3264 1346 3318 debet:
1355 3279 1388 3318 ne
1401 3265 1514 3331 alioqui,
1525 3265 1550 3317 si
1561 3266 1647 3333 ipsius
1661 3267 1782 3333 imperiis

130 3333 262 3387 damnant
274 3334 329 3402 ipsi
335 3337 489 3402 perpetrare
498 3348 551 3386 narr
562 3332 696 3387 desinunt.
710 3333 816 3388 Pondus
828 3336 853 3387 et
862 3348 929 3403 pon·
984 3333 1248 3398 succubuerimus,ac
1257 3347 1299 3385 res
1311 3335 1568 3400 supernauocatiane
1582 3334 1709 3402 triduanas
1716 3350 1782 3405 par-

132 3403 553 3466 dusmensnrumetmensuram,
563 3404 799 3474 bppocritaatque
813 3404 931 3459 americi
947 3376 970 3439 c
984 3406 1188 3472 petrauerimus,
1203 3402 1238 3455 ab
1257 3403 1306 3455 illa
1324 3403 1415 3456 iudici
1428 3406 1486 3456 tum
1506 3402 1648 3467 dedamur,
1664 3419 1724 3458 cum
1743 3408 1781 3463 ad

131 3475 161 3527 in
171 3473 303 3537 dontibus,
314 3475 362 3528 ltac
371 3478 418 3531 est.
430 3475 582 3530 insensibus
593 3477 649 3530 suis
664 3476 810 3540 babent,in
819 3490 847 3529 eo
858 3476 931 3544 quod
1018 3488 1065 3528 cra
1077 3478 1173 3528 nostra
1185 3477 1211 3527 ct
1222 3487 1352 3527 sermones
1362 3473 1525 3541 collipeudos
1536 3476 1651 3535 creuerit,
1665 3475 1780 3531 redden·

131 3559 159 3599 se
172 3545 284 3601 mundos
296 3547 326 3599 in
343 3547 506 3615 capitatione
516 3550 541 3600 et
553 3561 636 3615 puros
655 3548 684 3599 in
698 3548 801 3601 aetimc
814 3560 863 3599 sua
876 3561 931 3602 esse
1003 3546 1251 3614 umqueum'cuique
1259 3542 1344 3612 juata
1363 3558 1428 3613 opas
1444 3559 1532 3598 suum.
1553 3542 1596 3599 Sic
1610 3543 1655 3599 ille
1667 3560 1699 3600 ex
1718 3561 1780 3603 ver-

130 3619 309 3682 meutiuntur,
319 3622 426 3672 eeteros
435 3632 495 3672 omo
504 3616 576 3673 celeri
587 3616 710 3672 sordidos
721 3622 929 3686 atquepeoeato·
982 3615 1060 3671 sione
1074 3615 1198 3670 Billiana.
1211 3617 1314 3671 Verum
1336 3616 1394 3670 baec
1413 3613 1548 3686 expositio
1562 3614 1653 3670 minus
1665 3614 1782 3675 fortasse

130 3701 172 3741 res
195 3694 326 3757 respuunt
344 3693 370 3742 et
384 3693 564 3750 mntemnunt,
578 3691 658 3757 quan
674 3691 776 3742 statera
798 3687 891 3743 dolosa
904 3691 930 3743 et
983 3685 1082 3741 idonea
1108 3693 1135 3741 et
1152 3685 1298 3745 commoda
1314 3684 1379 3741 lruic
1393 3684 1453 3741 loco
1475 3684 1559 3744 rideri
1576 3686 1662 3757 possit
1683 3686 1725 3759 (ut
1744 3691 1780 3746 de

129 3773 255 3813 morsura
264 3758 369 3828 duplici
377 3759 457 3814 aliter
469 3763 552 3815 suaet
563 3758 645 3813 aliter
657 3760 732 3826 sacta
742 3760 929 3829 proximorum
983 3765 1059 3813 textu
1082 3766 1109 3813 et
1127 3773 1209 3813 sensu
1232 3755 1387 3826 evangelico
1410 3755 1478 3810 nihil
1504 3755 1613 3823 dicatu),
1635 3758 1709 3827 quod
1727 3758 1780 3816 hoc

126 3835 251 3953 want,
275 3845 306 3883 uc
325 3845 374 3898 per
394 3831 442 3883 boc
464 3834 494 3885 tn
508 3836 621 3898 utroque
643 3830 842 3884 abominabiles
855 3830 930 3898 apud
983 3830 1066 3884 modo
1091 3844 1146 3883 non
1172 3827 1384 3899 distingueretur
1406 3825 1465 3883 nac
1486 3826 1621 3882 sententia
1642 3841 1658 3881 a
1676 3842 1780 3897 praece-

185 3899 928 3967 mensurna:moereamnanquepmausmaamosua,
982 3898 1075 3966 dente,
1100 3915 1165 3956 cunr
1185 3898 1230 3955 lric
1251 3896 1418 3955 adversarius
1437 3896 1510 3954 idem
1534 3896 1569 3953 sit
1590 3912 1653 3953 cum
1680 3900 1780 3955 aculeis

129 3968 266 4024 diuersam
275 3968 352 4023 babet
361 3983 524 4029 mensuram,
534 3972 565 4021 ut
579 3968 659 4021 aliter
669 3968 790 4021 uidelicet
802 3970 930 4023 insemel-
982 3971 1088 4035 carrris;
1115 3970 1230 4040 proinde
1255 3968 1328 4025 nulla
1360 3966 1456 4024 fuisset
1482 3984 1552 4039 opus
1571 3968 1744 4026 distinctione
1770 3991 1778 4027 ε

129 4040 199 4107 ipso.
214 4041 296 4093 aliter
309 4039 457 4092 mentiatur
472 4041 502 4093 in
513 4039 648 4107 prosimu,
661 4039 748 4108 quiin
759 4039 816 4093 suis
826 4053 929 4107 semper
982 4039 1109 4107 quamvis
1124 4054 1187 4093 uere
1206 4038 1288 4093 etiam
1311 4038 1362 4093 dici
1385 4038 1471 4107 possit
1490 4037 1535 4093 lric
1553 4039 1736 4105 adversarius,
1752 4041 1779 4098 id

130 4110 235 4163 actibus
250 4124 310 4178 aaa
325 4108 443 4170 turrdori,
457 4111 486 4162 in
504 4104 621 4162 aliorum
632 4122 693 4163 nero
706 4124 767 4178 qua
778 4110 931 4178 vituperari
982 4116 1032 4176 cst,
1046 4109 1133 4163 carnis
1146 4108 1277 4163 stimulus
1288 4108 1362 4163 nulla
1372 4107 1476 4163 dierum
1490 4107 1640 4163 reverentia
1648 4110 1779 4182 mitigari,

127 4182 242 4248 possint,
255 4182 382 4233 rainatas.
395 4182 429 4235 Et
440 4178 499 4241 ideo
513 4180 593 4234 talem
605 4180 680 4249 juste
697 4181 868 4234 attaminatur
878 4184 929 4237 llo-
982 4177 1009 4234 id
1021 4188 1072 4246 est,
1084 4179 1287 4248 conquiescere,
1303 4177 1350 4247 arti
1363 4176 1448 4232 etiam
1460 4179 1491 4231 B.
1507 4179 1695 4249 Paulouuovis
1708 4188 1779 4237 tem·

130 4251 229 4312 minus,
238 4252 302 4319 quia
310 4252 439 4304 nimirum
451 4254 581 4321 quantum
589 4251 695 4306 sibimet
706 4253 761 4321 ipsi
771 4251 928 4319 absquerne
981 4263 1048 4320 pore
1070 4250 1202 4305 molestus
1219 4256 1279 4305 erat
1304 4249 1329 4316 (l
1347 4249 1406 4305 Cor.
1428 4247 1505 4318 xxv).
1528 4249 1619 4316 Tertia
1634 4251 1778 4321 expositio,

130 4321 296 4391 ritisptacct‚
306 4326 531 4391 tantumsupema
540 4323 683 4391 imperiosi
689 4324 784 4377 merito
793 4321 926 4390 diplicet.
980 4335 1042 4392 qrrar
1056 4320 1121 4376 milri
1141 4320 1228 4389 magis
1240 4319 1343 4392 placet,
1358 4318 1392 4375 de
1406 4319 1586 4390 conscientia,
1599 4337 1661 4392 quae
1676 4337 1727 4378 nos
1748 4333 1779 4379 ut

128 4390 336 4461 Haeeelegnnter
349 4394 381 4445 1).
397 4393 594 4464 Hieronymus,
608 4408 669 4464 qum
683 4394 705 4448 si
715 4409 777 4448 curn
789 4400 862 4448 textu
874 4408 925 4448 no·
980 4391 1157 4463 grauissimus
1171 4390 1342 4447 adversarius
1355 4399 1479 4457 aecusat3
1491 4406 1580 4517 tregue
1592 4392 1722 4464 mitigari,
1738 4410 1780 4465 pa·

129 4469 187 4517 stro
213 4458 400 4530 conferantur,
424 4462 502 4535 plane
530 4462 620 4519 eidem
644 4473 824 4521 consentanea
850 4479 926 4536 repe·
980 4462 1036 4518 cari
1052 4472 1079 4518 et
1091 4478 1184 4518 secura
1197 4478 1254 4518 csse
1269 4470 1366 4533 potest,
1381 4462 1405 4517 si
1423 4462 1512 4518 nosin
1545 4463 1623 4519 iebus
1635 4465 1778 4537 Quinqua-

128 4531 246 4588 riuntnr.
985 4535 1108 4605 gesimae,
1124 4542 1171 4589 aut
1185 4534 1238 4590 alia
1251 4535 1432 4601 solemnitate,
1449 4533 1533 4589 nimia
1553 4535 1594 4590 uti
1607 4534 1728 4602 licentio,
1741 4535 1778 4591 in·

164 4603 263 4659 llllilri
279 4603 404 4661 videntur
421 4603 480 4661 baec
501 4604 535 4660 de
557 4604 654 4676 triplici
676 4606 829 4662 adversario
852 4621 932 4676 posse
985 4606 1180 4677 temperantia,
1201 4606 1241 4661 rel
1268 4605 1429 4660 remissione
1449 4605 1580 4671 senserit,
1602 4619 1665 4674 quse
1690 4606 1777 4662 cultui

129 4674 239 4745 exponi,
264 4685 327 4745 puta
347 4674 384 4730 de
407 4674 527 4733 diabolo.
546 4675 580 4731 de
604 4691 694 4737 came,
708 4676 742 4732 de
762 4676 925 4733 conscientia
983 4676 1039 4733 sive
1058 4676 1190 4747 profectui
1205 4676 1328 4747 corporis
1350 4676 1389 4731 rel
1405 4675 1505 4731 animae
1519 4683 1629 4739 noceat,
1648 4682 1679 4730 ut
1700 4691 1779 4746 supe-

128 4755 232 4801 nostra.
251 4751 290 4801 lte
304 4746 412 4802 ‹liabolu
425 4750 534 4813 exponit
547 4745 693 4815 Dionysius
708 4747 757 4802 frac
771 4748 924 4816 paraphrasi
940 4732 965 4794 Ῑ)
979 4748 1035 4802 rius
1046 4749 1149 4804 dictum
1161 4757 1209 4802 est.
1227 4750 1337 4816 Deque
1351 4744 1508 4801 adversario
1523 4745 1675 4814 eodemque
1687 4746 1778 4818 judice

130 4813 211 4885 hujus
223 4815 274 4870 foci
291 4833 299 4870 ι
314 4819 358 4874 Sic
366 4818 497 4873 seruanda
513 4822 552 4872 est
564 4817 719 4873 solemnitas
731 4820 926 4887 praedictorum
979 4834 1011 4875 ac
1033 4819 1137 4873 vindice
1153 4833 1234 4886 supra
1259 4815 1327 4871 dixit
1352 4817 1425 4885 (Gap.
1447 4820 1492 4881 ²⁶2)
1511 4833 1517 4869 z
1535 4816 1643 4872 desidet
1661 4818 1691 4870 in
1714 4833 1777 4873 con·

128 4884 245 4949 arenam,
255 4892 286 4940 ut
295 4902 412 4942 concessu
421 4892 538 4943 rescissio
547 4892 634 4959 prosit
645 4892 733 4958 mapis
743 4906 826 4960 quam
834 4896 927 4946 noceat
979 4892 1091 4945 scientia
1100 4894 1191 4943 nostra
1203 4887 1526 4957 inconnptusquidamoc
1535 4903 1613 4942 serus
1620 4888 1720 4957 judea,
1731 4892 1780 4960 arri

128 4956 414 5026 cultuisiceprut'ectui
426 4963 546 5015 cnrrn'set
558 4976 666 5024 anama,
693 4963 740 5014 raia
752 4964 928 5017 necstimutus
981 4975 1181 5030 norrnamquam
1190 4973 1269 5028 super
1282 4962 1356 5012 statu
1367 4960 1497 5028 puritatis
1507 4963 1607 5013 nostra
1619 4962 1723 5016 cunctis
1739 4976 1778 5015 er·-

127 5031 316 5096 concisusque
329 4978 713 5101 tlr'ubotusmt'tiputurpaedia
727 5032 843 5101 alicujus
856 5036 929 5100 festi
981 5034 1103 5088 rarrtibus
1117 5032 1187 5086 solus
1200 5032 1258 5100 ipse
1275 5046 1328 5084 non
1340 5030 1458 5097 fallitur.
1474 5030 1507 5084 Et
1520 5030 1585 5085 alibi
1606 5039 1686 5085 vocat
1706 5032 1778 5085 arbi·

129 5100 223 5154 uitutt's
233 5105 281 5153 aut
298 5099 402 5154 diertrm
420 5102 525 5155 horrare.
540 5103 582 5157 Sic
603 5104 670 5173 ipse.¹
684 5118 765 5174 quern
780 5113 808 5158 et
828 5105 929 5159 tavar-
982 5107 1064 5170 tram,
1076 5120 1127 5158 non
1142 5104 1227 5158 solum
1240 5105 1358 5163 actuum,
1374 5101 1419 5156 sed
1432 5106 1459 5156 et
1468 5104 1661 5169 capitationem
1672 5105 1779 5155 nostra-

129 5168 210 5224 dinus
233 5171 309 5239 sequi
326 5172 440 5226 videtur.
464 5175 504 5227 De
527 5171 579 5226 froc
598 5174 697 5244 quippe
718 5174 870 5230 adversario
892 5175 930 5231 uit
981 5191 1043 5229 rum
1057 5176 1241 5230 rmscimtt'um
1254 5174 1358 5241 ¹(Callet.
1375 5178 1418 5239 tt,
1432 5188 1490 5241 cap.
1505 5172 1543 5243 s).
1555 5171 1645 5241 Quam
1661 5174 1695 5227 D.
1712 5171 1780 5228 Hie-

128 5239 225 5294 Petrus
245 5242 391 5311 Apostolus
407 5260 413 5297 :
428 5244 610 5300 Adversarius
622 5250 708 5299 uester
722 5245 930 5307 diabotustam·
982 5262 1115 5318 tnrrynurs
1133 5244 1294 5314 συντήρησιν,
1319 5243 1416 5315 vulgus
1436 5242 1605 5314 synderesim
1628 5250 1777 5314 nuncupat.

127 5326 212 5379 quana
225 5313 264 5365 leo
274 5316 381 5381 ruamus
389 5317 485 5370 circuit
496 5331 617 5385 quarens
631 5332 708 5386 auem
721 5318 827 5372 deuoret
842 5320 927 5387 (lPet.
982 5320 1072 5389 Atque
1083 5318 1134 5372 lruc
1149 5317 1232 5372 ntodo
1247 5316 1329 5372 etiam
1343 5317 1375 5369 l).
1389 5313 1552 5369 Athanasius
1562 5315 1670 5381 (Otrast.
1684 5319 1729 5381 62)
1740 5314 1781 5370 lo-

130 5380 167 5463 v).
186 5390 273 5451 ntqrre
292 5382 334 5438 tric
347 5386 516 5442 adversarius
540 5387 654 5443 immitis
671 5397 699 5444 et
723 5388 840 5444 crudelis
855 5389 928 5445 nulla
981 5404 1044 5443 cum
1060 5389 1134 5442 illum
1153 5387 1285 5457 lampetii
1303 5385 1410 5447 (blattlt.
1425 5385 1456 5457 v)
1471 5384 1666 5456 interpretatur
1684 5403 1690 5440 :
1707 5388 1780 5442 litei·

127 5451 235 5507 dierum
250 5455 397 5510 reverentia
416 5458 566 5530 mitigatur,
581 5458 607 5514 id
620 5467 670 5524 est,
682 5460 928 5516 nnllnsolemnita-
982 5464 1036 5522 tur,
1050 5459 1148 5528 iuquit,
1169 5461 1252 5514 etiam
1274 5458 1435 5512 conscientia
1456 5456 1638 5512 aduersarius.
1654 5459 1723 5513 Nam
1741 5470 1782 5513 oc·

129 5531 189 5579 tunt
216 5525 367 5580 reverentia
391 5535 417 5582 et
434 5529 562 5602 religione
582 5531 711 5603 tangitur.
733 5539 765 5586 ut
788 5541 928 5602 propterea
981 5532 1107 5584 cultenos
1120 5533 1148 5583 in
1162 5529 1239 5584 eorde
1250 5533 1341 5583 nostra
1353 5529 1505 5596 redomuit,
1523 5533 1619 5584 remeet
1633 5544 1650 5583 a
1662 5530 1743 5592 malo,
1757 5532 1783 5583 et

129 5596 313 5666 conquiescat,
330 5604 357 5650 et
371 5612 422 5653 uos
436 5599 593 5671 impugnare
603 5618 650 5658 seu
663 5603 697 5657 ad
711 5602 813 5657 malnm
828 5602 929 5657 sollici·
982 5604 1008 5657 si
1018 5604 1101 5656 amus
1114 5601 1304 5666 inobedientes,
1316 5599 1477 5654 tandemnos
1487 5600 1524 5653 ad
1539 5602 1588 5657 Dei
1596 5601 1720 5656 tribunat
1728 5601 1783 5655 sis-

129 5671 186 5722 tare
198 5666 325 5722 desistat:
336 5669 424 5725 immo
441 5684 496 5741 quo
511 5674 682 5729 remissiores
690 5682 718 5729 et
731 5673 874 5728 liberiores
885 5672 928 5729 of·
982 5673 1112 5734 titubent
1124 5687 1216 5742 panas
1230 5671 1366 5737 (labimus,
1376 5676 1433 5725 tam
1445 5674 1592 5727 enormium
1603 5677 1783 5742 pacatorem,
1811 5700 1821 5717 ·

128 5734 226 5806 fendit,
248 5755 280 5794 co
299 5739 431 5797 audacius
452 5748 481 5797 et
499 5739 678 5815 importunius
698 5740 873 5818 aggreditur}
894 5744 928 5801 de
983 5746 1135 5800 tumetium
1149 5744 1247 5799 lenirem
1261 5744 1483 5798 etminimorum.
