3848 6158
135 335 185 387 aar
536 327 704 384 rontano
724 327 758 384 v.
777 356 812 369 -
831 328 876 383 ua
894 328 986 385 oaro
1005 329 1265 390 ananelus-ursus
1285 334 1393 392 vrttes.
1742 350 1795 400 σῃ

135 456 191 513 rari
214 455 312 512 arlant.
334 455 406 509 Nam
423 463 438 487 ⁸
457 452 593 509 solitarios
609 468 732 526 quosque
750 452 822 509 etin
841 469 935 511 eremo
949 458 977 521 Α
992 455 1065 512 diam
1074 471 1184 514 necesse
1199 466 1240 515 cst
1251 457 1392 531 pullulare,
1406 459 1522 534 ideoque
1531 461 1612 519 simili
1625 470 1721 521 contra
1736 464 1795 522 haec

133 550 308 617 constitutos,
323 546 447 619 nullique
465 545 586 603 humano
599 547 765 605 commixtos
782 548 936 613 consortio,
993 549 1078 607 modo
1087 558 1169 624 atque
1178 550 1273 609 eadem
1286 552 1794 632 rationerepngnandumest,etaprae·

133 644 290 717 frequenter
301 651 384 716 atque
393 642 568 699 amarissime
577 656 674 701 rexere
686 650 849 713 noscuntur,
862 642 938 717 quod
991 645 1148 703 cedentibus
1167 661 1275 719 semper
1294 647 1423 706 adversas
1447 658 1593 722 manentes
1613 658 1721 723 oportet
1742 668 1795 709 nos

132 755 195 797 esse
204 738 379 796 consumam
388 737 576 810 quisquecum
585 735 854 813 fueritinsolitudine
862 752 938 795 com-
991 739 1060 796 inire
1068 740 1229 797 conamina.
1242 739 1357 799 Facilius
1366 741 1593 814 enimcujuslibet
1601 742 1793 803 arborisnoxia

133 842 269 902 moratus,
281 841 309 891 et
319 846 425 906 pugnas
436 831 556 890 bominis
565 833 705 890 murtetis
715 841 852 906 expertus,
872 834 937 906 ipsis
992 831 1108 891 latitudo
1120 850 1153 890 ae
1161 833 1310 906 proceritas
1320 834 1462 903 exarmat,
1477 835 1500 892 si
1515 844 1595 894 antea
1608 836 1715 895 radices
1723 838 1793 910 ejm,

132 928 328 1000 experimentis
343 924 470 1000 perfacile
480 925 683 998 comprobabit.
939 911 943 919 ¹
991 927 1089 999 quibus
1100 927 1235 997 innititur,
1251 928 1291 985 rel
1307 927 1419 986 nudatae
1434 928 1544 999 inerim,
1560 930 1602 987 rel
1621 932 1743 989 suocisae.
1759 934 1795 988 Et

444 1066 569 1122 CAPUT
588 1068 616 1122 X
991 1020 1152 1079 intestanter
1169 1021 1300 1078 lrumores
1315 1036 1451 1093 aquarum
1463 1024 1596 1081 continuo
1609 1024 1794 1096 siccabuntur,

990 1131 1054 1172 cum
1072 1123 1216 1188 generator
1226 1130 1322 1172 earum
1337 1114 1401 1173 tons
1422 1131 1454 1172 ac
1473 1117 1640 1188 profluentes
1656 1135 1733 1178 renoe
1745 1136 1793 1177 so·

131 1192 171 1250 Du
185 1209 234 1251 ⁸⁰&
248 1195 374 1249 finitum
385 1191 730 1331 ἇῖἑῑῖἒᾙῑίὲὃᾳῖἓᾶἔῡῑξιθέἀ11ῑ
749 1192 782 1247 ‘⁸⁶
804 1195 840 1249 ⁰ss
854 1194 936 1248 ‹inri-
989 1210 1050 1266 lerti
1064 1209 1195 1268 industria
1210 1208 1311 1267 tuerint
1321 1208 1465 1266 obturatae.
1482 1208 1673 1281 Quamobrem
1688 1220 1719 1267 ut
1728 1227 1791 1270 ace·

988 1302 1177 1370 distineatur,
1193 1310 1257 1360 ante
1270 1302 1380 1360 tristitia
1393 1302 1545 1375 superanda
1561 1310 1618 1371 est3
1634 1311 1665 1359 ut
1682 1303 1792 1361 tristitia

163 1398 231 1453 tlaec
253 1397 334 1469 igitur
354 1405 416 1453 octo
432 1394 507 1467 vitia,
521 1395 584 1452 licet
598 1395 721 1452 diversos
736 1404 813 1453 ortus
827 1412 858 1453 ac
876 1395 935 1454 dis·
989 1397 1164 1471 propellatur,
1176 1397 1217 1455 ira
1226 1397 1303 1471 prius
1312 1404 1354 1453 est
1363 1395 1549 1465 extrudenda3
1563 1404 1594 1452 ut
1604 1396 1793 1471 exstinguatur

131 1492 234 1549 similes
253 1490 412 1548 efficientiae
432 1490 558 1558 babeant,
580 1506 629 1547 sex
655 1500 749 1548 tamen
771 1492 885 1566 priora,
906 1491 934 1550 id
988 1490 1039 1559 ira,
1056 1488 1219 1565 philargyria
1241 1490 1369 1548 calcanda
1392 1498 1453 1559 esta
1479 1497 1511 1545 ut
1535 1489 1667 1547 evellatur
1684 1490 1791 1561 philar-

133 1594 185 1654 est,
205 1582 402 1657 gastrimargia,
424 1581 582 1652 iomicatio,
601 1581 774 1657 philargyria,
798 1584 849 1653 ira,
870 1585 933 1644 tris·
988 1585 1073 1662 gyrio,
1093 1582 1444 1657 londoetiooompeseenda
1459 1592 1519 1652 ert,
1534 1590 1567 1640 ut
1584 1581 1726 1640 fornicatio
1744 1600 1790 1641 su·

133 1679 203 1746 titia,
220 1677 322 1747 acedia,
337 1676 459 1750 quadarn
473 1676 543 1733 inter
560 1691 590 1734 se
608 1677 782 1751 cognatione,
799 1687 828 1737 et
848 1686 879 1736 ut
898 1679 936 1736 ita
989 1676 1113 1748 bruatur,
1127 1678 1325 1752 gsmimargiae
1344 1676 1441 1735 vidum
1461 1684 1505 1734 est
1517 1675 1718 1750 castigandum.
1735 1679 1792 1734 Ite·

132 1772 264 1841 dixerim,
288 1771 513 1828 concatenatione
536 1786 666 1829 connexa
693 1778 781 1841 sunt,
806 1773 845 1829 ita
867 1766 881 1807 ὓ
904 1781 936 1830 ut
988 1771 1065 1829 sidua
1088 1786 1152 1830 rere
1167 1771 1234 1843 duo,
1257 1771 1352 1842 idest,
1371 1769 1561 1829 cenodoxiaet
1581 1769 1719 1843 superbia,
1740 1771 1792 1828 sibi

133 1864 231 1936 prioris
240 1864 415 1921 exuberantia
432 1863 557 1935 sequenti
571 1865 655 1935 [lips
667 1866 697 1918 in
712 1880 800 1936 marp.
816 1880 933 1939 sequen·
949 1861 974 1925 B
990 1867 1101 1941 quidem
1114 1867 1239 1925 similiter
1257 1866 1303 1923 illa
1316 1882 1369 1939 qua
1382 1866 1417 1925 de
1437 1864 1625 1939 superioribus
1640 1864 1709 1922 vitiis
1726 1864 1793 1922 dixi·

133 1959 180 2027 tis]
192 1957 328 2015 alliciatur
348 1956 501 2015 exordium.
519 1959 589 2013 Nam
603 1957 637 2014 de
648 1957 811 2016 abundantia
832 1960 931 2033 gasni-
985 1976 1064 2028 mus,
1079 1961 1186 2017 ratione
1205 1960 1367 2033 junguntur,
1386 1959 1423 2016 ita
1448 1968 1480 2016 ut
1500 1959 1701 2016 incrementum
1716 1961 1791 2032 prio·

133 2052 248 2125 margia²
255 2050 473 2120 fornicationem,
485 2050 521 2109 de
533 2051 715 2111 fornicatione
729 2053 932 2128 philargyriam,
985 2056 1022 2114 ris
1041 2064 1118 2113 ortus
1133 2054 1265 2113 efficiatur
1278 2054 1398 2111 alterius.

134 2144 169 2202 de
179 2144 436 2218 philargyriairam,
445 2144 480 2203 de
490 2145 530 2203 ira
542 2146 691 2218 tristitiam,
700 2147 736 2205 de
749 2142 857 2206 tristitia
869 2165 931 2207 aee-
1021 2149 1212 2209 reenoooxta
1227 2147 1301 2207 enirn
1319 2146 1494 2207 exuberantia
1510 2146 1646 2222 superbiae
1663 2147 1789 2207 tomitem

680 2302 808 2360 rtlrnilbt
828 2304 940 2367 duzan
959 2304 1237 2363 commitantes.

168 2446 182 2472 ⁸
201 2434 245 2491 sic
267 2434 481 2509 cassianueipse
495 2435 533 2491 lib
554 2452 586 2503 x,
605 2452 631 2493 e.
658 2444 670 2494 t
690 2456 696 2493 ε
722 2438 825 2508 Attiroi
842 2439 936 2495 acedia
990 2447 1061 2507 tans,
1074 2439 1108 2497 de
1120 2440 1214 2497 ordine
1226 2447 1253 2495 ct
1263 2438 1469 2511 comparatione
1481 2436 1607 2495 vitiorum
1620 2457 1626 2493 :
1641 2444 1788 2505 l'racatmn,

133 2508 254 2563 tristitiae
269 2511 318 2569 ast,
328 2511 355 2562 et
368 2522 402 2561 ua
420 2510 488 2563 isac
496 2508 625 2564 solitariis
634 2510 723 2579 inopis
736 2516 858 2579 reperta,
872 2516 897 2566 et
908 2514 936 2565 iu
989 2511 1086 2583 iuquit,
1100 2516 1173 2566 crrrct
1183 2511 1276 2565 ordirre
1291 2526 1325 2564 ec
1338 2514 1418 2578 parte
1431 2513 1588 2571 arersiouis.
1599 2513 1697 2566 scilicet
1711 2530 1728 2567 a
1740 2519 1790 2569 ileo

132 2595 218 2634 ereum
231 2524 455 2634 comnorantrgms
463 2581 590 2648 titlestior
605 2580 687 2636 bostis
699 2584 879 2661 arscennene
991 2582 1057 2637 bono
1076 2582 1289 2637 incommutabili
1296 2596 1345 2646 rec
1355 2581 1404 2635 bac
1412 2582 1792 2651 ennnpmrtclnrbctratiouem

167 2644 329 2733 blntellirre,
345 2657 377 2706 ut
389 2649 557 2723 plurimum
571 2664 645 2724 saepe
663 2659 756 2707 minen
769 2652 847 2707 aliter
865 2652 936 2708 aeci·
991 2652 1078 2707 mali:
1093 2652 1196 2707 maltam
1209 2655 1299 2705 autem
1315 2650 1470 2718 (samarium
1485 2653 1672 2719 Auprtstinam
1693 2653 1740 2707 lib.
1758 2654 1791 2707 de

131 2719 182 2787 dit,
203 2720 356 2793 etquidem
374 2736 390 2778 e
408 2734 552 2779 converso.
571 2725 631 2795 Qua
645 2720 679 2779 de
696 2734 728 2779 re
751 2720 935 2795 pulcherrima
990 2726 1096 2781 Natura
1109 2722 1180 2792 borae)
1192 2721 1452 2793 estpricatiomodi
1510 2722 1561 2777 cici
1571 2725 1595 2775 ct
1612 2721 1725 2784 ordinis.
1738 2724 1792 2779 Sat

131 2800 221 2848 exstat
235 2792 349 2849 ioannis
361 2792 474 2849 climaci
492 2792 650 2868 disputatio,
669 2808 753 2922 w
766 2793 811 2850 bic
822 2792 935 2851 cautino
989 2810 1023 2850 aa
1037 2800 1119 2867 parte
1134 2795 1319 2856 connexionis,
1335 2794 1436 2849 salaci
1451 2737 1667 2861 effracturam,
1683 2795 1792 2865 respicit

132 2861 339 2920 describendam
355 2863 422 2920 duxi
435 2882 441 2919 :
456 2866 530 2934 Rem,
547 2865 673 2939 inquit(
748 2881 768 2920 a
783 2871 814 2921 at
832 2864 936 2923 deilic-
988 2866 1123 2937 quodam
1135 2866 1248 2931 bortum3
1262 2870 1289 2921 et
1307 2864 1364 2919 iiico
1383 2865 1479 2919 rabac
1489 2864 1680 2935 periodicitur
1693 2866 1791 2920 babere

132 2937 255 3001 cretiorrc)
268 2977 276 2997 ,
290 2934 403 3005 auidam
413 2952 455 2991 nte
469 2938 699 3006 iraerropaocrunt
710 2936 934 3007 adjudicandam
988 2938 1108 2993 orditum
1121 2940 1204 3009 (lom.
1220 2950 1259 2993 vt.
1276 2952 1298 2991 c.
1313 2940 1354 3003 t).
1373 2936 1441 2991 Haec
1451 2935 1480 2991 S.
1492 2934 1623 3000 Thomas,
1634 2934 1790 3007 significans

132 3007 284 3076 distulere,
298 3012 324 3062 et
333 3022 393 3077 aaa
405 3024 492 3063 orrrrns
506 3010 700 3063 atatisnestrae
717 3008 835 3064 nominee
848 3014 935 3063 naris·
988 3008 1114 3080 qaudam
1127 3007 1265 3065 vnieennr
1280 3006 1381 3063 habere
1392 3002 1518 3063 ordinem
1532 3013 1560 3062 et
1572 3004 1707 3062 rationem
1721 3007 1790 3078 prin·

132 3078 239 3142 cenaui,
253 3080 283 3133 iu
296 3080 421 3148 ruraliaque
431 3095 466 3134 cc
479 3080 520 3134 bis
530 3080 608 3135 librr'e
621 3080 707 3149 quiin
719 3094 817 3135 marrata
830 3084 934 3135 nestros
988 3078 1051 3151 cipii
1059 3094 1123 3153 erga
1132 3079 1184 3135 alia
1193 3078 1267 3146 alda,
1277 3076 1539 3150 quambabetcaput
1548 3074 1583 3133 ad
1593 3084 1693 3135 caetere
1702 3093 1789 3134 mem-

132 3154 261 3204 rcneruut
271 3152 446 3205 contincatur.
459 3150 575 3206 Aiebaut
584 3153 655 3205 enim
666 3168 674 3204 ε
686 3150 815 3216 Quoernrm
821 3153 935 3220 properie
988 3148 1047 3219 bra,
1060 3150 1122 3208 ideo
1142 3166 1176 3207 ue
1188 3149 1241 3208 dici
1257 3148 1392 3221 capitalia,
1405 3147 1644 3219 eiveprtncipalta.

133 3222 399 3291 martprincipalium
411 3223 809 3289 arcteritrbmmpermiaaiant
820 3222 935 3291 pinder
1023 3232 1035 3257 ⁰
1054 3165 1187 3278 Eamgem
1206 3218 1542 3283 sententiamconllrmat
1557 3217 1629 3275 idem
1651 3219 1790 3277 climacus

133 3292 220 3347 tubus
233 3295 353 3347 mma
363 3292 558 3363 prr-incipendae
568 3295 687 3363 aratroque
704 3292 869 3360 robertorum
888 3294 936 3346 ini-
950 3263 973 3327 C
988 3292 1115 3362 pluribus
1126 3291 1154 3347 in
1173 3290 1248 3353 locis,
1264 3298 1292 3359 et
1305 3296 1378 3346 certe
1393 3296 1489 3345 notatu
1501 3287 1599 3357 dignis.
1618 3289 1714 3347 Gradu
1729 3297 1761 3347 tt
1781 3312 1787 3347 z

133 3365 202 3419 tium
211 3368 362 3435 etpropapo
372 3369 456 3419 assat?
464 3367 523 3433 Epo
531 3366 561 3419 in
569 3380 598 3418 rc
607 3368 662 3418 tam
673 3363 803 3433 ambiana
813 3365 936 3432 iprrorau-
987 3364 1087 3428 Srrlcrm
1096 3362 1195 3435 inquit,
1211 3360 1420 3433 plerinacum
1433 3360 1466 3415 eie
1477 3361 1551 3425 pitir's
1565 3360 1716 3433 inputant,
1729 3365 1809 3417 irari--

133 3436 201 3489 tiam
218 3450 305 3489 meam
317 3437 428 3504 irrperruc
442 3436 586 3503 coriaceus,
604 3435 681 3490 boon
699 3434 861 3490 hraineinais
869 3436 935 3489 cin's
989 3451 1048 3490 nrrn
1061 3436 1176 3505 pieriam
1189 3433 1299 3489 seorsim
1308 3432 1421 3503 deflerim
1434 3448 1452 3485 a
1465 3431 1604 3502 superbia,
1615 3433 1686 3489 aride
1697 3438 1723 3489 ei
1733 3439 1789 3489 octo

134 3506 247 3560 arrdiai:
256 3508 343 3562 lirrtcr
356 3506 462 3577 attritam
475 3508 662 3574 [dimicationis
674 3511 714 3562 est
724 3506 795 3576 prtia
804 3509 936 3577 roncupar-
988 3522 1042 3561 csse
1060 3504 1225 3579 principalia
1247 3506 1272 3558 et
1288 3505 1425 3574 primaria
1437 3504 1506 3558 uitia
1519 3503 1621 3560 dicunt.
1644 3506 1789 3575 Tbcotopus

134 3577 240 3641 eorrtie3
258 3578 434 3639 cardiacae,
451 3578 539 3633 incenis
554 3579 651 3649 alu-ia.
664 3580 934 3648 Eporursrtsascrn-
986 3594 1046 3633 rero
1062 3580 1220 3648 Grrporius,
1241 3576 1343 3645 aliique
1357 3576 1475 3647 plunimi
1491 3575 1636 3631 doctorcss
1670 3581 1722 3632 tem
1737 3580 1789 3633 ntra

130 3648 240 3716 pitanae
254 3650 431 3705 memorandis
446 3650 500 3705 iltis
514 3650 653 3706 calescere
666 3650 788 3713 orabam,
810 3665 934 3720 auarum
987 3665 1041 3705 rssr
1056 3650 1240 3711 trrrdrittrnnt,
1255 3662 1321 3719 quos
1335 3649 1511 3716 eponiauime
1524 3663 1629 3717 sequor.
1683 3649 1789 3703 isarirn

132 3718 293 3775 cariberto
306 3724 487 3783 renascerentur,
501 3726 527 3776 ct
540 3722 612 3791 pared
623 3736 658 3777 aa
670 3738 726 3791 quta
740 3724 866 3793 proponit
876 3724 932 3776 ori·
988 3723 1093 3777 irtanem
1103 3722 1221 3793 pieriam
1230 3720 1337 3781 decicit,
1353 3723 1379 3773 ct
1392 3718 1611 3788 surpereminet?
1624 3720 1665 3773 Ea
1677 3734 1738 3772 uero
1750 3725 1789 3773 est

132 3791 221 3855 prinam
236 3792 361 3846 trabunt.
385 3793 429 3847 lii-i
447 3808 508 3847 ecre
527 3810 568 3847 rue
587 3792 682 3846 birrrnic
703 3808 734 3846 ac
753 3793 935 3863 placidissime
986 3793 1124 3848 maiorum
1141 3792 1303 3848 adinvicem
1320 3790 1492 3857 differentia,
1509 3790 1790 3857 amaestnaturaliter

133 3861 301 3931 triacastella
319 3864 442 3917 clationis
453 3865 521 3917 uitio
533 3864 677 3927 edocentes,
699 3860 817 3927 aiebant,
830 3863 934 3916 ericinam
986 3867 1065 3931 pracri
1075 3864 1113 3918 rari
1126 3866 1226 3925 trimam,
1240 3865 1265 3915 rt
1282 3860 1370 3915 tritici
1380 3859 1417 3915 ad
1425 3874 1536 3930 patron:
1550 3859 1596 3913 icoc
1608 3859 1679 3913 crrim
1689 3859 1790 3927 princi·

132 3933 253 3987 ordirrem
261 3934 470 4004 rrntprruirntiae
482 3934 611 3985 rationem
622 3931 740 3983 iacsscin
747 3931 825 3983 rebus
832 3932 933 3993 attritis,
984 3935 1062 4001 piram
1087 3938 1135 3995 est,
1160 3934 1231 3987 illuri
1249 3934 1322 4000 pinis.
1341 3928 1384 3987 Sic
1398 3931 1453 3995 ille,
1475 3928 1572 4001 quibus
1590 3927 1679 3984 serbis
1697 3936 1790 3999 aperto

131 4004 179 4057 uri
187 4020 290 4059 ‹marnen
310 4019 411 4058 nereus
419 4004 614 4072 premarinum
623 4004 704 4069 atqcue
712 4000 933 4061 inconstantiamr
986 4002 1008 4058 si
1047 4002 1119 4059 ilioat
1142 4003 1179 4058 ita
1204 4017 1233 4058 sc
1262 4000 1362 4059 babere
1390 3999 1578 4068 cenodoxiam,
1613 4014 1660 4054 sen
1690 4014 1790 4053 vanam

131 4022 396 4145 mearramtinarrs
402 4072 541 4143 coemptis,
551 4074 577 4128 ct
583 4070 733 4125 rationibus·
737 4070 935 4140 pcrsrmdcbaui
987 4073 1103 4144 goriam
1113 4070 1322 4143 adsuperbiam,
1336 4071 1407 4140 sicut
1420 4084 1488 4141 puer
1501 4084 1531 4125 se
1544 4068 1628 4126 lrabct
1640 4068 1788 4131 advirum,

131 4146 270 4213 demitrii,
282 4146 403 4215 plurium
418 4142 791 4199 decurnmtaariducentcsiu
804 4142 932 4205 mediam,
990 4143 1151 4199 ettriticum
1172 4142 1207 4199 ad
1239 4156 1336 4210 anem,
1359 4140 1413 4197 boc
1438 4148 1487 4203 est.
1507 4138 1578 4197 sicut
1598 4138 1706 4197 initium
1732 4140 1790 4196 sire

130 4213 692 4287 inparibusaliqeairuicoperiinsrruimur,
700 4212 870 4282 trientarium
880 4214 937 4268 alra
992 4214 1153 4285 principium
1164 4213 1200 4271 ad
1216 4156 1310 4281 gnam,
1325 4228 1392 4269 nam
1412 4226 1445 4268 ex
1463 4226 1546 4283 puero
1564 4210 1595 4267 llt
1608 4210 1659 4280 vir,
1674 4221 1701 4268 et
1714 4212 1791 4284 panis

129 4304 239 4358 proque
246 4286 403 4354 placuissem
411 4284 836 4355 intolliperepossr‘masrcccmpli
842 4302 934 4349 mana,
991 4302 1024 4342 ex
1033 4286 1134 4343 tritico.
1146 4288 1253 4342 Rursus
1263 4280 1365 4341 ibidem
1376 4291 1439 4356 post
1450 4283 1637 4341 namationem
1647 4282 1789 4356 cujusdam

129 4357 335 4426 irrtrmpcstirus
348 4356 688 4427 rorentipuauaoqutien
698 4372 733 4411 cac
745 4358 933 4425 sonticatienc,
989 4358 1072 4428 sonis,
1088 4357 1116 4414 in
1132 4372 1186 4430 qua
1197 4355 1308 4429 spiritus
1326 4354 1462 4429 superbia
1478 4363 1594 4413 matrem
1608 4370 1688 4413 suam
1706 4370 1788 4412 ceno·

128 4428 282 4499 mamardo
297 4442 356 4481 rrro
369 4429 490 4483 cainiani
511 4428 598 4497 pieria
616 4432 748 4494 nascitur,
761 4444 820 4483 cum
833 4429 935 4485 scilicet
987 4428 1097 4486 doxiam
1112 4435 1266 4497 vocaverat,
1282 4427 1376 4485 subdit
1391 4447 1397 4483 :
1413 4426 1543 4485 Eumdem
1556 4444 1602 4499 epo
1620 4444 1680 4484 cum
1703 4430 1789 4485 intrr-

129 4500 208 4571 apud
219 4500 337 4569 seriarum
350 4500 510 4555 intrinsecas
525 4502 641 4571 turpiter
654 4502 767 4570 euisqne
785 4500 933 4569 prometur,
990 4500 1447 4571 ropassauqaomodoinanispiorta
1456 4500 1631 4571 sitsnpcrbioe
1642 4503 1740 4565 maior,
1751 4503 1790 4553 ita

129 4586 333 4641 ruminumquam
344 4587 405 4626 roro
415 4587 449 4625 en
461 4571 562 4625 deliciis
574 4572 705 4641 piperitur.
720 4571 820 4627 diutius
829 4570 934 4627 sommas
989 4573 1126 4643 resperniit
1136 4592 1145 4629 r
1155 4572 1270 4640 Laudes,
1280 4575 1307 4627 in
1326 4576 1378 4635 uit,
1392 4572 1623 4626 arrimnmeleuant
1636 4574 1663 4623 et
1677 4572 1785 4636 irruant.

128 4642 934 4713 uinpuaudoandelitiis,aliquunderajcp'uniorntscitnr,mem
948 4662 974 4725 D
989 4645 1069 4698 Porro
1078 4660 1138 4699 carm
1149 4647 1243 4699 arriana
1252 4643 1289 4697 ari
1301 4590 1441 4698 litationem
1452 4643 1565 4701 rertcrit,
1581 4640 1633 4719 'am
1642 4642 1706 4691 tunc
1714 4638 1790 4691 illam

128 4715 231 4768 seilicet
240 4714 285 4767 illi
294 4714 475 4783 pactinianum
482 4713 663 4781 caralitanum
673 4713 821 4781 rrliqrranrto
830 4728 891 4768 cero
901 4730 935 4768 aa
988 4716 1115 4785 urporbia
1124 4730 1261 4770 marimens
1272 4716 1300 4767 iu
1310 4712 1402 4767 ratum
1409 4725 1493 4779 usrpue
1504 4655 1617 4769 anelii,
1628 4710 1654 4760 el
1661 4720 1744 4775 tillut
1754 4707 1790 4759 ild

129 4786 239 4847 acidia,
251 4786 396 4855 aliquando
405 4802 439 4839 cu
450 4791 559 4840 erratura.
569 4787 658 4841 Etiam
669 4784 870 4854 ratrrltiIoauiurn
881 4785 935 4838 aii·
989 4786 1096 4855 abyssos
1123 4785 1225 4855 dejicit,
1239 4784 1275 4839 Et
1300 4783 1327 4836 in
1349 4782 1404 4837 iane
1417 4778 1540 4851 ejusdem
1554 4774 1650 4848 capitis
1665 4793 1671 4830 :
1686 4778 1789 4833 Verrrn'x

129 4854 241 4925 araride
253 4857 288 4909 ab
300 4859 378 4911 inam
390 4857 488 4925 pieria,
500 4856 649 4926 aliquando
659 4872 676 4910 a
686 4856 878 4925 postumat-pia
888 4856 936 4911 ini·

130 4926 937 4997 tiumsnmpsit.alcariiaaneoarliaaarntorudcliciisateacon·

132 5002 236 5069 tempta
254 5000 303 5055 ilci
313 5000 517 5053 timorisoritur.
532 4999 818 5067 Blasplaemiapropric
828 4998 935 5067 quidem

131 5070 307 5140 rrstauperbirr
317 5086 436 5139 aaronem
446 5084 645 5139 interrumperem
653 5084 715 5124 uero
725 5070 806 5122 etiarm
815 5084 849 5123 aa
854 5068 934 5139 jacti·

131 5142 220 5207 ‹tarrdo
229 5143 259 5195 in
272 5143 363 5196 cartem
378 5158 407 5195 ra
418 5143 585 5212 pronimum,
601 5142 656 5195 sire
669 5142 751 5194 ctiam
762 5155 796 5194 aa
813 5142 849 5193 tm
869 5140 933 5195 robae

131 5212 282 5266 clamatura
293 5213 396 5267 irnirtia
410 5215 540 5268 rrrrscitnr.
551 5214 658 5268 Duritia
667 5212 753 5265 caran
765 5213 838 5266 inter
859 5228 903 5265 arn
915 5229 933 5265 a

130 5285 344 5353 satietatemque
354 5287 504 5340 errautinm
513 5284 547 5338 ab
556 5283 934 5353 irrscrrsibilitateataaeabaci·

130 5355 247 5419 {etimne
259 5357 356 5409 uitiosa
372 5357 501 5423 eripincm
510 5356 594 5411 tinnit.
608 5358 670 5410 llice
681 5370 743 5409 roro
753 5370 849 5409 mersas
858 5355 934 5425 <risco

131 5426 184 5483 tio,
194 5427 220 5477 et
229 5440 245 5479 e
254 5427 440 5491 fornicatione,
452 5433 476 5481 rt
487 5428 521 5481 ab
530 5428 608 5481 inani
615 5427 712 5495 pluria,
726 5430 751 5481 ct
760 5426 795 5480 ab
805 5428 932 5487 creterrae.

130 5498 932 5569 ‹rtrprreapaetrinnnpia‚aliisquoqucplurinrisrimisoritnr.

129 5565 244 5622 ritalitia
257 5582 350 5624 rursus
364 5586 381 5622 a
396 5571 531 5624 tirnercac
545 5571 689 5625 iracundia
703 5572 833 5627 rurscam.
847 5572 936 5640 lippe·

128 5638 213 5693 crr‘sis
224 5637 285 5693 iente
295 5642 466 5711 potissiruum
475 5643 580 5713 irrupit,
590 5643 615 5695 si
623 5642 684 5711 ariis
693 5641 745 5696 sibi
753 5643 867 5696 nimium
876 5643 936 5711 plor·

987 4856 1153 4926 plcrnmaue,
1166 4854 1232 4909 darn
1246 4854 1400 4913 coercuerit,
1416 4848 1488 4904 arratis
1498 4848 1551 4903 atis
1562 4849 1591 4902 iu
1600 4847 1713 4904 subtirnc
1724 4851 1787 4904 sub·

988 4932 1076 4982 taccias
1089 4930 1144 4989 cst;
1157 4927 1198 4979 ite
1211 4928 1237 4978 et
1247 4925 1430 4978 comunrmata
1440 4921 1529 4975 inanis
1541 4920 1628 4990 pluma
1638 4921 1790 4991 superbiam

986 4998 1103 5069 perierit,
1119 5010 1180 5066 area
1188 4995 1322 5049 malorum
1336 4994 1455 5049 omniurn
1467 4992 1536 5055 duc,
1550 4994 1674 5075 pmcneps
1689 4997 1714 5047 et
1728 5010 1790 5047 mra-
1877 5054 1879 5059 ,

988 5070 1132 5124 tentilatio
1146 5068 1311 5123 actitamus
1325 5064 1411 5138 gradu
1423 5070 1457 5119 22
1472 5078 1609 5137 egregiam
1623 5062 1693 5119 lrauc
1705 5078 1790 5119 ceno-

988 5138 1078 5197 doxiae
1101 5148 1129 5195 et
1153 5136 1287 5210 superbiae
1301 5136 1407 5193 inducit
1426 5134 1671 5209 prosopopoeiam:
1692 5138 1787 5207 linne-

988 5212 1085 5279 ltcmti,
1114 5210 1210 5283 inquit,
1238 5210 1411 5265 carductuiccnr
1436 5210 1503 5263 lutrae
1525 5206 1706 5279 (superbiam)
1731 5209 1789 5263 siric

987 5287 1074 5353 carpite
1087 5298 1187 5339 arrarum
1199 5282 1337 5338 meriture
1357 5282 1452 5335 reatris
1468 5295 1523 5334 stra
1539 5277 1717 5349 (cenodoxiae)
1740 5281 1787 5335 bu·

988 5350 1788 5422 urerisirtacoiam3ambasqueoberiirrttiauincuioillaqueans

990 5427 1157 5497 rilitetisque
1166 5423 1271 5496 tapetio
1281 5425 1434 5490 coierant,
1444 5423 1560 5491 qualiter
1569 5424 1597 5475 in
1606 5437 1647 5476 me
1656 5426 1742 5476 essent
1751 5423 1790 5473 in-

989 5512 1096 5565 pressa,
1113 5497 1200 5553 dicore
1217 5496 1350 5565 maedam.
1364 5496 1459 5564 Itoana
1476 5508 1535 5547 cunr
1549 5496 1713 5562 cuperentur,
1732 5495 1790 5546 air-

991 5568 1070 5624 bant:
1081 5570 1134 5627 Nos
1148 5584 1232 5637 neque
1244 5569 1353 5622 initiunt
1363 5566 1501 5632 babentes,
1514 5579 1599 5634 neque
1607 5565 1789 5623 nativitatem.

988 5641 1122 5711 prinoipcs
1136 5642 1207 5695 enim
1218 5644 1243 5695 ci
1257 5640 1398 5709 parritriccs
1411 5650 1504 5693 sumita
1520 5637 1637 5691 omniurn
1651 5637 1789 5691 citiorum.

129 5714 200 5771 crat,
217 5724 296 5780 stupro
317 5715 371 5781 ipm
386 5713 543 5773 moderetur,
556 5728 639 5782 iterur
648 5712 759 5767 ritterins
774 5714 848 5766 circat
859 5712 936 5766 arbi-
991 5714 1135 5783 inspirasset
1149 5715 1239 5767 autam
1251 5711 1352 5767 modim
1369 5725 1415 5767 reos
1429 5709 1555 5765 contritio
1570 5707 1657 5763 cordis
1671 5722 1713 5788 cc·
1724 5706 1789 5783 sub·

130 5784 198 5836 trie.
215 5783 297 5837 Porro
312 5784 353 5837 itis
363 5785 500 5838 ‹mir-mia
511 5799 529 5835 a
540 5785 682 5838 erutrariis
697 5785 858 5853 rimarentur.
872 5785 937 5838 lla=c
985 5782 1102 5851 tectione
1116 5784 1225 5837 initium
1239 5798 1345 5839 stimans
1356 5800 1364 5849 3
1377 5780 1481 5837 ciuilius
1490 5781 1602 5849 imperio
1616 5776 1711 5844 rubrica
1717 5778 1791 5845 pnit-

130 5851 310 5920 tricipitinus
325 5851 423 5910 addere
435 5853 500 5909 libet
514 5854 595 5910 etiam
607 5851 680 5909 istud
692 5803 887 5911 incantantum
901 5856 935 5927 ll.
992 5852 1144 5917 numidae
1162 5856 1190 5909 iu
1214 5854 1284 5911 calta
1295 5862 1401 5923 qnoque
1417 5850 1561 5907 amanam
1573 5850 1727 5903 munus.
1744 5844 1804 5917 aas

130 5922 250 5980 Tbenrar
269 5929 337 5993 (1-2,
357 5944 384 5992 a.
399 5932 445 5989 itt,
459 5928 512 5980 oiri.
527 5928 554 5989 t)
568 5922 603 5979 ad
615 5922 845 5999 lraucmateriam
860 5938 936 5995 spec·
994 5928 1033 5993 {ut
1046 5927 1132 5981 tetum
1150 5924 1233 5979 simul
1243 5924 1356 5989 «sedarat
1371 5924 1495 5979 murdtm
1516 5932 1578 5985 qim
1594 5918 1660 5971 eruti
1679 5912 1820 5961 ruinario
