3848 6158
131 198 182 251 on
581 192 751 251 contnuo
770 192 840 248 arv.
859 218 896 233 -
914 191 959 246 os
977 190 1145 247 serariani
1162 192 1329 249 sarnunto.
1732 202 1785 259 soa

129 320 305 389 carminibus,
319 320 378 377 illas
389 320 546 377 tabularum
557 334 643 392 nugm
652 316 833 389 historiasque
842 313 928 372 bello·
943 316 970 381 Α
984 312 1157 385 rudimentis,
1166 315 1297 373 orationis
1307 316 1389 374 etiam
1403 325 1526 391 tempore
1540 320 1696 383 meditetur,
1710 325 1782 394 psol-

128 428 190 469 rum
202 412 458 486 quibusaparrulo
473 410 568 485 prinus
584 410 741 469 studiorum
763 407 869 464 imbuta
889 414 934 465 est
986 408 1119 481 tentique,
1131 408 1174 465 rel
1194 425 1244 483 pro
1259 418 1435 483 peccatorum
1452 411 1619 486 indulgentia
1633 416 1788 487 supplicant

679 538 808 594 assunt
825 536 938 592 uazAEl
957 535 1237 595 COMMENTARIUS.

129 654 203 710 lieris
212 654 834 727 captiuaeradendumcaput,supereiliu,omnes
841 654 925 724 pilos,
980 653 1034 707 lum
1046 656 1076 708 in
1089 654 1355 725 Scripturtsdininis,
1366 657 1412 713 sed
1422 658 1503 711 etrum
1512 658 1540 711 in
1550 658 1723 713 secutaribus
1734 661 1779 715 lit-

129 730 155 781 et
166 742 267 796 unques
278 732 395 800 emporis
409 728 597 799 amputandos,
615 730 641 781 et
652 728 690 781 sic
701 741 761 779 eam
775 724 926 779 bobertdam
980 726 1044 779 teris
1052 728 1213 795 peritissimi
1224 727 1400 783 habebantur.
1415 728 1542 797 Equibus
1555 730 1719 783 clarissimus
1736 732 1779 785 ille

130 798 160 850 in
170 799 296 867 conjuqio
312 804 399 869 (best.
413 800 489 869 xxi).
507 798 579 866 Quid
598 812 662 866 erqo
678 798 780 852 mirum
799 797 826 851 si
840 801 866 850 et
879 810 927 864 eqo
985 797 1784 867 senatorCassiodorus,uirrrndeeumquedoctissimusseno-

130 870 294 938 sapientiam
309 871 463 925 suaderem
478 874 590 940 propter
608 869 708 937 eloquii
724 870 891 922 uetustatem
905 871 930 921 et
986 868 1057 919 toria
1068 867 1202 935 diqnitate
1211 868 1342 938 deposita,
1353 885 1404 939 pro
1413 870 1463 925 Dei
1474 886 1563 923 umore
1576 871 1719 925 monaclms
1731 886 1782 925 cu-

130 940 307 995 membrorum
319 940 550 1012 pulchritudinem
570 940 603 995 de
616 938 716 993 ancilla
729 942 812 1007 atque
825 938 930 1008 captiua
983 938 1096 991 rtcbdrh's·
1110 941 1236 1007 efficitur.
1259 940 1417 995 succedente
1435 956 1495 994 sero
1514 945 1631 1009 ternpore
1650 958 1784 996 sterlinum

130 1010 309 1066 israelitidem
327 1014 415 1080 focem
434 1013 530 1082 eupsb?
549 1012 609 1066 Etsi
619 1009 755 1079 quidquid
768 1010 798 1063 in
816 1024 928 1063 mmor·
983 1009 1116 1063 manebis
1135 1013 1194 1064 erat
1212 1010 1333 1064 sardium
1346 1012 1560 1079 Scripturnmm,
1580 1016 1605 1065 et
1618 1014 1647 1065 in
1661 1014 1784 1068 omnibns

133 1082 210 1134 torrem
231 1085 270 1136 est
287 1083 457 1145 idololotria,
472 1083 630 1152 uoluptatis,
645 1082 753 1147 amoris,
772 1079 928 1145 tibidiaaan,
983 1077 1136 1147 disciplinis
1151 1080 1279 1133 bonarum
1294 1082 1395 1134 artium
1409 1096 1485 1134 amor
1498 1082 1618 1135 discendi
1630 1085 1781 1139 coratirurus.

131 1151 308 1221 selprreeidc,
320 1155 361 1209 uel
369 1153 448 1217 rado,
460 1158 486 1208 et
498 1156 597 1207 mistos
605 1153 751 1222 purissimo
762 1152 867 1219 corpori
874 1166 929 1205 oeas
982 1150 1050 1205 Nam
1066 1152 1115 1218 qut
1128 1149 1201 1203 docti
1215 1151 1252 1203 od
1264 1153 1458 1205 consutionem
1477 1155 1615 1211 venerant,
1636 1154 1783 1209 mitioribus

130 1222 239 1276 naculos
253 1240 287 1278 ec
307 1240 339 1279 ea
351 1240 446 1293 qenero
460 1226 571 1279 unnim
586 1222 722 1279 &boethi
734 1223 772 1276 lta
785 1220 842 1276 div.
859 1220 927 1276 ilie-
981 1220 1116 1286 [ratribus
1128 1224 1260 1289 preceque
1271 1221 1392 1274 ducendi
1401 1221 1506 1273 utiliter
1519 1222 1724 1289 ministrabaut;
1736 1240 1783 1279 nec

131 1305 273 1363 rcnymus.
303 1295 330 1351 S.
354 1294 521 1367 Augoustinus
537 1293 586 1348 lib.
608 1307 632 1348 tr
652 1291 687 1348 de
702 1290 830 1347 Doctrina
847 1291 927 1346 Chri·
981 1290 1782 1361 minor·atasprofieiendidesideriurnimpedirapotuit,quoe

129 1361 220 1418 silano
242 1365 317 1435 (Cup.
336 1370 369 1421 tt
390 1371 416 1421 et
438 1368 531 1435 seqq),
553 1378 608 1418 non
624 1360 706 1417 modo
729 1360 926 1432 philosophiam
980 1362 1456 1430 maquermumimpenorcqebamr.
1473 1363 1782 1433 b'toeropaueoseplu-

130 1430 258 1506 theologo
274 1436 367 1491 utilem
391 1451 449 1491 esso
468 1439 558 1502 docet,
572 1432 620 1489 aed
639 1439 666 1487 el
679 1431 855 1497 rhetoricam,
867 1446 927 1502 poe·
980 1432 1055 1486 ribus
1068 1434 1098 1485 in
1117 1432 1267 1501 eaemplum
1288 1432 1392 1494 denam
1408 1433 1577 1497 bonifacium
1594 1438 1621 1487 et
1638 1433 1781 1489 Rabanum

129 1502 223 1570 ticam,
250 1503 426 1571 dialecticam,
447 1502 818 1576 politicanr,arithmeticam,
843 1501 927 1559 hiato·
980 1502 1781 1573 archiepiscoposdloquntinos,liedumquoquepresbyterum

129 1572 208 1637 mam,
222 1582 250 1631 et
258 1577 407 1648 generatim
421 1574 553 1648 quidquid
568 1571 739 1655 agentillbus
747 1572 847 1653 rationi
858 1587 924 1628 con-
980 1574 1152 1655 humanum
1177 1588 1291 1655 utrorum
1356 1576 1419 1655 inus
1435 1575 1590 1655 matfridus
1607 1572 1694 1657 addere
1710 1590 1781 1646 puer

128 1652 926 1797 sititistiisitistililtriihtstitstiilt
978 1644 1781 1795 trististristisinstantissimi:

128 1787 211 1842 instit.
225 1786 312 1843 divin.
328 1788 494 1845 lectionum:
510 1787 659 1857 Quidquid,
676 1786 724 1851 ait,
737 1788 766 1839 in
779 1786 925 1867 scripturis
978 1789 1005 1840 et
1017 1786 1151 1854 apostolus
1163 1786 1355 1843 Germaniarum
1375 1786 1514 1839 habentur.
1529 1788 1647 1841 Essiam
1664 1800 1721 1854 epus
1741 1788 1779 1843 ad

128 1856 230 1913 diuinis
241 1859 275 1915 de
284 1861 383 1915 tatibus
395 1861 474 1915 rebus
485 1858 600 1923 (artibus
608 1872 641 1912 ac
656 1855 802 1925 disciplinis
826 1856 919 1912 libera·
978 1856 1778 1926 diuersoseleqautesepristotee.Eastuatetcamasyntuqmata,

130 1923 210 1995 libus)
225 1932 362 1985 inuentum
373 1932 467 1998 nteit,
482 1927 644 1999 procedenti
653 1930 750 1983 notitia
763 1927 857 1981 melius
864 1944 928 1997 pro-
940 1936 964 1998 Β
978 1928 1076 1996 quibus
1087 1928 1189 1994 inqenii
1205 1928 1262 1996 ejus
1274 1942 1341 1981 outa
1357 1926 1514 1981 redundans
1526 1928 1627 1995 linaria
1637 1942 1718 1981 sucu
1734 1930 1780 1983 do·

131 1995 210 2051 batus·
222 2000 354 2067 inlelli9i5
366 2006 469 2055 constiti
482 2002 554 2053 enim
565 2000 645 2067 quasi
655 2000 684 2052 in
694 1998 798 2066 oriqine
809 2014 858 2068 per
866 2001 928 2069 Spi—
980 1997 1780 2066 rbirtoeest’uditilabanusetiam,quieticmllonisaeioinor·

130 2069 217 2122 ritum
223 2072 362 2139 sapiendus
368 2086 458 2125 rerum
464 2072 580 2125 istarum
586 2068 687 2123 indicio
693 2069 926 2134 suissesemiuata,
980 2068 1177 2138 ibiepiscopotu
1187 2072 1279 2123 sentus
1289 2070 1319 2122 in
1330 2069 1425 2123 ordine
1434 2071 1567 2131 succutit,
1581 2071 1609 2121 iu
1619 2074 1779 2125 munasterio

130 2152 192 2205 quae
207 2144 299 2208 posteo
312 2140 427 2195 doctores
447 2140 617 2195 secularium
640 2137 795 2194 litterarum
807 2139 844 2194 ad
863 2155 927 2195 suas
980 2138 1107 2193 Fuldertsi
1113 2153 1183 2209 puer·
1196 2139 1234 2194 od
1243 2141 1437 2193 masersionern
1449 2142 1538 2203 sensit,-
1553 2141 1603 2209 qui
1610 2144 1740 2208 quantum
1750 2157 1779 2194 ert

129 2210 239 2277 repulus
249 2212 456 2280 prudentissime
468 2210 672 2265 transtulerunt.
689 2211 724 2264 Et
736 2223 800 2279 cap.
817 2214 862 2277 ab,
877 2226 928 2267 co·
981 2210 1182 2279 scipturarum
1195 2211 1307 2263 scicntia
1317 2211 1473 2279 profecerit,
1486 2211 1593 2277 infinita
1602 2224 1669 2278 pene
1680 2215 1779 2264 testan-

129 2281 332 2353 smographiam
346 2280 534 2346 commcndut3
548 2294 610 2351 cap.
624 2284 660 2335 26
676 2286 705 2335 ct
721 2284 768 2345 st,
790 2295 927 2350 gramma·
981 2284 1028 2334 tur
1041 2281 1176 2334 tutamina
1188 2296 1249 2349 quoe
1262 2282 1415 2350 composuit.
1427 2283 1463 2335 Et
1474 2280 1622 2335 nonsolum
1634 2295 1663 2334 en
1676 2287 1782 2350 eapost-

129 2347 224 2420 ticam‚
249 2350 423 2422 rhetoricam,
437 2352 616 2417 dialecticam,
638 2350 826 2423 geometriam,
845 2352 928 2407 arith·
982 2352 1051 2405 tione
1063 2366 1200 2405 sacrarum
1217 2351 1380 2417 litterarum,
1394 2350 1441 2405 sed
1456 2353 1536 2405 etiarn
1548 2353 1577 2405 in
1595 2351 1717 2405 munibus
1730 2352 1779 2405 hrt·

130 2419 268 2488 meticam,
283 2424 505 2487 astronomicam,
517 2422 653 2492 aliamque
663 2434 774 2475 omnem
788 2420 926 2477 liberalem
980 2424 1123 2477 munitatis
1134 2422 1239 2475 artibus
1251 2424 1431 2491 peritissimus
1445 2422 1511 2488 suit.
1523 2422 1658 2488 (intantum
1669 2424 1698 2475 in
1707 2425 1783 2491 poesi

130 2488 303 2563 disciplinam
315 2514 321 2549 :
334 2496 383 2549 Est
391 2496 472 2555 enim,
489 2493 584 2564 inquit,
597 2507 688 2547 rerum
699 2493 814 2545 istanem
821 2495 927 2562 prueul·
980 2493 1104 2555 ealuerit,
1123 2496 1205 2561 atque
1225 2494 1403 2557 carminibus,
1418 2493 1544 2547 mirabile
1556 2508 1621 2562 opus
1637 2492 1670 2545 de
1687 2498 1780 2548 structa

130 2561 222 2625 dubio,
237 2566 305 2619 sicut
314 2569 339 2618 et
348 2565 474 2634 patribus
485 2565 584 2619 nostris
593 2565 680 2617 uisum
691 2566 739 2627 est,
751 2564 827 2617 utitis
838 2567 864 2618 et
875 2579 928 2619 non
981 2564 1182 2617 cuceindicots
1189 2565 1357 2632 quantumin
1366 2564 1487 2617 br'stmiis
1494 2568 1611 2617 actuum
1620 2566 1781 2619 enuntiatus

128 2634 291 2702 retuqicndo
309 2636 432 2704 aequitio,
458 2635 567 2704 quando
590 2648 648 2687 earn
670 2636 700 2687 in
715 2634 812 2687 litteris
831 2636 926 2698 saeris,
980 2634 1077 2699 tuerit,
1091 2636 1198 2701 insipere
1206 2634 1329 2687 columen
1342 2633 1399 2702 ejus
1414 2634 1447 2687 de
1459 2634 1586 2689 Uictrcrso
1600 2640 1781 2702 prenotatam

130 2704 269 2773 tamquam
284 2708 312 2759 ia
325 2708 429 2774 orr'pine
446 2706 577 2775 qenerulis
594 2705 771 2773 perfectaque
787 2706 929 2773 sapientiae
981 2704 1110 2758 declarat.
1130 2704 1272 2758 Rhetoricae
1282 2705 1352 2758 ortis
1362 2706 1460 2757 notitia
1471 2706 1501 2757 in
1512 2706 1566 2760 scri
1585 2707 1619 2757 tis
1627 2708 1653 2758 et
1663 2706 1781 2773 epistolis

128 2774 227 2843 ubique
245 2778 345 2847 reperis
359 2791 414 2831 esse
424 2777 571 2843 distinam.
584 2776 692 2829 Rursus
705 2790 765 2844 cap.
778 2776 814 2829 28
827 2794 833 2828 ε
847 2776 931 2831 Multi
982 2774 1040 2843 ejus
1058 2776 1159 2844 copiose
1183 2775 1300 2829 ratonem
1317 2774 1496 2843 diqnoscitnr.
1511 2777 1547 2829 Be
1567 2790 1585 2827 a
1598 2775 1743 2828 monachus
1756 2779 1782 2829 at

126 2850 220 2913 patres
232 2850 319 2901 nostri
330 2847 429 2903 talibus
441 2848 539 2902 litteris
552 2845 662 2908 ensditi,
672 2848 699 2899 et
711 2847 741 2898 in
755 2846 811 2913 leqe
821 2846 931 2899 Domini
978 2845 1119 2913 presbyter
1128 2846 1296 2907 stenerabilis,
1307 2849 1361 2900 tcto
1370 2850 1448 2899 nonu
1463 2846 1492 2898 in
1500 2845 1572 2907 orbe,
1582 2860 1642 2900 cum
1654 2850 1720 2899 esset
1729 2860 1782 2900 on-

127 2921 311 2983 perrnaaentes
324 2918 361 2971 ad
373 2934 461 2972 ueram
474 2933 504 2973 sa
526 2919 636 2971 ieutiom
683 2918 843 2979 eueneruut3
857 2918 928 2971 sicut
981 2930 1077 2969 etonem
1093 2920 1203 2984 septem,
1225 2933 1242 2970 a
1257 2916 1417 2985 parentibus
1437 2915 1550 2970 canobio
1562 2916 1691 2977 traditur,
1705 2916 1782 2985 esque

131 2984 226 3038 beatus
243 2985 419 3053 Anqustinus
433 2988 481 3040 tib.
541 2986 648 3041 Docti)
667 2988 794 3048 visitans,
808 2989 929 3042 meminit
982 3000 1062 3055 opera
1085 2986 1114 3039 in
1129 2988 1253 3039 reticersa
1276 2987 1393 3041 Ecclesia
1416 2986 1542 3039 laudibus
1558 2987 1728 3040 attolluntur.
1746 2988 1783 3043 ttt

130 3053 222 3108 dicens
235 3071 245 3107 :
254 3057 312 3110 Noa
326 3058 468 3125 aspicimus
477 3060 576 3125 quanto
586 3070 653 3109 auro
663 3061 688 3110 et
694 3060 815 3123 arqento,
826 3061 852 3111 et
859 3062 929 3113 ueste
982 3057 1148 3111 sanctissimi
1157 3057 1221 3123 oiri,
1233 3060 1315 3125 atque
1323 3058 1354 3110 in
1365 3057 1512 3125 seripturis
1523 3058 1684 3125 peritissimi
1693 3057 1782 3111 docto·

129 3126 333 3190 serssureinatus
346 3127 442 3180 ceteri
455 3126 488 3180 de
502 3128 615 3194 anpto
630 3126 780 3194 Cyprianus
796 3130 822 3181 et
838 3128 929 3182 doctor
981 3142 1034 3190 res,
1040 3126 1175 3196 quidquid
1180 3126 1530 3209 descientioScriptnrarum
1538 3131 1648 3188 romunt,
1654 3129 1684 3181 in
1690 3142 1781 3182 mona·

128 3198 317 3258 adsensimus,
341 3200 367 3251 et
379 3200 486 3266 martyr
500 3196 687 3250 beatissimam?
697 3200 798 3264 quanto
818 3198 930 3252 hacton-
983 3200 1073 3253 stertis
1080 3199 1130 3251 sub
1140 3197 1241 3265 Reputo
1249 3197 1353 3252 ordinis
1365 3198 1528 3251 didicerunt.
1538 3199 1597 3253 Non
1605 3198 1782 3253 mittebantur

129 3268 207 3321 tius?
220 3272 320 3335 quanto
336 3268 499 3328 Victorinus,
512 3267 637 3335 Optatus,
652 3266 792 3321 Hilarius?
804 3270 840 3322 Et
852 3272 883 3321 ut
898 3269 932 3323 de
984 3282 1065 3322 rausa
1076 3268 1197 3322 discendi
1209 3268 1248 3321 ad
1267 3273 1391 3322 cateruas
1404 3271 1534 3330 nationes,
1549 3283 1607 3322 curn
1619 3270 1648 3322 in
1659 3269 1782 3325 curubiis

128 3337 198 3390 uitis
211 3341 320 3405 taceam,
353 3343 437 3392 uanto
451 3336 658 3392 inumerabiles
674 3337 779 3393 Graeci?
790 3338 859 3392 Haec
875 3337 929 3394 ille.
946 3309 1085 3407 Cserrqoer
1096 3337 1224 3391 baberent
1242 3336 1370 3391 bmrarum
1382 3340 1484 3391 artium
1500 3344 1686 3407 praceptmcs.
1702 3342 1782 3395 Tarm

129 3406 235 3475 Quibus
246 3406 318 3463 adde
331 3354 388 3463 dir.
401 3408 592 3471 Ambrosium,
604 3407 816 3479 Hieronymum,
832 3408 930 3478 ipsum·
984 3408 1018 3461 de
1032 3409 1135 3461 suteris
1152 3408 1281 3477 pluribus
1299 3408 1489 3461 eruditissimis
1499 3410 1578 3470 airis,
1593 3409 1629 3462 ad
1650 3413 1781 3463 monasti-

129 3491 183 3548 que
195 3479 390 3549 augustinum,
407 3479 528 3551 aliosque
547 3480 653 3545 Patres,
665 3493 734 3549 quos
746 3478 773 3533 in
793 3478 869 3534 omni
881 3494 929 3549 ge·
984 3479 1350 3547 eomiapueritiavenientes,
1361 3478 1544 3533 tomdoetrina
1553 3483 1783 3547 quamsanrtitate

129 3561 193 3603 note
225 3549 398 3605 saecularium
427 3548 601 3605 scientiamm
629 3549 785 3605 excelluisse
810 3557 927 3605 constat.
983 3548 1782 3618 qlouosrernalseuntaaaonasnusseneebatdemumorsu

130 3616 212 3687 Quid,
233 3619 306 3691 quod
331 3620 397 3677 olim
425 3621 553 3701 pleraque
577 3620 751 3687 monasteria,
778 3621 928 3690 prasertim
982 3622 1113 3674 trecorum
1121 3619 1781 3690 mentibusrepularisdisriplinaezelasseommen·

129 3688 369 3747 benedictinorum
387 3688 470 3747 fuisse
490 3690 631 3746 rideantur
644 3690 834 3746 studiosorum
846 3706 928 3762 gym-
982 3689 1099 3753 dandam,
1114 3692 1163 3759 qui
1173 3704 1215 3745 eos
1227 3706 1376 3760 numquam
1392 3693 1498 3746 sinebat
1511 3707 1565 3748 csse
1580 3694 1685 3747 otiosos.
1700 3693 1781 3749 Salso

130 3759 215 3827 nasia,
236 3768 263 3817 et
283 3761 383 3821 scholoe
407 3776 546 3817 sacrarum
572 3761 736 3824 litterarum,
758 3761 927 3832 aliarumque
981 3764 1051 3815 euim
1074 3764 1160 3830 efficio
1179 3760 1282 3826 ditias,
1297 3763 1441 3817 insomnes
1458 3763 1549 3817 amose
1562 3763 1730 3829 insistebant,
1748 3765 1783 3819 dc

130 3827 343 3903 disciplinarum,
363 3848 420 3888 non
442 3830 516 3901 quod
532 3832 567 3886 ab
586 3831 664 3886 initio
678 3831 705 3886 in
728 3831 801 3887 hunc
821 3831 927 3902 potissi·
980 3831 1782 3901 reliquo,mmoclristudiosambantscripturarum,quibus

129 3914 208 3957 muna
230 3903 313 3958 finem
327 3911 417 3956 erecta
435 3911 517 3970 atquc
530 3901 652 3954 instituta
667 3898 768 3955 luerint
788 3910 926 3958 monaste·
980 3917 1033 3956 rems
1049 3904 1132 3957 solum
1147 3902 1372 3956 illuminabantur·
1385 3903 1530 3965 intellectu,
1550 3902 1597 3955 sed
1613 3904 1694 3954 etium
1713 3917 1782 3956 com-

128 3970 180 4040 ria,
197 3978 229 4027 ut
239 3972 267 4026 in
281 3972 314 4026 iis
328 3971 479 4025 litterarum
501 3968 591 4024 studia
609 3968 716 4038 publice
724 3979 926 4036 exeranreutur,
978 3974 1170 4040 prrrrqebaatur
1181 3974 1297 4038 attactu.
1310 3977 1343 4027 ln
1353 3975 1480 4027 euereitio
1494 3972 1683 4027 monachorum
1692 3977 1782 4027 sancto

128 4049 159 4099 ut
180 4041 300 4097 haeretici
324 4046 479 4110 nuganture
506 4036 555 4094 aed
581 4037 644 4109 quia
662 4051 736 4118 'cum
763 4037 870 4109 pietatis
896 4054 928 4095 ac
981 4045 1266 4109 semperoiqetamor,
1301 4046 1332 4096 ui
1339 4057 1381 4097 eos
1394 4044 1426 4097 de
1436 4043 1545 4097 lectione
1553 4044 1590 4097 od
1603 4044 1731 4097 marebais
1741 4045 1780 4097 ui·

128 4111 266 4182 religionis
279 4108 371 4167 studio
394 4109 545 4180 conjunctae
559 4107 587 4162 in
602 4106 683 4178 plcrrs
702 4122 736 4162 uc
753 4108 929 4164 monasteriis
982 4110 1127 4177 pitantiam
1134 4116 1212 4164 cocat
1226 4115 1270 4164 stu
1291 4115 1368 4165 iosos.
1387 4114 1457 4167 Num
1471 4114 1556 4180 quise
1570 4115 1598 4165 in
1611 4114 1694 4166 sacris
1708 4114 1780 4167 Sori-

129 4182 200 4237 bene
212 4179 469 4237 institutismoxime
479 4178 619 4235 lloruerint
631 4122 713 4249 (tude
723 4180 831 4234 Hieron.
842 4181 929 4235 Plutii
979 4182 1068 4248 ptuns
1081 4181 1199 4249 amplius
1212 4182 1410 4243 cnudtussent,
1423 4182 1581 4237 vacantibus
1594 4182 1679 4244 horis,
1692 4182 1781 4239 studio

130 4252 177 4307 tib.
193 4252 263 4306 rr'de
279 4255 351 4309 anno
364 4251 451 4319 liclia.
466 4265 527 4319 usp.
544 4256 579 4306 22
593 4253 619 4303 et
631 4248 685 4319 33),
702 4257 730 4305 et
744 4248 837 4304 multis
855 4257 928 4306 tem·
981 4255 1007 4305 et
1018 4250 1231 4320 expositionibus
1242 4250 1394 4305 eurumdem
1416 4252 1599 4315 intendebant,
1613 4252 1694 4307 libros
1707 4256 1782 4324 coni

130 4320 254 4392 poribus,
269 4336 332 4377 cum
347 4320 409 4376 alibi
429 4336 496 4392 pene
511 4320 545 4375 ab
561 4318 689 4376 omnibus
700 4318 838 4377 destitutis
860 4335 928 4376 con·
981 4322 1215 4385 cientes,etuarios
1226 4325 1366 4384 tractatus,
1375 4322 1572 4392 quibusstudia
1583 4325 1703 4391 snutraim
1717 4338 1782 4379 uto-

130 4392 245 4463 temptui
260 4392 432 4458 haberentur,
454 4391 546 4447 sedem
560 4390 610 4447 sibi
622 4406 654 4445 ac
665 4389 835 4446 domicilium
855 4391 926 4463 apud
980 4407 1041 4446 rum
1051 4392 1179 4449 addeum
1189 4392 1308 4462 quotidie
1317 4393 1509 4463 provocabant.
1524 4396 1712 4451 cateniautem
1722 4397 1782 4462 fret-

128 4463 281 4519 monaohos
296 4462 465 4530 retinuerint,
482 4472 563 4535 atque
580 4460 642 4517 inde
655 4462 758 4518 multos
772 4463 927 4534 praeclaris·
982 4468 1045 4526 tres,
1054 4464 1139 4533 irrata
1154 4464 1226 4532 quod
1235 4464 1337 4531 ltaqum
1351 4469 1434 4527 cetat,
1448 4468 1502 4520 otio
1512 4482 1565 4521 non
1578 4466 1720 4529 cacabant,
1734 4466 1781 4521 sed

128 4532 213 4590 simos
227 4534 308 4601 viros,
321 4533 472 4605 pontifices,
487 4533 627 4599 doctores,
636 4532 781 4599 antistites,
794 4534 927 4589 sanctita·
977 4538 1038 4603 post
1045 4536 1182 4589 orationes
1188 4536 1499 4605 oanimanuumdireete
1506 4538 1676 4592 insistebant.
1687 4537 1781 4593 Libros

128 4603 163 4659 tis
184 4611 212 4661 ct
232 4604 364 4661 doctrinae
386 4603 464 4660 laude
485 4604 536 4659 insi
575 4617 616 4669 es,
639 4602 765 4660 Ecclesia
786 4603 926 4661 catholicus
980 4606 1139 4667 ccidebant,
1155 4608 1205 4675 qni
1223 4606 1320 4661 adhoc
1336 4612 1412 4662 erant
1429 4606 1529 4675 idoarei,
1550 4612 1575 4663 et
1593 4625 1610 4662 a
1630 4610 1781 4662 dmtoribns

128 4672 248 4732 subsidio
262 4685 289 4733 et
303 4682 465 4732 ornamento
479 4690 529 4745 pro
549 4670 671 4739 uxerint,
682 4680 708 4727 et
722 4673 795 4730 velut
803 4673 927 4732 lrtcemas
940 4677 966 4740 l)
980 4676 1052 4731 edita
1067 4694 1101 4733 eo
1115 4676 1219 4732 schedis
1231 4678 1268 4732 ad
1280 4678 1412 4732 mnndum
1424 4678 1588 4747 rediqebant.
1600 4678 1660 4731 Alii
1669 4679 1782 4746 scriptos

127 4743 256 4802 ardentes
279 4762 360 4816 super
380 4745 572 4801 candelabrum
591 4743 735 4810 erexerint,
762 4747 797 4801 Ut
811 4746 928 4801 trement
982 4747 1081 4803 codices
1092 4750 1235 4817 amiticiam
1248 4748 1484 4816 ronqlutinobaat;
1497 4748 1599 4800 nullius
1610 4760 1707 4800 manus
1719 4747 1781 4801 buia

128 4817 251 4871 omnibus
263 4820 311 4898 qui
322 4819 352 4871 in
361 4814 689 4885 umenecessitatis
702 4828 723 4871 v
737 4818 763 4869 et
775 4817 838 4870 Lete.
851 4816 927 4885 xvi).
982 4824 1074 4873 sancto
1089 4819 1181 4872 deerut
1192 4820 1290 4885 efficias
1307 4818 1462 4884 accedebant
1478 4831 1506 4869 se
1525 4830 1613 4869 omrtes
1632 4817 1782 4885 participes

127 4885 215 4957 Cujus
238 4901 275 4942 rer
295 4887 372 4941 testis
391 4886 617 4959 locupletissimus
630 4886 749 4941 loannes
763 4884 930 4945 Trithemius
982 4888 1244 4948 haberistudiontm,
1253 4902 1312 4956 quse
1322 4886 1568 4955 interpositionibus
1576 4886 1781 4956 Saipturarum

128 4954 175 5011 lib.
199 4955 261 5014 rde
283 4956 354 5011 Viris
376 4955 462 5013 illust.
482 4957 584 5014 ordinis
601 4955 659 5013 div.
678 4955 829 5023 Benedicti,
851 4957 929 5027 cujus
982 4957 1155 5025 qerebaatur.
1167 4958 1289 5011 iuniores
1301 4956 1782 5027 etiamtratresdiscepliuisinstituc

128 5026 236 5099 egregia
255 5026 423 5093 narratione,
444 5028 505 5083 licet
519 5028 584 5085 satis
598 5024 712 5100 prolixa,
738 5026 774 5084 ad
796 5027 928 5099 majorem
982 5029 1081 5082 bantur
1093 5027 1269 5094 scholasticis,
1287 5032 1369 5097 prout
1383 5030 1527 5099 unicuique
1540 5044 1630 5084 eorum
1642 5032 1779 5085 continete·

128 5094 210 5169 hujns
227 5098 265 5154 rei
281 5098 363 5155 hdem
382 5114 413 5155 ac
426 5100 645 5170 perspicuitatem
665 5096 752 5153 rhum
767 5112 858 5169 operae
872 5112 929 5169 pre
983 5099 1029 5153 bat
1045 5098 1152 5152 :oh'iia
1164 5100 1414 5166 pronuntiandis·
1426 5101 1455 5154 in
1467 5101 1670 5171 ortlroqrapbia,
1681 5101 1780 5155 inrise-

127 5167 197 5224 tium
209 5168 282 5225 lrunc
293 5170 384 5226 locum
395 5169 529 5227 illustrare
541 5186 548 5223 :
560 5170 738 5238 Apriaaipio,
751 5168 928 5293 inquittctffe.
983 5172 1065 5224 torisa
1082 5170 1208 5224 nonnulli
1233 5170 1275 5224 cet
1294 5170 1448 5235 dialectices
1475 5172 1588 5241 quidam
1614 5173 1643 5224 ia
1666 5172 1780 5233 musica,

128 5242 160 5304 ὃς
176 5240 238 5295 uide
248 5242 368 5297 eumden
384 5242 413 5295 in
426 5242 525 5300 Cicron.
536 5242 669 5308 Hirsauq.
680 5254 750 5294 anno
761 5242 838 5307 95²),
851 5254 882 5293 or
902 5242 929 5293 i·
982 5240 1162 5307 arithmetico,
1171 5244 1198 5295 et
1207 5244 1266 5295 aete
1275 5244 1459 5309 computistica
1468 5260 1476 5309 ς
1486 5243 1538 5296 alii
1550 5244 1580 5296 in
1593 5240 1781 5311 philosophia:

127 5310 172 5365 nis
180 5314 274 5373 mern,
280 5314 531 5384 mquadumporu
538 5312 819 5381 tienn'ciimperatoris
824 5312 928 5381 quarti,
982 5315 1064 5381 atque
1076 5313 1128 5366 alii
1135 5313 1164 5365 ia
1178 5312 1220 5367 tris
1225 5311 1286 5379 jam
1296 5312 1453 5379 fundatiod
1462 5314 1617 5383 &riptnras
1626 5311 1779 5367 introduce-

127 5380 211 5435 multi
219 5383 276 5436 oiri
284 5384 431 5439 dmdsdmi
444 5388 473 5439 in
483 5399 512 5439 eo
524 5386 682 5453 tloruenent,
694 5384 764 5438 urat
773 5384 803 5436 in
814 5382 928 5437 secundo
983 5382 1083 5437 bantur
1095 5384 1267 5449 theoreticam
1288 5384 1378 5438 nullus
1393 5385 1423 5437 in
1437 5384 1561 5438 canobiis
1577 5383 1648 5437 locus
1662 5383 1781 5438 dabatur

129 5448 198 5507 libro
220 5453 300 5523 brius
321 5456 503 5523 optumates
521 5459 610 5525 parte,
625 5457 758 5523 quantum
769 5456 927 5523 poterimus,
982 5453 1781 5523 otio,sedsursstudiisatqnelaboribussinquliinsistebunt.

128 5522 335 5592 replicabimus.
348 5526 417 5581 Nam
428 5526 516 5581 adbuc
527 5529 618 5581 sancto
630 5525 928 5592 Benedictocioente,et
986 5523 1060 5579 Unde
1073 5526 1155 5578 etiam
1174 5524 1255 5578 multi
1267 5526 1433 5580 sanctisunt
1449 5524 1647 5594 doctissimique
1666 5526 1697 5579 in
1709 5528 1783 5581 omni

126 5593 621 5667 ordineperdioersaterrarumspotia
626 5594 924 5665 dimisupleriqueno
978 5594 1090 5649 amentia
1101 5594 1307 5664 scripturarum
1319 5597 1375 5651 oiri
1389 5610 1450 5651 eum
1461 5610 1561 5664 maqua
1573 5596 1653 5651 laude
1664 5599 1781 5653 omnimo

129 5662 195 5721 biles
209 5667 439 5736 eruditusimique
448 5668 558 5736 iuuenes
575 5666 869 5722 mmostreisinstitutis
882 5679 925 5719 se·
978 5667 1024 5721 sui
1031 5669 1057 5720 et
1065 5664 1168 5721 ordinis
1177 5669 1326 5721 macutant.
1338 5669 1402 5723 Huc
1412 5667 1574 5723 anthemius
1586 5666 1620 5723 de
1629 5668 1780 5725 doctoribus

128 5736 245 5794 cundum
255 5738 383 5809 deputam
395 5738 453 5809 eires
467 5738 532 5793 collo
550 5738 741 5801 submiserunt,
754 5737 803 5807 qui
819 5751 872 5793 uon
881 5750 923 5791 so·
978 5736 1171 5793 nostriordinis
1177 5737 1611 5795 etmirobitistudiomonaelrorum
1617 5740 1780 5811 antiquitus,
