3848 6158
127 279 178 333 527
667 265 806 322 JOANNlS
825 266 973 321 casslnlll
993 265 1234 323 conlationes.
1726 264 1780 318 528

129 403 220 458 oculus
240 406 302 458 tuus
322 397 544 473 simpiaaetuertt,
566 398 650 450 totum
665 407 759 463 corpus
776 396 852 448 tuum
863 393 927 446 luct-
941 395 968 458 Α
981 390 1100 448 cundum
1126 389 1203 460 illud,
1225 391 1270 448 Sol
1295 406 1349 446 non
1372 390 1475 445 umidae
1497 403 1575 458 super
1598 386 1779 442 iracundiam

128 496 193 550 dum
204 498 272 563 ertu
287 497 313 550 si
331 497 421 549 autem
436 491 600 546 oculustuus
612 487 925 556 aequanimitatem
978 495 1093 544 uestrum
1117 487 1296 558 (Epiacum).
1319 484 1460 541 Haeevilae
1483 492 1586 540 nostrae
1615 482 1781 555 gubernatio

126 606 220 662 empus
238 588 493 645 tuumtenebrosum
507 585 558 640 erit
579 583 687 650 (Marta.
711 585 752 649 vr)
768 600 776 636 ε
795 596 828 638 eo
852 579 928 653 quod
978 579 1239 637 diciturseeundum
1252 579 1330 649 illud,
1345 581 1446 647 Quibus
1468 595 1521 634 non
1534 583 1573 633 est
1597 578 1774 646 qubernutio,

127 683 194 755 ipsa,
216 681 395 755 cogitationes
421 676 542 735 hominis
562 675 707 733 uniuersas
720 683 852 747 actusque
870 673 926 731 dis·
980 676 1080 731 cudunt
1091 679 1121 730 ut
1135 677 1215 744 [olm.
1231 677 1304 731 Haee'
1322 675 1468 732 consilium
1483 671 1634 730 rectissime
1654 671 1784 728 nomina·

127 789 249 840 canens,
276 780 451 845 cunctaque
468 767 587 846 gerenda
605 777 670 826 sunt
681 767 821 842 pervideat
843 775 928 839 atque
979 777 1036 840 tur,
1056 769 1113 826 sine
1131 783 1186 842 quo
1200 769 1266 825 nibil
1286 784 1366 842 agere
1378 769 1501 836 omnino,
1519 766 1669 839 Scriptura)
1683 775 1785 823 aucto

128 868 282 941 perlustret.
298 868 366 938 Quae
388 865 409 923 si
425 866 454 921 in
467 862 582 922 bomine
595 878 715 936 nequam
727 861 820 931 inerit,
835 861 863 919 id
874 868 926 929 est,
980 863 1070 933 ritate,
1083 863 1266 936 permittimur
1279 882 1287 919 ι
1301 873 1332 920 ut
1353 880 1388 920 ne
1411 864 1503 936 ipsum
1523 861 1635 934 quidem
1658 861 1787 935 spiritale

127 977 185 1019 non
199 960 378 1034 rerojudieio
391 967 419 1016 et
434 958 548 1017 scientia
557 957 727 1014 communita
743 971 794 1014 seu
804 955 928 1029 quolibet
982 957 1086 1023 vinum,
1110 957 1185 1031 quod
1196 958 1318 1015 ,laetificat
1337 958 1514 1015 corbominis
1528 958 1612 1024 (Ρωὶ.
1628 961 1707 1023 carr),
1721 956 1785 1012 sine

58 1121 62 1129 ¹
127 1070 221 1112 errore
229 1070 262 1113 ae
273 1053 489 1129 presumptione
501 1050 624 1124 decepta,
640 1057 732 1107 totum
745 1064 846 1122 eorpus
864 1064 928 1106 nos·
981 1051 1064 1125 ipsius
1086 1052 1210 1119 sinamur
1232 1053 1421 1110 moderatione
1449 1050 1598 1125 percipere,
1628 1044 1787 1108 secundum

126 1157 202 1207 bum
228 1147 310 1206 faciet
335 1146 524 1214 tenebrosum,
555 1142 607 1200 hoc
629 1153 680 1209 est,
700 1158 812 1201 omnem
841 1142 928 1199 aciem
981 1146 1070 1204 illud:
1092 1149 1157 1205 Cum
1175 1149 1283 1203 conuitio
1305 1148 1396 1202 omnia
1411 1149 1465 1214 suc,
1486 1161 1546 1201 cum
1562 1146 1672 1200 musitio
1691 1147 1788 1200 mnam

128 1239 230 1297 mentis
248 1247 383 1312 actusque
403 1246 516 1294 nostros
539 1236 636 1294 reddet
647 1236 789 1300 obscuros,
809 1235 929 1293 caecitate
983 1240 1050 1296 bibe.
1067 1243 1102 1298 Et
1113 1242 1212 1298 iterum
1226 1259 1232 1296 :
1248 1228 1263 1273 ‘¹
1277 1242 1354 1298 Sicut
1368 1242 1558 1296 ciuitosmuris
1570 1239 1667 1295 dinutu
1682 1242 1709 1294 et
1728 1254 1788 1295 non

130 1333 236 1389 scilicet
257 1333 388 1389 vitiorum
411 1339 440 1388 et
453 1329 690 1403 perturbationum
704 1328 825 1386 tenebris
847 1328 929 1384 invo-
981 1335 1157 1404 pis-rumdam,
1176 1337 1216 1391 etr
1232 1339 1270 1392 ese
1283 1338 1326 1390 prr
1338 1336 1387 1406 pm·
1402 1350 1456 1391 mn
1470 1350 1530 1389 mm
1544 1334 1655 1390 comitto
1675 1332 1788 1404 anquiri

129 1427 212 1485 tutos.
226 1429 258 1485 Si
277 1429 359 1495 enim,
370 1425 469 1498 inquit,
486 1427 575 1480 lumen
588 1425 661 1495 quod
671 1426 711 1480 in
729 1429 802 1480 tecet
814 1424 928 1480 reuera
981 1433 1042 1502 apta
1053 1430 1189 1502 (mouere,
1210 1444 1281 1500 xxv,
1298 1446 1348 1487 sec.
1365 1432 1448 1501 nux).
1464 1428 1550 1500 Cujus
1566 1427 1683 1501 privatio
1696 1441 1787 1500 quam

126 1526 203 1590 cunt,
213 1522 325 1577 tenebra
340 1512 530 1591 tpsdqmmc
544 1523 641 1576 erunt!
656 1519 730 1576 Nulli
747 1534 868 1591 namque
879 1517 929 1575 du·
983 1524 1131 1596 perniciosa
1141 1527 1177 1582 sit
1190 1524 1340 1593 monacho,
1349 1522 1500 1582 testimonii
1522 1522 1606 1596 hujus
1625 1521 1787 1596 exemplum

128 1615 205 1670 bium
220 1623 271 1682 est,
290 1622 397 1670 errante
411 1612 515 1686 iudicio
531 1613 623 1670 cordis
639 1613 742 1669 nostris
767 1620 795 1670 et
817 1613 930 1685 ignora-
983 1633 1016 1675 ao
1027 1619 1113 1692 figura
1134 1619 1261 1687 dederat,
1272 1619 1444 1678 dirutaeeum
1454 1634 1485 1675 ac
1495 1618 1555 1675 sine
1567 1617 1655 1674 muris
1666 1632 1787 1690 compa·

127 1707 211 1763 tionis
226 1714 308 1763 nocte
327 1721 461 1779 possesso,
481 1705 660 1779 mgitadones
679 1722 790 1778 quoque
804 1714 832 1764 et
846 1723 929 1781 opera
983 1727 1047 1768 rans
1058 1712 1170 1769 civitati.
1182 1714 1215 1769 In
1226 1712 1277 1770 bac
1290 1714 1431 1786 sapientia,
1442 1713 1471 1769 in
1489 1713 1540 1771 bac
1554 1712 1707 1770 intellectus
1717 1727 1788 1769 sen·

127 1809 222 1859 nostra
250 1816 313 1873 quae
344 1816 378 1856 ex
399 1799 569 1857 discretionis
597 1798 793 1859 deliberatione
813 1801 968 1893 descen-B
984 1821 1083 1880 amque
1092 1807 1291 1878 consistit,sine
1298 1809 1398 1881 quibus
1411 1824 1463 1866 nec
1471 1808 1585 1866 interior
1595 1815 1687 1865 nostra
1694 1805 1786 1864 autu

128 1895 206 1966 dunt,
221 1895 373 1967 maioribus
384 1902 559 1967 peecatorum
572 1895 693 1953 tenebris
707 1896 849 1970 implicari.
919 1907 921 1913 ’
984 1900 1224 1972 earidomus,ncc
1239 1903 1374 1976 spiritales
1389 1909 1520 1976 poterunt
1542 1901 1642 1959 divitie
1661 1915 1786 1975 congre-

438 1990 558 2047 CAPUT
573 1992 621 2047 lll.
984 1997 1052 2070 gari,
1062 1996 1212 2055 secundum
1225 1997 1291 2055 illud
1305 2015 1312 2053 :
1325 2005 1336 2034 ⁰
1350 2000 1416 2053 mm
1425 1999 1562 2068 sumentia
1572 1996 1720 2068 aurumne
1733 2000 1788 2054 do·

129 2069 506 2155 numerumnunerum,
517 2086 569 2141 quo
580 2086 631 2141 per
643 2072 812 2156 discretionis
824 2073 931 2143 mpen·
984 2106 1053 2155 mus,
1075 2096 1173 2148 ereum
1194 2094 1331 2149 uterium
1355 2095 1454 2148 summ
1475 2095 1608 2162 creperum
1624 2108 1683 2149 mm
1702 2110 1786 2152 sema

396 2146 463 2197 mm
476 2146 539 2198 sum
550 2142 660 2214 ‘impu'
984 2187 1129 2256 implentur
1141 2188 1250 2243 cellano
1267 2188 1387 2244 muribus
1403 2189 1508 2244 diuitit's
1524 2191 1652 2260 pretiosis
1663 2194 1689 2245 et
1710 2191 1789 2248 bonis

984 2281 1118 2344 (Proceri.
1134 2296 1219 2346 xxiv,
1234 2296 1284 2338 sec.
1304 2286 1384 2351 unx).
1401 2284 1479 2351 Haec,
1492 2283 1616 2355 inquam,
1630 2283 1789 2342 estaolidus

984 2373 1071 2444 cibus,
1087 2375 1134 2447 qui
1152 2375 1205 2431 nisi
1219 2392 1234 2432 a
1249 2375 1373 2448 perlectis
1392 2385 1499 2434 tantum
1520 2393 1553 2434 ac
1575 2378 1698 2435 robustis
1712 2380 1789 2437 sumi

984 2480 1043 2522 non
1055 2468 1167 2540 poterit,
1178 2469 1329 2526 seeundum
1343 2469 1411 2527 illud
1427 2489 1433 2525 :
1447 2473 1630 2540 Persectorum
1639 2477 1733 2528 nutem
1749 2478 1791 2531 est

984 2560 1085 2616 solidus
1095 2563 1178 2632 cibus,
1192 2579 1281 2619 sorum
1296 2566 1345 2633 qui
1356 2580 1408 2635 pro
1427 2565 1616 2620 cousuetudine
1628 2567 1791 2623 ecerdtutos

985 2654 1183 2713 bubmtrensus
1195 2658 1232 2713 ud
1244 2659 1429 2715 discretiones
1444 2660 1507 2715 boni
1523 2676 1555 2715 oc
1572 2661 1642 2716 moli
1650 2661 1728 2732 (Heb.
1745 2661 1789 2735 v).

984 2751 1052 2820 Quae
1067 2751 1093 2807 in
1114 2758 1224 2807 tantum
1240 2751 1313 2810 utilis
1333 2752 1414 2810 nobis
1426 2769 1459 2809 ac
1478 2754 1631 2810 necmsama
1653 2769 1790 2827 compro-

984 2841 1075 2913 batur,
1089 2852 1122 2901 ut
1135 2844 1218 2901 etiam
1232 2845 1314 2903 verbo
1330 2847 1379 2903 Dei
1390 2846 1504 2920 ejusque
1517 2845 1665 2904 dmudbus
1672 2856 1790 2921 coapte-
1826 2841 1830 2846 ’

986 2946 1043 3007 tur,
1069 2939 1221 2997 secundum
1235 2940 1300 2998 illud
1316 2963 1323 2998 :
1352 2944 1434 2999 Vicus
1449 2946 1489 2999 est
1513 2946 1584 2999 enim
1598 2946 1650 3001 Ilei
1661 2958 1751 3001 sermo
1764 2948 1791 3002 et

984 3033 1100 3102 citicae,
1115 3036 1341 3106 etpenetrubilior
1350 3039 1426 3092 omni
1437 3039 1529 3109 auum
1544 3041 1669 3110 onupiti,
1684 3044 1712 3095 et
1722 3056 1790 3112 per·

986 3130 1089 3198 tinpens
1097 3131 1791 3207 usqueuddiuisionemnnimuocspiriiuneompo·

947 3227 970 3292 c
985 3238 1162 3295 qumquoque
1175 3241 1207 3281 uc
1215 3227 1412 3292 medullarum,
1424 3226 1584 3284 etdisoretor
1595 3231 1791 3300 oopitutionum

985 3321 1011 3372 ct
1023 3318 1204 3376 detentionum
1215 3323 1301 3378 corda
1315 3321 1398 3395 (ace.
1414 3324 1477 3390 ru).
1494 3322 1602 3396 Quibus
1616 3323 1788 3384 manifestis·

984 3412 1055 3469 sime
1065 3413 1228 3486 declaretur,
1247 3416 1351 3474 nullam
1366 3417 1425 3475 sine
1441 3416 1613 3476 discretionis
1624 3419 1709 3493 pana
1723 3435 1790 3492 per·

983 3504 1055 3564 fecte
1067 3524 1147 3580 posse
1157 3509 1199 3565 vel
1212 3509 1314 3582 perlici,
1329 3510 1370 3568 vel
1383 3519 1456 3568 stare
1474 3512 1614 3569 uirtutem.
1627 3515 1662 3569 lit
1676 3512 1716 3569 ita
1725 3521 1789 3571 tam

984 3598 1056 3658 beati
1077 3603 1191 3659 Antonii
1213 3619 1296 3676 quam
1322 3606 1513 3665 universorum
1537 3607 1669 3666 sententia
1687 3602 1790 3665 delini-

985 3701 1046 3752 tum
1066 3704 1118 3767 est,
1135 3696 1330 3757 discretionem
1353 3716 1412 3759 esse
1427 3717 1490 3776 quae
1510 3702 1649 3776 flnogradu
1667 3702 1792 3777 intrepi-

127 3829 276 3888 rieurdiam
289 3830 365 3889 velut
378 3838 437 3888 toto
449 3847 566 3906 corpore
579 3830 703 3891 redditus
716 3833 877 3895 tenebrosus
893 3836 928 3894 ir·
983 3789 1052 3897 qum
1071 3792 1239 3900 m⁰f¹³qh¹¹m
1259 3797 1390 3902 perdum&
1405 3798 1440 3856 ad
1466 3802 1564 3869 Deum’
1579 3798 1793 3907 ,mmmm

226 3923 372 3981 Mimo
382 3923 399 3983 d
483 3933 527 3982 Η
985 3892 1097 3943 sununs
1113 3898 1366 3962 jugiterconservet
1383 3892 1490 3960 illaesas,
1511 3906 1585 3963 cum,
1598 3905 1651 3963 qua
1667 3889 1703 3948 ad
1719 3907 1790 3950 con·

127 3939 224 3982 'emm
243 3940 252 3980 ¹
400 3940 574 4077 affigam
589 4020 628 4078 Ν
984 3981 1174 4041 summationis
1187 3984 1293 4042 excelsa
1312 3985 1420 4059 fastigia
1441 3987 1549 4044 minore
1569 3986 1656 4059 possit
1678 3985 1787 4063 latiga-

130 4100 194 4168 Quu
207 4099 241 4155 de
266 4099 332 4155 bono
350 4060 516 4156 discretionis
532 4103 562 4156 in
575 4061 724 4174 Scripturas
741 4108 930 4178 sanctiorefe-
984 4072 1060 4181 tim
1074 4077 1232 4143 fflnmndj'
1254 4087 1282 4136 α
1304 4080 1364 4187 ΨΘ
1377 4093 1433 4187 (ῙΨ
1452 4080 1536 4188 ΨΜ
1558 4081 1644 4188 ‚etiam
1665 4097 1789 4155 9³⁰⁹&
1827 4120 1834 4132 ·

483 4177 591 4229 cauma.
984 4184 1043 4227 stus
1057 4170 1222 4243 laborantes,
1237 4174 1410 4246 perfeetionis
1425 4185 1597 4249 nequiverint
1610 4175 1723 4234 culmen
1744 4185 1787 4234 at·

163 4251 231 4305 Haee
246 4248 441 4322 estdisarctio,
462 4268 593 4327 quaenon
618 4255 709 4311 solum
734 4256 842 4317 lucerna
866 4276 931 4317 cor-
984 4264 1096 4338 tingere.
1108 4267 1241 4325 Omnium
1251 4285 1369 4343 namque
1379 4270 1511 4329 virtutum
1520 4262 1683 4346 generatrix,
1692 4279 1789 4331 eustos

128 4340 212 4412 poris,
230 4337 279 4397 scd
298 4341 381 4397 etiam
397 4351 408 4380 ⁰
423 4343 464 4400 sol
478 4345 513 4401 ab
533 4347 666 4418 apostolo
683 4360 869 4425 nuncupatur,
884 4369 930 4411 se·
985 4358 1206 4434 moderatrixque
1218 4362 1345 4422 discretm
1360 4373 1410 4423 est.

678 4466 809 4524 sunnin
828 4470 941 4529 GAZAEI
960 4472 1236 4536 COMMENTARIUS.

127 4560 204 4648 plen,
230 4564 315 4647 totum
328 4576 422 4648 corpus
438 4571 515 4652 tuum
530 4566 648 4654 lucidum
662 4574 813 4657 eritquiu,
829 4581 855 4632 si
866 4586 934 4638 recte
946 4588 972 4650 Ι)
986 4583 1165 4644 obedientium
1179 4591 1322 4648 intenttbne
1334 4592 1445 4648 uirtutis
1454 4594 1576 4649 eolorare
1593 4594 1790 4649 mostratur?

130 4635 292 4720 intendemus
299 4649 351 4719 per
363 4638 564 4722 simplicitatem
575 4646 754 4727 mactaturus,
765 4647 860 4705 bonum
866 4667 932 4722 opus
1023 4659 1036 4693 ¹¹
1051 4658 1200 4716 Historiam
1208 4661 1290 4719 babes
1300 4665 1340 4719 lll
1350 4666 1474 4736 neem,
1482 4664 1528 4721 ubi
1540 4663 1638 4721 Aebab
1649 4664 1790 4720 domoon·

132 4708 372 4777 amatunetumst
379 4725 470 4796 minus
481 4713 578 4768 bonum
589 4715 783 4774 eueummtur.
797 4724 833 4777 nt
845 4725 934 4780 siccu-
988 4736 1028 4784 tra
1042 4728 1092 4791 Dei
1104 4741 1270 4804 preceptum
1281 4735 1424 4792 communi
1435 4734 1507 4793 hosti
1523 4735 1578 4809 regi
1593 4735 1679 4808 syrte
1693 4736 1790 4792 inoon·

131 4779 243 4835 lustaus
262 4794 376 4850 mmmm
384 4783 481 4850 fueret,
489 4788 761 4857 totumcorpnstuum
768 4792 933 4853 tenebrosum
986 4801 1057 4857 sulta
1079 4811 1109 4859 et
1129 4802 1280 4862 inordinata
1301 4807 1446 4863 clementie
1468 4807 1600 4882 pepercit,
1620 4807 1788 4864 metentium

131 4853 193 4914 erit,
205 4852 271 4934 quio
282 4867 341 4908 cum
351 4869 479 4924 peruersa
488 4858 758 4942 intentionequtiiucl
766 4869 933 4938 rectumupi-
986 4872 1083 4929 mortis
1099 4889 1149 4945 pro
1161 4890 1194 4931 eo
1211 4876 1325 4948 accepit,
1352 4876 1485 4952 propheta
1509 4878 1700 4946 denuntiante,
1725 4880 1787 4937 urit

133 4927 190 4984 tur,
210 4926 260 4976 etse
274 4923 412 4991 splmdere
426 4943 516 4983 mrum
530 4929 679 4986 mmurubus
699 4937 828 4999 cernitur,
856 4941 932 4997 oud
986 4949 1079 5000 anima
1093 4950 1141 5001 tua
1151 4963 1204 5018 pro
1218 4951 1312 5004 anima
1322 4950 1406 5007 illitus.
1426 4979 1433 4987 ·

133 5007 246 5077 mim
257 4996 346 5048 'amen
360 4997 576 5069 ‘memiinistis
601 5001 767 5063 obscuratur.
781 5008 849 5066 Eaee
888 5026 931 5069 re·
1005 5016 1165 5100 '⁰Sicfliste·
1175 5018 1259 5076 abbas
1269 5018 1355 5076 solem
1364 5036 1420 5105 'prp
1433 5020 1616 5106 discretionis,
1633 5036 1682 5078 seu
1693 5019 1786 5104 ratio·

132 5079 402 5220 golnffiairlpcimusa
421 5140 480 5220 lico
500 5139 600 5221 electus
613 5152 641 5201 et
656 5145 784 5205 inunctus
797 5149 825 5207 in
837 5167 928 5225 regem
983 5086 1708 5235 zbislwgtusffprffatcwmrlrlmgeesrtlnltsmAfssoptbffl
1717 5092 1788 5227 ³153}

133 5205 273 5262 lsraelrtmr
288 5209 392 5279 populi.
404 5207 472 5264 vrde
484 5209 638 5286 historiam,
653 5216 748 5286 lector,
758 5221 831 5278 unde
841 5223 930 5280 discas
983 5230 1224 5299 Quemadmodum
1237 5239 1264 5290 et
1277 5234 1542 5309 Casuanuslibnnr
1551 5236 1673 5294 institut.
1683 5250 1746 5318 cap.
1756 5242 1785 5292 tl.

133 5276 228 5346 quanti
242 5277 317 5360 apud
330 5282 418 5362 Deum
430 5279 466 5337 sit
481 5281 645 5355 obedientia,
667 5296 698 5345 ut
713 5305 777 5370 quae
789 5293 929 5352 sacrificiis
982 5303 1072 5372 Quam
1089 5302 1342 5385 interpretationem
1359 5306 1491 5378 picenium
1507 5309 1592 5366 etiam
1605 5307 1669 5365 diro
1682 5307 1786 5364 litero·

131 5354 159 5402 et
167 5345 332 5403 holocaustis
344 5350 472 5409 omnibus
486 5353 653 5425 praeferatur.
664 5360 719 5415 Ubi
734 5360 813 5418 dirus
828 5363 928 5435 Greqo
981 5386 1065 5444 nymo
1091 5374 1193 5431 ibidem
1205 5378 1388 5435 ostendimus.

130 5417 187 5503 rius
207 5418 241 5474 ad
252 5417 332 5502 illam·
339 5420 427 5478 Saulis
437 5427 838 5507 excusadonem-oommentans
851 5453 858 5491 :
872 5439 927 5494 Hoc
1016 5443 1154 5517 lVulgata
1170 5447 1255 5505 editio
1270 5451 1366 5508 :Sicut
1378 5451 1555 5521 urbspotens,
1567 5457 1594 5508 et
1604 5451 1704 5522 ubsque
1719 5466 1788 5507 mu·

130 5489 431 5577 quedem,1nqutl,supe
439 5511 469 5549 m
480 5501 650 5583 monasteriis
660 5501 769 5584 numdi,
780 5519 840 5560 cum
851 5512 926 5576 quis·
981 5530 1073 5569 rorum
1089 5518 1191 5574 ambitu
1201 5538 1210 5587 ,·
1231 5523 1271 5576 riu
1293 5524 1337 5577 uir
1359 5527 1407 5593 qut
1418 5528 1565 5595 nonpotcst
1585 5523 1719 5595 loquendo
1741 5538 1788 5581 oo·

130 5575 182 5630 que
192 5577 280 5645 mmsis
293 5564 436 5649 relapsurus
453 5567 575 5624 subducis
601 5573 786 5655 metiundum
804 5579 927 5648 meloto·
981 5585 1206 5660 biberespim'tum
1219 5608 1297 5649 suum
1312 5596 1449 5661 (Proceri.
1463 5598 1558 5664 xxv).

130 5646 193 5686 rum
214 5648 337 5719 imperas
364 5635 481 5724 adjecere
493 5646 648 5724 manumet,
668 5658 728 5726 cum
740 5649 891 5716 repuleram
902 5659 928 5711 ct
1017 5665 1028 5693 ⁸
1050 5662 1153 5718 Teutas
1167 5662 1238 5737 vulg.
1262 5682 1268 5719 :
1284 5666 1425 5737 snpientia
1444 5669 1624 5738 aedificabitur
1638 5670 1787 5734 detrusti

129 5717 292 5760 communem
305 5710 391 5761 uttam
404 5707 527 5778 mulcti,
541 5716 566 5768 et
584 5728 704 5783 propriu
717 5720 840 5786 sequitur
851 5724 928 5781 urbi·
977 5731 1129 5800 prudentia
1142 5736 1321 5792 roborabitur.
1333 5741 1365 5794 ln
1376 5740 1499 5797 doctrina
1513 5743 1691 5814 replebuntur
1705 5745 1786 5803 ceth·

129 5777 927 5935 ltttbtbtltttttttltattltttttlt
980 5809 1385 5949 mamaeam
1406 5816 1529 5883 ¹⁰‘⁶‘⁸'⁰⁸“
1548 5821 1577 5873 θ’
1597 5817 1787 5890 mamm

167 2227 288 2302 Denique
313 2236 326 2264 ⁸
351 2227 396 2285 ille
415 2227 462 2301 qui
486 2227 590 2300 primns
608 2226 714 2302 judicio
740 2227 790 2285 Dei
814 2243 931 2300 regnum

129 2323 222 2397 populi
254 2319 364 2379 israelis
391 2320 518 2392 emeruit,
562 2321 627 2394 quia
672 2319 748 2379 bunc
785 2322 929 2381 duareno·

129 2418 172 2476 nis
197 2418 307 2476 oculum
337 2434 510 2493 nequaquam
524 2417 629 2490 habuit,
646 2418 720 2477 velut
736 2427 796 2477 toto
814 2434 930 2493 corpore

128 2513 291 2570 tenebrosus
311 2511 438 2585 eftectus,
452 2513 536 2571 etiam
550 2513 607 2586 ipse
618 2511 740 2587 dejectus
761 2521 803 2571 est
822 2528 929 2587 regno;

130 2605 932 2681 dum,lueemmhujustenebrisatqueerroredecepttumc·

129 2699 306 2774 ceptabiliora
318 2705 377 2761 Deo
383 2699 515 2759 mediisin
527 2717 576 2758 sua
586 2717 679 2775 quam,
690 2717 753 2776 erga
762 2710 930 2776 preceptum

129 2795 266 2854 Samuelis
279 2794 474 2864 obedientiam,
491 2795 607 2853 eredidit
617 2793 777 2868 judicanda,
792 2803 875 2870 atque
897 2811 930 2854 en

131 2890 177 2946 illa
191 2891 281 2962 magis
294 2898 371 2962 parte
385 2904 497 2948 causam
510 2887 671 2949 offensionis
682 2890 806 2962 incurrit,
825 2906 860 2948 ex
879 2907 932 2965 qua

128 2981 362 3055 repropitiandam
372 2983 424 3040 sibi
438 2982 560 3039 divinam
574 2991 729 3054 speraverat
744 2984 928 3058 majestatem.

129 3074 230 3146 Hujus,
247 3073 371 3147 inquam,
390 3073 561 3130 discretionis
584 3072 721 3147 ignoratio
734 3077 748 3112 Β
763 3076 859 3135 Achab
887 3093 931 3136 re·

129 3182 191 3241 gem
205 3167 288 3224 bruel
306 3165 460 3240 postillam
474 3167 680 3228 sublimissima
693 3170 816 3229 rictoriae
836 3172 932 3231 trium

129 3261 228 3338 phum,
250 3262 296 3335 qui
311 3262 334 3320 ei
352 3260 441 3319 fuerat
455 3263 505 3321 Dei
518 3262 610 3324 farore
636 3281 793 3338 concessus,
821 3266 930 3326 credere

129 3357 264 3430 compulit
274 3357 419 3415 meliorem
439 3371 498 3415 esse
515 3358 732 3419 misericordiam
745 3377 835 3434 snam,
847 3377 931 3436 quam

130 3449 219 3508 divini
229 3451 433 3509 exsecutionem
443 3451 643 3511 sevenssimam
653 3454 780 3528 praeoepti
790 3463 828 3525 et,
838 3471 931 3529 quarn

130 3545 282 3603 admodum
314 3544 364 3618 ipsi
396 3545 547 3618 videbatur,
576 3549 692 3606 crudelis
723 3550 838 3623 imperii.
867 3552 929 3621 Qua

130 3638 347 3696 consideratione
365 3640 497 3711 mollitus,
519 3640 589 3698 dum
606 3642 710 3700 mavult
729 3651 871 3701 cruentam
888 3645 931 3703 vi·

128 3735 245 3792 ctoriam
264 3735 409 3819 clementia
424 3745 589 3810 temperare,
603 3736 640 3795 ob
653 3734 828 3796 indiscretam
841 3741 929 3798 mise·
