3848 6158
93 246 153 301 -853

618 236 786 296 COLLdTlO
804 236 850 295 lli.
869 266 906 279 -
923 236 969 293 DE
987 233 1235 293 surrectione,

1701 248 1757 307 Sil

98 364 383 441 persollieetmanens
394 360 514 434 perlecta
530 360 641 419 bonitas
667 361 903 437 immutabilisque
915 366 941 429 Α
955 362 1028 433 filius
1044 365 1126 431 tutem
1141 363 1188 430 foc
1201 376 1243 419 me
1263 360 1334 419 sieut
1354 378 1440 421 noum
1461 365 1495 421 de
1507 370 1677 427 mercenariis
1699 374 1755 429 tuis

99 468 209 517 natura

404 562 525 620 CAPUT
536 560 601 619 Vll.

100 670 203 739 Quibus
221 669 355 737 preditus
375 668 413 723 od
437 666 631 723 sublimdutem
653 663 796 717 citaritotis
814 664 901 733 pessit

241 740 351 795 ascendi
362 745 456 811 etque
467 741 503 795 sit
516 739 546 791 in
564 752 596 791 ec
610 734 756 791 stabilitos.

135 840 163 897 si
173 840 233 912 quis
246 840 330 913 igitur
342 839 377 897 ad
390 838 587 912 perfectionem
599 838 695 909 tendit,
709 848 722 876 ⁸
735 838 769 895 de
785 838 833 895 illo
846 839 902 911 pri·

100 950 148 991 mo
161 936 266 991 timoris
282 935 379 1009 gradu,
393 948 476 1007 quem
491 933 600 1007 proprie
620 932 741 990 diximus
750 946 809 989 esse
821 930 901 989 serri-

100 1027 207 1095 lem,de
215 1044 270 1101 quo
282 1028 400 1085 dicitur:
418 1029 486 1087 cneii
495 1030 585 1084 omnia
596 1028 725 1096 feceritis,
732 1026 821 1093 dicite,
833 1024 899 1095 quia

98 1127 171 1179 serui
188 1125 298 1180 irrutiles
312 1140 406 1181 secernis
418 1127 492 1195 (Luc.
513 1115 630 1193 xrrt),¹'
648 1118 685 1177 ad
707 1119 834 1176 altiorem
843 1117 900 1191 spei

100 1219 240 1274 tramitem
254 1218 340 1291 gradu
355 1216 512 1290 proliciente
528 1211 701 1277 conscendet,
715 1211 761 1285 qui
770 1212 831 1284 jam
843 1226 900 1267 non

100 1330 190 1383 servo,
206 1314 254 1371 sed
273 1313 441 1370 mercenario
461 1308 722 1382 comparatumquia
745 1305 900 1363 mercedem

100 1406 288 1465 retributionis
302 1412 456 1479 exspectat,
472 1412 503 1461 et
519 1403 598 1476 quasi
615 1400 649 1457 de
670 1406 845 1473 peccatorum
856 1396 900 1453 ab

98 1500 234 1557 solutione
245 1508 273 1556 et
286 1500 386 1572 poenali
399 1500 497 1555 timore
507 1510 632 1563 securus,
645 1508 678 1549 ac
694 1492 835 1550 bonorum
848 1491 898 1549 sibi

98 1608 213 1666 operum
225 1593 367 1663 conscius,
385 1594 446 1649 licet
459 1591 548 1665 placiti
558 1589 703 1664 praemium
722 1588 899 1644 rideaturex-

98 1698 199 1761 petere,
213 1697 304 1745 tamen
318 1688 353 1744 ad
367 1686 498 1745 aflectum
508 1688 588 1745 illum
601 1685 648 1742 lilii
660 1684 708 1759 qui
722 1682 757 1741 de
778 1691 899 1755 pateruae

956 455 1059 527 (rua).

1241 561 1360 620 etrus
1386 563 1464 619 vru.

982 664 1120 730 munium
1143 665 1283 729 sacellani,
1308 669 1357 738 qui
1373 684 1425 739 per
1440 668 1582 725 clariritatis
1602 670 1735 738 effectam

1198 736 1335 793 declinent
1356 741 1470 795 nciliis.

990 839 1090 900 Sedud
1110 841 1193 898 istam
1205 840 1318 900 humilis
1328 844 1494 914 ponitentiae
1502 860 1600 903 rocem
1611 846 1640 903 in
1661 862 1755 905 occurr-
1853 832 1856 837 ¹

954 949 1018 991 sum
1027 936 1087 1008 ejus
1097 944 1175 1009 pater
1191 937 1345 1008 prosiliens,
1360 940 1465 1012 majore
1476 956 1559 1014 quam
1573 941 1671 998 emissa
1694 940 1753 998 tuc-

954 1037 999 1086 rat
1013 1029 1119 1103 pietate
1129 1030 1261 1102 suscepit,
1275 1046 1392 1104 eumque
1410 1048 1468 1088 non
1483 1042 1631 1091 contentus
1648 1034 1755 1091 minora

955 1119 1135 1190 concedere,c
1145 1129 1262 1195 utroque
1272 1123 1359 1195 gradu
1371 1124 1430 1181 sinc
1443 1124 1573 1182 dilatione
1587 1135 1755 1195 transcurso,

954 1212 1080 1287 pristinae
1100 1212 1223 1271 liliorum
1254 1213 1373 1271 restituit
1399 1214 1535 1287 dignitati.
1558 1217 1756 1274 Festinandum

956 1307 1070 1380 proinde
1084 1308 1161 1365 nobis
1175 1308 1261 1365 etiam
1274 1316 1327 1379 est,
1339 1318 1370 1365 ut
1380 1308 1415 1365 ad
1430 1310 1544 1366 tertium
1558 1309 1677 1367 liliorum
1692 1326 1756 1383 gra-

955 1400 1038 1471 dum,
1052 1401 1100 1476 qui
1116 1402 1209 1459 omnia
1226 1418 1289 1476 quae
1304 1404 1392 1475 patris
1407 1412 1472 1460 sunt
1488 1416 1537 1461 sua
1551 1418 1610 1460 esse
1632 1403 1756 1473 credunt,

952 1509 1001 1567 per
1012 1494 1234 1553 indissolubilem
1247 1495 1387 1552 charitatis
1400 1496 1514 1569 gratiam
1535 1495 1757 1562 conscendentes,

952 1590 1072 1645 coelestis
1085 1589 1158 1646 illius
1170 1590 1260 1647 Patris
1271 1589 1418 1663 imaginem
1431 1591 1677 1647 acsimilitudincut
1686 1591 1757 1648 reci·

954 1698 1019 1756 pere
1036 1698 1206 1747 mereamur,
1219 1692 1248 1739 ct
1273 1682 1308 1740 ad
1322 1682 1505 1740 imitationem
1531 1684 1586 1741 reri
1607 1684 1676 1740 illius
1697 1684 1758 1741 Filii

99 1783 274 1857 indulgentias
284 1784 442 1841 liberalitate
456 1783 617 1848 conlidens,
631 1780 724 1837 omnia
740 1793 801 1850 quae
815 1776 898 1849 patris
914 1779 938 1842 Β
953 1778 1126 1849 proclamare
1138 1776 1276 1850 possimus
1292 1796 1298 1832 :
1314 1779 1412 1834 Omnia
1423 1794 1483 1849 qnce
1496 1778 1575 1833 berbin
1585 1782 1677 1849 pinder,
1696 1794 1757 1833 tneo

96 1886 162 1934 sunt
171 1895 220 1935 sua
236 1894 293 1935 esse
307 1894 362 1935 nou
372 1879 497 1952 ambigit,
512 1878 654 1951 pervenire
665 1892 723 1934 non
736 1874 834 1947 potuit.
853 1868 898 1927 nd

97 1986 181 2043 quem
195 1973 278 2027 etiam
292 1971 338 2027 ille
352 1972 492 2045 prodigus,
507 1972 554 2044 qui
563 1988 629 2029 cum
643 1970 795 2028 substantia
813 1970 897 2045 patris

101 2066 185 2121 etiarn
198 2066 244 2121 salii
256 2082 358 2122 nomen
368 2066 509 2133 entiserat,
532 2066 653 2138 aspirare
672 2080 727 2121 non
741 2063 833 2134 audet,
854 2063 898 2121 di-

96 2178 162 2219 ecns
176 2179 182 2216 :
196 2166 255 2218 Jnrn
266 2178 318 2216 reon
331 2178 390 2217 snm
403 2162 502 2229 ‹iiqnus
512 2162 603 2215 securi
612 2161 685 2230 plius
696 2164 776 2227 tunm
798 2160 843 2227 scre
857 2174 898 2215 nte

95 2260 166 2313 sient
179 2272 263 2311 urtnrn
276 2256 309 2311 dc
323 2258 494 2311 mercernariis
507 2258 563 2310 tnis
579 2256 654 2323 (Luc.
669 2252 729 2324 xv).
751 2254 818 2309 Post
839 2253 896 2309 illas

97 2350 172 2405 enim
184 2363 333 2419 porcorum
351 2348 473 2421 siliquas,
485 2363 601 2420 quarum
616 2346 640 2403 ei
653 2346 763 2402 satietas
775 2345 896 2418 negaba·

94 2450 151 2510 tur,
168 2439 263 2508 idest,
282 2439 414 2497 vitiorum
435 2440 561 2497 sordidos
581 2437 665 2502 cibos,
681 2437 769 2511 quiin
791 2447 895 2495 semet-

96 2534 186 2609 ipsum
198 2551 333 2601 resersus,
344 2544 371 2591 et
385 2535 495 2591 salutari
518 2533 619 2591 timore
635 2541 828 2606 compunctus,
842 2532 894 2591 im·

97 2632 260 2688 munditiam
272 2647 418 2703 porcorum
432 2630 543 2687 horrere
554 2630 614 2704 jam
629 2636 763 2701 coeperat,
778 2644 811 2686 ac
827 2628 894 2686 dirae

96 2723 181 2783 imnis
194 2725 322 2798 supplicia
333 2725 508 2793 formidabat,
515 2724 652 2796 relutjom
664 2721 893 2791 servusellectus,

94 2820 179 2879 etiam
194 2819 354 2875 mercenarii
367 2828 470 2875 statum
487 2818 522 2875 de
539 2817 666 2875 mercede
684 2816 742 2889 jam
760 2815 893 2889 cogitabo,

93 2915 262 2987 concupiscit
275 2913 511 2981 aedicit20nnnti
527 2912 894 2981 trierccrniriiindemopatrt's

952 1875 1015 1926 secret
1034 1875 1122 1937 (Joort.
1138 1874 1210 1941 rvr).
1227 1870 1307 1942 Quod
1320 1872 1404 1927 ctiam
1418 1872 1452 1929 dc
1465 1870 1544 1927 nobis
1568 1870 1666 1927 beatus
1678 1874 1757 1944 llpo-

952 1965 1039 2023 stolus
1064 1965 1135 2039 prob
1142 1974 1223 2035 tetur,
1242 1966 1359 2023 dicens:
1384 1968 1480 2023 Orrtrn'o
1498 1971 1584 2023 restro
1612 1971 1686 2032 sind,
1703 1968 1758 2025 sire

954 2061 1068 2129 Pettius,
1090 2064 1145 2116 sire
1166 2062 1274 2131 alqtolle,
1291 2064 1346 2117 sice
1360 2062 1472 2131 Cupiens,
1486 2064 1541 2117 sire
1557 2060 1685 2125 miriades,
1703 2065 1758 2119 site

951 2160 1758 2231 cite,sinemurs,sircprccsentiu,sircsrilnronmm'uaestro

950 2255 1039 2321 suntid
1054 2256 1112 2313 Cer.
1131 2254 1190 2328 ιιι).
1206 2254 1342 2327 Adquam
1353 2254 1560 2312 similitudinem
1568 2255 1651 2313 etiarn
1663 2256 1757 2313 Solea·

951 2349 1018 2405 toris
1044 2358 1182 2422 praecepta
1198 2365 1251 2407 nos
1272 2358 1422 2423 provocant
1443 2370 1449 2406 z
1467 2337 1489 2419 d,
1499 2353 1600 2419 Estote,
1616 2350 1714 2422 inquit,
1732 2356 1758 2408 ci

949 2446 1124 2514 resperserit,
1140 2446 1210 2500 sient
1221 2450 1246 2500 et
1260 2446 1343 2501 Peter
1357 2448 1440 2499 cester
1450 2444 1560 2501 celestis
1571 2447 1759 2515 per-seclnscst

949 2542 959 2604 (
973 2538 1136 2603 Muttine).
1159 2539 1189 2593 lu
1201 2536 1252 2593 illis
1265 2538 1338 2593 enim
1352 2553 1563 2610 nonnumquam
1583 2539 1653 2596 solet
1672 2540 1757 2598 inter·

951 2630 1041 2701 rumpi
1062 2627 1337 2699 bonitatisaliectus‚
1353 2647 1419 2686 cum
1430 2631 1520 2704 aliquo
1540 2632 1581 2689 rel
1595 2642 1699 2705 tepore,
1714 2636 1757 2692 rel

949 2724 1066 2791 leutitia,
1079 2723 1121 2780 rel
1143 2723 1327 2780 oblectatione
1345 2725 1423 2797 rigor
1443 2726 1528 2782 animi
1545 2727 1692 2792 relaxatus,
1710 2738 1759 2787 aut

951 2825 1061 2874 metum
1074 2816 1109 2873 ad
1123 2831 1242 2889 praeseos
1254 2815 1394 2889 gebeonm,
1408 2826 1455 2874 out
1468 2816 1633 2874 desiderium
1645 2820 1755 2877 subtra-

950 2910 993 2966 bit
1009 2908 1186 2982 ,futurorum
1201 2912 1236 2965 Et
1253 2918 1295 2966 est
1308 2910 1417 2982 quidem
1435 2910 1463 2966 in
1478 2910 1530 2968 illis
1545 2912 1646 2985 gradus
1666 2914 1757 2988 eujus·

95 3012 149 3065 mei
158 3008 296 3063 abscindunt
305 3008 430 3077 portibus,
446 3012 471 3062 ct
483 3009 582 3076 eqoln'c
595 3008 673 3074 scurrae
683 3007 780 3076 pereo!
794 3008 892 3061 lica-cr·
948 3004 1015 3061 dam
1032 3003 1171 3077 proiectus
1186 3003 1314 3061 imbuens
1328 3021 1393 3075 nos,
1413 3014 1445 3063 ut
1458 3005 1526 3063 dum
1551 3006 1591 3063 rel
1611 3022 1756 3079 poenarum

94 3109 142 3159 tar
161 3120 222 3173 erqo
232 3104 270 3157 ud
278 3109 384 3173 prurirent
399 3118 497 3164 mettin,
516 3100 639 3154 ridicnm
655 3100 718 3153 illi:
734 3101 825 3162 Peter,
834 3113 894 3168 pec·
948 3106 1035 3167 metu,
1051 3098 1092 3154 vel
1105 3097 1281 3170 praemiorum
1296 3113 1344 3171 spe
1359 3098 1507 3171 incipimus
1524 3099 1589 3155 vitia
1607 3100 1752 3171 declinare,

91 3202 153 3255 coe-i
166 3199 296 3254 incenium
306 3203 331 3253 ct
342 3195 543 3265 conuenientes
556 3210 607 3249 rnen
620 3209 680 3250 stim
695 3193 792 3261 diqrrus
804 3194 896 3248 eucccri
909 3178 932 3242 C
948 3189 983 3246 ab
995 3188 1134 3247 charitatis
1148 3190 1263 3263 gradum
1278 3191 1396 3248 transire
1414 3192 1563 3263 possimus,
1578 3193 1640 3266 quia
1652 3196 1751 3258 Timor,

642 3380 770 3435 sillani
790 3378 903 3434 Gstzutl
922 3375 1203 3433 COMMENTARIUS.

129 3558 142 3584 ι
156 3546 369 3615 Distinguuntur
388 3553 445 3600 tres
455 3552 542 3600 status
559 3544 614 3601 sire
625 3542 725 3615 gradm
748 3541 893 3599 bominum
944 3545 1019 3613 pins,
1034 3544 1058 3597 ct
1070 3542 1219 3611 religiosus,
1231 3544 1297 3597 cent
1310 3541 1437 3605 tolerans,
1452 3542 1515 3597 ct'ut
1526 3545 1672 3609 coriti-rems,
1687 3550 1754 3604 ctut

95 3617 125 3673 in
140 3617 194 3672 vita
208 3614 350 3689 spirituali.
378 3617 486 3673 l‘rintus
502 3625 528 3672 et
543 3615 706 3672 infimuscst
722 3623 810 3671 status
823 3614 893 3671 iuci-
947 3616 1095 3684 operositas,
1110 3617 1135 3667 et
1145 3617 1176 3668 ui
1186 3618 1302 3681 martyr,
1317 3618 1343 3667 ct
1353 3617 1385 3668 ut
1400 3616 1545 3683 cepatitrbnc
1554 3618 1698 3685 paraclitus.
1721 3621 1754 3674 ln

94 3689 238 3760 pientiam,
249 3688 295 3761 qui
310 3688 408 3744 timore
419 3688 510 3745 servili
524 3687 671 3744 trabuntur
683 3686 718 3743 ad
732 3686 847 3754 bonum,
864 3693 893 3742 et
946 3687 1070 3741 cornibus
1081 3688 1170 3739 recitem
1178 3686 1314 3754 perlectae
1324 3688 1409 3739 nescio
1418 3702 1453 3739 cert
1463 3687 1535 3741 cilices
1544 3689 1751 3753 sit,uisisolnnt.

93 3775 109 3816 a
139 3762 212 3816 malo
236 3761 423 3827 retrahuntur,
439 3760 516 3834 juxta
535 3758 624 3815 illud:
651 3760 771 3815 Oderunt
788 3774 897 3829 peccare
950 3760 974 3813 it
984 3760 1035 3829 qui
1044 3760 1153 3841 propter
1164 3772 1210 3810 ocis
1220 3756 1310 3811 incinit
1324 3757 1467 3811 leomiucrn.
1483 3758 1512 3837 S
1528 3758 1690 3814 Anrbrosius
1704 3760 1750 3815 lib.

92 3834 160 3886 ntuli
172 3833 327 3900 sorntidimr
339 3848 433 3901 pernice.
449 3829 592 3888 Secundus
631 3828 825 3895 colicienlium,
850 3828 896 3899 qui
949 3844 988 3885 ιιι
1000 3826 1079 3885 otuu.
1095 3828 1171 3897 (Cup.
1182 3826 1223 3897 tl:
1236 3830 1329 3895 Ipsum
1341 3828 1465 3889 Periclem,
1478 3834 1526 3893 art,
1537 3828 1593 3893 lcqo
1599 3831 1752 3897 perfectum

92 3916 140 3973 spe
156 3912 184 3958 ct
203 3903 341 3958 desiderio
358 3899 586 3955 remunerationis
620 3906 751 3952 ucuntur.
766 3898 893 3965 Tertius,
949 3904 975 3953 ct
987 3916 1039 3954 iton
1049 3900 1211 3967 perlectum.
1225 3899 1292 3954 ll'om
1307 3912 1367 3951 cnm
1381 3897 1496 3952 elisisset
1510 3916 1516 3951 :
1529 3900 1588 3952 al'un
1606 3898 1678 3967 quod
1690 3900 1751 3969 jum

93 3972 287 4043 perfectorum,
319 3972 345 4026 ui
362 3970 421 4025 solo
434 3983 528 4023 amore
541 3974 570 4021 ct
592 3965 722 4020 charitate
741 3974 895 4035 morentur,
948 3972 1090 4037 acceperim
1101 3972 1150 4022 crui
1155 3968 1216 4037 jum
1224 3970 1359 4037 perfectus
1368 3971 1531 4037 consequor
1540 3972 1640 4037 euertere,
1648 3972 1675 4023 si
1687 3986 1752 4026 com·

91 4045 243 4100 secundum
255 3988 321 4096 illei
331 4060 337 4094 :
348 4041 468 4095 Oderunt
478 4051 591 4107 pcccore
603 4035 665 4089 botri
674 4037 784 4089 nitentis
795 4052 894 4091 antero.
944 4039 1124 4108 preliandum,
1139 4042 1232 4092 stetim
1244 4039 1358 4107 snlq'ecit
1370 4058 1378 4091 :
1392 4042 1555 4107 [loricamque
1564 4056 1624 4107 erqo
1636 4043 1754 4109 qun-sceti

92 4118 183 4186 Atque
208 4113 236 4167 lri
259 4120 314 4166 tres
334 4118 422 4164 status
444 4108 503 4163 aliis
526 4104 643 4162 uocibus
664 4104 793 4163 dicuntur
809 4114 896 4165 status
948 4108 1283 4177 sienusbuptccnnmcst
1290 4110 1380 4174 sermo
1386 4111 1631 4177 perfeetionisulin
1639 4112 1749 4179 irretitos,

90 4199 236 4241 serrorum
247 4180 481 4235 rrtcrceoariorum
492 4187 518 4233 et
531 4176 663 4233 liliorum.
948 4179 1100 4248 oiiuplenos
1107 4177 1411 4244 circmciusicbms3e1iu
1419 4180 1470 4245 lue,
1478 4180 1532 4233 cliii
1540 4182 1580 4235 ibi
1584 4182 1655 4247 ;ulie
1661 4198 1752 4239 secten-

128 4249 182 4307 ”A
207 4253 306 4305 timore
328 4251 403 4306 euim
426 4250 517 4306 seruili
545 4246 776 4322 progrediendum
796 4254 838 4304 est
860 4247 895 4306 ad
947 4248 1751 4322 ricembominispossibilitutem,eliosceundumpcrsectioncm

92 4338 181 4393 spem.
198 4320 279 4378 Unde
290 4321 456 4394 Augustinus
467 4335 606 4393 exponens
626 4318 692 4376 illud
708 4318 892 4375 Doridicum:

947 4324 1084 4390 ficturum.
1095 4324 1165 4377 Deus
1173 4324 1262 4375 eutem
1268 4324 1360 4389 prestus
1367 4324 1519 4391 perentetica,
1526 4326 1632 4394 sapiens
1639 4342 1689 4395 per
1695 4342 1750 4383 om·

92 4394 292 4462 llcncplucitnm
302 4400 339 4448 est
348 4396 460 4448 Dourion
470 4410 552 4464 snper
563 4393 685 4446 timcrdcs
696 4406 764 4455 curn,
776 4396 802 4446 ct
816 4393 844 4445 in
857 4393 894 4448 cis
946 4397 1003 4458 nicr,
1028 4393 1151 4460 terdecies
1160 4394 1312 4463 peromnic,
1320 4391 1396 4447 ldcm
1405 4391 1461 4449 iere
1472 4392 1553 4449 babet
1565 4398 1599 4449 D.
1610 4396 1749 4471 llicruny·

91 4464 589 4534 qm'speruntsuperrnisnicmdineins
601 4463 809 4533 ll’snlsxnvr).
818 4466 892 4525 Ecce,
946 4479 1008 4521 ntus
1023 4462 1452 4537 ib.tadversusl’clugiauostt'np.
1460 4468 1486 4532 5)
1493 4465 1618 4523 eumdem
1624 4468 1748 4540 Apostoli

91 4536 188 4605 iuquit,
211 4539 301 4590 linunt
307 4536 392 4590 Jridus
404 4536 522 4590 trucidor
532 4536 644 4601 diuise,
651 4534 698 4588 sed
706 4550 759 4589 riou
772 4536 894 4604 spectet
946 4536 1037 4593 locum
1047 4542 1229 4609 pertractans:
1242 4536 1355 4605 Ecquis,
1364 4536 1412 4604 ait,
1421 4540 1751 4608 perspicuumcstdtutsin

92 4608 312 4661 interemerit-ordin
321 4610 417 4677 ipsine.
429 4610 521 4661 Postea
529 4607 601 4658 sertim
614 4607 743 4673 poentio-n
751 4621 810 4659 curn
819 4605 892 4674 qnod
944 4608 1197 4682 Scriptttrisscuctis
1208 4610 1450 4676 csseperlcedimtes,
1458 4610 1751 4679 duosqtcejttstitins.et

90 4679 236 4733 tranliderit
248 4680 394 4733 t'ltristurn.
404 4680 472 4732 liene
484 4675 592 4745 quidem
602 4676 729 4743 tirrtttisti,
738 4677 784 4731 sed
793 4678 818 4731 si
828 4692 889 4746 spc-
944 4680 1010 4739 dices
1021 4685 1138 4738 tetriores.
1147 4681 1265 4737 Prirnmn
1275 4680 1508 4748 perfect-inorme
1515 4679 1750 4746 incomparabilem

92 4764 167 4803 rores
180 4752 208 4803 in
229 4750 412 4804 romericurdin
426 4748 482 4818 ejus
497 4762 573 4817 quern
589 4747 715 4800 timreisti.
732 4747 779 4801 lllc
797 4746 889 4817 despe·
943 4748 1750 4825 ceritatem,persectemqnejacsb'tiumlicieirtntibuscoopton-

91 4820 177 4873 ruendo
191 4820 269 4885 cubile,
284 4826 308 4873 ci
323 4822 456 4889 loquente
470 4818 619 4889 suspendit.
632 4820 705 4885 Erqo
714 4818 752 4871 sie
761 4819 823 4871 time
836 4820 890 4873 llo-
907 4843 932 4904 D
947 4825 1021 4879 dum,
1030 4820 1747 4889 Secunda-nequierequiecrimpetitncstrc’srcoqilileii,

90 4891 204 4952 minum,
221 4894 250 4944 nt
267 4906 356 4958 speres
376 4893 402 4943 iu
416 4890 677 4959 rriiscricmric'nejece.
696 4888 817 4943 Plncobis
824 4890 893 4944 enim
943 4894 1115 4966 jicxtdillud
1125 4890 1198 4962 qarod
1210 4888 1477 4943 iirl‘solmisdicilur:
1487 4890 1749 4961 b'onjacstificnbitnr

91 4976 162 5021 cttnr.
177 4962 202 5013 si
213 4976 299 5029 speres
312 4963 341 5015 in
355 4961 541 5015 otiseiicordin
555 4961 623 5031 ejus.

125 5034 138 5062 ⁰
151 5032 300 5087 Scrrorurn
313 5032 427 5099 scilieet,
440 5030 717 5087 etmcrccnnriorum.

124 5102 238 5165 “Sicut
255 5118 309 5157 nou
325 5102 580 5174 aequalitatemsed
608 5100 777 5175 qualitatum
795 5098 895 5156 simili-

89 5171 214 5229 tudinem
225 5172 348 5239 denotet,
360 5182 388 5229 ct
405 5188 466 5228 cam
481 5171 592 5244 quidem
614 5168 822 5229 similitudinem
833 5186 895 5244 quae

90 5243 162 5299 iuter
179 5248 268 5300 Deum
282 5254 309 5300 ct
320 5245 479 5313 bononem,
490 5258 619 5316 nonquae
630 5243 701 5299 inter
719 5241 860 5298 hominem
868 5250 895 5298 et

89 5312 232 5371 homiuem
243 5332 302 5373 csse
315 5324 423 5388 potcst3
448 5331 504 5372 non
516 5316 591 5372 enim
607 5314 680 5371 illam
699 5312 895 5386 perlectionem

89 5401 152 5458 qum
166 5387 193 5441 in
207 5390 265 5441 Deo
283 5396 323 5443 est
342 5387 449 5459 assequi
472 5394 521 5443 aut
577 5401 643 5443 uate
667 5400 830 5458 possumus,
845 5384 895 5443 sed

90 5470 238 5528 possumus
257 5466 351 5515 tamen
377 5458 490 5515 inuitari
507 5459 553 5515 Un
574 5474 590 5514 e
610 5460 703 5514 Patres
727 5462 895 5515 annotarunt

90 5541 148 5583 non
162 5545 247 5585 unam
258 5546 328 5600 esse,
341 5530 388 5586 scd
400 5530 580 5603 multiplicem
591 5527 766 5603 perfectionis
775 5528 893 5601 speeiem

88 5596 117 5654 in
129 5600 280 5673 scripturis
294 5600 472 5673 designatam.
488 5602 615 5659 Clemens
626 5598 829 5656 Alexandrinus
842 5599 891 5657 lib.

88 5672 303 5727 rrStromatum
317 5691 324 5728 ε
338 5673 561 5744 limentioinquit,
572 5674 723 5745 perfectum
734 5670 828 5726 miultis
834 5686 893 5727 mo-

89 5740 134 5797 dis
143 5746 328 5814 accipimuset
339 5746 362 5799 is
375 5746 469 5815 estqui
479 5746 507 5799 in
518 5746 816 5815 tcrntqnuqueuirtntese
825 5747 894 5801 recte

89 5816 172 5883 perit.
189 5817 464 5887 Perticitaritoqttcct
477 5820 678 5873 cmunmmutur
691 5816 803 5887 uliquis,
821 5819 853 5872 nt
865 5818 892 5871 et

949 4967 978 5019 in
989 4970 1127 5035 consqnctn
1139 4968 1184 5017 tuo
1194 4960 1280 5016 omnis
1289 4961 1379 5016 cicens
1390 4960 1471 5029 (Psoi,
1479 4966 1585 5029 cxnrr),
1595 4964 1748 5035 oclecrmju-

950 5038 1066 5103 stitr'nm,
1076 5048 1196 5107 quianon
1204 5033 1409 5101 coorpurutc'one,
1421 5032 1468 5087 scd
1475 5034 1638 5089 Deiscr'cmtio
1648 5036 1749 5091 dicitur

950 5101 1497 5183 csseperrecin.DeniqueCassianusiufra
1508 5118 1542 5159 ex
1560 5106 1749 5163 sententiaab·

950 5176 1022 5234 batis
1034 5175 1220 5235 Cbaeremonis
1231 5182 1269 5229 tta
1277 5172 1311 5229 de
1320 5173 1485 5247 perfectione
1492 5174 1586 5230 scribit
1594 5176 1669 5247 (cap.
1679 5180 1724 5245 ta)
1737 5196 1746 5233 ε

949 5246 1749 5320 ProstotuutqnenectnmunniusmrjnsqneinerniisScrapturu

949 5322 1043 5377 dit-ine
1054 5322 1090 5377 od
1100 5316 1419 5388 diecrsosperlectionum
1431 5318 1533 5387 qrndus
1540 5319 1650 5374 arbitrii
1662 5324 1750 5377 rtoslri

945 5396 1075 5519 pgr-ouond
1086 5392 1236 5448 libertatem
1246 5408 1254 5456 ;
1265 5404 1310 5443 nec
1318 5392 1387 5443 enim
1394 5391 1653 5461 poteretunitnmtis
1660 5394 1749 5449 omni·

967 5480 999 5519 us
1010 5465 1182 5533 perfeetionis
1190 5464 1404 5531 corortopropcnd
1410 5480 1418 5528 ;
1432 5462 1496 5530 quie
1508 5476 1555 5516 nec
1567 5463 1685 5519 omninum
1693 5480 1749 5522 nito

948 5536 1044 5599 eitius,
1055 5550 1109 5589 ntro
1119 5536 1250 5595 colendos,
1260 5536 1308 5586 cent
1317 5534 1409 5600 feruor
1420 5536 1476 5587 est:
1488 5536 1512 5586 ct
1522 5532 1620 5589 idcirco
1628 5537 1748 5607 ipsumam

948 5606 1066 5677 quodam
1076 5604 1352 5677 modoperscctionum
1363 5604 1602 5671 diuersosordines,
1611 5607 1748 5665 diuersus·

948 5693 1001 5748 quc
1014 5692 1153 5734 monoceros
1164 5690 1250 5733 sermo
1262 5674 1370 5730 dietatis
1382 5676 1510 5731 instituit.
1534 5678 1611 5745 thod
1632 5682 1674 5735 ito
1694 5692 1748 5735 csse

947 5746 1747 5819 Eeertqclicurmnqnocniebcctitndimontrorutosecideotcr

948 5822 1075 5889 ostendit,
1092 5828 1145 5880 etc.
1160 5821 1244 5891 (Vide
1256 5820 1285 5879 S.
1304 5820 1397 5878 Tium,
1408 5824 1466 5885 2-2,
1477 5834 1505 5890 q.
1518 5824 1580 5889 lite,
1591 5834 1618 5874 c.
1634 5818 1673 5887 a).
1703 5882 1710 5887 ,
1729 5876 1744 5885 ,,
