3848 6158
195 210 244 264 ias
433 179 436 184 ’
728 200 730 203 ·
818 203 1003 262 ‘loannis
1021 203 1173 263 mmmm
1356 252 1359 257 .
1798 209 1849 263 ias

192 332 221 388 in
245 330 297 388 hoc
312 329 419 388 terrore
438 330 551 402 spiritus
563 329 683 402 reperiat
696 329 877 396 conutitutes,
890 343 924 386 ac
941 344 991 401 per
1002 333 1030 397 Α
1043 344 1174 387 auroram
1191 328 1272 387 unire
1286 329 1387 398 solent,
1399 327 1529 385 similiter
1537 325 1674 401 hodieque
1687 326 1848 399 decantant,

191 433 283 482 totum
297 424 351 482 dici
365 431 477 497 tempus
490 421 672 480 ferventiores
687 421 917 493 sollicitioresque
940 438 991 480 cu·
1045 422 1074 480 id
1092 430 1150 494 est,
1163 423 1348 481 mutesimum
1363 420 1607 495 quadragesimum
1624 430 1754 479 octamm
1773 423 1848 495 psal-

192 519 311 586 stodiat,
332 525 501 590 praeparatos
521 531 569 573 eos
596 515 749 587 suscipiens
771 513 808 572 ad
827 513 991 571 condictum
1045 532 1136 584 mum,
1150 519 1349 592 cujusinitinm
1363 525 1415 583 est,
1428 518 1552 574 handau
1564 518 1841 589 bominumdecoels‘s,

128 609 130 612 ’
192 621 220 670 et
233 621 330 669 contm
352 612 483 669 diurnam
498 608 601 667 diaboii
626 608 853 665 colluctationem
879 615 993 664 noctur·
1046 617 1073 665 et
1093 609 1215 682 reliquos
1235 611 1284 682 qui
1303 617 1475 682 acquantum
1498 609 1759 683 quinquagesimum
1781 627 1848 670 vero

193 722 294 763 narum
313 705 444 762 exercitio
459 703 616 777 vigiliarum
638 717 671 758 ac
684 700 799 774 spiritali
813 699 993 758 meditatione
1045 705 1197 776 psalmum,
1214 711 1243 760 et
1258 704 1462 777 sexagesimum
1479 703 1644 773 secundum,
1663 712 1691 761 et
1705 705 1845 778 octogesi-

195 800 328 857 armatos.
1041 813 1122 855 mum
1136 813 1241 854 nonum
1255 800 1289 866 ‚⁰
1305 797 1371 853 huic
1385 797 1497 854 norellae
1511 797 1680 853 solemnitati
1708 798 1846 857 norimus

496 889 617 947 CAPUT
639 891 684 946 Vl.
1043 890 1129 949 luisse
1143 890 1299 963 deputatos.
1315 889 1439 963 Denique
1451 905 1500 962 per
1513 890 1622 946 ltaliam
1635 888 1770 963 hodieque
1779 906 1847 948 con-

211 1008 286 1077 Quod
305 1008 377 1062 nihil
390 1009 460 1061 sito
479 1007 629 1062 senioribus
641 1007 814 1059 immutatum
828 1005 862 1061 de
875 1007 990 1074 antiquo
1043 986 1194 1043 mmmm
1216 982 1425 1042 mflwfiffllffbffi
1449 983 1560 1057 hymnis
1593 985 1843 1058 qulnquadffllmlss

245 1078 523 1148 ordinepsalmorum,
532 1078 737 1132 cummatutino
750 1080 913 1133 statueretur
922 1076 989 1131 sole·
1044 1078 1168 1149 psalmus
1190 1078 1219 1135 iu
1246 1077 1382 1134 universis
1402 1076 1525 1134 ecclesiis
1551 1078 1668 1145 canitur,
1691 1079 1768 1150 quod
1786 1095 1846 1138 non

245 1152 356 1205 ''mim-
1043 1170 1156 1230 aliunde
1169 1187 1255 1245 quam
1271 1169 1369 1229 eunde
1382 1178 1504 1227 tractum
1519 1185 1647 1227 osseum
1661 1171 1771 1229 dubito.

228 1262 298 1321 illud
318 1278 427 1335 quoque
445 1277 526 1318 nome
551 1260 684 1318 dehemus
707 1260 777 1316 nihil
799 1276 815 1317 a
835 1260 991 1318 senioribus
1329 1287 1452 1346 CAPUT
1467 1289 1528 1343 vu·

193 1354 589 1430 nostrisqui³hanceamdem
599 1353 767 1410 matutinam
780 1353 989 1410 solemnitatem
1154 1404 1159 1415 ,
1216 1405 1222 1415 ,
1299 1404 1304 1416 ,
1481 1405 1486 1416 ,
1782 1409 1787 1418 ,

191 1451 363 1509 addidebere
372 1456 548 1517 censuerunt,
557 1446 592 1504 de
602 1448 717 1517 antiqua
732 1447 906 1520 psalmorum
921 1463 990 1504 con-
1044 1402 1847 1544 Quffliwzasmffi'gnwffimffl‘gfffflffimffi

191 1544 337 1601 suetudine
350 1544 530 1600 immutatum
548 1561 556 1599 :
571 1542 620 1600 scd
638 1543 735 1599 eodem
750 1543 846 1600 ordine
863 1545 988 1614 Missam,
1080 1546 1163 1600 treire
1171 1560 1225 1598 non
1235 1545 1331 1599 lucet.-
1342 1547 1371 1599 in
1379 1547 1517 1600 nocturnis
1527 1549 1618 1600 auten
1626 1549 1847 1619 usqueadfinem

196 1626 251 1711 qno
268 1639 355 1709 prius,
372 1638 400 1693 in
416 1636 561 1693 nocturnis
576 1636 755 1692 conventibus
773 1645 904 1709 perpetuo
919 1637 991 1694 cele-
1079 1615 1457 1686 mndit’fflimimwbffss
1470 1632 1546 1671 ''W‘'
1560 1620 1607 1672 δῦ·

191 1731 312 1787 bratam.
331 1730 439 1786 Etenim
453 1722 467 1761 ὓ
486 1727 607 1801 hymnos
625 1743 696 1799 quos
711 1728 740 1783 in
757 1727 808 1784 hac
823 1729 934 1800 regione
952 1726 988 1785 ad
1003 1742 1028 1806 B
1080 1733 1106 1787 ls
1118 1745 1183 1787 vcro
1197 1731 1245 1804 qui
1260 1731 1288 1788 iu
1298 1733 1401 1803 Tertia,
1411 1733 1503 1802 Sexta,
1518 1732 1562 1791 tel
1575 1736 1666 1803 Nona,
1682 1734 1845 1808 priusquam

190 1824 356 1880 inatutinam
373 1836 503 1894 excepere
517 1821 739 1889 solemnitatem,
759 1820 788 1876 in
804 1820 858 1876 sinc
871 1829 989 1877 noctur·
1042 1822 1165 1895 psalmus
1178 1832 1287 1896 coeptus
1299 1824 1419 1893 finiatur,
1432 1824 1468 1882 ad
1481 1827 1636 1883 orationem
1651 1842 1706 1882 uon
1716 1842 1845 1885 occurre·

189 1931 288 1973 aarum
303 1915 473 1989 vip‘linrum,
487 1928 555 1985 quas
566 1921 628 1986 post
645 1913 783 1986 gallorum
797 1921 910 1970 cantum
926 1921 990 1970 aute
1043 1916 1090 1984 rit,
1106 1917 1221 1974 ulterius
1236 1906 1416 1975 “oratorium
1432 1920 1547 1976 introire
1557 1934 1613 1976 non
1628 1919 1721 1989 audet,
1736 1936 1788 1978 uec
1802 1936 1846 1980 sc-

740 2065 868 2122 amnui
885 2067 998 2123 GAZAEI
1017 2067 1297 2126 COMMENTARIUS.

188 2209 332 2278 indiqestio
346 2213 451 2263 ructum
462 2209 560 2276 ramat,
570 2207 755 2262 sedinanitas.
766 2207 891 2280 Etpaulo
901 2217 964 2281 post
981 2228 988 2264 :
1045 2225 1099 2267 nus
1112 2211 1192 2282 epist.
1208 2215 1269 2278 itt,
1284 2211 1319 2268 ab
1331 2210 1466 2270 Proham:
1480 2216 1512 2270 ln
1523 2215 1649 2277 matoria,
1664 2214 1767 2286 inquit,
1776 2232 1845 2287 pra·

189 2283 254 2336 Esto
265 2279 359 2335 cicada
374 2282 506 2342 noctium,
520 2280 583 2333 lava
598 2294 649 2349 per
658 2279 781 2348 sinpuios
794 2283 882 2335 noctes
895 2281 991 2337 lectum
1044 2286 1086 2337 ter
1099 2284 1207 2345 orandi,
1227 2288 1254 2339 et
1263 2284 1403 2354 psallendi
1414 2285 1515 2339 cultum
1525 2287 1633 2356 penitus
1648 2287 1717 2340 nihil
1729 2291 1843 2356 apatur,

82 2406 85 2411 ,
189 2349 816 2420 tuumuiqiiuutpiassicutpasserinsolitudine,
840 2351 992 2421 sollespiri-
1044 2356 1192 2408 utnomini'
1206 2354 1269 2408 huic
1284 2358 1310 2408 et
1332 2370 1414 2424 opera
1423 2355 1530 2423 jupiter
1545 2358 1666 2424 impensa
1679 2359 1843 2412 concordent.

190 2427 229 2485 m,
239 2423 326 2492 psalle
336 2425 458 2476 etsensu.
469 2422 588 2476 Joannes
595 2419 737 2476 climacus
747 2421 803 2477 Gra
823 2427 900 2477 ulit:
915 2424 991 2491 Viqi-
1044 2423 1080 2479 Et
1093 2423 1224 2479 rursusin
1234 2423 1339 2493 Regula
1348 2439 1407 2493 cap.
1421 2430 1439 2479 5
1454 2442 1461 2477 2
1474 2427 1505 2480 ln
1518 2427 1637 2479 oratorio
1646 2441 1722 2480 nemo
1736 2429 1846 2497 aliquid

190 2493 250 2547 laus
261 2494 353 2548 oculus
364 2494 458 2563 capiat
467 2496 595 2555 mentem,
609 2489 765 2546 immodicus
777 2505 884 2546 somnus
896 2493 991 2548 obtun-
1044 2498 1120 2563 apat,
1131 2495 1187 2548 nisi
1201 2494 1280 2547 idad
1292 2494 1366 2563 quod
1378 2494 1483 2561 sadum
1496 2498 1536 2549 est
1551 2513 1559 2549 ε
1572 2495 1644 2550 unde
1657 2499 1683 2550 et
1691 2511 1786 2552 nomen
1794 2514 1845 2553 ac-

164 2601 166 2606 ·
189 2563 241 2626 dii,
260 2569 286 2618 et
297 2562 991 2631 eccoecatnnimam.Penipilmonuehus[emicatio-
1043 2566 1121 2635 cepi‘t.
1137 2563 1193 2620 Ubi
1210 2564 1291 2634 Hugo
1311 2579 1328 2618 a
1347 2565 1376 2620 S.
1394 2564 1503 2620 Victore
1524 2565 1591 2620 scite
1604 2567 1749 2621 annotarit
1768 2568 1846 2639 quod

187 2637 231 2689 nis
244 2636 383 2701 inimicum
394 2634 584 2689 somniculosus
594 2647 655 2687 uero
668 2633 866 2688 contubernalis
875 2634 988 2704 ejusest.
1043 2635 1183 2691 Dominus
1195 2633 1401 2701 universorum,
1414 2650 1473 2689 non
1483 2634 1574 2691 solum
1586 2633 1621 2690 de
1634 2636 1757 2705 personis
1775 2638 1844 2694 reti-

192 2706 300 2775 Viqilioe
313 2705 465 2759 incersdinm
476 2705 596 2759 lihidinis
603 2706 749 2773 franquni,
760 2708 868 2775 atquea
879 2708 990 2761 somniis
1043 2705 1105 2769 nuit
1117 2705 1170 2761 sibi
1180 2705 1289 2777 aliquos
1301 2702 1335 2760 ad
1349 2703 1578 2772 ministrandum,
1590 2713 1622 2762 nt
1639 2706 1783 2764 ministros
1794 2711 1846 2765 lic·

188 2777 310 2831 liberant.
322 2777 453 2844 suffusus
466 2775 590 2845 laepmis
601 2775 702 2838 emtus,
715 2778 887 2845 terrarumque
898 2791 943 2832 cor
952 2777 990 2832 ad
1043 2775 1203 2842 clesiae3sed
1215 2784 1243 2831 et
1254 2775 1382 2845 derebus
1394 2775 1516 2832 decimas
1527 2776 1561 2832 ad
1574 2776 1768 2835 ministrorum
1779 2794 1844 2836 sus·

187 2850 232 2902 sui
237 2847 386 2903 custodiam
393 2848 683 2915 mecmmcopitati'oncs
693 2848 846 2901 mntrssime
854 2846 987 2913 obierunt,
1045 2846 1229 2904 tentationem
1249 2863 1257 2902 i
1285 2845 1319 2902 de
1336 2844 1510 2928 temporibus
1522 2847 1581 2903 dies
1599 2847 1750 2916 solemncs;
1769 2850 1844 2907 etde

187 2919 256 2974 cibos
273 2920 393 2985 {ornua's
406 2920 435 2972 in
450 2933 551 2973 mmcm
564 2918 708 2979 consumit,
719 2918 857 2986 passiones
871 2917 988 2983 edomat,
1043 2915 1112 2974 locis
1121 2918 1213 3000 aliqua
1225 2916 1277 2972 sibi
1292 2917 1446 2988 specialiter
1459 2917 1655 2999 appropriavit,
1670 2916 1705 2975 ad
1719 2919 1842 2976 servien-

186 2988 986 3058 linquamrestrinqit,etrcpii'mit,fuqatquephantosmata.
1041 2987 1109 3044 dum
1119 2988 1190 3052 ¹sibu
1218 2987 1291 3043 iuter
1314 2995 1431 3059 quaeest
1450 2996 1617 3056 oratorium,
1640 2988 1668 3045 id
1691 2999 1742 3056 est,
1764 2989 1841 3048 locus

190 3061 316 3128 Viqilans
328 3059 472 3113 menachus
483 3061 607 3128 piscatur
625 3058 811 3126 mqitatihnes,
828 3073 926 3128 easque
937 3076 987 3130 per
1042 3059 1163 3114 orationi
1175 3057 1324 3115 dedicatus.
1339 3061 1373 3114 D.
1388 3059 1577 3128 Augustinum
1591 3068 1700 3115 secutus
1710 3063 1739 3117 Β.
1750 3063 1842 3118 Bene·

187 3131 417 3199 tranquillitatem
428 3131 512 3183 noctis
523 3129 653 3197 facillime
668 3132 693 3183 et
707 3129 886 3192 considerare,
903 3134 929 3184 et
943 3146 988 3185 aa·
1040 3126 1132 3186 dictus
1150 3145 1211 3200 cap.
1233 3133 1268 3184 52
1284 3129 1398 3201 Regula
1414 3150 1420 3186 :
1438 3130 1608 3194 oratorium,
1624 3130 1728 3201 inquit,
1744 3132 1792 3186 hoc
1805 3136 1843 3189 sii

184 3216 248 3270 pere
259 3204 355 3270 potest.
367 3202 416 3255 Dei
423 3204 530 3254 amator
543 3201 697 3263 monachus,
709 3215 772 3254 mou
784 3203 815 3255 ut
825 3214 905 3255 sonus
917 3201 987 3257 tuba
1041 3202 1113 3270 quod
1124 3201 1238 3264 diuitum
1251 3201 1456 3270 necquidquam
1468 3201 1508 3254 ihi
1520 3200 1599 3255 uliud
1611 3200 1771 3272 peroturlid
1787 3211 1841 3271 cst,
1886 3215 1890 3221 ‘

185 3274 359 3341 increpuerit,
371 3271 410 3325 ad
423 3273 572 3325 aristionem
583 3285 693 3334 uacans,
703 3271 781 3325 lutus
791 3276 817 3325 et
830 3272 929 3326 hilaris
941 3272 985 3326 di·
1040 3280 1149 3345 agatur,
1161 3270 1205 3327 vel
1219 3270 1278 3340 liat)
1290 3276 1339 3325 out
1352 3272 1485 3327 condatur·
1498 3270 1604 3338 (idest,
1620 3279 1780 3341 reponatur,
1796 3275 1838 3330 vel

186 3346 222 3397 cit
236 3362 244 3396 ε
257 3346 340 3412 lluqc,
353 3344 435 3410 euqe!
447 3343 588 3411 Neqli'qcns
597 3357 658 3396 cero
672 3360 680 3396 r
699 3344 747 3397 Vae
761 3343 838 3404 mdci,
850 3358 890 3396 ru
903 3343 987 3399 mihi!
1040 3342 1242 3410 constituatur)
1257 3342 1298 3398 ait
1318 3343 1555 3398 Turrecrematus.
1572 3343 1603 3396 ln
1626 3343 1748 3397 oratorio
1762 3343 1839 3399 enim

185 3416 302 3469 diuitias
316 3414 439 3482 equicola
453 3429 487 3468 ea
500 3428 566 3467 orca
577 3417 603 3467 et
616 3414 746 3467 torculari
765 3412 911 3482 colluunt,-
932 3430 987 3469 mo·
1039 3429 1098 3469 non
1116 3413 1201 3469 modo
1221 3412 1288 3468 nihil
1303 3426 1318 3467 a
1338 3413 1441 3468 endum
1457 3421 1508 3480 est,
1521 3412 1576 3468 nisi
1590 3412 1625 3467 ad
1645 3412 1719 3484 quod
1733 3410 1838 3471 lactum

185 3486 267 3538 trochi
277 3501 336 3538 uero
349 3499 414 3538 suas
432 3498 504 3554 opes,
521 3485 712 3546 circiensium,
727 3486 885 3552 uespertinis
897 3487 988 3538 macci-
1004 3476 1027 3540 C
1041 3492 1101 3540 est:
1115 3482 1257 3540 sedetiam
1268 3428 1337 3538 nand
1348 3482 1539 3564 reponendum
1554 3482 1589 3538 ad
1595 3483 1766 3551 custodiam,
1781 3485 1835 3542 nisi

185 3571 236 3618 me,
248 3557 436 3624 nocturnisque
448 3555 625 3616 orothmibus,
644 3556 769 3608 etenimi
782 3556 984 3610 senebaldum·
1061 3553 1117 3611 uod
1135 3552 1262 3609 divinum
1286 3553 1394 3608 cultum
1420 3560 1562 3624 perlimat.
1587 3553 1715 3610 Secundo
1737 3563 1839 3612 notan-

186 3626 234 3680 hus
249 3631 422 3695 oonprepant.
442 3627 533 3681 Fiiiiia
547 3624 591 3679 die
609 3625 742 3691 ttsttdt'tor,
765 3625 910 3680 monachus
924 3641 985 3682 nero
1039 3570 1108 3681 dum
1124 3623 1283 3696 huJ'usmodi
1299 3623 1401 3688 lacum,
1416 3638 1471 3696 qno
1485 3622 1578 3679 fideles
1593 3622 1629 3679 ad
1649 3624 1797 3693 orandum,
1810 3635 1838 3682 et

181 3698 435 3767 psalmodiallnito,
450 3695 569 3750 residens
581 3700 717 3766 computat
729 3695 982 3753 laomimllaecSS.
1039 3694 1251 3752 sacrificandum
1271 3693 1421 3750 conuenire
1441 3694 1545 3761 solent,
1571 3695 1651 3750 variis
1669 3712 1701 3751 ac
1724 3695 1839 3753 dirersis

184 3769 296 3834 Patres3
318 3775 345 3824 et
359 3768 434 3837 plura
452 3765 525 3838 apud
549 3768 630 3822 Joan.
655 3768 811 3821 Durantum
830 3764 921 3823 videre
943 3777 985 3824 est
1038 3766 1183 3837 tumapud
1194 3766 1316 3832 Graecos,
1329 3770 1390 3820 tum
1402 3763 1475 3836 apud
1484 3765 1598 3821 llatinos
1607 3765 1768 3822 nominibus
1779 3782 1839 3824 csse

184 3839 245 3910 (lib.
262 3854 299 3895 ιιι
312 3855 335 3893 c.
349 3843 393 3904 t).
410 3837 480 3893 Vide
495 3837 578 3892 etiam
592 3834 708 3898 interius
718 3844 814 3891 notata
825 3835 861 3891 ad
878 3852 939 3909 cap.
954 3844 982 3895 8.
1038 3836 1206 3909 appellatum
1222 3852 1229 3890 :
1245 3835 1376 3907 equibus
1391 3844 1487 3891 tannen
1502 3835 1560 3891 lraec
1573 3837 1728 3904 usitatiora,
1744 3845 1771 3892 et
1790 3853 1839 3895 ce-

219 3913 230 3941 ·
245 3909 335 3979 Quam
351 3924 425 3965 nnnc
437 3907 570 3972 Primam,
584 3921 633 3963 seu
647 3905 774 3963 officium
789 3907 890 3964 Primae
903 3923 983 3966 voca-
1039 3907 1313 3964 lebrioranoscuntur
1326 3905 1463 3973 :ecclesia
1477 3907 1631 3962 oratorium
1642 3947 1650 3972 ,
1660 3907 1762 3964 domus
1773 3909 1836 3978 Dei,

183 3995 256 4047 mus,
273 3989 304 4036 ut
320 3979 507 4052 distinguatur
520 3994 536 4033 a
560 3978 715 4044 Laudibus,
730 3978 794 4050 quia
809 3978 899 4048 prima
915 3978 983 4037 hora
1037 3987 1066 4034 et
1083 3978 1275 4041 Dominicnm,
1289 3977 1414 4045 basilica,
1428 3979 1785 4047 templumsanctuarium.
1796 3982 1838 4037 De

183 4051 237 4107 diei
252 4050 413 4120 artificialis,
425 4050 480 4106 siue
491 4049 729 4120 postsolisortum
741 4048 872 4105 celebrari
885 4048 981 4119 debet,
1036 4050 1154 4106 nomine
1178 4048 1303 4106 ecclesiae
1321 4046 1478 4104 Wallridus
1491 4048 1605 4104 Strabns
1620 4049 1668 4105 lib.
1687 4048 1720 4104 de
1742 4050 1838 4108 Rebus

182 4123 325 4180 utindicat
339 4120 458 4250 hpprnus
469 4142 476 4176 ε
489 4123 550 4176 Jam
560 4121 627 4176 lucis
637 4125 695 4176 orto
704 4121 801 4183 sidere,
811 4119 838 4176 id
851 4127 893 4176 est
902 4122 979 4178 sole:
1036 4121 1140 4177 Eccles
1159 4136 1219 4191 cap.
1235 4126 1253 4176 6
1274 4138 1281 4174 z
1295 4120 1422 4183 Ecclesia,
1434 4119 1536 4191 inquit,
1550 4121 1670 4177 drumm
1681 4136 1776 4176 nomen
1785 4126 1835 4185 est,

182 4194 303 4265 itemque
314 4195 356 4249 col
384 4203 427 4249 cta
441 4197 521 4256 Deru,
536 4194 586 4262 qui
597 4192 635 4247 ad
651 4194 816 4262 principium
829 4190 911 4262 hujus
924 4193 983 4248 diei
1035 4195 1267 4315 etinterprctotur
1281 4192 1440 4252 muneratio,
1455 4191 1497 4245 iul
1511 4194 1666 4254 conuentus,
1681 4207 1739 4246 cum
1750 4194 1786 4246 sit
1796 4194 1839 4248 cel

181 4278 229 4317 nos
241 4266 381 4343 pecuariae
392 4265 492 4331 secuti,
503 4271 556 4318 etc.
573 4265 640 4343 Quae
655 4262 768 4335 quidem
793 4262 897 4344 Prima,
914 4278 979 4344 cum
1034 4278 1132 4342 periero
1145 4265 1167 4316 is
1181 4265 1336 4315 sanctorum
1351 4262 1442 4314 aridas
1460 4262 1490 4314 in
1507 4277 1563 4344 una
1576 4262 1643 4345 fide,
1659 4266 1684 4316 et
1698 4263 1838 4346 dilectione

182 4348 214 4388 er
225 4335 485 4413 sentcntranPatrum
498 4331 533 4387 ad
542 4333 591 4386 reb
612 4348 661 4388 nas
676 4331 769 4412 horas,
782 4348 838 4388 sive
852 4332 979 4414 horarias
1033 4335 1195 4401 miqunctu:
1209 4331 1282 4386 unm
1294 4346 1368 4412 uua,
1384 4335 1409 4385 et
1431 4332 1562 4386 catholica
1579 4334 1681 4387 dicmur
1695 4334 1812 4389 Ecclesia
1828 4353 1837 4389 ε

182 4417 274 4472 preces
291 4404 413 4482 Cassiani
432 4401 540 4482 'saeculo
554 4349 648 4457 addita
664 4400 784 4473 fuisset,
800 4409 831 4456 nt
854 4417 887 4458 su
906 4418 978 4459 erius
1032 4402 1475 4484 uelsi'nqulorumsocietassancta
1487 4402 1602 4475 locorum
1614 4422 1621 4457 :
1632 4403 1839 4461 undecimultoe

181 4473 289 4529 dictum
310 4471 562 4552 est,nib1lnminus
578 4478 671 4526 tamen
690 4478 844 4527 statuerunt
865 4419 908 4527 idi
929 4489 981 4529 no-
1035 4473 1307 4529 dicunturEcclcsie.
1325 4475 1424 4526 Tamen
1442 4474 1525 4527 etiam
1545 4476 1605 4544 ipsa
1619 4474 1720 4537 domm,
1737 4478 1766 4529 in
1780 4492 1838 4546 qiua

182 4552 282 4599 cturno
296 4542 389 4598 cilicio
401 4542 469 4598 nihil
484 4556 599 4597 omnino
615 4540 832 4622 detrahendumr
848 4542 895 4598 sed
905 4558 981 4624 eum·
1035 4544 1073 4598 ad
1085 4544 1235 4626 divinaret
1247 4543 1384 4626 discorda,
1399 4544 1441 4597 uel
1449 4544 1606 4600 celebrando
1613 4549 1733 4600 emacuit
1742 4545 1838 4602 multi·

181 4615 244 4671 ‘¹⁰¹¹‘
258 4615 428 4686 ‘'⁵³¹“'⁰‘¹¹'¹¹
443 4612 982 4741 ¹¹”mil‘nitidisnitidis
1033 4614 1836 4743 {midiatiltitiihitsalautitia

180 4683 540 4821 pipdmsspilrpcoeffitpppp
551 4756 579 4808 i'u
591 4756 727 4809 nocturnis
737 4723 907 4810 adnuentibus
917 4771 981 4827 per·
1033 4757 1183 4821 eccles-iam,
1216 4726 1269 4811 nod
1294 4726 1432 4840 meeum
1465 4759 1599 4839 maculam
1623 4704 1708 4841 nchd²
1736 4774 1837 4828 ruqom

176 4830 521 4956 discaltiatus
537 4894 655 4968 symm
679 4895 858 4953 arriana
878 4827 1837 4966 aaa.1>ildinititiilittlihti'tihtiliitl

179 4972 327 5042 quentihus
342 4971 436 5041 liquet,
446 4984 508 5050 ,nec
534 4938 694 5040 incongrdc.
720 4968 793 5050 llam
807 4967 974 5050 Psaltcrium
1032 4972 1068 5026 Et
1078 4970 1165 5024 multa
1172 4939 1214 5024 his
1225 4940 1345 5051 undu..
1354 4971 1541 5051 Unusquisque
1547 4972 1629 5025 etiam
1639 4971 1780 5026 electorum
1789 4939 1838 5026 do-

179 5040 253 5110 apud
279 5041 417 5120 ilchraeos·
435 5039 504 5094 lrher
530 5040 706 5110 Hymnorum
721 5038 899 5121 pnscrrbrtur.
924 5038 979 5097 Sed
1032 5056 1092 5095 mus
1111 5044 1137 5095 et
1150 5040 1277 5122 templum
1294 5042 1344 5096 llei
1357 5039 1466 5101 deutur.
1488 5043 1558 5097 sicut
1570 5042 1715 5111 Apostolus
1729 5047 1755 5097 et
1775 5058 1834 5106 suo,

178 5111 333 5192 Dionysius·
353 5118 432 5165 vertit
450 5108 575 5190 Psalmos
603 5124 653 5180 pro
674 5108 798 5190 faciliore
822 5110 977 5192 intellectu3
1032 5111 1218 5194 etproplietico
1231 5112 1371 5180 conamini
1382 5111 1501 5193 coempto
1515 5130 1523 5166 :
1538 5113 1684 5195 ¹Templum,
1698 5115 1834 5196 inquiens,

178 5181 399 5263 quandoquidem
416 5186 607 5260 usitatomore
622 5179 751 5261 loquendi
762 5181 866 5251 Hymni
878 5181 976 5237 Eccle-
1031 5183 1080 5237 Det
1092 5187 1216 5264 sanctum
1229 5184 1278 5244 est,
1289 5180 1362 5263 quod
1375 5185 1437 5235 estis
1448 5197 1503 5244 uos,
1518 5187 1587 5265 sicin
1601 5183 1668 5238 dicit
1681 5188 1813 5240 Dumium
1826 5204 1834 5240 ε

177 5254 281 5309 siasticr
295 5268 311 5307 a
326 5252 444 5308 Psalmis
457 5247 594 5304 Damdrcis
606 5248 818 5322 distinguantur,
835 5259 865 5306 ut
879 5260 977 5308 notum
1032 5255 1098 5322 quia
1111 5252 1277 5314 inhabitabo,
1293 5256 1318 5306 ct
1331 5252 1504 5306 inninhulaho
1516 5269 1545 5306 in
1559 5255 1631 5309 robis
1645 5273 1653 5309 r
1666 5258 1702 5310 Et
1712 5257 1831 5325 reliqua.

77 5386 80 5391 .
178 5330 228 5379 cst.
354 5357 357 5362 ·
1030 5326 1200 5380 alpetrus:
1218 5324 1614 5393 Vestamquamlapi'desiiui,
1630 5326 1833 5396 superaedifica-

213 5396 224 5428 e
239 5393 339 5449 Primae
352 5391 425 5465 apud
437 5391 512 5462 ipsos
525 5404 621 5447 recens
639 5390 784 5459 instituta,
804 5398 836 5448 ut
849 5393 977 5465 superius
1030 5397 1101 5449 mini
1112 5395 1207 5450 domm
1221 5394 1374 5464 spiritales,
1388 5401 1440 5449 etc.
1457 5396 1532 5451 Sicut
1544 5411 1607 5464 erqo
1627 5398 1735 5451 ecclesio
1749 5400 1779 5451 in
1794 5414 1834 5452 ec·

176 5472 352 5519 annotatum.
519 5474 528 5503 ³
1033 5465 1124 5528 clesia,
1151 5468 1189 5520 sic
1199 5466 1291 5520 mutia
1310 5464 1419 5528 domus,
1442 5470 1468 5520 ct
1481 5467 1581 5537 templa
1595 5469 1625 5521 in
1636 5468 1714 5522 domo
1726 5469 1791 5531 liei,
1808 5472 1835 5523 et

211 5523 225 5568 ‘¹
241 5534 361 5592 oratorii
374 5533 477 5589 oblivio
491 5531 592 5588 merito
606 5531 687 5589 nobis
701 5530 858 5603 objiciatur,
871 5532 894 5588 si
909 5533 976 5590 illud
1030 5538 1127 5606 ternplo
1140 5539 1307 5591 conueniunt.
1321 5536 1388 5590 Haec
1401 5535 1457 5591 ille.
1470 5538 1555 5592 Porro
1566 5538 1688 5594 ecclesia
1701 5539 1835 5596 aGraecis

175 5606 286 5662 silentio
314 5613 518 5676 praetereamus.
540 5603 657 5660 Proinde
675 5602 796 5659 notanda
827 5603 856 5660 iu
877 5605 977 5676 primis
1030 5621 1104 5677 supe
1116 5615 1250 5663 vocantur
1262 5605 1451 5676 surripiam
1465 5607 1574 5664 Latinis
1593 5609 1725 5678 oratoria,
1737 5617 1768 5665 ut
1781 5625 1834 5666 su-

175 5677 223 5734 SS.
244 5678 356 5733 Patrum
371 5676 474 5748 elogia,
490 5674 591 5746 quibus
608 5673 723 5730 oratorii
746 5689 841 5743 usum,
862 5675 976 5733 institn-
1030 5677 1165 5750 periusex
1179 5679 1211 5734 l).
1233 5677 1392 5750 Augustino
1404 5685 1432 5733 et
1439 5677 1587 5735 Benedicta
1600 5680 1693 5735 visum
1707 5688 1759 5736 est.
1780 5679 1835 5737 Sed

172 5747 336 5828 tionemquo
350 5753 504 5820 exponunt,
517 5753 545 5802 et
558 5745 767 5802 commendant.
785 5748 821 5802 D.
837 5747 975 5819 Augusti·
1031 5757 1058 5804 et
1074 5748 1208 5806 Eusebius
1221 5749 1269 5806 lib.
1290 5763 1314 5805 ιι
1333 5749 1439 5805 ilistor.
1456 5764 1516 5821 cap.
1537 5754 1569 5806 16
1583 5766 1616 5806 ex
1635 5751 1751 5808 Philone
1765 5750 1835 5809 dicit
