<?xml version="1.0" encoding="UTF-8"?>
<!DOCTYPE html PUBLIC "-//W3C//DTD XHTML 1.0 Transitional//EN"
    "http://www.w3.org/TR/xhtml1/DTD/xhtml1-transitional.dtd">
<html xmlns="http://www.w3.org/1999/xhtml" xml:lang="en" lang="en">
 <head>
  <title>
</title>
<meta http-equiv="Content-Type" content="text/html;charset=utf-8" />
  <meta name='ocr-system' content='tesseract 3.04.00' />
  <meta name='ocr-capabilities' content='ocr_page ocr_carea ocr_par ocr_line ocrx_word'/>
</head>
<body>
  <div class='ocr_page' id='page_1' title='image "./patrologiaecurs29unkngoog/patrologiaecurs29unkngoog_0039.png"; bbox 0 0 3848 6158; ppageno 0'>
   <div class='ocr_carea' id='block_1_1' title="bbox 809 305 1792 386">
    <p class='ocr_par' dir='ltr' id='par_1_1' title="bbox 809 305 1792 386">
     <span class='ocr_line' id='line_1_1' title="bbox 809 305 1792 386; baseline 0.004 -4"><span class='ocrx_word' id='word_1_1' title='bbox 809 327 949 383; x_wconf 70' lang='lat' dir='ltr'><strong>cornuis</strong></span> <span class='ocrx_word' id='word_1_2' title='bbox 968 305 1143 385; x_wconf 78' lang='lat' dir='ltr'><strong>cassrmr&#39;</strong></span> <span class='ocrx_word' id='word_1_3' title='bbox 1758 333 1792 386; x_wconf 81' lang='lat' dir='ltr'><strong>cs</strong></span> 
     </span>
    </p>
   </div>
   <div class='ocr_carea' id='block_1_2' title="bbox 134 440 1793 808">
    <p class='ocr_par' dir='ltr' id='par_1_2' title="bbox 134 440 1793 808">
     <span class='ocr_line' id='line_1_2' title="bbox 137 440 1793 524; baseline -0.001 -15"><span class='ocrx_word' id='word_1_4' title='bbox 137 454 181 509; x_wconf 86' lang='lat' dir='ltr'><strong>bos</strong></span> <span class='ocrx_word' id='word_1_5' title='bbox 202 468 272 508; x_wconf 88' lang='lat' dir='ltr'><strong>suos.</strong></span> <span class='ocrx_word' id='word_1_6' title='bbox 287 455 368 510; x_wconf 93' lang='lat' dir='ltr'><strong>Petro</strong></span> <span class='ocrx_word' id='word_1_7' title='bbox 385 451 467 509; x_wconf 91' lang='lat' dir='ltr'><strong>etiam</strong></span> <span class='ocrx_word' id='word_1_8' title='bbox 481 452 508 509; x_wconf 93' lang='lat' dir='ltr'><strong>in</strong></span> <span class='ocrx_word' id='word_1_9' title='bbox 522 451 674 511; x_wconf 83' lang='lat' dir='ltr'>custodiam</span> <span class='ocrx_word' id='word_1_10' title='bbox 694 450 808 509; x_wconf 89' lang='lat' dir='ltr'><strong>carceris</strong></span> <span class='ocrx_word' id='word_1_11' title='bbox 828 450 862 507; x_wconf 91' lang='lat' dir='ltr'><strong>ab</strong></span> <span class='ocrx_word' id='word_1_12' title='bbox 878 453 935 508; x_wconf 90' lang='lat' dir='ltr'><strong>He·</strong></span> <span class='ocrx_word' id='word_1_13' title='bbox 950 440 977 522; x_wconf 76' lang='grc' dir='ltr'>Ᾰ</span> <span class='ocrx_word' id='word_1_14' title='bbox 994 456 1091 511; x_wconf 81' lang='lat' dir='ltr'><strong>Virum</strong></span> <span class='ocrx_word' id='word_1_15' title='bbox 1105 455 1182 524; x_wconf 68' lang='lat' dir='ltr'><strong>eugris</strong></span> <span class='ocrx_word' id='word_1_16' title='bbox 1199 460 1238 510; x_wconf 88' lang='lat' dir='ltr'><strong>est</strong></span> <span class='ocrx_word' id='word_1_17' title='bbox 1256 470 1325 509; x_wconf 85' lang='lat' dir='ltr'><strong>zona</strong></span> <span class='ocrx_word' id='word_1_18' title='bbox 1341 454 1406 516; x_wconf 87' lang='lat' dir='ltr'><strong>bec,</strong></span> <span class='ocrx_word' id='word_1_19' title='bbox 1431 455 1469 508; x_wconf 84' lang='lat' dir='ltr'><strong>sic</strong></span> <span class='ocrx_word' id='word_1_20' title='bbox 1490 455 1644 523; x_wconf 83' lang='lat' dir='ltr'><strong>allr&#39;gadunt</strong></span> <span class='ocrx_word' id='word_1_21' title='bbox 1658 454 1748 508; x_wconf 79' lang='lat' dir='ltr'><strong>iudei</strong></span> <span class='ocrx_word' id='word_1_22' title='bbox 1764 458 1793 508; x_wconf 88' lang='lat' dir='ltr'><strong>in</strong></span> 
     </span>
     <span class='ocr_line' id='line_1_3' title="bbox 134 543 1790 618; baseline -0.004 -15"><span class='ocrx_word' id='word_1_23' title='bbox 134 545 202 603; x_wconf 87' lang='lat' dir='ltr'><strong>rode</strong></span> <span class='ocrx_word' id='word_1_24' title='bbox 223 544 345 615; x_wconf 92' lang='lat' dir='ltr'><strong>detruso,</strong></span> <span class='ocrx_word' id='word_1_25' title='bbox 365 554 393 602; x_wconf 89' lang='lat' dir='ltr'><strong>et</strong></span> <span class='ocrx_word' id='word_1_26' title='bbox 404 545 439 604; x_wconf 91' lang='lat' dir='ltr'><strong>ad</strong></span> <span class='ocrx_word' id='word_1_27' title='bbox 450 561 547 603; x_wconf 85' lang='lat' dir='ltr'>necem</span> <span class='ocrx_word' id='word_1_28' title='bbox 565 545 608 604; x_wconf 91' lang='lat' dir='ltr'><strong>die</strong></span> <span class='ocrx_word' id='word_1_29' title='bbox 621 553 731 618; x_wconf 91' lang='lat' dir='ltr'><strong>postero</strong></span> <span class='ocrx_word' id='word_1_30' title='bbox 747 543 936 616; x_wconf 88' lang='lat' dir='ltr'><strong>producendo,</strong></span> <span class='ocrx_word' id='word_1_31' title='bbox 991 549 1138 604; x_wconf 80' lang='lat' dir='ltr'><strong>tennalem</strong></span> <span class='ocrx_word' id='word_1_32' title='bbox 1152 552 1177 602; x_wconf 92' lang='lat' dir='ltr'><strong>et</strong></span> <span class='ocrx_word' id='word_1_33' title='bbox 1190 547 1301 602; x_wconf 87' lang='lat' dir='ltr'><strong>tradent</strong></span> <span class='ocrx_word' id='word_1_34' title='bbox 1313 549 1341 600; x_wconf 87' lang='lat' dir='ltr'><strong>in</strong></span> <span class='ocrx_word' id='word_1_35' title='bbox 1352 561 1450 601; x_wconf 88' lang='lat' dir='ltr'><strong>manus</strong></span> <span class='ocrx_word' id='word_1_36' title='bbox 1463 549 1583 616; x_wconf 75' lang='lat' dir='ltr'><strong>genitium</strong></span> <span class='ocrx_word' id='word_1_37' title='bbox 1596 549 1704 613; x_wconf 82' lang='lat' dir='ltr'><em>(Actor.</em></span> <span class='ocrx_word' id='word_1_38' title='bbox 1719 562 1761 602; x_wconf 81' lang='lat' dir='ltr'><strong>nn</strong></span> <span class='ocrx_word' id='word_1_39' title='bbox 1770 551 1790 612; x_wconf 94' lang='grc'><strong>).</strong></span> 
     </span>
     <span class='ocr_line' id='line_1_4' title="bbox 136 639 1791 715; baseline -0.002 -18"><span class='ocrx_word' id='word_1_40' title='bbox 136 640 232 715; x_wconf 88' lang='lat' dir='ltr'><strong>angelo</strong></span> <span class='ocrx_word' id='word_1_41' title='bbox 253 641 404 710; x_wconf 76' lang='lat' dir='ltr'><strong>assistente,</strong></span> <span class='ocrx_word' id='word_1_42' title='bbox 423 640 602 713; x_wconf 73' lang='lat' dir='ltr'><strong>praecipitur:</strong></span> <span class='ocrx_word' id='word_1_43' title='bbox 624 642 789 709; x_wconf 83' lang='lat' dir='ltr'><strong>Precr‘ngere</strong></span> <span class='ocrx_word' id='word_1_44' title='bbox 803 643 828 694; x_wconf 88' lang='lat' dir='ltr'><strong>et</strong></span> <span class='ocrx_word' id='word_1_45' title='bbox 849 640 937 695; x_wconf 81' lang='lat' dir='ltr'><strong>calcea</strong></span> <span class='ocrx_word' id='word_1_46' title='bbox 991 641 1074 712; x_wconf 84' lang='lat' dir='ltr'><strong>Quod</strong></span> <span class='ocrx_word' id='word_1_47' title='bbox 1093 643 1217 715; x_wconf 90' lang='lat' dir='ltr'><strong>utiquea</strong></span> <span class='ocrx_word' id='word_1_48' title='bbox 1238 640 1370 714; x_wconf 91' lang='lat' dir='ltr'><strong>propbeta</strong></span> <span class='ocrx_word' id='word_1_49' title='bbox 1387 639 1503 714; x_wconf 84' lang='lat' dir='ltr'><strong>proferri</strong></span> <span class='ocrx_word' id='word_1_50' title='bbox 1517 640 1629 696; x_wconf 92' lang='lat' dir='ltr'><strong>minime</strong></span> <span class='ocrx_word' id='word_1_51' title='bbox 1646 639 1791 712; x_wconf 89' lang='lat' dir='ltr'><strong>potuisset,</strong></span> 
     </span>
     <span class='ocr_line' id='line_1_5' title="bbox 137 716 1791 808; baseline -0.002 -17"><span class='ocrx_word' id='word_1_52' title='bbox 137 740 162 791; x_wconf 89' lang='lat' dir='ltr'><strong>te</strong></span> <span class='ocrx_word' id='word_1_53' title='bbox 178 737 291 806; x_wconf 86' lang='lat' dir='ltr'><strong>calligas</strong></span> <span class='ocrx_word' id='word_1_54' title='bbox 305 741 367 790; x_wconf 88' lang='lat' dir='ltr'><strong>tuas</strong></span> <span class='ocrx_word' id='word_1_55' title='bbox 378 735 488 802; x_wconf 82' lang='lat' dir='ltr'><strong>(Actor.</strong></span> <span class='ocrx_word' id='word_1_56' title='bbox 499 749 545 790; x_wconf 72' lang='grc' dir='ltr'><strong>ιιι</strong></span> <span class='ocrx_word' id='word_1_57' title='bbox 555 734 573 800; x_wconf 91' lang='grc'><strong>).</strong></span> <span class='ocrx_word' id='word_1_58' title='bbox 587 731 669 803; x_wconf 84' lang='lat' dir='ltr'><strong>Quod</strong></span> <span class='ocrx_word' id='word_1_59' title='bbox 681 739 712 788; x_wconf 89' lang='lat' dir='ltr'><strong>ut</strong></span> <span class='ocrx_word' id='word_1_60' title='bbox 724 730 824 788; x_wconf 88' lang='lat' dir='ltr'><strong>iaceret</strong></span> <span class='ocrx_word' id='word_1_61' title='bbox 835 748 937 805; x_wconf 90' lang='lat' dir='ltr'><strong>nequa·</strong></span> <span class='ocrx_word' id='word_1_62' title='bbox 991 744 1019 792; x_wconf 91' lang='lat' dir='ltr'><strong>ot</strong></span> <span class='ocrx_word' id='word_1_63' title='bbox 1032 734 1094 803; x_wconf 92' lang='lat' dir='ltr'><strong>dici,</strong></span> <span class='ocrx_word' id='word_1_64' title='bbox 1115 716 1202 792; x_wconf 85' lang='lat' dir='ltr'><strong>virum</strong></span> <span class='ocrx_word' id='word_1_65' title='bbox 1219 735 1298 808; x_wconf 83' lang='lat' dir='ltr'><strong>cuy&#39;us</strong></span> <span class='ocrx_word' id='word_1_66' title='bbox 1312 742 1354 791; x_wconf 88' lang='lat' dir='ltr'><strong>est</strong></span> <span class='ocrx_word' id='word_1_67' title='bbox 1368 749 1436 791; x_wconf 86' lang='lat' dir='ltr'><strong>zoua</strong></span> <span class='ocrx_word' id='word_1_68' title='bbox 1451 733 1521 800; x_wconf 86' lang='lat' dir='ltr'><strong>baec,</strong></span> <span class='ocrx_word' id='word_1_69' title='bbox 1540 733 1594 789; x_wconf 89' lang='lat' dir='ltr'><strong>nisi</strong></span> <span class='ocrx_word' id='word_1_70' title='bbox 1610 732 1715 799; x_wconf 51' lang='lat' dir='ltr'><strong>¹Paulus</strong></span> <span class='ocrx_word' id='word_1_71' title='bbox 1730 747 1791 789; x_wconf 87' lang='lat' dir='ltr'><strong>eam</strong></span> 
     </span>
    </p>
   </div>
   <div class='ocr_carea' id='block_1_3' title="bbox 46 825 1684 907">
    <p class='ocr_par' dir='ltr' id='par_1_3' title="bbox 46 825 1684 907">
     <span class='ocr_line' id='line_1_6' title="bbox 46 825 1684 907; baseline -0.003 -22"><span class='ocrx_word' id='word_1_72' title='bbox 46 900 49 907; x_wconf 33' lang='grc' dir='ltr'>Ι</span> <span class='ocrx_word' id='word_1_73' title='bbox 137 845 221 901; x_wconf 88' lang='lat' dir='ltr'><strong>quam</strong></span> <span class='ocrx_word' id='word_1_74' title='bbox 235 830 388 886; x_wconf 88' lang='lat' dir='ltr'><strong>monuisset</strong></span> <span class='ocrx_word' id='word_1_75' title='bbox 400 844 464 885; x_wconf 90' lang='lat' dir='ltr'><strong>eum</strong></span> <span class='ocrx_word' id='word_1_76' title='bbox 480 826 600 901; x_wconf 77' lang='lat' dir='ltr'><strong>Angelus</strong></span> <span class='ocrx_word' id='word_1_77' title='bbox 615 826 672 893; x_wconf 86' lang='lat' dir='ltr'><strong>Boi,</strong></span> <span class='ocrx_word' id='word_1_78' title='bbox 686 825 736 882; x_wconf 90' lang='lat' dir='ltr'><strong>nisi</strong></span> <span class='ocrx_word' id='word_1_79' title='bbox 750 825 859 882; x_wconf 87' lang='lat' dir='ltr'><strong>vidisset</strong></span> <span class='ocrx_word' id='word_1_80' title='bbox 872 841 934 882; x_wconf 94' lang='lat' dir='ltr'><strong>eum</strong></span> <span class='ocrx_word' id='word_1_81' title='bbox 990 828 1090 887; x_wconf 91' lang='lat' dir='ltr'><strong>lumbis</strong></span> <span class='ocrx_word' id='word_1_82' title='bbox 1102 829 1160 886; x_wconf 88' lang='lat' dir='ltr'><strong>suis</strong></span> <span class='ocrx_word' id='word_1_83' title='bbox 1174 827 1358 885; x_wconf 88' lang='lat' dir='ltr'><strong>indesinenter</strong></span> <span class='ocrx_word' id='word_1_84' title='bbox 1371 827 1468 884; x_wconf 89' lang='lat' dir='ltr'><strong>solitus</strong></span> <span class='ocrx_word' id='word_1_85' title='bbox 1479 825 1574 883; x_wconf 88' lang='lat' dir='ltr'><strong>luisset</strong></span> <span class='ocrx_word' id='word_1_86' title='bbox 1584 834 1684 900; x_wconf 87' lang='lat' dir='ltr'><strong>aptare.</strong></span> 
     </span>
    </p>
   </div>
   <div class='ocr_carea' id='block_1_4' title="bbox 137 918 936 1180">
    <p class='ocr_par' dir='ltr' id='par_1_4' title="bbox 137 918 936 1180">
     <span class='ocr_line' id='line_1_7' title="bbox 137 918 934 991; baseline -0.006 -11"><span class='ocrx_word' id='word_1_87' title='bbox 137 922 174 980; x_wconf 95' lang='lat' dir='ltr'><strong>ob</strong></span> <span class='ocrx_word' id='word_1_88' title='bbox 197 923 371 984; x_wconf 87' lang='lat' dir='ltr'><strong>relectionem</strong></span> <span class='ocrx_word' id='word_1_89' title='bbox 390 930 533 977; x_wconf 85' lang='lat' dir='ltr'><strong>noctumao</strong></span> <span class='ocrx_word' id='word_1_90' title='bbox 555 919 652 991; x_wconf 84' lang='lat' dir='ltr'><strong>quietis</strong></span> <span class='ocrx_word' id='word_1_91' title='bbox 673 919 810 991; x_wconf 79' lang='lat' dir='ltr'><strong>paulisper</strong></span> <span class='ocrx_word' id='word_1_92' title='bbox 829 918 934 976; x_wconf 87' lang='lat' dir='ltr'><strong>deiecta</strong></span> 
     </span>
     <span class='ocr_line' id='line_1_8' title="bbox 137 1011 935 1085; baseline -0.005 -14"><span class='ocrx_word' id='word_1_93' title='bbox 137 1016 261 1072; x_wconf 91' lang='lat' dir='ltr'><strong>membra</strong></span> <span class='ocrx_word' id='word_1_94' title='bbox 278 1015 355 1071; x_wconf 89' lang='lat' dir='ltr'><strong>solita</strong></span> <span class='ocrx_word' id='word_1_95' title='bbox 374 1012 473 1085; x_wconf 80' lang='lat' dir='ltr'>cinguli</span> <span class='ocrx_word' id='word_1_96' title='bbox 492 1011 667 1069; x_wconf 81' lang='lat' dir='ltr'><strong>obstrictione</strong></span> <span class='ocrx_word' id='word_1_97' title='bbox 680 1011 794 1068; x_wconf 82' lang='lat' dir='ltr'><strong>laxasse.</strong></span> <span class='ocrx_word' id='word_1_98' title='bbox 818 1012 935 1068; x_wconf 90' lang='lat' dir='ltr'><strong>Paulum</strong></span> 
     </span>
     <span class='ocr_line' id='line_1_9' title="bbox 137 1105 936 1180; baseline -0.003 -16"><span class='ocrx_word' id='word_1_99' title='bbox 137 1123 247 1180; x_wconf 89' lang='lat' dir='ltr'><strong>quoque</strong></span> <span class='ocrx_word' id='word_1_100' title='bbox 267 1106 460 1162; x_wconf 90' lang='lat' dir='ltr'><strong>ascendentem</strong></span> <span class='ocrx_word' id='word_1_101' title='bbox 480 1105 714 1178; x_wconf 78' lang='lat' dir='ltr'><strong>Hierosolymam,</strong></span> <span class='ocrx_word' id='word_1_102' title='bbox 730 1113 758 1161; x_wconf 90' lang='lat' dir='ltr'><strong>et</strong></span> <span class='ocrx_word' id='word_1_103' title='bbox 776 1105 900 1178; x_wconf 89' lang='lat' dir='ltr'><strong>protinus</strong></span> <span class='ocrx_word' id='word_1_104' title='bbox 920 1121 936 1162; x_wconf 87' lang='lat' dir='ltr'><strong>a</strong></span> 
     </span>
    </p>
   </div>
   <div class='ocr_carea' id='block_1_5' title="bbox 1293 955 1484 1013">
    <p class='ocr_par' dir='ltr' id='par_1_5' title="bbox 1293 955 1484 1013">
     <span class='ocr_line' id='line_1_10' title="bbox 1293 955 1484 1013; baseline 0.016 -3"><span class='ocrx_word' id='word_1_105' title='bbox 1293 955 1415 1013; x_wconf 71' lang='lat' dir='ltr'><strong>CAPUT</strong></span> <span class='ocrx_word' id='word_1_106' title='bbox 1435 958 1484 1013; x_wconf 85' lang='grc' dir='ltr'>ΙΙΙ.</span> 
     </span>
    </p>
   </div>
   <div class='ocr_carea' id='block_1_6' title="bbox 1257 1077 1524 1130">
    <p class='ocr_par' dir='ltr' id='par_1_6' title="bbox 1257 1077 1524 1130">
     <span class='ocr_line' id='line_1_11' title="bbox 1257 1077 1524 1130; baseline -0.004 0"><span class='ocrx_word' id='word_1_107' title='bbox 1257 1079 1296 1130; x_wconf 85' lang='lat' dir='ltr'><strong>lie</strong></span> <span class='ocrx_word' id='word_1_108' title='bbox 1307 1081 1378 1130; x_wconf 87' lang='lat' dir='ltr'><strong>ueste</strong></span> <span class='ocrx_word' id='word_1_109' title='bbox 1391 1077 1524 1130; x_wconf 78' lang='lat' dir='ltr'><strong>monachi.</strong></span> 
     </span>
    </p>
   </div>
   <div class='ocr_carea' id='block_1_7' title="bbox 134 1192 1794 1554">
    <p class='ocr_par' dir='ltr' id='par_1_7' title="bbox 134 1192 1794 1554">
     <span class='ocr_line' id='line_1_12' title="bbox 136 1192 1793 1272; baseline 0.002 -18"><span class='ocrx_word' id='word_1_110' title='bbox 136 1199 238 1256; x_wconf 83' lang='lat' dir='ltr'><strong>Judaeis</strong></span> <span class='ocrx_word' id='word_1_111' title='bbox 251 1200 278 1254; x_wconf 92' lang='lat' dir='ltr'><strong>in</strong></span> <span class='ocrx_word' id='word_1_112' title='bbox 290 1199 396 1255; x_wconf 82' lang='lat' dir='ltr'><strong>vincula</strong></span> <span class='ocrx_word' id='word_1_113' title='bbox 409 1196 576 1255; x_wconf 89' lang='lat' dir='ltr'><strong>mittendum</strong></span> <span class='ocrx_word' id='word_1_114' title='bbox 590 1198 700 1271; x_wconf 77' lang='lat' dir='ltr'><strong>Agabus</strong></span> <span class='ocrx_word' id='word_1_115' title='bbox 713 1198 843 1270; x_wconf 87' lang='lat' dir='ltr'><strong>propheta</strong></span> <span class='ocrx_word' id='word_1_116' title='bbox 858 1214 936 1272; x_wconf 91' lang='lat' dir='ltr'><strong>repe·</strong></span> <span class='ocrx_word' id='word_1_117' title='bbox 1025 1197 1141 1254; x_wconf 69' lang='lat' dir='ltr'><strong>⁸Vestis</strong></span> <span class='ocrx_word' id='word_1_118' title='bbox 1155 1212 1264 1269; x_wconf 90' lang='lat' dir='ltr'><strong>quoque</strong></span> <span class='ocrx_word' id='word_1_119' title='bbox 1276 1197 1311 1254; x_wconf 90' lang='lat' dir='ltr'><strong>sit</strong></span> <span class='ocrx_word' id='word_1_120' title='bbox 1328 1192 1455 1253; x_wconf 87' lang='lat' dir='ltr'><strong>monaehi</strong></span> <span class='ocrx_word' id='word_1_121' title='bbox 1471 1212 1533 1269; x_wconf 85' lang='lat' dir='ltr'><strong>quac</strong></span> <span class='ocrx_word' id='word_1_122' title='bbox 1547 1212 1647 1269; x_wconf 90' lang='lat' dir='ltr'><strong>corpus</strong></span> <span class='ocrx_word' id='word_1_123' title='bbox 1667 1207 1793 1272; x_wconf 87' lang='lat' dir='ltr'><strong>contegat</strong></span> 
     </span>
     <span class='ocr_line' id='line_1_13' title="bbox 136 1290 1793 1365; baseline 0.001 -18"><span class='ocrx_word' id='word_1_124' title='bbox 136 1292 207 1349; x_wconf 85' lang='lat' dir='ltr'><strong>tiens</strong></span> <span class='ocrx_word' id='word_1_125' title='bbox 228 1294 374 1361; x_wconf 78' lang='lat' dir='ltr'><strong>Caesareae,</strong></span> <span class='ocrx_word' id='word_1_126' title='bbox 397 1291 505 1349; x_wconf 91' lang='lat' dir='ltr'><strong>sublato</strong></span> <span class='ocrx_word' id='word_1_127' title='bbox 525 1291 582 1364; x_wconf 74' lang='lat' dir='ltr'><strong>eius</strong></span> <span class='ocrx_word' id='word_1_128' title='bbox 606 1291 728 1364; x_wconf 91' lang='lat' dir='ltr'><strong>cingulo,</strong></span> <span class='ocrx_word' id='word_1_129' title='bbox 753 1306 852 1347; x_wconf 89' lang='lat' dir='ltr'><strong>manus</strong></span> <span class='ocrx_word' id='word_1_130' title='bbox 875 1307 937 1348; x_wconf 91' lang='lat' dir='ltr'><strong>suas</strong></span> <span class='ocrx_word' id='word_1_131' title='bbox 990 1298 1111 1361; x_wconf 92' lang='lat' dir='ltr'><strong>tantum,</strong></span> <span class='ocrx_word' id='word_1_132' title='bbox 1126 1300 1153 1347; x_wconf 90' lang='lat' dir='ltr'><strong>ct</strong></span> <span class='ocrx_word' id='word_1_133' title='bbox 1175 1290 1433 1363; x_wconf 83' lang='lat' dir='ltr'><strong>repellatnuditatis</strong></span> <span class='ocrx_word' id='word_1_134' title='bbox 1452 1290 1793 1365; x_wconf 83' lang='lat' dir='ltr'><strong>uerecundiarn,etirigo-</strong></span> 
     </span>
     <span class='ocr_line' id='line_1_14' title="bbox 134 1383 1793 1463; baseline -0.001 -21"><span class='ocrx_word' id='word_1_135' title='bbox 134 1385 221 1460; x_wconf 90' lang='lat' dir='ltr'><strong>ligans</strong></span> <span class='ocrx_word' id='word_1_136' title='bbox 241 1403 273 1442; x_wconf 89' lang='lat' dir='ltr'><strong>ac</strong></span> <span class='ocrx_word' id='word_1_137' title='bbox 284 1387 377 1459; x_wconf 85' lang='lat' dir='ltr'><strong>pedes,</strong></span> <span class='ocrx_word' id='word_1_138' title='bbox 391 1394 422 1444; x_wconf 92' lang='lat' dir='ltr'><strong>ut</strong></span> <span class='ocrx_word' id='word_1_139' title='bbox 440 1394 519 1459; x_wconf 87' lang='lat' dir='ltr'><strong>gestu</strong></span> <span class='ocrx_word' id='word_1_140' title='bbox 532 1385 653 1459; x_wconf 90' lang='lat' dir='ltr'><strong>corporis</strong></span> <span class='ocrx_word' id='word_1_141' title='bbox 672 1385 713 1442; x_wconf 92' lang='lat' dir='ltr'><strong>sui</strong></span> <span class='ocrx_word' id='word_1_142' title='bbox 731 1384 864 1457; x_wconf 82' lang='lat' dir='ltr'><strong>passionis</strong></span> <span class='ocrx_word' id='word_1_143' title='bbox 880 1386 938 1459; x_wconf 84' lang='lat' dir='ltr'><strong>ejus</strong></span> <span class='ocrx_word' id='word_1_144' title='bbox 990 1384 1028 1442; x_wconf 88' lang='lat' dir='ltr'><strong>ris</strong></span> <span class='ocrx_word' id='word_1_145' title='bbox 1046 1384 1175 1442; x_wconf 89' lang='lat' dir='ltr'><strong>retundat</strong></span> <span class='ocrx_word' id='word_1_146' title='bbox 1189 1383 1314 1463; x_wconf 85' lang='lat' dir='ltr'><strong>injuriam</strong></span> <span class='ocrx_word' id='word_1_147' title='bbox 1332 1404 1338 1440; x_wconf 92' lang='lat'>:</span> <span class='ocrx_word' id='word_1_148' title='bbox 1355 1400 1411 1442; x_wconf 92' lang='lat' dir='ltr'><strong>non</strong></span> <span class='ocrx_word' id='word_1_149' title='bbox 1425 1399 1486 1457; x_wconf 77' lang='lat' dir='ltr'><strong>quac</strong></span> <span class='ocrx_word' id='word_1_150' title='bbox 1504 1385 1649 1441; x_wconf 89' lang='lat' dir='ltr'><strong>seminaria</strong></span> <span class='ocrx_word' id='word_1_151' title='bbox 1670 1386 1793 1442; x_wconf 81' lang='lat' dir='ltr'><strong>vanitatis</strong></span> 
     </span>
     <span class='ocr_line' id='line_1_15' title="bbox 137 1476 1794 1554; baseline -0.001 -17"><span class='ocrx_word' id='word_1_152' title='bbox 137 1480 324 1554; x_wconf 85' lang='lat' dir='ltr'><strong>praetigurarct</strong></span> <span class='ocrx_word' id='word_1_153' title='bbox 333 1479 456 1553; x_wconf 87' lang='lat' dir='ltr'><strong>injurias,</strong></span> <span class='ocrx_word' id='word_1_154' title='bbox 468 1479 597 1535; x_wconf 89' lang='lat' dir='ltr'><strong>ait:Hec</strong></span> <span class='ocrx_word' id='word_1_155' title='bbox 605 1478 671 1535; x_wconf 87' lang='lat' dir='ltr'><strong>dicit</strong></span> <span class='ocrx_word' id='word_1_156' title='bbox 680 1481 799 1550; x_wconf 78' lang='lat' dir='ltr'><strong>spriritus</strong></span> <span class='ocrx_word' id='word_1_157' title='bbox 808 1483 937 1535; x_wconf 74' lang='lat' dir='ltr'><strong>sanctius:</strong></span> <span class='ocrx_word' id='word_1_158' title='bbox 991 1485 1039 1534; x_wconf 90' lang='lat' dir='ltr'><strong>aut</strong></span> <span class='ocrx_word' id='word_1_159' title='bbox 1062 1477 1185 1534; x_wconf 88' lang='lat' dir='ltr'><strong>elationis</strong></span> <span class='ocrx_word' id='word_1_160' title='bbox 1203 1477 1338 1549; x_wconf 84' lang='lat' dir='ltr'><strong>enutriat,</strong></span> <span class='ocrx_word' id='word_1_161' title='bbox 1364 1476 1400 1534; x_wconf 89' lang='lat' dir='ltr'><strong>ita</strong></span> <span class='ocrx_word' id='word_1_162' title='bbox 1424 1478 1523 1535; x_wconf 88' lang='lat' dir='ltr'><strong>eodem</strong></span> <span class='ocrx_word' id='word_1_163' title='bbox 1549 1477 1674 1550; x_wconf 90' lang='lat' dir='ltr'><strong>apostolo</strong></span> <span class='ocrx_word' id='word_1_164' title='bbox 1697 1477 1794 1550; x_wconf 83' lang='lat' dir='ltr'><strong>praedi·</strong></span> 
     </span>
    </p>
   </div>
   <div class='ocr_carea' id='block_1_8' title="bbox 689 1620 1275 1680">
    <p class='ocr_par' dir='ltr' id='par_1_8' title="bbox 689 1620 1275 1680">
     <span class='ocr_line' id='line_1_16' title="bbox 689 1620 1275 1680; baseline 0.002 -3"><span class='ocrx_word' id='word_1_165' title='bbox 689 1623 816 1678; x_wconf 76' lang='lat' dir='ltr'><strong>stanni</strong></span> <span class='ocrx_word' id='word_1_166' title='bbox 835 1623 947 1679; x_wconf 81' lang='lat' dir='ltr'><strong>GAZAEl</strong></span> <span class='ocrx_word' id='word_1_167' title='bbox 966 1620 1247 1680; x_wconf 78' lang='lat' dir='ltr'>COMMENTARIUS.</span> <span class='ocrx_word' id='word_1_168' title='bbox 1270 1628 1275 1637; x_wconf 87' lang='lat'><em>&#39;</em></span> 
     </span>
    </p>
   </div>
   <div class='ocr_carea' id='block_1_9' title="bbox 121 1761 1804 4946">
    <p class='ocr_par' dir='ltr' id='par_1_9' title="bbox 121 1761 1804 4946">
     <span class='ocr_line' id='line_1_17' title="bbox 137 1761 1792 1837; baseline -0.001 -17"><span class='ocrx_word' id='word_1_169' title='bbox 137 1780 210 1820; x_wconf 86' lang='lat' dir='ltr'><strong>mum</strong></span> <span class='ocrx_word' id='word_1_170' title='bbox 218 1779 283 1835; x_wconf 89' lang='lat' dir='ltr'><strong>opus</strong></span> <span class='ocrx_word' id='word_1_171' title='bbox 293 1763 463 1833; x_wconf 86' lang='lat' dir='ltr'><strong>aggreditur.</strong></span> <span class='ocrx_word' id='word_1_172' title='bbox 474 1765 632 1832; x_wconf 72' lang='lat' dir='ltr'><strong>Mortificate?</strong></span> <span class='ocrx_word' id='word_1_173' title='bbox 641 1779 746 1834; x_wconf 76' lang='lat' dir='ltr'><strong>guoque</strong></span> <span class='ocrx_word' id='word_1_174' title='bbox 755 1767 871 1834; x_wconf 84' lang='lat' dir='ltr'><strong>corporis</strong></span> <span class='ocrx_word' id='word_1_175' title='bbox 882 1767 937 1834; x_wconf 84' lang='lat' dir='ltr'><strong>sig·</strong></span> <span class='ocrx_word' id='word_1_176' title='bbox 954 1769 978 1831; x_wconf 85' lang='grc' dir='ltr'><strong>Β</strong></span> <span class='ocrx_word' id='word_1_177' title='bbox 993 1763 1117 1837; x_wconf 81' lang='lat' dir='ltr'><strong>negata,</strong></span> <span class='ocrx_word' id='word_1_178' title='bbox 1132 1771 1159 1820; x_wconf 92' lang='lat' dir='ltr'><strong>et</strong></span> <span class='ocrx_word' id='word_1_179' title='bbox 1175 1762 1337 1820; x_wconf 83' lang='lat' dir='ltr'><strong>Benedictus</strong></span> <span class='ocrx_word' id='word_1_180' title='bbox 1352 1761 1397 1818; x_wconf 90' lang='lat' dir='ltr'><strong>ubi</strong></span> <span class='ocrx_word' id='word_1_181' title='bbox 1412 1777 1504 1833; x_wconf 91' lang='lat' dir='ltr'><strong>supra.</strong></span> <span class='ocrx_word' id='word_1_182' title='bbox 1524 1762 1625 1830; x_wconf 83' lang='lat' dir='ltr'><strong>Tertia,</strong></span> <span class='ocrx_word' id='word_1_183' title='bbox 1641 1769 1673 1818; x_wconf 92' lang='lat' dir='ltr'><strong>ut</strong></span> <span class='ocrx_word' id='word_1_184' title='bbox 1687 1761 1724 1818; x_wconf 91' lang='lat' dir='ltr'><strong>sit</strong></span> <span class='ocrx_word' id='word_1_185' title='bbox 1742 1761 1792 1818; x_wconf 82' lang='lat' dir='ltr'><strong>lio-</strong></span> 
     </span>
     <span class='ocr_line' id='line_1_18' title="bbox 135 1833 1792 1904; baseline -0.001 -13"><span class='ocrx_word' id='word_1_186' title='bbox 135 1852 202 1891; x_wconf 85' lang='lat' dir='ltr'><strong>nam</strong></span> <span class='ocrx_word' id='word_1_187' title='bbox 214 1841 262 1891; x_wconf 87' lang='lat' dir='ltr'><strong>est.</strong></span> <span class='ocrx_word' id='word_1_188' title='bbox 280 1838 442 1904; x_wconf 76' lang='lat' dir='ltr'><strong>Hor-titiones</strong></span> <span class='ocrx_word' id='word_1_189' title='bbox 455 1838 523 1889; x_wconf 82' lang='lat' dir='ltr'><strong>enim</strong></span> <span class='ocrx_word' id='word_1_190' title='bbox 536 1835 671 1888; x_wconf 76' lang='lat' dir='ltr'><strong>desideria</strong></span> <span class='ocrx_word' id='word_1_191' title='bbox 685 1840 778 1888; x_wconf 89' lang='lat' dir='ltr'><strong>nostra</strong></span> <span class='ocrx_word' id='word_1_192' title='bbox 792 1837 936 1890; x_wconf 83' lang='lat' dir='ltr'><strong>aebemus:</strong></span> <span class='ocrx_word' id='word_1_193' title='bbox 993 1845 1071 1890; x_wconf 90' lang='lat' dir='ltr'><strong>nesta</strong></span> <span class='ocrx_word' id='word_1_194' title='bbox 1087 1845 1113 1891; x_wconf 92' lang='lat' dir='ltr'><strong>et</strong></span> <span class='ocrx_word' id='word_1_195' title='bbox 1127 1835 1249 1901; x_wconf 90' lang='lat' dir='ltr'><strong>munda,</strong></span> <span class='ocrx_word' id='word_1_196' title='bbox 1270 1850 1326 1890; x_wconf 90' lang='lat' dir='ltr'><strong>non</strong></span> <span class='ocrx_word' id='word_1_197' title='bbox 1340 1833 1467 1890; x_wconf 81' lang='lat' dir='ltr'><strong>affectate</strong></span> <span class='ocrx_word' id='word_1_198' title='bbox 1481 1833 1601 1889; x_wconf 89' lang='lat' dir='ltr'><strong>sordida.</strong></span> <span class='ocrx_word' id='word_1_199' title='bbox 1618 1834 1662 1889; x_wconf 86' lang='lat' dir='ltr'><strong>sic</strong></span> <span class='ocrx_word' id='word_1_200' title='bbox 1675 1836 1709 1888; x_wconf 88' lang='lat' dir='ltr'><strong>D.</strong></span> <span class='ocrx_word' id='word_1_201' title='bbox 1725 1834 1792 1889; x_wconf 89' lang='lat' dir='ltr'><strong>Hie·</strong></span> 
     </span>
     <span class='ocr_line' id='line_1_19' title="bbox 134 1903 1793 2032; baseline -0.001 -71"><span class='ocrx_word' id='word_1_202' title='bbox 134 1910 288 1977; x_wconf 74' lang='lat' dir='ltr'><strong>presertim</strong></span> <span class='ocrx_word' id='word_1_203' title='bbox 308 1922 339 1959; x_wconf 89' lang='lat' dir='ltr'><strong>ea</strong></span> <span class='ocrx_word' id='word_1_204' title='bbox 364 1921 425 1973; x_wconf 86' lang='lat' dir='ltr'><strong>que</strong></span> <span class='ocrx_word' id='word_1_205' title='bbox 444 1922 461 1958; x_wconf 89' lang='lat' dir='ltr'><strong>a</strong></span> <span class='ocrx_word' id='word_1_206' title='bbox 481 1907 590 1958; x_wconf 80' lang='lat' dir='ltr'><strong>renibus</strong></span> <span class='ocrx_word' id='word_1_207' title='bbox 612 1906 770 1973; x_wconf 85' lang='lat' dir='ltr'><strong>procedunt.</strong></span> <span class='ocrx_word' id='word_1_208' title='bbox 787 1911 825 1960; x_wconf 87' lang='lat' dir='ltr'><strong>Be</strong></span> <span class='ocrx_word' id='word_1_209' title='bbox 842 1907 940 1976; x_wconf 81' lang='lat' dir='ltr'><strong>quibus</strong></span> <span class='ocrx_word' id='word_1_210' title='bbox 994 1920 1127 2032; x_wconf 70' lang='lat' dir='ltr'><strong>ronymus</strong></span> <span class='ocrx_word' id='word_1_211' title='bbox 1139 1906 1270 1962; x_wconf 91' lang='lat' dir='ltr'><strong>admonet</strong></span> <span class='ocrx_word' id='word_1_212' title='bbox 1281 1921 1337 1961; x_wconf 91' lang='lat' dir='ltr'><strong>nou</strong></span> <span class='ocrx_word' id='word_1_213' title='bbox 1352 1920 1407 1960; x_wconf 93' lang='lat' dir='ltr'><strong>uno</strong></span> <span class='ocrx_word' id='word_1_214' title='bbox 1422 1905 1448 1959; x_wconf 95' lang='lat' dir='ltr'><strong>in</strong></span> <span class='ocrx_word' id='word_1_215' title='bbox 1465 1905 1535 1960; x_wconf 93' lang='lat' dir='ltr'><strong>loco.</strong></span> <span class='ocrx_word' id='word_1_216' title='bbox 1551 1903 1594 1960; x_wconf 94' lang='lat' dir='ltr'><strong>Ad</strong></span> <span class='ocrx_word' id='word_1_217' title='bbox 1611 1904 1793 1976; x_wconf 85' lang='lat' dir='ltr'><strong>Nepotianum</strong></span> 
     </span>
     <span class='ocr_line' id='line_1_20' title="bbox 138 1976 1794 2047; baseline -0.002 -14"><span class='ocrx_word' id='word_1_218' title='bbox 138 1979 282 2047; x_wconf 81' lang='lat' dir='ltr'><strong>Apostolus</strong></span> <span class='ocrx_word' id='word_1_219' title='bbox 299 1976 404 2029; x_wconf 84' lang='lat' dir='ltr'><strong>dicebat</strong></span> <span class='ocrx_word' id='word_1_220' title='bbox 420 1994 428 2028; x_wconf 78' lang='lat' dir='ltr'><strong>s</strong></span> <span class='ocrx_word' id='word_1_221' title='bbox 447 1978 606 2043; x_wconf 79' lang='lat' dir='ltr'><strong>ddrrtr&#39;ficatc</strong></span> <span class='ocrx_word' id='word_1_222' title='bbox 620 1976 741 2028; x_wconf 81' lang='lat' dir='ltr'><strong>reternbra</strong></span> <span class='ocrx_word' id='word_1_223' title='bbox 759 1980 860 2039; x_wconf 77' lang='lat' dir='ltr'><strong>restra,</strong></span> <span class='ocrx_word' id='word_1_224' title='bbox 879 1993 942 2046; x_wconf 85' lang='lat' dir='ltr'><strong>que</strong></span> <span class='ocrx_word' id='word_1_225' title='bbox 993 1977 1046 2033; x_wconf 88' lang='lat' dir='ltr'><strong>scri</strong></span> <span class='ocrx_word' id='word_1_226' title='bbox 1065 1991 1114 2033; x_wconf 88' lang='lat' dir='ltr'><strong>ens</strong></span> <span class='ocrx_word' id='word_1_227' title='bbox 1136 1993 1143 2030; x_wconf 75' lang='grc' dir='ltr'>ι</span> <span class='ocrx_word' id='word_1_228' title='bbox 1164 1978 1293 2039; x_wconf 85' lang='lat' dir='ltr'><strong>Ornatus,</strong></span> <span class='ocrx_word' id='word_1_229' title='bbox 1313 1981 1345 2031; x_wconf 87' lang='lat' dir='ltr'><strong>ut</strong></span> <span class='ocrx_word' id='word_1_230' title='bbox 1365 1977 1466 2037; x_wconf 89' lang='lat' dir='ltr'><strong>sordes,</strong></span> <span class='ocrx_word' id='word_1_231' title='bbox 1481 1978 1546 2046; x_wconf 91' lang='lat' dir='ltr'><strong>pari</strong></span> <span class='ocrx_word' id='word_1_232' title='bbox 1562 1977 1639 2030; x_wconf 84' lang='lat' dir='ltr'><strong>inodo</strong></span> <span class='ocrx_word' id='word_1_233' title='bbox 1656 1976 1794 2044; x_wconf 75' lang='lat' dir='ltr'><strong>fragistede</strong></span> 
     </span>
     <span class='ocr_line' id='line_1_21' title="bbox 137 2046 1794 2118; baseline -0.002 -15"><span class='ocrx_word' id='word_1_234' title='bbox 137 2051 290 2116; x_wconf 85' lang='lat' dir='ltr'><strong>surrtsuper</strong></span> <span class='ocrx_word' id='word_1_235' title='bbox 300 2050 401 2101; x_wconf 87' lang='lat' dir='ltr'><strong>terram</strong></span> <span class='ocrx_word' id='word_1_236' title='bbox 415 2047 648 2112; x_wconf 75' lang='lat' dir='ltr'><strong>:soraricationem</strong></span> <span class='ocrx_word' id='word_1_237' title='bbox 661 2046 873 2110; x_wconf 84' lang='lat' dir='ltr'><strong>immunditiam,</strong></span> <span class='ocrx_word' id='word_1_238' title='bbox 885 2056 937 2103; x_wconf 90' lang='lat' dir='ltr'><strong>etc.</strong></span> <span class='ocrx_word' id='word_1_239' title='bbox 993 2053 1067 2111; x_wconf 87' lang='lat' dir='ltr'><strong>sunt,</strong></span> <span class='ocrx_word' id='word_1_240' title='bbox 1083 2050 1149 2118; x_wconf 82' lang='lat' dir='ltr'><strong>geria</strong></span> <span class='ocrx_word' id='word_1_241' title='bbox 1170 2050 1286 2103; x_wconf 86' lang='lat' dir='ltr'><strong>alterum</strong></span> <span class='ocrx_word' id='word_1_242' title='bbox 1300 2048 1420 2110; x_wconf 87' lang='lat' dir='ltr'><strong>delicias,</strong></span> <span class='ocrx_word' id='word_1_243' title='bbox 1436 2050 1552 2101; x_wconf 88' lang='lat' dir='ltr'><strong>alterum</strong></span> <span class='ocrx_word' id='word_1_244' title='bbox 1566 2049 1681 2115; x_wconf 83' lang='lat' dir='ltr'><strong>gloriam</strong></span> <span class='ocrx_word' id='word_1_245' title='bbox 1694 2047 1794 2101; x_wconf 83' lang='lat' dir='ltr'><strong>redolet</strong></span> 
     </span>
     <span class='ocr_line' id='line_1_22' title="bbox 136 2115 1794 2191; baseline -0.002 -16"><span class='ocrx_word' id='word_1_246' title='bbox 136 2119 249 2184; x_wconf 77' lang='lat' dir='ltr'><strong>(dolose.</strong></span> <span class='ocrx_word' id='word_1_247' title='bbox 264 2123 329 2182; x_wconf 91' lang='grc' dir='ltr'>ιιι).</span> <span class='ocrx_word' id='word_1_248' title='bbox 343 2117 410 2171; x_wconf 87' lang='lat' dir='ltr'><strong>Haec</strong></span> <span class='ocrx_word' id='word_1_249' title='bbox 423 2118 476 2170; x_wconf 93' lang='lat' dir='ltr'><strong>ille.</strong></span> <span class='ocrx_word' id='word_1_250' title='bbox 489 2118 624 2172; x_wconf 82' lang='lat' dir='ltr'><strong>Caeterum</strong></span> <span class='ocrx_word' id='word_1_251' title='bbox 635 2115 693 2171; x_wconf 92' lang='lat' dir='ltr'><strong>aliis</strong></span> <span class='ocrx_word' id='word_1_252' title='bbox 703 2116 865 2187; x_wconf 89' lang='lat' dir='ltr'><strong>quibusdam</strong></span> <span class='ocrx_word' id='word_1_253' title='bbox 879 2133 939 2173; x_wconf 91' lang='lat' dir='ltr'><strong>mo·</strong></span> <span class='ocrx_word' id='word_1_254' title='bbox 994 2118 1095 2191; x_wconf 75' lang='lat' dir='ltr'><strong>(Bptst.</strong></span> <span class='ocrx_word' id='word_1_255' title='bbox 1108 2122 1149 2185; x_wconf 81' lang='lat'><strong>2).</strong></span> <span class='ocrx_word' id='word_1_256' title='bbox 1168 2121 1200 2174; x_wconf 85' lang='lat' dir='ltr'><strong>Et</strong></span> <span class='ocrx_word' id='word_1_257' title='bbox 1212 2118 1246 2173; x_wconf 90' lang='lat' dir='ltr'><strong>ad</strong></span> <span class='ocrx_word' id='word_1_258' title='bbox 1261 2117 1438 2174; x_wconf 87' lang='lat' dir='ltr'><strong>Eustochium</strong></span> <span class='ocrx_word' id='word_1_259' title='bbox 1452 2138 1459 2171; x_wconf 91' lang='lat'><strong>:</strong></span> <span class='ocrx_word' id='word_1_260' title='bbox 1476 2120 1563 2174; x_wconf 83' lang='lat' dir='ltr'><strong>Vestis</strong></span> <span class='ocrx_word' id='word_1_261' title='bbox 1575 2134 1622 2172; x_wconf 89' lang='lat' dir='ltr'><strong>nec</strong></span> <span class='ocrx_word' id='word_1_262' title='bbox 1633 2121 1698 2173; x_wconf 89' lang='lat' dir='ltr'><strong>satis</strong></span> <span class='ocrx_word' id='word_1_263' title='bbox 1713 2134 1794 2172; x_wconf 86' lang='lat' dir='ltr'><strong>mun·</strong></span> 
     </span>
     <span class='ocr_line' id='line_1_23' title="bbox 137 2184 1796 2253; baseline -0.001 -9"><span class='ocrx_word' id='word_1_264' title='bbox 137 2188 231 2244; x_wconf 89' lang='lat' dir='ltr'><strong>nachis</strong></span> <span class='ocrx_word' id='word_1_265' title='bbox 249 2202 318 2243; x_wconf 91' lang='lat' dir='ltr'><strong>zona</strong></span> <span class='ocrx_word' id='word_1_266' title='bbox 336 2187 405 2242; x_wconf 90' lang='lat' dir='ltr'><strong>linea</strong></span> <span class='ocrx_word' id='word_1_267' title='bbox 421 2184 449 2241; x_wconf 90' lang='lat' dir='ltr'><strong>in</strong></span> <span class='ocrx_word' id='word_1_268' title='bbox 467 2201 519 2242; x_wconf 92' lang='lat' dir='ltr'><strong>usu</strong></span> <span class='ocrx_word' id='word_1_269' title='bbox 536 2184 597 2241; x_wconf 84' lang='lat' dir='ltr'><strong>tuit.</strong></span> <span class='ocrx_word' id='word_1_270' title='bbox 615 2188 686 2242; x_wconf 88' lang='lat' dir='ltr'><strong>Nam</strong></span> <span class='ocrx_word' id='word_1_271' title='bbox 699 2189 733 2242; x_wconf 93' lang='lat' dir='ltr'><strong>de</strong></span> <span class='ocrx_word' id='word_1_272' title='bbox 747 2186 938 2244; x_wconf 71' lang='lat' dir='ltr'><strong>pachomianis</strong></span> <span class='ocrx_word' id='word_1_273' title='bbox 993 2191 1039 2253; x_wconf 90' lang='lat' dir='ltr'><strong>da,</strong></span> <span class='ocrx_word' id='word_1_274' title='bbox 1051 2205 1098 2244; x_wconf 88' lang='lat' dir='ltr'><strong>nee</strong></span> <span class='ocrx_word' id='word_1_275' title='bbox 1109 2189 1231 2253; x_wconf 72' lang='lat' dir='ltr'><strong>saraae,</strong></span> <span class='ocrx_word' id='word_1_276' title='bbox 1243 2194 1269 2244; x_wconf 90' lang='lat' dir='ltr'><strong>et</strong></span> <span class='ocrx_word' id='word_1_277' title='bbox 1277 2191 1353 2243; x_wconf 89' lang='lat' dir='ltr'><strong>nulla</strong></span> <span class='ocrx_word' id='word_1_278' title='bbox 1363 2189 1519 2244; x_wconf 82' lang='lat' dir='ltr'><strong>diuersitate</strong></span> <span class='ocrx_word' id='word_1_279' title='bbox 1527 2191 1717 2243; x_wconf 81' lang='lat' dir='ltr'><strong>notabilissne</strong></span> <span class='ocrx_word' id='word_1_280' title='bbox 1725 2189 1763 2243; x_wconf 84' lang='lat' dir='ltr'><strong>act</strong></span> <span class='ocrx_word' id='word_1_281' title='bbox 1770 2192 1796 2242; x_wconf 89' lang='lat' dir='ltr'><strong>tc</strong></span> 
     </span>
     <span class='ocr_line' id='line_1_24' title="bbox 137 2256 1794 2330; baseline -0.002 -15"><span class='ocrx_word' id='word_1_282' title='bbox 137 2259 164 2315; x_wconf 91' lang='lat' dir='ltr'><strong>id</strong></span> <span class='ocrx_word' id='word_1_283' title='bbox 177 2267 292 2314; x_wconf 86' lang='lat' dir='ltr'><strong>testatur</strong></span> <span class='ocrx_word' id='word_1_284' title='bbox 312 2259 346 2312; x_wconf 88' lang='lat' dir='ltr'><strong>D.</strong></span> <span class='ocrx_word' id='word_1_285' title='bbox 364 2257 549 2329; x_wconf 82' lang='lat' dir='ltr'><strong>Hieronymus</strong></span> <span class='ocrx_word' id='word_1_286' title='bbox 567 2257 595 2311; x_wconf 91' lang='lat' dir='ltr'><strong>in</strong></span> <span class='ocrx_word' id='word_1_287' title='bbox 612 2256 769 2328; x_wconf 79' lang='lat' dir='ltr'><strong>praelatione</strong></span> <span class='ocrx_word' id='word_1_288' title='bbox 782 2260 893 2330; x_wconf 83' lang='lat' dir='ltr'><strong>Begulae</strong></span> <span class='ocrx_word' id='word_1_289' title='bbox 909 2262 938 2315; x_wconf 84' lang='lat' dir='ltr'><strong>S.</strong></span> <span class='ocrx_word' id='word_1_290' title='bbox 993 2261 1099 2315; x_wconf 78' lang='lat' dir='ltr'><strong>obuiam</strong></span> <span class='ocrx_word' id='word_1_291' title='bbox 1108 2263 1330 2330; x_wconf 74' lang='lat' dir='ltr'><strong>pretereuntium</strong></span> <span class='ocrx_word' id='word_1_292' title='bbox 1341 2261 1422 2314; x_wconf 88' lang='lat' dir='ltr'><strong>turba</strong></span> <span class='ocrx_word' id='word_1_293' title='bbox 1436 2263 1573 2322; x_wconf 88' lang='lat' dir='ltr'><strong>consistat,</strong></span> <span class='ocrx_word' id='word_1_294' title='bbox 1587 2265 1613 2313; x_wconf 88' lang='lat' dir='ltr'><strong>et</strong></span> <span class='ocrx_word' id='word_1_295' title='bbox 1624 2261 1709 2328; x_wconf 84' lang='lat' dir='ltr'><strong>digito</strong></span> <span class='ocrx_word' id='word_1_296' title='bbox 1719 2275 1794 2312; x_wconf 87' lang='lat' dir='ltr'><strong>mou·</strong></span> 
     </span>
     <span class='ocr_line' id='line_1_25' title="bbox 138 2328 1796 2402; baseline -0.001 -17"><span class='ocrx_word' id='word_1_297' title='bbox 138 2328 300 2385; x_wconf 86' lang='lat' dir='ltr'><strong>Paclromii:</strong></span> <span class='ocrx_word' id='word_1_298' title='bbox 321 2329 480 2390; x_wconf 78' lang='lat' dir='ltr'><strong>balteolum,</strong></span> <span class='ocrx_word' id='word_1_299' title='bbox 498 2328 545 2395; x_wconf 90' lang='lat' dir='ltr'><strong>ait,</strong></span> <span class='ocrx_word' id='word_1_300' title='bbox 571 2331 755 2398; x_wconf 79' lang='lat' dir='ltr'><strong>unusquisque</strong></span> <span class='ocrx_word' id='word_1_301' title='bbox 773 2330 889 2384; x_wconf 85' lang='lat' dir='ltr'><strong>babebat</strong></span> <span class='ocrx_word' id='word_1_302' title='bbox 903 2332 938 2384; x_wconf 90' lang='lat' dir='ltr'><strong>li·</strong></span> <span class='ocrx_word' id='word_1_303' title='bbox 993 2334 1086 2386; x_wconf 76' lang='lat' dir='ltr'><strong>streis</strong></span> <span class='ocrx_word' id='word_1_304' title='bbox 1093 2329 1340 2401; x_wconf 62' lang='lat' dir='ltr'><strong>(Epist-temdum</strong></span> <span class='ocrx_word' id='word_1_305' title='bbox 1349 2332 1375 2385; x_wconf 93' lang='lat' dir='ltr'><strong>in</strong></span> <span class='ocrx_word' id='word_1_306' title='bbox 1385 2331 1796 2402; x_wconf 74' lang='lat' dir='ltr'><strong>ltpitapbioliepotianitCultus</strong></span> 
     </span>
     <span class='ocr_line' id='line_1_26' title="bbox 139 2398 1796 2472; baseline 0 -17"><span class='ocrx_word' id='word_1_307' title='bbox 139 2416 229 2455; x_wconf 89' lang='lat' dir='ltr'><strong>neum.</strong></span> <span class='ocrx_word' id='word_1_308' title='bbox 250 2398 317 2454; x_wconf 84' lang='lat' dir='ltr'><strong>Aliis</strong></span> <span class='ocrx_word' id='word_1_309' title='bbox 338 2414 402 2454; x_wconf 83' lang='lat' dir='ltr'><strong>vero</strong></span> <span class='ocrx_word' id='word_1_310' title='bbox 422 2399 561 2469; x_wconf 89' lang='lat' dir='ltr'><strong>cingulum</strong></span> <span class='ocrx_word' id='word_1_311' title='bbox 584 2400 691 2455; x_wconf 88' lang='lat' dir='ltr'><strong>laneum</strong></span> <span class='ocrx_word' id='word_1_312' title='bbox 715 2400 800 2471; x_wconf 86' lang='lat' dir='ltr'><strong>magis</strong></span> <span class='ocrx_word' id='word_1_313' title='bbox 821 2401 938 2471; x_wconf 82' lang='lat' dir='ltr'><strong>placuit,</strong></span> <span class='ocrx_word' id='word_1_314' title='bbox 992 2401 1796 2472; x_wconf 74' lang='lat' dir='ltr'><strong>ipseprouinciemoremsequensnecmunditiismeesordibus</strong></span> 
     </span>
     <span class='ocr_line' id='line_1_27' title="bbox 141 2468 1794 2553; baseline -0.001 -27"><span class='ocrx_word' id='word_1_315' title='bbox 141 2471 215 2553; x_wconf 78' lang='lat' dir='ltr'><strong>quod</strong></span> <span class='ocrx_word' id='word_1_316' title='bbox 234 2470 282 2526; x_wconf 90' lang='lat' dir='ltr'><strong>tali</strong></span> <span class='ocrx_word' id='word_1_317' title='bbox 300 2470 408 2542; x_wconf 90' lang='lat' dir='ltr'><strong>cingulo</strong></span> <span class='ocrx_word' id='word_1_318' title='bbox 428 2468 552 2525; x_wconf 73' lang='lat' dir='ltr'><strong>cbristus</strong></span> <span class='ocrx_word' id='word_1_319' title='bbox 571 2485 636 2525; x_wconf 92' lang='lat' dir='ltr'><strong>usus</strong></span> <span class='ocrx_word' id='word_1_320' title='bbox 654 2469 791 2525; x_wconf 90' lang='lat' dir='ltr'><strong>credatur.</strong></span> <span class='ocrx_word' id='word_1_321' title='bbox 810 2472 848 2526; x_wconf 85' lang='lat' dir='ltr'><strong>Ea</strong></span> <span class='ocrx_word' id='word_1_322' title='bbox 867 2472 939 2527; x_wconf 92' lang='lat' dir='ltr'><strong>enim</strong></span> <span class='ocrx_word' id='word_1_323' title='bbox 992 2474 1119 2527; x_wconf 86' lang='lat' dir='ltr'><strong>notabilis</strong></span> <span class='ocrx_word' id='word_1_324' title='bbox 1127 2475 1225 2542; x_wconf 83' lang='lat' dir='ltr'><strong>(Epist.</strong></span> <span class='ocrx_word' id='word_1_325' title='bbox 1237 2473 1384 2543; x_wconf 79' lang='lat' dir='ltr'><strong>3).Auctor</strong></span> <span class='ocrx_word' id='word_1_326' title='bbox 1393 2472 1463 2526; x_wconf 79' lang='lat' dir='ltr'><strong>Vitae</strong></span> <span class='ocrx_word' id='word_1_327' title='bbox 1473 2475 1500 2527; x_wconf 90' lang='lat' dir='ltr'><strong>S.</strong></span> <span class='ocrx_word' id='word_1_328' title='bbox 1514 2470 1643 2525; x_wconf 87' lang='lat' dir='ltr'><strong>Bernardi</strong></span> <span class='ocrx_word' id='word_1_329' title='bbox 1656 2489 1662 2524; x_wconf 95' lang='lat'>:</span> <span class='ocrx_word' id='word_1_330' title='bbox 1675 2475 1705 2526; x_wconf 92' lang='lat' dir='ltr'><strong>ln</strong></span> <span class='ocrx_word' id='word_1_331' title='bbox 1714 2473 1794 2524; x_wconf 79' lang='lat' dir='ltr'><strong>castr·-</strong></span> 
     </span>
     <span class='ocr_line' id='line_1_28' title="bbox 121 2539 1796 2615; baseline -0.003 -17"><span class='ocrx_word' id='word_1_332' title='bbox 121 2557 127 2566; x_wconf 90' lang='lat'><strong>·</strong></span> <span class='ocrx_word' id='word_1_333' title='bbox 140 2541 311 2615; x_wconf 81' lang='lat' dir='ltr'><strong>cingulorum</strong></span> <span class='ocrx_word' id='word_1_334' title='bbox 325 2541 452 2596; x_wconf 87' lang='lat' dir='ltr'><strong>materies</strong></span> <span class='ocrx_word' id='word_1_335' title='bbox 469 2539 541 2611; x_wconf 85' lang='lat' dir='ltr'><strong>apud</strong></span> <span class='ocrx_word' id='word_1_336' title='bbox 554 2540 714 2596; x_wconf 67' lang='lat' dir='ltr'><strong>Palaestinos</strong></span> <span class='ocrx_word' id='word_1_337' title='bbox 732 2541 852 2613; x_wconf 82' lang='lat' dir='ltr'><strong>vulgaris</strong></span> <span class='ocrx_word' id='word_1_338' title='bbox 871 2541 938 2611; x_wconf 86' lang='lat' dir='ltr'><strong>tuit,</strong></span> <span class='ocrx_word' id='word_1_339' title='bbox 994 2543 1074 2598; x_wconf 71' lang='lat' dir='ltr'><strong>brari</strong></span> <span class='ocrx_word' id='word_1_340' title='bbox 1079 2546 1229 2613; x_wconf 87' lang='lat' dir='ltr'><strong>paupertas</strong></span> <span class='ocrx_word' id='word_1_341' title='bbox 1238 2557 1341 2612; x_wconf 80' lang='lat' dir='ltr'><strong>seraper</strong></span> <span class='ocrx_word' id='word_1_342' title='bbox 1348 2542 1452 2611; x_wconf 88' lang='lat' dir='ltr'><strong>placuit</strong></span> <span class='ocrx_word' id='word_1_343' title='bbox 1461 2542 1568 2595; x_wconf 85' lang='lat' dir='ltr'><strong>:sordes</strong></span> <span class='ocrx_word' id='word_1_344' title='bbox 1575 2555 1723 2610; x_wconf 83' lang='lat' dir='ltr'><strong>numgimm</strong></span> <span class='ocrx_word' id='word_1_345' title='bbox 1736 2558 1744 2594; x_wconf 76' lang='grc' dir='ltr'><strong><em>ε</em></strong></span> <span class='ocrx_word' id='word_1_346' title='bbox 1755 2542 1796 2593; x_wconf 87' lang='lat' dir='ltr'><strong>ni·</strong></span> 
     </span>
     <span class='ocr_line' id='line_1_29' title="bbox 139 2610 1796 2684; baseline -0.003 -15"><span class='ocrx_word' id='word_1_347' title='bbox 139 2627 155 2668; x_wconf 83' lang='lat' dir='ltr'><strong>a</strong></span> <span class='ocrx_word' id='word_1_348' title='bbox 169 2627 287 2684; x_wconf 90' lang='lat' dir='ltr'><strong>quorum</strong></span> <span class='ocrx_word' id='word_1_349' title='bbox 302 2611 441 2667; x_wconf 89' lang='lat' dir='ltr'><strong>communi</strong></span> <span class='ocrx_word' id='word_1_350' title='bbox 454 2626 531 2668; x_wconf 86' lang='lat' dir='ltr'><strong>more</strong></span> <span class='ocrx_word' id='word_1_351' title='bbox 547 2610 676 2681; x_wconf 85' lang='lat' dir='ltr'><strong>cpltuque</strong></span> <span class='ocrx_word' id='word_1_352' title='bbox 688 2611 814 2667; x_wconf 86' lang='lat' dir='ltr'><strong>Christus</strong></span> <span class='ocrx_word' id='word_1_353' title='bbox 828 2627 883 2667; x_wconf 90' lang='lat' dir='ltr'><strong>non</strong></span> <span class='ocrx_word' id='word_1_354' title='bbox 897 2629 939 2668; x_wconf 92' lang='lat' dir='ltr'><strong>re·</strong></span> <span class='ocrx_word' id='word_1_355' title='bbox 992 2616 1092 2668; x_wconf 86' lang='lat' dir='ltr'><strong>mirum</strong></span> <span class='ocrx_word' id='word_1_356' title='bbox 1102 2614 1251 2681; x_wconf 78' lang='lat' dir='ltr'><strong>animisore</strong></span> <span class='ocrx_word' id='word_1_357' title='bbox 1260 2613 1358 2666; x_wconf 87' lang='lat' dir='ltr'><strong>indices</strong></span> <span class='ocrx_word' id='word_1_358' title='bbox 1371 2611 1796 2679; x_wconf 69' lang='lat' dir='ltr'><strong>aiebatautrregligentismutso·</strong></span> 
     </span>
     <span class='ocr_line' id='line_1_30' title="bbox 134 2682 1795 2763; baseline -0.004 -23"><span class='ocrx_word' id='word_1_359' title='bbox 134 2682 228 2740; x_wconf 83' lang='lat' dir='ltr'><strong>&#39;cessit</strong></span> <span class='ocrx_word' id='word_1_360' title='bbox 245 2683 327 2739; x_wconf 90' lang='lat' dir='ltr'><strong>Unde</strong></span> <span class='ocrx_word' id='word_1_361' title='bbox 347 2685 380 2738; x_wconf 89' lang='lat' dir='ltr'><strong>D.</strong></span> <span class='ocrx_word' id='word_1_362' title='bbox 398 2684 583 2763; x_wconf 75' lang='lat' dir='ltr'><strong>Hieronymus</strong></span> <span class='ocrx_word' id='word_1_363' title='bbox 602 2682 748 2750; x_wconf 72' lang='lat' dir='ltr'><strong>Marcellae,</strong></span> <span class='ocrx_word' id='word_1_364' title='bbox 770 2698 832 2754; x_wconf 73' lang='lat' dir='ltr'><strong>quaa</strong></span> <span class='ocrx_word' id='word_1_365' title='bbox 853 2683 939 2740; x_wconf 87' lang='lat' dir='ltr'><strong>Palae·</strong></span> <span class='ocrx_word' id='word_1_366' title='bbox 994 2687 1033 2739; x_wconf 83' lang='lat' dir='ltr'><strong>ris</strong></span> <span class='ocrx_word' id='word_1_367' title='bbox 1048 2685 1163 2754; x_wconf 80' lang='lat' dir='ltr'><strong>gloriam</strong></span> <span class='ocrx_word' id='word_1_368' title='bbox 1183 2685 1343 2752; x_wconf 70' lang='lat' dir='ltr'><strong>affectantis</strong></span> <span class='ocrx_word' id='word_1_369' title='bbox 1364 2683 1512 2736; x_wconf 78' lang='lat' dir='ltr'><strong>humanam</strong></span> <span class='ocrx_word' id='word_1_370' title='bbox 1526 2683 1602 2748; x_wconf 85' lang='lat' dir='ltr'><strong>(Lib.</strong></span> <span class='ocrx_word' id='word_1_371' title='bbox 1621 2696 1668 2748; x_wconf 88' lang='lat' dir='ltr'><strong>ur,</strong></span> <span class='ocrx_word' id='word_1_372' title='bbox 1682 2697 1740 2752; x_wconf 91' lang='lat' dir='ltr'><strong>cap.</strong></span> <span class='ocrx_word' id='word_1_373' title='bbox 1756 2687 1795 2746; x_wconf 78' lang='lat' dir='ltr'><strong>t).</strong></span> 
     </span>
     <span class='ocr_line' id='line_1_31' title="bbox 138 2753 1797 2827; baseline -0.002 -17"><span class='ocrx_word' id='word_1_374' title='bbox 138 2754 243 2811; x_wconf 72' lang='lat' dir='ltr'><strong>sunam</strong></span> <span class='ocrx_word' id='word_1_375' title='bbox 253 2753 375 2817; x_wconf 85' lang='lat' dir='ltr'><strong>incoluit,</strong></span> <span class='ocrx_word' id='word_1_376' title='bbox 388 2770 403 2809; x_wconf 93' lang='lat' dir='ltr'><strong>e</strong></span> <span class='ocrx_word' id='word_1_377' title='bbox 415 2754 474 2809; x_wconf 88' lang='lat' dir='ltr'><strong>lana</strong></span> <span class='ocrx_word' id='word_1_378' title='bbox 485 2753 624 2824; x_wconf 82' lang='lat' dir='ltr'><strong>cingulum</strong></span> <span class='ocrx_word' id='word_1_379' title='bbox 636 2753 820 2809; x_wconf 88' lang='lat' dir='ltr'><strong>commendat.</strong></span> <span class='ocrx_word' id='word_1_380' title='bbox 835 2757 886 2818; x_wconf 84' lang='lat' dir='ltr'><strong>Sit,</strong></span> <span class='ocrx_word' id='word_1_381' title='bbox 897 2758 939 2810; x_wconf 94' lang='lat' dir='ltr'><strong>in·</strong></span> <span class='ocrx_word' id='word_1_382' title='bbox 997 2755 1097 2825; x_wconf 88' lang='lat' dir='ltr'><strong>Quarta</strong></span> <span class='ocrx_word' id='word_1_383' title='bbox 1110 2754 1242 2821; x_wconf 90' lang='lat' dir='ltr'><strong>conditio,</strong></span> <span class='ocrx_word' id='word_1_384' title='bbox 1257 2768 1339 2827; x_wconf 87' lang='lat' dir='ltr'><strong>quam</strong></span> <span class='ocrx_word' id='word_1_385' title='bbox 1352 2753 1395 2808; x_wconf 92' lang='lat' dir='ltr'><strong>bic</strong></span> <span class='ocrx_word' id='word_1_386' title='bbox 1408 2753 1493 2821; x_wconf 86' lang='lat' dir='ltr'><strong>tangit</strong></span> <span class='ocrx_word' id='word_1_387' title='bbox 1510 2756 1613 2808; x_wconf 86' lang='lat' dir='ltr'><strong>Auctor</strong></span> <span class='ocrx_word' id='word_1_388' title='bbox 1624 2753 1797 2823; x_wconf 71' lang='lat' dir='ltr'><strong>(quaetamen</strong></span> 
     </span>
     <span class='ocr_line' id='line_1_32' title="bbox 141 2823 1797 2898; baseline -0.002 -16"><span class='ocrx_word' id='word_1_389' title='bbox 141 2825 941 2898; x_wconf 71' lang='lat' dir='ltr'><strong>quiteingulumlaneumettotasimplieitatcpurissimum:</strong></span> <span class='ocrx_word' id='word_1_390' title='bbox 997 2826 1093 2883; x_wconf 88' lang='lat' dir='ltr'><strong>eodem</strong></span> <span class='ocrx_word' id='word_1_391' title='bbox 1109 2825 1165 2883; x_wconf 83' lang='lat' dir='ltr'><strong>fere</strong></span> <span class='ocrx_word' id='word_1_392' title='bbox 1179 2825 1301 2897; x_wconf 78' lang='lat' dir='ltr'><strong>recidit),</strong></span> <span class='ocrx_word' id='word_1_393' title='bbox 1321 2840 1355 2879; x_wconf 92' lang='lat' dir='ltr'><strong>ne</strong></span> <span class='ocrx_word' id='word_1_394' title='bbox 1370 2824 1404 2880; x_wconf 92' lang='lat' dir='ltr'><strong>sit</strong></span> <span class='ocrx_word' id='word_1_395' title='bbox 1419 2824 1499 2880; x_wconf 83' lang='lat' dir='ltr'><strong>restis</strong></span> <span class='ocrx_word' id='word_1_396' title='bbox 1516 2823 1669 2893; x_wconf 84' lang='lat' dir='ltr'><strong>singularis,</strong></span> <span class='ocrx_word' id='word_1_397' title='bbox 1685 2828 1732 2878; x_wconf 91' lang='lat' dir='ltr'><strong>aut</strong></span> <span class='ocrx_word' id='word_1_398' title='bbox 1748 2823 1797 2878; x_wconf 89' lang='lat' dir='ltr'><strong>ali-</strong></span> 
     </span>
     <span class='ocr_line' id='line_1_33' title="bbox 141 2892 1798 2970; baseline -0.002 -18"><span class='ocrx_word' id='word_1_399' title='bbox 141 2898 213 2969; x_wconf 83' lang='lat' dir='ltr'><strong>quod</strong></span> <span class='ocrx_word' id='word_1_400' title='bbox 221 2899 307 2968; x_wconf 81' lang='lat' dir='ltr'><strong>possit</strong></span> <span class='ocrx_word' id='word_1_401' title='bbox 314 2898 402 2964; x_wconf 66' lang='lat' dir='ltr'><strong>magrffs</strong></span> <span class='ocrx_word' id='word_1_402' title='bbox 410 2896 561 2964; x_wconf 86' lang='lat' dir='ltr'><strong>astringere</strong></span> <span class='ocrx_word' id='word_1_403' title='bbox 570 2898 765 2958; x_wconf 85' lang='lat' dir='ltr'><strong>uestimentum,</strong></span> <span class='ocrx_word' id='word_1_404' title='bbox 776 2912 859 2966; x_wconf 82' lang='lat' dir='ltr'><strong>guam</strong></span> <span class='ocrx_word' id='word_1_405' title='bbox 870 2900 941 2952; x_wconf 78' lang='lat' dir='ltr'><strong>sciri·</strong></span> <span class='ocrx_word' id='word_1_406' title='bbox 996 2912 1048 2970; x_wconf 88' lang='lat' dir='ltr'><strong>qua</strong></span> <span class='ocrx_word' id='word_1_407' title='bbox 1063 2896 1170 2953; x_wconf 91' lang='lat' dir='ltr'><strong>insolita</strong></span> <span class='ocrx_word' id='word_1_408' title='bbox 1183 2896 1336 2952; x_wconf 82' lang='lat' dir='ltr'><strong>diversitate</strong></span> <span class='ocrx_word' id='word_1_409' title='bbox 1350 2894 1487 2960; x_wconf 90' lang='lat' dir='ltr'><strong>notabilis,</strong></span> <span class='ocrx_word' id='word_1_410' title='bbox 1502 2902 1532 2950; x_wconf 91' lang='lat' dir='ltr'><strong>ut</strong></span> <span class='ocrx_word' id='word_1_411' title='bbox 1547 2892 1583 2950; x_wconf 88' lang='lat' dir='ltr'><strong>ait</strong></span> <span class='ocrx_word' id='word_1_412' title='bbox 1600 2897 1636 2949; x_wconf 88' lang='lat' dir='ltr'><strong>B.</strong></span> <span class='ocrx_word' id='word_1_413' title='bbox 1656 2894 1798 2966; x_wconf 86' lang='lat' dir='ltr'><strong>Hierony-</strong></span> 
     </span>
     <span class='ocr_line' id='line_1_34' title="bbox 141 2964 1797 3039; baseline -0.001 -17"><span class='ocrx_word' id='word_1_414' title='bbox 141 2969 216 3023; x_wconf 87' lang='lat' dir='ltr'><strong>dere.</strong></span> <span class='ocrx_word' id='word_1_415' title='bbox 240 2967 392 3023; x_wconf 89' lang='lat' dir='ltr'><strong>Nonnullos</strong></span> <span class='ocrx_word' id='word_1_416' title='bbox 414 2974 507 3021; x_wconf 90' lang='lat' dir='ltr'><strong>autem</strong></span> <span class='ocrx_word' id='word_1_417' title='bbox 536 2965 601 3021; x_wconf 88' lang='lat' dir='ltr'><strong>lune</strong></span> <span class='ocrx_word' id='word_1_418' title='bbox 627 2966 791 3036; x_wconf 84' lang='lat' dir='ltr'><strong>praecinctos</strong></span> <span class='ocrx_word' id='word_1_419' title='bbox 814 2968 940 3039; x_wconf 73' lang='lat' dir='ltr'><strong>teg&#39;mua.</strong></span> <span class='ocrx_word' id='word_1_420' title='bbox 996 2984 1075 3037; x_wconf 85' lang='lat' dir='ltr'><strong>mus;</strong></span> <span class='ocrx_word' id='word_1_421' title='bbox 1093 2966 1167 3038; x_wconf 88' lang='lat' dir='ltr'><strong>quod</strong></span> <span class='ocrx_word' id='word_1_422' title='bbox 1184 2967 1280 3022; x_wconf 75' lang='lat' dir='ltr'><strong>sitium</strong></span> <span class='ocrx_word' id='word_1_423' title='bbox 1298 2965 1491 3039; x_wconf 79' lang='lat' dir='ltr'><strong>singularitatis</strong></span> <span class='ocrx_word' id='word_1_424' title='bbox 1506 2973 1564 3021; x_wconf 92' lang='lat' dir='ltr'><strong>tum</strong></span> <span class='ocrx_word' id='word_1_425' title='bbox 1583 2965 1610 3019; x_wconf 94' lang='lat' dir='ltr'><strong>in</strong></span> <span class='ocrx_word' id='word_1_426' title='bbox 1625 2964 1684 3020; x_wconf 90' lang='lat' dir='ltr'><strong>aliis</strong></span> <span class='ocrx_word' id='word_1_427' title='bbox 1704 2964 1797 3032; x_wconf 90' lang='lat' dir='ltr'><strong>rebus,</strong></span> 
     </span>
     <span class='ocr_line' id='line_1_35' title="bbox 139 3034 1797 3110; baseline -0.003 -15"><span class='ocrx_word' id='word_1_428' title='bbox 139 3041 213 3096; x_wconf 83' lang='lat' dir='ltr'><strong>iiam</strong></span> <span class='ocrx_word' id='word_1_429' title='bbox 228 3047 327 3109; x_wconf 78' lang='lat' dir='ltr'><strong>prater</strong></span> <span class='ocrx_word' id='word_1_430' title='bbox 341 3037 400 3093; x_wconf 90' lang='lat' dir='ltr'><strong>illos</strong></span> <span class='ocrx_word' id='word_1_431' title='bbox 413 3036 566 3108; x_wconf 86' lang='lat' dir='ltr'><strong>AEgyptios,</strong></span> <span class='ocrx_word' id='word_1_432' title='bbox 580 3036 614 3092; x_wconf 91' lang='lat' dir='ltr'><strong>de</strong></span> <span class='ocrx_word' id='word_1_433' title='bbox 632 3037 732 3107; x_wconf 89' lang='lat' dir='ltr'><strong>quibus</strong></span> <span class='ocrx_word' id='word_1_434' title='bbox 750 3037 898 3094; x_wconf 87' lang='lat' dir='ltr'><strong>Cassianus</strong></span> <span class='ocrx_word' id='word_1_435' title='bbox 914 3053 939 3093; x_wconf 89' lang='lat' dir='ltr'><strong>c.</strong></span> <span class='ocrx_word' id='word_1_436' title='bbox 995 3046 1055 3095; x_wconf 92' lang='lat' dir='ltr'><strong>tum</strong></span> <span class='ocrx_word' id='word_1_437' title='bbox 1070 3038 1210 3110; x_wconf 81' lang='lat' dir='ltr'><strong>speciatim</strong></span> <span class='ocrx_word' id='word_1_438' title='bbox 1222 3037 1249 3092; x_wconf 94' lang='lat' dir='ltr'><strong>in</strong></span> <span class='ocrx_word' id='word_1_439' title='bbox 1262 3037 1380 3093; x_wconf 87' lang='lat' dir='ltr'><strong>vestibus</strong></span> <span class='ocrx_word' id='word_1_440' title='bbox 1394 3036 1517 3108; x_wconf 88' lang='lat' dir='ltr'><strong>apriscis</strong></span> <span class='ocrx_word' id='word_1_441' title='bbox 1535 3034 1677 3092; x_wconf 87' lang='lat' dir='ltr'><strong>monacbis</strong></span> <span class='ocrx_word' id='word_1_442' title='bbox 1691 3035 1797 3107; x_wconf 91' lang='lat' dir='ltr'><strong>impro-</strong></span> 
     </span>
     <span class='ocr_line' id='line_1_36' title="bbox 141 3105 1795 3205; baseline -0.004 -38"><span class='ocrx_word' id='word_1_443' title='bbox 141 3117 158 3167; x_wconf 88' lang='grc'><strong>6</strong></span> <span class='ocrx_word' id='word_1_444' title='bbox 172 3109 254 3183; x_wconf 88' lang='lat' dir='ltr'><strong>bujus</strong></span> <span class='ocrx_word' id='word_1_445' title='bbox 269 3109 340 3174; x_wconf 91' lang='lat' dir='ltr'><strong>libri,</strong></span> <span class='ocrx_word' id='word_1_446' title='bbox 356 3108 423 3181; x_wconf 86' lang='lat' dir='ltr'><strong>alios</strong></span> <span class='ocrx_word' id='word_1_447' title='bbox 435 3109 501 3162; x_wconf 90' lang='lat' dir='ltr'><strong>item</strong></span> <span class='ocrx_word' id='word_1_448' title='bbox 516 3106 665 3161; x_wconf 87' lang='lat' dir='ltr'><strong>monachos</strong></span> <span class='ocrx_word' id='word_1_449' title='bbox 677 3105 806 3162; x_wconf 88' lang='lat' dir='ltr'><strong>Paulinus</strong></span> <span class='ocrx_word' id='word_1_450' title='bbox 818 3109 940 3165; x_wconf 88' lang='lat' dir='ltr'><strong>Nolanus</strong></span> <span class='ocrx_word' id='word_1_451' title='bbox 955 3141 975 3205; x_wconf 61' lang='lat' dir='ltr'>s</span> <span class='ocrx_word' id='word_1_452' title='bbox 998 3110 1091 3165; x_wconf 89' lang='lat' dir='ltr'><strong>batum</strong></span> <span class='ocrx_word' id='word_1_453' title='bbox 1106 3117 1133 3164; x_wconf 90' lang='lat' dir='ltr'><strong>et</strong></span> <span class='ocrx_word' id='word_1_454' title='bbox 1142 3109 1301 3164; x_wconf 89' lang='lat' dir='ltr'><strong>damnatum</strong></span> <span class='ocrx_word' id='word_1_455' title='bbox 1312 3108 1356 3164; x_wconf 89' lang='lat' dir='ltr'><strong>bic</strong></span> <span class='ocrx_word' id='word_1_456' title='bbox 1365 3108 1449 3164; x_wconf 81' lang='lat' dir='ltr'><strong>refert</strong></span> <span class='ocrx_word' id='word_1_457' title='bbox 1459 3107 1604 3164; x_wconf 86' lang='lat' dir='ltr'><strong>Cassianus</strong></span> <span class='ocrx_word' id='word_1_458' title='bbox 1616 3127 1623 3163; x_wconf 78' lang='grc' dir='ltr'><strong><em>ε</em></strong></span> <span class='ocrx_word' id='word_1_459' title='bbox 1635 3115 1661 3162; x_wconf 90' lang='lat' dir='ltr'><strong>et</strong></span> <span class='ocrx_word' id='word_1_460' title='bbox 1674 3107 1795 3162; x_wconf 86' lang='lat' dir='ltr'><strong>vetuitS.</strong></span> 
     </span>
     <span class='ocr_line' id='line_1_37' title="bbox 141 3176 1799 3253; baseline -0.004 -15"><span class='ocrx_word' id='word_1_461' title='bbox 141 3179 269 3238; x_wconf 87' lang='lat' dir='ltr'><strong>describit</strong></span> <span class='ocrx_word' id='word_1_462' title='bbox 287 3181 391 3247; x_wconf 81' lang='lat' dir='ltr'><strong>(Epist.</strong></span> <span class='ocrx_word' id='word_1_463' title='bbox 415 3181 459 3245; x_wconf 85' lang='lat'><strong>7),</strong></span> <span class='ocrx_word' id='word_1_464' title='bbox 474 3193 529 3232; x_wconf 93' lang='lat' dir='ltr'><strong>non</strong></span> <span class='ocrx_word' id='word_1_465' title='bbox 550 3176 652 3244; x_wconf 89' lang='lat' dir='ltr'><strong>balteo,</strong></span> <span class='ocrx_word' id='word_1_466' title='bbox 672 3176 718 3233; x_wconf 88' lang='lat' dir='ltr'><strong>sed</strong></span> <span class='ocrx_word' id='word_1_467' title='bbox 738 3185 811 3233; x_wconf 89' lang='lat' dir='ltr'><strong>reste</strong></span> <span class='ocrx_word' id='word_1_468' title='bbox 831 3179 939 3235; x_wconf 88' lang='lat' dir='ltr'><strong>succin—</strong></span> <span class='ocrx_word' id='word_1_469' title='bbox 969 3181 976 3202; x_wconf 67' lang='lat'><em>*</em></span> <span class='ocrx_word' id='word_1_470' title='bbox 996 3180 1160 3236; x_wconf 82' lang='lat' dir='ltr'><strong>Paclromius</strong></span> <span class='ocrx_word' id='word_1_471' title='bbox 1169 3179 1264 3253; x_wconf 90' lang='lat' dir='ltr'><strong>angelo</strong></span> <span class='ocrx_word' id='word_1_472' title='bbox 1273 3180 1330 3251; x_wconf 90' lang='lat' dir='ltr'><strong>ipso</strong></span> <span class='ocrx_word' id='word_1_473' title='bbox 1339 3178 1500 3245; x_wconf 65' lang='lat' dir='ltr'><strong>dictantem</strong></span> <span class='ocrx_word' id='word_1_474' title='bbox 1509 3181 1662 3234; x_wconf 81' lang='lat' dir='ltr'><strong>uestimento</strong></span> <span class='ocrx_word' id='word_1_475' title='bbox 1672 3179 1799 3233; x_wconf 82' lang='lat' dir='ltr'><strong>otiabitu</strong></span> 
     </span>
     <span class='ocr_line' id='line_1_38' title="bbox 141 3246 1796 3322; baseline -0.004 -14"><span class='ocrx_word' id='word_1_476' title='bbox 141 3260 210 3310; x_wconf 92' lang='lat' dir='ltr'><strong>ctos.</strong></span> <span class='ocrx_word' id='word_1_477' title='bbox 224 3248 383 3321; x_wconf 88' lang='lat' dir='ltr'><strong>Cujusmodi</strong></span> <span class='ocrx_word' id='word_1_478' title='bbox 399 3248 571 3319; x_wconf 83' lang='lat' dir='ltr'><strong>cingulorum</strong></span> <span class='ocrx_word' id='word_1_479' title='bbox 587 3263 685 3319; x_wconf 87' lang='lat' dir='ltr'><strong>genus,</strong></span> <span class='ocrx_word' id='word_1_480' title='bbox 701 3246 829 3304; x_wconf 89' lang='lat' dir='ltr'><strong>videlicet</strong></span> <span class='ocrx_word' id='word_1_481' title='bbox 841 3266 856 3305; x_wconf 90' lang='lat' dir='ltr'><strong>e</strong></span> <span class='ocrx_word' id='word_1_482' title='bbox 868 3250 937 3307; x_wconf 67' lang='lat' dir='ltr'><strong>iunin</strong></span> <span class='ocrx_word' id='word_1_483' title='bbox 997 3251 1796 3322; x_wconf 75' lang='lat' dir='ltr'><strong>atigrridnom‘preterceteros,cansaderansinoenirellteg.</strong></span> 
     </span>
     <span class='ocr_line' id='line_1_39' title="bbox 142 3318 1800 3393; baseline -0.004 -15"><span class='ocrx_word' id='word_1_484' title='bbox 142 3322 193 3378; x_wconf 91' lang='lat' dir='ltr'><strong>bus</strong></span> <span class='ocrx_word' id='word_1_485' title='bbox 206 3327 376 3386; x_wconf 87' lang='lat' dir='ltr'><strong>contextum,</strong></span> <span class='ocrx_word' id='word_1_486' title='bbox 386 3327 525 3390; x_wconf 90' lang='lat' dir='ltr'><strong>tamquam</strong></span> <span class='ocrx_word' id='word_1_487' title='bbox 534 3318 706 3387; x_wconf 83' lang='lat' dir='ltr'><strong>vilissimum,</strong></span> <span class='ocrx_word' id='word_1_488' title='bbox 717 3328 744 3375; x_wconf 92' lang='lat' dir='ltr'><strong>et</strong></span> <span class='ocrx_word' id='word_1_489' title='bbox 754 3319 853 3376; x_wconf 86' lang='lat' dir='ltr'><strong>infimis</strong></span> <span class='ocrx_word' id='word_1_490' title='bbox 866 3337 943 3378; x_wconf 90' lang='lat' dir='ltr'><strong>mun·</strong></span> <span class='ocrx_word' id='word_1_491' title='bbox 998 3329 1053 3378; x_wconf 88' lang='lat' dir='ltr'><strong>ort.</strong></span> <span class='ocrx_word' id='word_1_492' title='bbox 1068 3324 1123 3393; x_wconf 82' lang='grc'>55).</span> <span class='ocrx_word' id='word_1_493' title='bbox 1137 3325 1173 3377; x_wconf 89' lang='lat' dir='ltr'><strong>At</strong></span> <span class='ocrx_word' id='word_1_494' title='bbox 1183 3322 1216 3378; x_wconf 95' lang='lat' dir='ltr'><strong>de</strong></span> <span class='ocrx_word' id='word_1_495' title='bbox 1227 3323 1346 3377; x_wconf 81' lang='lat' dir='ltr'><strong>restibus</strong></span> <span class='ocrx_word' id='word_1_496' title='bbox 1356 3321 1554 3376; x_wconf 87' lang='lat' dir='ltr'><strong>monachorum</strong></span> <span class='ocrx_word' id='word_1_497' title='bbox 1566 3321 1629 3375; x_wconf 88' lang='lat' dir='ltr'><strong>alias</strong></span> <span class='ocrx_word' id='word_1_498' title='bbox 1642 3319 1739 3389; x_wconf 81' lang='lat' dir='ltr'><strong>secpius</strong></span> <span class='ocrx_word' id='word_1_499' title='bbox 1749 3319 1800 3373; x_wconf 88' lang='lat' dir='ltr'><strong>erit</strong></span> 
     </span>
     <span class='ocr_line' id='line_1_40' title="bbox 142 3389 1798 3464; baseline -0.003 -16"><span class='ocrx_word' id='word_1_500' title='bbox 142 3392 218 3464; x_wconf 92' lang='lat' dir='ltr'><strong>cipiis</strong></span> <span class='ocrx_word' id='word_1_501' title='bbox 233 3405 395 3463; x_wconf 83' lang='lat' dir='ltr'><strong>congruum,</strong></span> <span class='ocrx_word' id='word_1_502' title='bbox 408 3391 435 3446; x_wconf 89' lang='lat' dir='ltr'><strong>S.</strong></span> <span class='ocrx_word' id='word_1_503' title='bbox 448 3399 525 3461; x_wconf 89' lang='lat' dir='ltr'><strong>pater</strong></span> <span class='ocrx_word' id='word_1_504' title='bbox 536 3390 707 3458; x_wconf 84' lang='lat' dir='ltr'><strong>Franciscus,</strong></span> <span class='ocrx_word' id='word_1_505' title='bbox 716 3391 811 3447; x_wconf 92' lang='lat' dir='ltr'><strong>mundi</strong></span> <span class='ocrx_word' id='word_1_506' title='bbox 821 3401 944 3450; x_wconf 91' lang='lat' dir='ltr'><strong>contem·</strong></span> <span class='ocrx_word' id='word_1_507' title='bbox 998 3393 1106 3451; x_wconf 90' lang='lat' dir='ltr'><strong>dicendi</strong></span> <span class='ocrx_word' id='word_1_508' title='bbox 1117 3394 1200 3450; x_wconf 90' lang='lat' dir='ltr'><strong>locus.</strong></span> <span class='ocrx_word' id='word_1_509' title='bbox 1216 3394 1371 3450; x_wconf 85' lang='lat' dir='ltr'><strong>curantem</strong></span> <span class='ocrx_word' id='word_1_510' title='bbox 1381 3391 1498 3464; x_wconf 81' lang='lat' dir='ltr'><strong>religiosi</strong></span> <span class='ocrx_word' id='word_1_511' title='bbox 1508 3389 1618 3463; x_wconf 81' lang='lat' dir='ltr'><strong>proprio</strong></span> <span class='ocrx_word' id='word_1_512' title='bbox 1631 3399 1659 3445; x_wconf 92' lang='lat' dir='ltr'><strong>et</strong></span> <span class='ocrx_word' id='word_1_513' title='bbox 1670 3389 1798 3461; x_wconf 89' lang='lat' dir='ltr'><strong>peculiari</strong></span> 
     </span>
     <span class='ocr_line' id='line_1_41' title="bbox 141 3460 1799 3535; baseline -0.002 -17"><span class='ocrx_word' id='word_1_514' title='bbox 141 3471 206 3535; x_wconf 87' lang='lat' dir='ltr'><strong>ptor</strong></span> <span class='ocrx_word' id='word_1_515' title='bbox 220 3471 248 3517; x_wconf 90' lang='lat' dir='ltr'><strong>et</strong></span> <span class='ocrx_word' id='word_1_516' title='bbox 260 3477 310 3533; x_wconf 90' lang='lat' dir='ltr'><strong>pau</strong></span> <span class='ocrx_word' id='word_1_517' title='bbox 331 3462 424 3516; x_wconf 81' lang='lat' dir='ltr'><strong>estatis</strong></span> <span class='ocrx_word' id='word_1_518' title='bbox 436 3469 542 3516; x_wconf 90' lang='lat' dir='ltr'><strong>amator</strong></span> <span class='ocrx_word' id='word_1_519' title='bbox 558 3460 684 3530; x_wconf 85' lang='lat' dir='ltr'><strong>eximius,</strong></span> <span class='ocrx_word' id='word_1_520' title='bbox 697 3461 749 3517; x_wconf 92' lang='lat' dir='ltr'><strong>sibi</strong></span> <span class='ocrx_word' id='word_1_521' title='bbox 763 3462 873 3534; x_wconf 85' lang='lat' dir='ltr'><strong>suisque</strong></span> <span class='ocrx_word' id='word_1_522' title='bbox 889 3464 944 3520; x_wconf 89' lang='lat' dir='ltr'><strong>lra-</strong></span> <span class='ocrx_word' id='word_1_523' title='bbox 998 3464 1118 3521; x_wconf 89' lang='lat' dir='ltr'><strong>habitua</strong></span> <span class='ocrx_word' id='word_1_524' title='bbox 1133 3464 1311 3520; x_wconf 69' lang='lat' dir='ltr'><strong>saecularibus</strong></span> <span class='ocrx_word' id='word_1_525' title='bbox 1326 3462 1454 3519; x_wconf 91' lang='lat' dir='ltr'><strong>distincto</strong></span> <span class='ocrx_word' id='word_1_526' title='bbox 1467 3471 1588 3529; x_wconf 87' lang='lat' dir='ltr'><strong>utantur,</strong></span> <span class='ocrx_word' id='word_1_527' title='bbox 1602 3461 1670 3517; x_wconf 87' lang='lat' dir='ltr'><strong>duas</strong></span> <span class='ocrx_word' id='word_1_528' title='bbox 1680 3460 1799 3516; x_wconf 88' lang='lat' dir='ltr'><strong>rationes</strong></span> 
     </span>
     <span class='ocr_line' id='line_1_42' title="bbox 142 3477 1799 3612; baseline -0.002 -23"><span class='ocrx_word' id='word_1_529' title='bbox 142 3533 230 3589; x_wconf 89' lang='lat' dir='ltr'><strong>tribus</strong></span> <span class='ocrx_word' id='word_1_530' title='bbox 241 3477 373 3588; x_wconf 63' lang='lat' dir='ltr'><strong>utenXum</strong></span> <span class='ocrx_word' id='word_1_531' title='bbox 387 3531 498 3605; x_wconf 90' lang='lat' dir='ltr'><strong>delegit.</strong></span> <span class='ocrx_word' id='word_1_532' title='bbox 519 3533 605 3586; x_wconf 90' lang='lat' dir='ltr'><strong>Porro</strong></span> <span class='ocrx_word' id='word_1_533' title='bbox 619 3533 693 3604; x_wconf 89' lang='lat' dir='ltr'><strong>quod</strong></span> <span class='ocrx_word' id='word_1_534' title='bbox 709 3531 743 3588; x_wconf 89' lang='lat' dir='ltr'><strong>ad</strong></span> <span class='ocrx_word' id='word_1_535' title='bbox 755 3535 946 3591; x_wconf 87' lang='lat' dir='ltr'><strong>Benedictinos</strong></span> <span class='ocrx_word' id='word_1_536' title='bbox 998 3534 1080 3592; x_wconf 81' lang='lat' dir='ltr'><strong>alfort</strong></span> <span class='ocrx_word' id='word_1_537' title='bbox 1090 3538 1126 3589; x_wconf 92' lang='lat' dir='ltr'><strong>D.</strong></span> <span class='ocrx_word' id='word_1_538' title='bbox 1140 3535 1292 3606; x_wconf 90' lang='lat' dir='ltr'><strong>Basiliusq.</strong></span> <span class='ocrx_word' id='word_1_539' title='bbox 1307 3538 1352 3600; x_wconf 78' lang='lat'><strong>22,</strong></span> <span class='ocrx_word' id='word_1_540' title='bbox 1363 3531 1503 3589; x_wconf 80' lang='lat' dir='ltr'><strong>exdiiiuse</strong></span> <span class='ocrx_word' id='word_1_541' title='bbox 1514 3531 1671 3612; x_wconf 75' lang='lat' dir='ltr'><strong>disputatis,</strong></span> <span class='ocrx_word' id='word_1_542' title='bbox 1684 3545 1799 3600; x_wconf 91' lang='lat' dir='ltr'><strong>quarum</strong></span> 
     </span>
     <span class='ocr_line' id='line_1_43' title="bbox 142 3600 1799 3728; baseline -0.004 -67"><span class='ocrx_word' id='word_1_543' title='bbox 142 3605 246 3669; x_wconf 89' lang='lat' dir='ltr'><strong>attinet,</strong></span> <span class='ocrx_word' id='word_1_544' title='bbox 266 3610 355 3659; x_wconf 78' lang='lat' dir='ltr'><strong>eistat</strong></span> <span class='ocrx_word' id='word_1_545' title='bbox 372 3603 454 3659; x_wconf 87' lang='lat' dir='ltr'><strong>etiam</strong></span> <span class='ocrx_word' id='word_1_546' title='bbox 469 3602 636 3659; x_wconf 83' lang='lat' dir='ltr'><strong>constitutio</strong></span> <span class='ocrx_word' id='word_1_547' title='bbox 655 3604 804 3659; x_wconf 88' lang='lat' dir='ltr'><strong>Clementis</strong></span> <span class='ocrx_word' id='word_1_548' title='bbox 824 3608 845 3661; x_wconf 95' lang='lat' dir='ltr'>V</span> <span class='ocrx_word' id='word_1_549' title='bbox 863 3615 944 3678; x_wconf 92' lang='lat' dir='ltr'><strong>pont.</strong></span> <span class='ocrx_word' id='word_1_550' title='bbox 999 3607 1074 3678; x_wconf 90' lang='lat' dir='ltr'><strong>prior</strong></span> <span class='ocrx_word' id='word_1_551' title='bbox 1086 3614 1139 3675; x_wconf 89' lang='lat' dir='ltr'><strong>est,</strong></span> <span class='ocrx_word' id='word_1_552' title='bbox 1151 3603 1185 3659; x_wconf 89' lang='lat' dir='ltr'><strong>ad</strong></span> <span class='ocrx_word' id='word_1_553' title='bbox 1199 3602 1394 3728; x_wconf 59' lang='lat' dir='ltr'><strong>designandam</strong></span> <span class='ocrx_word' id='word_1_554' title='bbox 1409 3602 1545 3674; x_wconf 89' lang='lat' dir='ltr'><strong>propriam</strong></span> <span class='ocrx_word' id='word_1_555' title='bbox 1561 3600 1754 3681; x_wconf 84' lang='lat' dir='ltr'><strong>prolessronem</strong></span> <span class='ocrx_word' id='word_1_556' title='bbox 1772 3609 1799 3655; x_wconf 90' lang='lat' dir='ltr'><strong>ct</strong></span> 
     </span>
     <span class='ocr_line' id='line_1_44' title="bbox 143 3671 1798 3744; baseline -0.005 -12"><span class='ocrx_word' id='word_1_557' title='bbox 143 3676 178 3733; x_wconf 90' lang='lat' dir='ltr'><strong>de</strong></span> <span class='ocrx_word' id='word_1_558' title='bbox 192 3675 277 3743; x_wconf 88' lang='lat' dir='ltr'><strong>zonis,</strong></span> <span class='ocrx_word' id='word_1_559' title='bbox 290 3674 400 3744; x_wconf 91' lang='lat' dir='ltr'><strong>aliisque</strong></span> <span class='ocrx_word' id='word_1_560' title='bbox 414 3689 510 3730; x_wconf 93' lang='lat' dir='ltr'><strong>eorum</strong></span> <span class='ocrx_word' id='word_1_561' title='bbox 524 3673 825 3743; x_wconf 84' lang='lat' dir='ltr'><strong>gestaminibusinbaec</strong></span> <span class='ocrx_word' id='word_1_562' title='bbox 839 3677 944 3732; x_wconf 86' lang='lat' dir='ltr'><strong>verba:</strong></span> <span class='ocrx_word' id='word_1_563' title='bbox 1000 3683 1113 3743; x_wconf 89' lang='lat' dir='ltr'><strong>statum,</strong></span> <span class='ocrx_word' id='word_1_564' title='bbox 1134 3690 1182 3730; x_wconf 90' lang='lat' dir='ltr'><strong>seu</strong></span> <span class='ocrx_word' id='word_1_565' title='bbox 1205 3690 1259 3729; x_wconf 87' lang='lat' dir='ltr'><strong>con</strong></span> <span class='ocrx_word' id='word_1_566' title='bbox 1280 3673 1392 3728; x_wconf 90' lang='lat' dir='ltr'><strong>itionem</strong></span> <span class='ocrx_word' id='word_1_567' title='bbox 1411 3672 1482 3728; x_wconf 77' lang='lat' dir='ltr'><strong>vitae.</strong></span> <span class='ocrx_word' id='word_1_568' title='bbox 1504 3672 1676 3733; x_wconf 83' lang='lat' dir='ltr'><strong>ordinarius,</strong></span> <span class='ocrx_word' id='word_1_569' title='bbox 1699 3671 1798 3742; x_wconf 80' lang='lat' dir='ltr'><strong>inquit,</strong></span> 
     </span>
     <span class='ocr_line' id='line_1_45' title="bbox 144 3742 1799 3815; baseline -0.004 -13"><span class='ocrx_word' id='word_1_570' title='bbox 144 3748 241 3806; x_wconf 86' lang='lat' dir='ltr'><strong>Nullus</strong></span> <span class='ocrx_word' id='word_1_571' title='bbox 250 3761 356 3808; x_wconf 83' lang='lat' dir='ltr'><strong>zonam,</strong></span> <span class='ocrx_word' id='word_1_572' title='bbox 366 3747 511 3807; x_wconf 85' lang='lat' dir='ltr'><strong>errltellum,</strong></span> <span class='ocrx_word' id='word_1_573' title='bbox 522 3747 712 3808; x_wconf 67' lang='lat' dir='ltr'><strong>calcariorum</strong></span> <span class='ocrx_word' id='word_1_574' title='bbox 720 3750 820 3799; x_wconf 82' lang='lat' dir='ltr'><strong>entatu</strong></span> <span class='ocrx_word' id='word_1_575' title='bbox 827 3745 944 3815; x_wconf 68' lang='lat' dir='ltr'><strong>deferre,</strong></span> <span class='ocrx_word' id='word_1_576' title='bbox 1000 3747 1109 3802; x_wconf 82' lang='lat' dir='ltr'><strong>babitus</strong></span> <span class='ocrx_word' id='word_1_577' title='bbox 1123 3746 1272 3802; x_wconf 77' lang='lat' dir='ltr'><strong>Christiani</strong></span> <span class='ocrx_word' id='word_1_578' title='bbox 1285 3758 1339 3798; x_wconf 89' lang='lat' dir='ltr'><strong>esse</strong></span> <span class='ocrx_word' id='word_1_579' title='bbox 1353 3745 1453 3798; x_wconf 85' lang='lat' dir='ltr'><strong>dicitur</strong></span> <span class='ocrx_word' id='word_1_580' title='bbox 1465 3746 1499 3805; x_wconf 87' lang='lat' dir='ltr'><strong>is,</strong></span> <span class='ocrx_word' id='word_1_581' title='bbox 1518 3745 1567 3813; x_wconf 84' lang='lat' dir='ltr'><strong>gui</strong></span> <span class='ocrx_word' id='word_1_582' title='bbox 1578 3742 1722 3796; x_wconf 79' lang='lat' dir='ltr'><strong>scratinium</strong></span> <span class='ocrx_word' id='word_1_583' title='bbox 1734 3758 1799 3811; x_wconf 89' lang='lat' dir='ltr'><strong>pro-</strong></span> 
     </span>
     <span class='ocr_line' id='line_1_46' title="bbox 144 3814 1801 3888; baseline -0.004 -15"><span class='ocrx_word' id='word_1_584' title='bbox 144 3824 195 3872; x_wconf 87' lang='lat' dir='ltr'><strong>unt</strong></span> <span class='ocrx_word' id='word_1_585' title='bbox 203 3834 262 3872; x_wconf 89' lang='lat' dir='ltr'><strong>cum</strong></span> <span class='ocrx_word' id='word_1_586' title='bbox 275 3817 341 3871; x_wconf 88' lang='lat' dir='ltr'><strong>sella</strong></span> <span class='ocrx_word' id='word_1_587' title='bbox 352 3818 487 3870; x_wconf 83' lang='lat' dir='ltr'><strong>clarorum</strong></span> <span class='ocrx_word' id='word_1_588' title='bbox 499 3821 599 3870; x_wconf 84' lang='lat' dir='ltr'><strong>ornatu</strong></span> <span class='ocrx_word' id='word_1_589' title='bbox 612 3816 737 3871; x_wconf 80' lang='lat' dir='ltr'><strong>ilecorata</strong></span> <span class='ocrx_word' id='word_1_590' title='bbox 751 3819 948 3887; x_wconf 64' lang='lat' dir='ltr'><strong>surperfluam</strong></span> <span class='ocrx_word' id='word_1_591' title='bbox 999 3820 1117 3888; x_wconf 89' lang='lat' dir='ltr'><strong>positum</strong></span> <span class='ocrx_word' id='word_1_592' title='bbox 1129 3831 1160 3870; x_wconf 91' lang='lat' dir='ltr'><strong>ac</strong></span> <span class='ocrx_word' id='word_1_593' title='bbox 1171 3817 1363 3886; x_wconf 67' lang='lat' dir='ltr'><strong>professionem</strong></span> <span class='ocrx_word' id='word_1_594' title='bbox 1377 3814 1434 3884; x_wconf 80' lang='lat' dir='ltr'><strong>ejus</strong></span> <span class='ocrx_word' id='word_1_595' title='bbox 1447 3819 1527 3885; x_wconf 90' lang='lat' dir='ltr'><strong>aptus</strong></span> <span class='ocrx_word' id='word_1_596' title='bbox 1541 3814 1712 3881; x_wconf 85' lang='lat' dir='ltr'><strong>intelligitur.</strong></span> <span class='ocrx_word' id='word_1_597' title='bbox 1725 3815 1801 3869; x_wconf 88' lang='lat' dir='ltr'><strong>Sicut</strong></span> 
     </span>
     <span class='ocr_line' id='line_1_47' title="bbox 144 3886 1801 3957; baseline -0.003 -14"><span class='ocrx_word' id='word_1_598' title='bbox 144 3892 224 3944; x_wconf 87' lang='lat' dir='ltr'><strong>nimis</strong></span> <span class='ocrx_word' id='word_1_599' title='bbox 237 3889 307 3942; x_wconf 86' lang='lat' dir='ltr'><strong>alias</strong></span> <span class='ocrx_word' id='word_1_600' title='bbox 319 3892 485 3957; x_wconf 87' lang='lat' dir='ltr'><strong>sumptuosa,</strong></span> <span class='ocrx_word' id='word_1_601' title='bbox 498 3887 553 3941; x_wconf 90' lang='lat' dir='ltr'><strong>siue</strong></span> <span class='ocrx_word' id='word_1_602' title='bbox 564 3903 624 3941; x_wconf 79' lang='lat' dir='ltr'><strong>cerm</strong></span> <span class='ocrx_word' id='word_1_603' title='bbox 635 3889 714 3954; x_wconf 70' lang='lat' dir='ltr'><strong>freno</strong></span> <span class='ocrx_word' id='word_1_604' title='bbox 730 3889 901 3955; x_wconf 70' lang='lat' dir='ltr'><strong>serratarum</strong></span> <span class='ocrx_word' id='word_1_605' title='bbox 911 3889 948 3943; x_wconf 89' lang='lat' dir='ltr'><strong>ed</strong></span> <span class='ocrx_word' id='word_1_606' title='bbox 1002 3891 1072 3942; x_wconf 89' lang='lat' dir='ltr'><strong>enim</strong></span> <span class='ocrx_word' id='word_1_607' title='bbox 1086 3893 1125 3942; x_wconf 88' lang='lat' dir='ltr'><strong>est</strong></span> <span class='ocrx_word' id='word_1_608' title='bbox 1137 3887 1208 3941; x_wconf 87' lang='lat' dir='ltr'><strong>alius</strong></span> <span class='ocrx_word' id='word_1_609' title='bbox 1222 3888 1330 3940; x_wconf 86' lang='lat' dir='ltr'><strong>babitus</strong></span> <span class='ocrx_word' id='word_1_610' title='bbox 1345 3887 1450 3948; x_wconf 81' lang='lat' dir='ltr'><strong>mittas,</strong></span> <span class='ocrx_word' id='word_1_611' title='bbox 1465 3887 1535 3939; x_wconf 84' lang='lat' dir='ltr'><strong>alius</strong></span> <span class='ocrx_word' id='word_1_612' title='bbox 1545 3886 1686 3946; x_wconf 87' lang='lat' dir='ltr'><strong>senatoris,</strong></span> <span class='ocrx_word' id='word_1_613' title='bbox 1700 3901 1734 3938; x_wconf 82' lang='lat' dir='ltr'><strong>en</strong></span> <span class='ocrx_word' id='word_1_614' title='bbox 1748 3901 1801 3953; x_wconf 74' lang='lat' dir='ltr'><strong>guar</strong></span> 
     </span>
     <span class='ocr_line' id='line_1_48' title="bbox 145 3956 1802 4028; baseline -0.004 -13"><span class='ocrx_word' id='word_1_615' title='bbox 145 3965 271 4015; x_wconf 87' lang='lat' dir='ltr'><strong>ornatum</strong></span> <span class='ocrx_word' id='word_1_616' title='bbox 288 3960 401 4013; x_wconf 76' lang='lat' dir='ltr'><strong>labente</strong></span> <span class='ocrx_word' id='word_1_617' title='bbox 414 3960 535 4028; x_wconf 74' lang='lat' dir='ltr'><strong>equitare</strong></span> <span class='ocrx_word' id='word_1_618' title='bbox 548 3963 706 4027; x_wconf 84' lang='lat' dir='ltr'><strong>presumat.</strong></span> <span class='ocrx_word' id='word_1_619' title='bbox 1001 3959 1162 4027; x_wconf 73' lang='lat' dir='ltr'><strong>intelligitur</strong></span> <span class='ocrx_word' id='word_1_620' title='bbox 1172 3959 1213 4011; x_wconf 82' lang='lat' dir='ltr'><strong>rel</strong></span> <span class='ocrx_word' id='word_1_621' title='bbox 1227 3957 1299 4028; x_wconf 82' lang='lat' dir='ltr'><strong>guod</strong></span> <span class='ocrx_word' id='word_1_622' title='bbox 1312 3959 1362 4010; x_wconf 87' lang='lat' dir='ltr'><strong>iste</strong></span> <span class='ocrx_word' id='word_1_623' title='bbox 1375 3960 1481 4010; x_wconf 88' lang='lat' dir='ltr'><strong>senator</strong></span> <span class='ocrx_word' id='word_1_624' title='bbox 1492 3961 1540 4018; x_wconf 89' lang='lat' dir='ltr'><strong>est,</strong></span> <span class='ocrx_word' id='word_1_625' title='bbox 1555 3957 1596 4009; x_wconf 82' lang='lat' dir='ltr'><strong>cel</strong></span> <span class='ocrx_word' id='word_1_626' title='bbox 1609 3956 1680 4024; x_wconf 82' lang='lat' dir='ltr'><strong>guod</strong></span> <span class='ocrx_word' id='word_1_627' title='bbox 1693 3957 1743 4009; x_wconf 84' lang='lat' dir='ltr'><strong>istc</strong></span> <span class='ocrx_word' id='word_1_628' title='bbox 1754 3958 1802 4009; x_wconf 87' lang='lat' dir='ltr'><strong>mi-</strong></span> 
     </span>
     <span class='ocr_line' id='line_1_49' title="bbox 182 4024 1802 4099; baseline -0.004 -13"><span class='ocrx_word' id='word_1_629' title='bbox 182 4034 195 4063; x_wconf 88' lang='lat'>⁸</span> <span class='ocrx_word' id='word_1_630' title='bbox 210 4032 277 4086; x_wconf 89' lang='lat' dir='ltr'><strong>Post</strong></span> <span class='ocrx_word' id='word_1_631' title='bbox 289 4029 440 4098; x_wconf 85' lang='lat' dir='ltr'><strong>cingulum,</strong></span> <span class='ocrx_word' id='word_1_632' title='bbox 454 4044 509 4099; x_wconf 87' lang='lat' dir='ltr'><strong>quo</strong></span> <span class='ocrx_word' id='word_1_633' title='bbox 530 4029 711 4091; x_wconf 90' lang='lat' dir='ltr'><strong>monachum,</strong></span> <span class='ocrx_word' id='word_1_634' title='bbox 728 4036 759 4083; x_wconf 88' lang='lat' dir='ltr'><strong>ut</strong></span> <span class='ocrx_word' id='word_1_635' title='bbox 770 4024 871 4083; x_wconf 87' lang='lat' dir='ltr'><strong>Christi</strong></span> <span class='ocrx_word' id='word_1_636' title='bbox 880 4025 949 4080; x_wconf 93' lang='lat' dir='ltr'><strong>mili·</strong></span> <span class='ocrx_word' id='word_1_637' title='bbox 1003 4031 1050 4094; x_wconf 87' lang='lat' dir='ltr'><strong>tes,</strong></span> <span class='ocrx_word' id='word_1_638' title='bbox 1064 4032 1104 4084; x_wconf 89' lang='lat' dir='ltr'><strong>ita</strong></span> <span class='ocrx_word' id='word_1_639' title='bbox 1123 4031 1205 4083; x_wconf 88' lang='lat' dir='ltr'><strong>etiam</strong></span> <span class='ocrx_word' id='word_1_640' title='bbox 1219 4029 1363 4082; x_wconf 69' lang='lat' dir='ltr'><strong>monnellus</strong></span> <span class='ocrx_word' id='word_1_641' title='bbox 1373 4028 1470 4082; x_wconf 86' lang='lat' dir='ltr'><strong>babere</strong></span> <span class='ocrx_word' id='word_1_642' title='bbox 1485 4027 1561 4080; x_wconf 87' lang='lat' dir='ltr'><strong>debet</strong></span> <span class='ocrx_word' id='word_1_643' title='bbox 1580 4041 1725 4094; x_wconf 81' lang='lat' dir='ltr'><strong>coregruum</strong></span> <span class='ocrx_word' id='word_1_644' title='bbox 1744 4042 1802 4080; x_wconf 87' lang='lat' dir='ltr'><strong>sue</strong></span> 
     </span>
     <span class='ocr_line' id='line_1_50' title="bbox 145 4096 1800 4173; baseline -0.005 -14"><span class='ocrx_word' id='word_1_645' title='bbox 145 4109 203 4159; x_wconf 91' lang='lat' dir='ltr'><strong>tem</strong></span> <span class='ocrx_word' id='word_1_646' title='bbox 230 4100 399 4156; x_wconf 84' lang='lat' dir='ltr'><strong>srrccinctum</strong></span> <span class='ocrx_word' id='word_1_647' title='bbox 420 4115 480 4156; x_wconf 88' lang='lat' dir='ltr'><strong>esse</strong></span> <span class='ocrx_word' id='word_1_648' title='bbox 507 4101 595 4164; x_wconf 85' lang='lat' dir='ltr'><strong>decet,</strong></span> <span class='ocrx_word' id='word_1_649' title='bbox 620 4099 675 4172; x_wconf 89' lang='lat' dir='ltr'><strong>agit</strong></span> <span class='ocrx_word' id='word_1_650' title='bbox 697 4101 802 4154; x_wconf 88' lang='lat' dir='ltr'><strong>Auctor</strong></span> <span class='ocrx_word' id='word_1_651' title='bbox 824 4096 858 4153; x_wconf 93' lang='lat' dir='ltr'><strong>de</strong></span> <span class='ocrx_word' id='word_1_652' title='bbox 877 4105 950 4152; x_wconf 86' lang='lat' dir='ltr'><strong>veste</strong></span> <span class='ocrx_word' id='word_1_653' title='bbox 1001 4102 1166 4173; x_wconf 67' lang='lat' dir='ltr'><strong>professioni</strong></span> <span class='ocrx_word' id='word_1_654' title='bbox 1178 4100 1375 4153; x_wconf 85' lang='lat' dir='ltr'><strong>indumentum.</strong></span> <span class='ocrx_word' id='word_1_655' title='bbox 1391 4098 1571 4160; x_wconf 87' lang='lat' dir='ltr'><strong>Alteramtio,</strong></span> <span class='ocrx_word' id='word_1_656' title='bbox 1588 4106 1617 4152; x_wconf 94' lang='lat' dir='ltr'><strong>ut</strong></span> <span class='ocrx_word' id='word_1_657' title='bbox 1630 4096 1746 4165; x_wconf 87' lang='lat' dir='ltr'><strong>religiosi</strong></span> <span class='ocrx_word' id='word_1_658' title='bbox 1760 4099 1800 4151; x_wconf 87' lang='lat' dir='ltr'><strong>vel</strong></span> 
     </span>
     <span class='ocr_line' id='line_1_51' title="bbox 145 4167 1801 4243; baseline -0.01 -4"><span class='ocrx_word' id='word_1_659' title='bbox 145 4172 287 4238; x_wconf 65' lang='lat' dir='ltr'><strong>monachi,</strong></span> <span class='ocrx_word' id='word_1_660' title='bbox 303 4172 332 4226; x_wconf 91' lang='lat' dir='ltr'><strong>in</strong></span> <span class='ocrx_word' id='word_1_661' title='bbox 351 4188 405 4243; x_wconf 72' lang='lat' dir='ltr'>¹11¹ss</span> <span class='ocrx_word' id='word_1_662' title='bbox 423 4172 472 4227; x_wconf 68' lang='lat' dir='ltr'><strong>has</strong></span> <span class='ocrx_word' id='word_1_663' title='bbox 485 4171 654 4228; x_wconf 68' lang='grc' dir='ltr'>θθῦᾶῑῐὶοῐὶθδ</span> <span class='ocrx_word' id='word_1_664' title='bbox 674 4169 808 4242; x_wconf 70' lang='lat' dir='ltr'><strong>liraecittue</strong></span> <span class='ocrx_word' id='word_1_665' title='bbox 826 4167 948 4239; x_wconf 62' lang='lat' dir='ltr'><strong>rettudit,</strong></span> <span class='ocrx_word' id='word_1_666' title='bbox 1004 4172 1222 4242; x_wconf 85' lang='lat' dir='ltr'><strong>iuviticogantur</strong></span> <span class='ocrx_word' id='word_1_667' title='bbox 1236 4169 1360 4239; x_wconf 85' lang='lat' dir='ltr'><strong>religiose</strong></span> <span class='ocrx_word' id='word_1_668' title='bbox 1373 4168 1469 4223; x_wconf 83' lang='lat' dir='ltr'><strong>rivere.</strong></span> <span class='ocrx_word' id='word_1_669' title='bbox 1484 4170 1515 4225; x_wconf 87' lang='lat' dir='ltr'><strong>Si</strong></span> <span class='ocrx_word' id='word_1_670' title='bbox 1530 4171 1609 4230; x_wconf 84' lang='lat' dir='ltr'><strong>enirn,</strong></span> <span class='ocrx_word' id='word_1_671' title='bbox 1626 4167 1723 4238; x_wconf 85' lang='lat' dir='ltr'><strong>inquit,</strong></span> <span class='ocrx_word' id='word_1_672' title='bbox 1739 4170 1801 4237; x_wconf 81' lang='lat' dir='ltr'><strong>greis</strong></span> 
     </span>
     <span class='ocr_line' id='line_1_52' title="bbox 144 4240 1799 4316; baseline -0.004 -17"><span class='ocrx_word' id='word_1_673' title='bbox 144 4253 172 4300; x_wconf 90' lang='lat' dir='ltr'><strong>et</strong></span> <span class='ocrx_word' id='word_1_674' title='bbox 183 4243 360 4300; x_wconf 90' lang='lat' dir='ltr'><strong>commendat</strong></span> <span class='ocrx_word' id='word_1_675' title='bbox 370 4243 493 4316; x_wconf 82' lang='lat' dir='ltr'><strong>exemplo</strong></span> <span class='ocrx_word' id='word_1_676' title='bbox 503 4253 626 4299; x_wconf 78' lang='lat' dir='ltr'><strong>veterum</strong></span> <span class='ocrx_word' id='word_1_677' title='bbox 637 4241 848 4297; x_wconf 89' lang='lat' dir='ltr'><strong>monachorum.</strong></span> <span class='ocrx_word' id='word_1_678' title='bbox 860 4240 949 4296; x_wconf 87' lang='lat' dir='ltr'><strong>Prima</strong></span> <span class='ocrx_word' id='word_1_679' title='bbox 1003 4244 1094 4298; x_wconf 85' lang='lat' dir='ltr'><strong>rideat</strong></span> <span class='ocrx_word' id='word_1_680' title='bbox 1108 4244 1238 4296; x_wconf 81' lang='lat' dir='ltr'><strong>bominem</strong></span> <span class='ocrx_word' id='word_1_681' title='bbox 1252 4242 1369 4309; x_wconf 80' lang='lat' dir='ltr'><strong>aliquem</strong></span> <span class='ocrx_word' id='word_1_682' title='bbox 1385 4241 1525 4293; x_wconf 86' lang='lat' dir='ltr'><strong>obscurum</strong></span> <span class='ocrx_word' id='word_1_683' title='bbox 1546 4240 1687 4294; x_wconf 89' lang='lat' dir='ltr'><strong>cedentem</strong></span> <span class='ocrx_word' id='word_1_684' title='bbox 1700 4240 1799 4301; x_wconf 76' lang='lat' dir='ltr'><strong>alitem,</strong></span> 
     </span>
     <span class='ocr_line' id='line_1_53' title="bbox 145 4311 1801 4386; baseline -0.004 -17"><span class='ocrx_word' id='word_1_685' title='bbox 145 4314 269 4369; x_wconf 90' lang='lat' dir='ltr'><strong>conditio</strong></span> <span class='ocrx_word' id='word_1_686' title='bbox 284 4324 335 4381; x_wconf 87' lang='lat' dir='ltr'><strong>est,</strong></span> <span class='ocrx_word' id='word_1_687' title='bbox 347 4332 381 4371; x_wconf 91' lang='lat' dir='ltr'><strong>ne</strong></span> <span class='ocrx_word' id='word_1_688' title='bbox 396 4317 430 4371; x_wconf 91' lang='lat' dir='ltr'><strong>sit</strong></span> <span class='ocrx_word' id='word_1_689' title='bbox 439 4315 590 4386; x_wconf 89' lang='lat' dir='ltr'><strong>superllua,</strong></span> <span class='ocrx_word' id='word_1_690' title='bbox 603 4315 650 4371; x_wconf 88' lang='lat' dir='ltr'><strong>scd</strong></span> <span class='ocrx_word' id='word_1_691' title='bbox 662 4312 802 4369; x_wconf 83' lang='lat' dir='ltr'><strong>sufficiens</strong></span> <span class='ocrx_word' id='word_1_692' title='bbox 811 4311 845 4368; x_wconf 89' lang='lat' dir='ltr'><strong>ad</strong></span> <span class='ocrx_word' id='word_1_693' title='bbox 856 4321 949 4383; x_wconf 87' lang='lat' dir='ltr'><strong>tegen-</strong></span> <span class='ocrx_word' id='word_1_694' title='bbox 1004 4319 1053 4370; x_wconf 88' lang='lat' dir='ltr'><strong>aut</strong></span> <span class='ocrx_word' id='word_1_695' title='bbox 1066 4315 1249 4368; x_wconf 79' lang='lat' dir='ltr'><strong>reserantem</strong></span> <span class='ocrx_word' id='word_1_696' title='bbox 1258 4311 1373 4380; x_wconf 88' lang='lat' dir='ltr'><strong>publice,</strong></span> <span class='ocrx_word' id='word_1_697' title='bbox 1387 4316 1436 4365; x_wconf 90' lang='lat' dir='ltr'><strong>aut</strong></span> <span class='ocrx_word' id='word_1_698' title='bbox 1452 4315 1568 4380; x_wconf 73' lang='lat' dir='ltr'><strong>tenuiter</strong></span> <span class='ocrx_word' id='word_1_699' title='bbox 1578 4312 1801 4380; x_wconf 75' lang='lat' dir='ltr'><strong>proclamantem,</strong></span> 
     </span>
     <span class='ocr_line' id='line_1_54' title="bbox 149 4381 1802 4456; baseline -0.002 -18"><span class='ocrx_word' id='word_1_700' title='bbox 149 4382 215 4438; x_wconf 89' lang='lat' dir='ltr'><strong>dam</strong></span> <span class='ocrx_word' id='word_1_701' title='bbox 234 4385 355 4450; x_wconf 86' lang='lat' dir='ltr'><strong>corporis</strong></span> <span class='ocrx_word' id='word_1_702' title='bbox 374 4385 537 4451; x_wconf 89' lang='lat' dir='ltr'><strong>nuditatem,</strong></span> <span class='ocrx_word' id='word_1_703' title='bbox 553 4393 580 4439; x_wconf 88' lang='lat' dir='ltr'><strong>et</strong></span> <span class='ocrx_word' id='word_1_704' title='bbox 591 4385 774 4456; x_wconf 85' lang='lat' dir='ltr'><strong>repellendam</strong></span> <span class='ocrx_word' id='word_1_705' title='bbox 792 4384 898 4456; x_wconf 81' lang='lat' dir='ltr'><strong>trigoris</strong></span> <span class='ocrx_word' id='word_1_706' title='bbox 910 4384 951 4439; x_wconf 88' lang='lat' dir='ltr'><strong>in·</strong></span> <span class='ocrx_word' id='word_1_707' title='bbox 1005 4388 1055 4440; x_wconf 88' lang='lat' dir='ltr'><strong>aut</strong></span> <span class='ocrx_word' id='word_1_708' title='bbox 1073 4386 1102 4437; x_wconf 87' lang='lat' dir='ltr'><strong>in</strong></span> <span class='ocrx_word' id='word_1_709' title='bbox 1117 4383 1246 4443; x_wconf 78' lang='lat' dir='ltr'><strong>tabernas,</strong></span> <span class='ocrx_word' id='word_1_710' title='bbox 1267 4386 1316 4434; x_wconf 89' lang='lat' dir='ltr'><strong>aut</strong></span> <span class='ocrx_word' id='word_1_711' title='bbox 1330 4383 1423 4449; x_wconf 69' lang='lat' dir='ltr'><strong>genem</strong></span> <span class='ocrx_word' id='word_1_712' title='bbox 1435 4386 1571 4449; x_wconf 86' lang='lat' dir='ltr'><strong>agentem;</strong></span> <span class='ocrx_word' id='word_1_713' title='bbox 1586 4397 1632 4436; x_wconf 86' lang='lat' dir='ltr'><strong>nec</strong></span> <span class='ocrx_word' id='word_1_714' title='bbox 1650 4381 1802 4435; x_wconf 76' lang='lat' dir='ltr'><strong>observabit</strong></span> 
     </span>
     <span class='ocr_line' id='line_1_55' title="bbox 143 4444 1803 4526; baseline -0.002 -17"><span class='ocrx_word' id='word_1_715' title='bbox 143 4444 261 4526; x_wconf 76' lang='lat' dir='ltr'><strong>juniam.</strong></span> <span class='ocrx_word' id='word_1_716' title='bbox 278 4453 317 4505; x_wconf 90' lang='lat' dir='ltr'><strong>lta</strong></span> <span class='ocrx_word' id='word_1_717' title='bbox 332 4454 366 4504; x_wconf 90' lang='lat' dir='ltr'><strong>D.</strong></span> <span class='ocrx_word' id='word_1_718' title='bbox 383 4451 496 4505; x_wconf 87' lang='lat' dir='ltr'><strong>Basilius</strong></span> <span class='ocrx_word' id='word_1_719' title='bbox 516 4453 545 4504; x_wconf 90' lang='lat' dir='ltr'><strong>in</strong></span> <span class='ocrx_word' id='word_1_720' title='bbox 558 4454 661 4522; x_wconf 85' lang='lat' dir='ltr'><strong>Regula</strong></span> <span class='ocrx_word' id='word_1_721' title='bbox 676 4470 691 4508; x_wconf 88' lang='lat' dir='ltr'><strong>a</strong></span> <span class='ocrx_word' id='word_1_722' title='bbox 707 4456 808 4509; x_wconf 83' lang='lat' dir='ltr'><strong>Budua</strong></span> <span class='ocrx_word' id='word_1_723' title='bbox 820 4455 950 4509; x_wconf 90' lang='lat' dir='ltr'><strong>translata</strong></span> <span class='ocrx_word' id='word_1_724' title='bbox 1007 4454 1115 4525; x_wconf 80' lang='lat' dir='ltr'><strong>guidem</strong></span> <span class='ocrx_word' id='word_1_725' title='bbox 1125 4451 1205 4519; x_wconf 73' lang='lat' dir='ltr'><strong>{amic</strong></span> <span class='ocrx_word' id='word_1_726' title='bbox 1217 4450 1373 4518; x_wconf 79' lang='lat' dir='ltr'><strong>hujusmodi</strong></span> <span class='ocrx_word' id='word_1_727' title='bbox 1383 4451 1523 4514; x_wconf 86' lang='lat' dir='ltr'><strong>bominem,</strong></span> <span class='ocrx_word' id='word_1_728' title='bbox 1538 4454 1578 4506; x_wconf 86' lang='lat' dir='ltr'><strong>uel</strong></span> <span class='ocrx_word' id='word_1_729' title='bbox 1591 4453 1705 4514; x_wconf 85' lang='lat' dir='ltr'><strong>notabit,</strong></span> <span class='ocrx_word' id='word_1_730' title='bbox 1717 4454 1803 4506; x_wconf 87' lang='lat' dir='ltr'><strong>sciens</strong></span> 
     </span>
     <span class='ocr_line' id='line_1_56' title="bbox 146 4512 1800 4594; baseline -0.002 -16"><span class='ocrx_word' id='word_1_731' title='bbox 146 4525 181 4590; x_wconf 86' lang='lat' dir='ltr'><strong>(G</strong></span> <span class='ocrx_word' id='word_1_732' title='bbox 194 4538 240 4594; x_wconf 91' lang='lat' dir='ltr'><strong>ap.</strong></span> <span class='ocrx_word' id='word_1_733' title='bbox 258 4525 315 4587; x_wconf 74' lang='lat' dir='ltr'><strong>lt),</strong></span> <span class='ocrx_word' id='word_1_734' title='bbox 331 4521 456 4576; x_wconf 87' lang='lat' dir='ltr'><strong>eamdem</strong></span> <span class='ocrx_word' id='word_1_735' title='bbox 470 4521 592 4591; x_wconf 91' lang='lat' dir='ltr'><strong>Apostoli</strong></span> <span class='ocrx_word' id='word_1_736' title='bbox 603 4521 765 4575; x_wconf 87' lang='lat' dir='ltr'><strong>sententiam</strong></span> <span class='ocrx_word' id='word_1_737' title='bbox 776 4537 838 4577; x_wconf 92' lang='lat' dir='ltr'><strong>cum</strong></span> <span class='ocrx_word' id='word_1_738' title='bbox 846 4523 952 4576; x_wconf 89' lang='lat' dir='ltr'><strong>Cassia·</strong></span> <span class='ocrx_word' id='word_1_739' title='bbox 968 4512 993 4575; x_wconf 85' lang='lat' dir='ltr'>D</span> <span class='ocrx_word' id='word_1_740' title='bbox 1008 4538 1067 4579; x_wconf 88' lang='lat' dir='ltr'><strong>eum</strong></span> <span class='ocrx_word' id='word_1_741' title='bbox 1077 4523 1284 4576; x_wconf 85' lang='lat' dir='ltr'><strong>consilimiterin</strong></span> <span class='ocrx_word' id='word_1_742' title='bbox 1293 4523 1518 4590; x_wconf 82' lang='lat' dir='ltr'><strong>religuoritasua</strong></span> <span class='ocrx_word' id='word_1_743' title='bbox 1530 4539 1617 4591; x_wconf 88' lang='lat' dir='ltr'><strong>agere.</strong></span> <span class='ocrx_word' id='word_1_744' title='bbox 1629 4524 1800 4584; x_wconf 86' lang='lat' dir='ltr'><strong>Siccroeum,</strong></span> 
     </span>
     <span class='ocr_line' id='line_1_57' title="bbox 146 4590 1801 4664; baseline -0.002 -14"><span class='ocrx_word' id='word_1_745' title='bbox 146 4608 184 4650; x_wconf 92' lang='lat' dir='ltr'><strong>no</strong></span> <span class='ocrx_word' id='word_1_746' title='bbox 202 4593 321 4662; x_wconf 88' lang='lat' dir='ltr'><strong>allegans</strong></span> <span class='ocrx_word' id='word_1_747' title='bbox 338 4613 344 4645; x_wconf 91' lang='lat'>:</span> <span class='ocrx_word' id='word_1_748' title='bbox 361 4593 541 4662; x_wconf 71' lang='lat' dir='ltr'><strong>Sufficientm,</strong></span> <span class='ocrx_word' id='word_1_749' title='bbox 562 4590 609 4653; x_wconf 90' lang='lat' dir='ltr'><strong>ait,</strong></span> <span class='ocrx_word' id='word_1_750' title='bbox 622 4591 767 4660; x_wconf 86' lang='lat' dir='ltr'><strong>Apostolus</strong></span> <span class='ocrx_word' id='word_1_751' title='bbox 784 4594 813 4644; x_wconf 85' lang='lat' dir='ltr'><strong>in</strong></span> <span class='ocrx_word' id='word_1_752' title='bbox 827 4591 949 4660; x_wconf 71' lang='lat' dir='ltr'><strong>buircsce·</strong></span> <span class='ocrx_word' id='word_1_753' title='bbox 1004 4595 1054 4664; x_wconf 85' lang='lat' dir='ltr'><strong>gui</strong></span> <span class='ocrx_word' id='word_1_754' title='bbox 1066 4594 1217 4661; x_wconf 86' lang='lat' dir='ltr'><strong>religiosam</strong></span> <span class='ocrx_word' id='word_1_755' title='bbox 1235 4595 1319 4647; x_wconf 84' lang='lat' dir='ltr'><strong>uitam</strong></span> <span class='ocrx_word' id='word_1_756' title='bbox 1328 4595 1480 4663; x_wconf 71' lang='lat' dir='ltr'><strong>prop-tetur,</strong></span> <span class='ocrx_word' id='word_1_757' title='bbox 1494 4595 1593 4649; x_wconf 85' lang='lat' dir='ltr'><strong>uiderit</strong></span> <span class='ocrx_word' id='word_1_758' title='bbox 1605 4596 1665 4663; x_wconf 82' lang='lat' dir='ltr'><strong>girr&#39;s</strong></span> <span class='ocrx_word' id='word_1_759' title='bbox 1681 4594 1723 4646; x_wconf 84' lang='lat' dir='ltr'><strong>rel</strong></span> <span class='ocrx_word' id='word_1_760' title='bbox 1731 4609 1801 4662; x_wconf 91' lang='lat' dir='ltr'><strong>par-</strong></span> 
     </span>
     <span class='ocr_line' id='line_1_58' title="bbox 146 4662 1803 4734; baseline -0.002 -14"><span class='ocrx_word' id='word_1_761' title='bbox 146 4663 324 4720; x_wconf 85' lang='lat' dir='ltr'><strong>modiusibus</strong></span> <span class='ocrx_word' id='word_1_762' title='bbox 334 4663 409 4717; x_wconf 78' lang='lat' dir='ltr'><strong>bruci</strong></span> <span class='ocrx_word' id='word_1_763' title='bbox 416 4678 535 4718; x_wconf 84' lang='lat' dir='ltr'><strong>sermone</strong></span> <span class='ocrx_word' id='word_1_764' title='bbox 546 4662 666 4731; x_wconf 77' lang='lat' dir='ltr'><strong>regeriam</strong></span> <span class='ocrx_word' id='word_1_765' title='bbox 673 4664 764 4730; x_wconf 86' lang='lat' dir='ltr'><strong>posuit</strong></span> <span class='ocrx_word' id='word_1_766' title='bbox 774 4662 862 4716; x_wconf 88' lang='lat' dir='ltr'><strong>dicens</strong></span> <span class='ocrx_word' id='word_1_767' title='bbox 876 4664 950 4718; x_wconf 89' lang='lat' dir='ltr'><strong>:Ha·</strong></span> <span class='ocrx_word' id='word_1_768' title='bbox 1004 4680 1067 4719; x_wconf 84' lang='lat' dir='ltr'><strong>eum</strong></span> <span class='ocrx_word' id='word_1_769' title='bbox 1079 4664 1184 4733; x_wconf 79' lang='lat' dir='ltr'><strong>aliquid</strong></span> <span class='ocrx_word' id='word_1_770' title='bbox 1199 4669 1292 4718; x_wconf 87' lang='lat' dir='ltr'><strong>contra</strong></span> <span class='ocrx_word' id='word_1_771' title='bbox 1311 4680 1393 4734; x_wconf 79' lang='lat' dir='ltr'><strong>getam</strong></span> <span class='ocrx_word' id='word_1_772' title='bbox 1405 4665 1535 4728; x_wconf 85' lang='lat' dir='ltr'><strong>cortdccet,</strong></span> <span class='ocrx_word' id='word_1_773' title='bbox 1551 4667 1649 4732; x_wconf 64' lang='lat' dir='ltr'><strong>parcere,</strong></span> <span class='ocrx_word' id='word_1_774' title='bbox 1661 4665 1803 4718; x_wconf 73' lang='lat' dir='ltr'><strong>observant</strong></span> 
     </span>
     <span class='ocr_line' id='line_1_59' title="bbox 149 4733 1803 4805; baseline -0.002 -14"><span class='ocrx_word' id='word_1_775' title='bbox 149 4738 240 4792; x_wconf 83' lang='lat' dir='ltr'><strong>bontas</strong></span> <span class='ocrx_word' id='word_1_776' title='bbox 256 4738 347 4788; x_wconf 89' lang='lat' dir='ltr'><strong>autem</strong></span> <span class='ocrx_word' id='word_1_777' title='bbox 364 4737 464 4789; x_wconf 84' lang='lat' dir='ltr'><strong>uictum</strong></span> <span class='ocrx_word' id='word_1_778' title='bbox 479 4738 504 4787; x_wconf 92' lang='lat' dir='ltr'><strong>et</strong></span> <span class='ocrx_word' id='word_1_779' title='bbox 516 4736 652 4796; x_wconf 87' lang='lat' dir='ltr'><strong>uestitum,</strong></span> <span class='ocrx_word' id='word_1_780' title='bbox 671 4733 712 4786; x_wconf 85' lang='lat' dir='ltr'><strong>bis</strong></span> <span class='ocrx_word' id='word_1_781' title='bbox 727 4735 844 4786; x_wconf 82' lang='lat' dir='ltr'><strong>corrtenti</strong></span> <span class='ocrx_word' id='word_1_782' title='bbox 855 4736 949 4788; x_wconf 76' lang='lat' dir='ltr'><strong>simus.</strong></span> <span class='ocrx_word' id='word_1_783' title='bbox 1005 4751 1104 4796; x_wconf 85' lang='lat' dir='ltr'><strong>omnes,</strong></span> <span class='ocrx_word' id='word_1_784' title='bbox 1118 4739 1143 4789; x_wconf 90' lang='lat' dir='ltr'><strong>et</strong></span> <span class='ocrx_word' id='word_1_785' title='bbox 1161 4737 1220 4789; x_wconf 84' lang='lat' dir='ltr'><strong>incr</strong></span> <span class='ocrx_word' id='word_1_786' title='bbox 1253 4739 1311 4798; x_wconf 86' lang='lat' dir='ltr'><strong>ant,</strong></span> <span class='ocrx_word' id='word_1_787' title='bbox 1326 4739 1351 4789; x_wconf 90' lang='lat' dir='ltr'><strong>et</strong></span> <span class='ocrx_word' id='word_1_788' title='bbox 1367 4735 1405 4789; x_wconf 89' lang='lat' dir='ltr'><strong>ad</strong></span> <span class='ocrx_word' id='word_1_789' title='bbox 1416 4737 1551 4804; x_wconf 80' lang='lat' dir='ltr'><strong>relegionis</strong></span> <span class='ocrx_word' id='word_1_790' title='bbox 1565 4736 1738 4805; x_wconf 80' lang='lat' dir='ltr'><strong>opprobrium</strong></span> <span class='ocrx_word' id='word_1_791' title='bbox 1751 4735 1803 4789; x_wconf 85' lang='lat' dir='ltr'><strong>du·</strong></span> 
     </span>
     <span class='ocr_line' id='line_1_60' title="bbox 149 4804 1803 4875; baseline -0.002 -11"><span class='ocrx_word' id='word_1_792' title='bbox 149 4806 273 4864; x_wconf 85' lang='lat' dir='ltr'><strong>Ostendit</strong></span> <span class='ocrx_word' id='word_1_793' title='bbox 279 4805 436 4860; x_wconf 83' lang='lat' dir='ltr'><strong>irtdumento</strong></span> <span class='ocrx_word' id='word_1_794' title='bbox 442 4804 505 4868; x_wconf 88' lang='lat' dir='ltr'><strong>solo,</strong></span> <span class='ocrx_word' id='word_1_795' title='bbox 515 4819 567 4874; x_wconf 83' lang='lat' dir='ltr'><strong>guo</strong></span> <span class='ocrx_word' id='word_1_796' title='bbox 573 4809 755 4873; x_wconf 85' lang='lat' dir='ltr'><strong>contegamur,</strong></span> <span class='ocrx_word' id='word_1_797' title='bbox 762 4804 884 4872; x_wconf 85' lang='lat' dir='ltr'><strong>indigere</strong></span> <span class='ocrx_word' id='word_1_798' title='bbox 892 4820 950 4867; x_wconf 90' lang='lat' dir='ltr'><strong>nos,</strong></span> <span class='ocrx_word' id='word_1_799' title='bbox 1006 4810 1079 4861; x_wconf 88' lang='lat' dir='ltr'><strong>cunt.</strong></span> <span class='ocrx_word' id='word_1_800' title='bbox 1094 4809 1188 4875; x_wconf 82' lang='lat' dir='ltr'><strong>ltaque</strong></span> <span class='ocrx_word' id='word_1_801' title='bbox 1199 4821 1229 4860; x_wconf 87' lang='lat' dir='ltr'><strong>ue</strong></span> <span class='ocrx_word' id='word_1_802' title='bbox 1240 4809 1282 4859; x_wconf 88' lang='lat' dir='ltr'><strong>uti</strong></span> <span class='ocrx_word' id='word_1_803' title='bbox 1290 4806 1454 4875; x_wconf 77' lang='lat' dir='ltr'><strong>pedagogus</strong></span> <span class='ocrx_word' id='word_1_804' title='bbox 1471 4811 1510 4860; x_wconf 88' lang='lat' dir='ltr'><strong>est</strong></span> <span class='ocrx_word' id='word_1_805' title='bbox 1522 4807 1716 4874; x_wconf 74' lang='lat' dir='ltr'><strong>infirmioribus</strong></span> <span class='ocrx_word' id='word_1_806' title='bbox 1726 4806 1803 4860; x_wconf 79' lang='lat' dir='ltr'><strong>laabi-</strong></span> 
     </span>
     <span class='ocr_line' id='line_1_61' title="bbox 148 4876 1804 4946; baseline -0.002 -11"><span class='ocrx_word' id='word_1_807' title='bbox 148 4883 175 4935; x_wconf 88' lang='lat' dir='ltr'><strong>et</strong></span> <span class='ocrx_word' id='word_1_808' title='bbox 192 4893 246 4933; x_wconf 88' lang='lat' dir='ltr'><strong>non</strong></span> <span class='ocrx_word' id='word_1_809' title='bbox 265 4879 400 4932; x_wconf 70' lang='lat' dir='ltr'><strong>cunetate</strong></span> <span class='ocrx_word' id='word_1_810' title='bbox 420 4876 515 4945; x_wconf 83' lang='lat' dir='ltr'><strong>oligua</strong></span> <span class='ocrx_word' id='word_1_811' title='bbox 533 4877 623 4938; x_wconf 85' lang='lat' dir='ltr'><strong>uestis,</strong></span> <span class='ocrx_word' id='word_1_812' title='bbox 638 4880 662 4929; x_wconf 90' lang='lat' dir='ltr'><strong>et</strong></span> <span class='ocrx_word' id='word_1_813' title='bbox 675 4880 840 4929; x_wconf 86' lang='lat' dir='ltr'><strong>ornamento.</strong></span> <span class='ocrx_word' id='word_1_814' title='bbox 860 4876 913 4932; x_wconf 89' lang='lat' dir='ltr'><strong>Sed</strong></span> <span class='ocrx_word' id='word_1_815' title='bbox 928 4880 954 4931; x_wconf 88' lang='lat' dir='ltr'><strong>et</strong></span> <span class='ocrx_word' id='word_1_816' title='bbox 1007 4882 1051 4933; x_wconf 89' lang='lat' dir='ltr'><strong>tus</strong></span> <span class='ocrx_word' id='word_1_817' title='bbox 1065 4878 1214 4946; x_wconf 87' lang='lat' dir='ltr'><strong>religiosus,</strong></span> <span class='ocrx_word' id='word_1_818' title='bbox 1230 4881 1261 4930; x_wconf 88' lang='lat' dir='ltr'><strong>ut</strong></span> <span class='ocrx_word' id='word_1_819' title='bbox 1274 4880 1355 4931; x_wconf 87' lang='lat' dir='ltr'><strong>etiam</strong></span> <span class='ocrx_word' id='word_1_820' title='bbox 1367 4879 1463 4931; x_wconf 83' lang='lat' dir='ltr'><strong>imitus</strong></span> <span class='ocrx_word' id='word_1_821' title='bbox 1478 4892 1520 4931; x_wconf 90' lang='lat' dir='ltr'><strong>eos</strong></span> <span class='ocrx_word' id='word_1_822' title='bbox 1532 4878 1566 4930; x_wconf 86' lang='lat' dir='ltr'><strong>ab</strong></span> <span class='ocrx_word' id='word_1_823' title='bbox 1578 4893 1654 4946; x_wconf 89' lang='lat' dir='ltr'><strong>opere</strong></span> <span class='ocrx_word' id='word_1_824' title='bbox 1665 4877 1804 4933; x_wconf 81' lang='lat' dir='ltr'><strong>inhonesto</strong></span> 
     </span>
    </p>
   </div>
   <div class='ocr_carea' id='block_1_10' title="bbox 145 4946 1906 5021">
    <p class='ocr_par' dir='ltr' id='par_1_10' title="bbox 145 4946 1906 5021">
     <span class='ocr_line' id='line_1_62' title="bbox 145 4946 1906 5021; baseline -0.001 -17"><span class='ocrx_word' id='word_1_825' title='bbox 145 4952 255 5021; x_wconf 84' lang='lat' dir='ltr'><strong>primus</strong></span> <span class='ocrx_word' id='word_1_826' title='bbox 269 4950 316 5004; x_wconf 88' lang='lat' dir='ltr'><strong>ille</strong></span> <span class='ocrx_word' id='word_1_827' title='bbox 332 4949 486 5002; x_wconf 75' lang='lat' dir='ltr'><strong>indemnati</strong></span> <span class='ocrx_word' id='word_1_828' title='bbox 501 4961 566 5000; x_wconf 86' lang='lat' dir='ltr'><strong>usus</strong></span> <span class='ocrx_word' id='word_1_829' title='bbox 581 4947 636 5000; x_wconf 80' lang='lat' dir='ltr'><strong>tec</strong></span> <span class='ocrx_word' id='word_1_830' title='bbox 654 4946 746 5000; x_wconf 87' lang='lat' dir='ltr'><strong>eadem</strong></span> <span class='ocrx_word' id='word_1_831' title='bbox 768 4946 881 5007; x_wconf 73' lang='lat' dir='ltr'><strong>irrdr&#39;eat</strong></span> <span class='ocrx_word' id='word_1_832' title='bbox 894 4962 954 5001; x_wconf 78' lang='lat' dir='ltr'><strong>mern</strong></span> <span class='ocrx_word' id='word_1_833' title='bbox 1009 4954 1035 5004; x_wconf 91' lang='lat' dir='ltr'><strong>et</strong></span> <span class='ocrx_word' id='word_1_834' title='bbox 1058 4948 1190 5002; x_wconf 86' lang='lat' dir='ltr'><strong>indecenti</strong></span> <span class='ocrx_word' id='word_1_835' title='bbox 1208 4948 1351 5002; x_wconf 81' lang='lat' dir='ltr'><strong>atstodiat.</strong></span> <span class='ocrx_word' id='word_1_836' title='bbox 1367 4949 1434 5003; x_wconf 74' lang='lat' dir='ltr'><strong>Huc</strong></span> <span class='ocrx_word' id='word_1_837' title='bbox 1448 4949 1478 5002; x_wconf 84' lang='lat' dir='ltr'><strong>b.</strong></span> <span class='ocrx_word' id='word_1_838' title='bbox 1495 4947 1616 5003; x_wconf 87' lang='lat' dir='ltr'><strong>Basilius.</strong></span> <span class='ocrx_word' id='word_1_839' title='bbox 1637 4947 1692 5003; x_wconf 90' lang='lat' dir='ltr'><strong>Cur</strong></span> <span class='ocrx_word' id='word_1_840' title='bbox 1710 4955 1802 5003; x_wconf 90' lang='lat' dir='ltr'><strong>autem</strong></span> <span class='ocrx_word' id='word_1_841' title='bbox 1894 4974 1906 4980; x_wconf 93' lang='lat'><strong>·</strong></span> 
     </span>
    </p>
   </div>
   <div class='ocr_carea' id='block_1_11' title="bbox 148 5016 1811 5526">
    <p class='ocr_par' dir='ltr' id='par_1_11' title="bbox 148 5016 1811 5526">
     <span class='ocr_line' id='line_1_63' title="bbox 150 5016 1805 5144; baseline -0.001 -68"><span class='ocrx_word' id='word_1_842' title='bbox 150 5022 444 5144; x_wconf 67' lang='lat' dir='ltr'><strong>diciturlbleumseeisse</strong></span> <span class='ocrx_word' id='word_1_843' title='bbox 468 5018 954 5086; x_wconf 80' lang='lat' dir='ltr'><strong>n&#39;mr&#39;sbominibustunicaspelliceas.</strong></span> <span class='ocrx_word' id='word_1_844' title='bbox 1009 5028 1113 5075; x_wconf 83' lang='lat' dir='ltr'><strong>restem</strong></span> <span class='ocrx_word' id='word_1_845' title='bbox 1136 5026 1241 5074; x_wconf 89' lang='lat' dir='ltr'><strong>mutent</strong></span> <span class='ocrx_word' id='word_1_846' title='bbox 1262 5018 1378 5091; x_wconf 89' lang='lat' dir='ltr'><strong>religiosi</strong></span> <span class='ocrx_word' id='word_1_847' title='bbox 1399 5017 1426 5073; x_wconf 92' lang='lat' dir='ltr'><strong>in</strong></span> <span class='ocrx_word' id='word_1_848' title='bbox 1445 5033 1493 5074; x_wconf 89' lang='lat' dir='ltr'><strong>sua</strong></span> <span class='ocrx_word' id='word_1_849' title='bbox 1506 5017 1674 5089; x_wconf 89' lang='lat' dir='ltr'><strong>prolessioue</strong></span> <span class='ocrx_word' id='word_1_850' title='bbox 1695 5016 1805 5074; x_wconf 88' lang='lat' dir='ltr'><strong>dicetur</strong></span> 
     </span>
     <span class='ocr_line' id='line_1_64' title="bbox 148 5093 430 5158; baseline -0.014 -11"><span class='ocrx_word' id='word_1_851' title='bbox 148 5093 204 5158; x_wconf 77' lang='lat' dir='ltr'><strong>Sus</strong></span> <span class='ocrx_word' id='word_1_852' title='bbox 221 5093 259 5145; x_wconf 90' lang='lat' dir='ltr'><strong>cie</strong></span> <span class='ocrx_word' id='word_1_853' title='bbox 289 5093 430 5144; x_wconf 86' lang='lat' dir='ltr'><strong>atenima</strong></span> 
     </span>
     <span class='ocr_line' id='line_1_65' title="bbox 148 5095 827 5230; baseline -0.003 -14"><span class='ocrx_word' id='word_1_854' title='bbox 148 5095 309 5216; x_wconf 53' lang='lat' dir='ltr'><strong>intimanti</strong></span> <span class='ocrx_word' id='word_1_855' title='bbox 322 5175 396 5215; x_wconf 74' lang='lat' dir='ltr'><strong>unas.</strong></span> <span class='ocrx_word' id='word_1_856' title='bbox 421 5164 521 5217; x_wconf 79' lang='lat' dir='ltr'><strong>Verum</strong></span> <span class='ocrx_word' id='word_1_857' title='bbox 540 5162 668 5230; x_wconf 82' lang='lat' dir='ltr'><strong>pnonitnn</strong></span> <span class='ocrx_word' id='word_1_858' title='bbox 686 5161 761 5214; x_wconf 88' lang='lat' dir='ltr'><strong>nobis</strong></span> <span class='ocrx_word' id='word_1_859' title='bbox 776 5175 827 5230; x_wconf 85' lang='lat' dir='ltr'><strong>pro</strong></span> 
     </span>
     <span class='ocr_line' id='line_1_66' title="bbox 148 5230 1807 5303; baseline -0.001 -15"><span class='ocrx_word' id='word_1_860' title='bbox 148 5230 956 5300; x_wconf 68' lang='lat' dir='ltr'><strong>indumentisetiamcalefierietsoreriuceessariussatietur,</strong></span> <span class='ocrx_word' id='word_1_861' title='bbox 1011 5231 1079 5287; x_wconf 90' lang='lat' dir='ltr'><strong>adeo</strong></span> <span class='ocrx_word' id='word_1_862' title='bbox 1097 5231 1289 5302; x_wconf 89' lang='lat' dir='ltr'><strong>supellectilem</strong></span> <span class='ocrx_word' id='word_1_863' title='bbox 1308 5230 1508 5286; x_wconf 85' lang='lat' dir='ltr'><strong>monacharum</strong></span> <span class='ocrx_word' id='word_1_864' title='bbox 1524 5230 1713 5303; x_wconf 83' lang='lat' dir='ltr'><strong>AEgyptiorum</strong></span> <span class='ocrx_word' id='word_1_865' title='bbox 1733 5230 1807 5287; x_wconf 83' lang='lat' dir='ltr'><strong>brevi</strong></span> 
     </span>
     <span class='ocr_line' id='line_1_67' title="bbox 149 5301 1810 5427; baseline 0 -69"><span class='ocrx_word' id='word_1_866' title='bbox 149 5304 187 5359; x_wconf 91' lang='lat' dir='ltr'><strong>od</strong></span> <span class='ocrx_word' id='word_1_867' title='bbox 200 5307 347 5372; x_wconf 83' lang='lat' dir='ltr'><strong>rrtnrmgue</strong></span> <span class='ocrx_word' id='word_1_868' title='bbox 364 5317 428 5356; x_wconf 89' lang='lat' dir='ltr'><strong>usus</strong></span> <span class='ocrx_word' id='word_1_869' title='bbox 442 5305 499 5372; x_wconf 84' lang='lat' dir='ltr'><strong>ipse</strong></span> <span class='ocrx_word' id='word_1_870' title='bbox 511 5306 677 5370; x_wconf 86' lang='lat' dir='ltr'><strong>temperetur</strong></span> <span class='ocrx_word' id='word_1_871' title='bbox 697 5321 705 5356; x_wconf 90' lang='lat'>:</span> <span class='ocrx_word' id='word_1_872' title='bbox 723 5316 775 5372; x_wconf 83' lang='lat' dir='ltr'><strong>guo</strong></span> <span class='ocrx_word' id='word_1_873' title='bbox 790 5306 815 5356; x_wconf 89' lang='lat' dir='ltr'><strong>et</strong></span> <span class='ocrx_word' id='word_1_874' title='bbox 829 5304 961 5371; x_wconf 79' lang='lat' dir='ltr'><strong>cooperiri</strong></span> <span class='ocrx_word' id='word_1_875' title='bbox 1012 5301 1174 5427; x_wconf 75' lang='lat' dir='ltr'><strong>comyaendio</strong></span> <span class='ocrx_word' id='word_1_876' title='bbox 1188 5303 1345 5373; x_wconf 77' lang='lat' dir='ltr'><strong>complexus</strong></span> <span class='ocrx_word' id='word_1_877' title='bbox 1356 5309 1397 5357; x_wconf 91' lang='lat' dir='ltr'><strong>est</strong></span> <span class='ocrx_word' id='word_1_878' title='bbox 1415 5305 1450 5358; x_wconf 90' lang='lat' dir='ltr'><strong>D.</strong></span> <span class='ocrx_word' id='word_1_879' title='bbox 1466 5302 1662 5375; x_wconf 87' lang='lat' dir='ltr'><strong>Hieronymus,</strong></span> <span class='ocrx_word' id='word_1_880' title='bbox 1679 5302 1753 5374; x_wconf 89' lang='lat' dir='ltr'><strong>quod</strong></span> <span class='ocrx_word' id='word_1_881' title='bbox 1765 5302 1810 5358; x_wconf 90' lang='lat' dir='ltr'><strong>bic</strong></span> 
     </span>
     <span class='ocr_line' id='line_1_68' title="bbox 149 5372 1811 5445; baseline -0.001 -16"><span class='ocrx_word' id='word_1_882' title='bbox 149 5372 958 5442; x_wconf 62' lang='lat' dir='ltr'><strong>penitissimarumetr-espugorisretenireqaoateetertus</strong></span> <span class='ocrx_word' id='word_1_883' title='bbox 1012 5382 1073 5429; x_wconf 91' lang='lat' dir='ltr'><strong>retu</strong></span> <span class='ocrx_word' id='word_1_884' title='bbox 1085 5373 1138 5427; x_wconf 86' lang='lat' dir='ltr'><strong>isse</strong></span> <span class='ocrx_word' id='word_1_885' title='bbox 1160 5373 1273 5445; x_wconf 84' lang='lat' dir='ltr'><strong>juvabit.</strong></span> <span class='ocrx_word' id='word_1_886' title='bbox 1299 5373 1343 5429; x_wconf 91' lang='lat' dir='ltr'><strong>Sic</strong></span> <span class='ocrx_word' id='word_1_887' title='bbox 1371 5373 1444 5428; x_wconf 92' lang='lat' dir='ltr'><strong>enim</strong></span> <span class='ocrx_word' id='word_1_888' title='bbox 1466 5373 1560 5430; x_wconf 87' lang='lat' dir='ltr'><strong>scribit</strong></span> <span class='ocrx_word' id='word_1_889' title='bbox 1587 5391 1593 5426; x_wconf 93' lang='lat'><strong>:</strong></span> <span class='ocrx_word' id='word_1_890' title='bbox 1616 5375 1690 5431; x_wconf 82' lang='lat' dir='ltr'><strong>Nilrit</strong></span> <span class='ocrx_word' id='word_1_891' title='bbox 1709 5375 1811 5428; x_wconf 77' lang='lat' dir='ltr'><strong>baberet</strong></span> 
     </span>
     <span class='ocr_line' id='line_1_69' title="bbox 152 5442 1809 5526; baseline -0.001 -27"><span class='ocrx_word' id='word_1_892' title='bbox 152 5444 236 5507; x_wconf 87' lang='lat' dir='ltr'><strong>ledit,</strong></span> <span class='ocrx_word' id='word_1_893' title='bbox 255 5446 352 5498; x_wconf 87' lang='lat' dir='ltr'><strong>arceri.</strong></span> <span class='ocrx_word' id='word_1_894' title='bbox 370 5446 405 5500; x_wconf 81' lang='lat' dir='ltr'><strong>Et</strong></span> <span class='ocrx_word' id='word_1_895' title='bbox 420 5446 454 5497; x_wconf 88' lang='lat' dir='ltr'><strong>D.</strong></span> <span class='ocrx_word' id='word_1_896' title='bbox 467 5443 630 5499; x_wconf 86' lang='lat' dir='ltr'><strong>Benedictus</strong></span> <span class='ocrx_word' id='word_1_897' title='bbox 649 5462 654 5498; x_wconf 94' lang='lat'>:</span> <span class='ocrx_word' id='word_1_898' title='bbox 674 5446 848 5506; x_wconf 76' lang='lat' dir='ltr'><strong>Vestimenta,</strong></span> <span class='ocrx_word' id='word_1_899' title='bbox 861 5442 958 5513; x_wconf 87' lang='lat' dir='ltr'><strong>inquit,</strong></span> <span class='ocrx_word' id='word_1_900' title='bbox 1012 5447 1042 5498; x_wconf 86' lang='lat' dir='ltr'><strong>in</strong></span> <span class='ocrx_word' id='word_1_901' title='bbox 1056 5445 1167 5508; x_wconf 88' lang='lat' dir='ltr'><strong>cellulis,</strong></span> <span class='ocrx_word' id='word_1_902' title='bbox 1176 5445 1445 5515; x_wconf 77' lang='lat' dir='ltr'><strong>prseterpsiatlrium,</strong></span> <span class='ocrx_word' id='word_1_903' title='bbox 1459 5449 1484 5500; x_wconf 90' lang='lat' dir='ltr'><strong>ot</strong></span> <span class='ocrx_word' id='word_1_904' title='bbox 1496 5445 1548 5498; x_wconf 88' lang='lat' dir='ltr'><strong>duo</strong></span> <span class='ocrx_word' id='word_1_905' title='bbox 1556 5446 1715 5500; x_wconf 76' lang='lat' dir='ltr'><strong>lebitonaria</strong></span> <span class='ocrx_word' id='word_1_906' title='bbox 1726 5444 1809 5526; x_wconf 78' lang='lat' dir='ltr'><strong>(guod</strong></span> 
     </span>
    </p>
   </div>
   <div class='ocr_carea' id='block_1_12' title="bbox 462 5084 1813 5227">
    <p class='ocr_par' dir='ltr' id='par_1_12' title="bbox 462 5084 1813 5227">
     <span class='ocr_line' id='line_1_70' title="bbox 462 5084 1813 5227; baseline 0.001 -84"><span class='ocrx_word' id='word_1_907' title='bbox 462 5091 642 5156; x_wconf 71' lang='lat' dir='ltr'><strong>cessasionem</strong></span> <span class='ocrx_word' id='word_1_908' title='bbox 656 5089 794 5157; x_wconf 85' lang='lat' dir='ltr'><strong>tegendum</strong></span> <span class='ocrx_word' id='word_1_909' title='bbox 805 5088 961 5227; x_wconf 56' lang='lat' dir='ltr'><strong>lruy&#39;usmodi</strong></span> <span class='ocrx_word' id='word_1_910' title='bbox 1011 5089 1064 5146; x_wconf 90' lang='lat' dir='ltr'><strong>alio</strong></span> <span class='ocrx_word' id='word_1_911' title='bbox 1077 5089 1138 5145; x_wconf 90' lang='lat' dir='ltr'><strong>loco</strong></span> <span class='ocrx_word' id='word_1_912' title='bbox 1156 5089 1224 5161; x_wconf 81' lang='lat' dir='ltr'><strong>(tio.</strong></span> <span class='ocrx_word' id='word_1_913' title='bbox 1239 5104 1284 5159; x_wconf 78' lang='lat' dir='ltr'><strong>tv,</strong></span> <span class='ocrx_word' id='word_1_914' title='bbox 1299 5105 1324 5144; x_wconf 86' lang='lat' dir='ltr'><strong>c.</strong></span> <span class='ocrx_word' id='word_1_915' title='bbox 1350 5094 1387 5156; x_wconf 85' lang='lat'><strong>5).</strong></span> <span class='ocrx_word' id='word_1_916' title='bbox 1406 5090 1493 5145; x_wconf 89' lang='lat' dir='ltr'><strong>Porro</strong></span> <span class='ocrx_word' id='word_1_917' title='bbox 1512 5098 1600 5144; x_wconf 81' lang='lat' dir='ltr'><strong>restes</strong></span> <span class='ocrx_word' id='word_1_918' title='bbox 1621 5084 1813 5159; x_wconf 69' lang='lat' dir='ltr'><strong>monachales,</strong></span> 
     </span>
    </p>
   </div>
   <div class='ocr_carea' id='block_1_13' title="bbox 843 5159 1808 5233">
    <p class='ocr_par' dir='ltr' id='par_1_13' title="bbox 843 5159 1808 5233">
     <span class='ocr_line' id='line_1_71' title="bbox 843 5159 1808 5233; baseline 0.003 -20"><span class='ocrx_word' id='word_1_919' title='bbox 843 5165 915 5215; x_wconf 88' lang='lat' dir='ltr'><strong>oetas</strong></span> <span class='ocrx_word' id='word_1_920' title='bbox 929 5162 958 5214; x_wconf 86' lang='lat' dir='ltr'><strong>in</strong></span> <span class='ocrx_word' id='word_1_921' title='bbox 1013 5175 1082 5233; x_wconf 90' lang='lat' dir='ltr'><strong>quas</strong></span> <span class='ocrx_word' id='word_1_922' title='bbox 1105 5159 1159 5215; x_wconf 92' lang='lat' dir='ltr'><strong>boc</strong></span> <span class='ocrx_word' id='word_1_923' title='bbox 1181 5160 1241 5216; x_wconf 93' lang='lat' dir='ltr'><strong>loco</strong></span> <span class='ocrx_word' id='word_1_924' title='bbox 1263 5165 1463 5217; x_wconf 87' lang='lat' dir='ltr'><strong>commemorat</strong></span> <span class='ocrx_word' id='word_1_925' title='bbox 1486 5160 1646 5229; x_wconf 89' lang='lat' dir='ltr'><strong>Cassianus,</strong></span> <span class='ocrx_word' id='word_1_926' title='bbox 1665 5169 1808 5232; x_wconf 83' lang='lat' dir='ltr'><strong>totamque</strong></span> 
     </span>
    </p>
   </div>
   <div class='ocr_carea' id='block_1_14' title="bbox 152 5514 958 5942">
    <p class='ocr_par' dir='ltr' id='par_1_14' title="bbox 152 5514 958 5942">
     <span class='ocr_line' id='line_1_72' title="bbox 152 5514 957 5586; baseline 0 -18"><span class='ocrx_word' id='word_1_927' title='bbox 152 5514 272 5586; x_wconf 77' lang='lat' dir='ltr'><strong>(Capti</strong></span> <span class='ocrx_word' id='word_1_928' title='bbox 282 5515 957 5584; x_wconf 82' lang='lat' dir='ltr'><strong>Beg.),sratribusseeundumlocorumgualitatem,</strong></span> 
     </span>
     <span class='ocr_line' id='line_1_73' title="bbox 152 5585 958 5656; baseline -0.002 -16"><span class='ocrx_word' id='word_1_929' title='bbox 152 5585 203 5640; x_wconf 88' lang='lat' dir='ltr'><strong>ubi</strong></span> <span class='ocrx_word' id='word_1_930' title='bbox 210 5586 347 5648; x_wconf 79' lang='lat' dir='ltr'><strong>babitaret,</strong></span> <span class='ocrx_word' id='word_1_931' title='bbox 358 5587 399 5639; x_wconf 82' lang='lat' dir='ltr'><strong>rel</strong></span> <span class='ocrx_word' id='word_1_932' title='bbox 406 5589 658 5656; x_wconf 78' lang='lat' dir='ltr'><strong>acrumtempen&#39;em</strong></span> <span class='ocrx_word' id='word_1_933' title='bbox 666 5586 853 5654; x_wconf 83' lang='lat' dir='ltr'><strong>denturrguia</strong></span> <span class='ocrx_word' id='word_1_934' title='bbox 863 5587 891 5638; x_wconf 88' lang='lat' dir='ltr'><strong>in</strong></span> <span class='ocrx_word' id='word_1_935' title='bbox 900 5587 958 5653; x_wconf 69' lang='lat' dir='ltr'><strong>sri-</strong></span> 
     </span>
     <span class='ocr_line' id='line_1_74' title="bbox 154 5655 957 5727; baseline 0.002 -18"><span class='ocrx_word' id='word_1_936' title='bbox 154 5655 229 5726; x_wconf 87' lang='lat' dir='ltr'><strong>gidis</strong></span> <span class='ocrx_word' id='word_1_937' title='bbox 250 5657 405 5724; x_wconf 85' lang='lat' dir='ltr'><strong>regionibus</strong></span> <span class='ocrx_word' id='word_1_938' title='bbox 419 5659 536 5727; x_wconf 86' lang='lat' dir='ltr'><strong>amplius</strong></span> <span class='ocrx_word' id='word_1_939' title='bbox 557 5658 714 5726; x_wconf 65' lang='lat' dir='ltr'><strong>indigetem</strong></span> <span class='ocrx_word' id='word_1_940' title='bbox 731 5659 760 5710; x_wconf 90' lang='lat' dir='ltr'><strong>in</strong></span> <span class='ocrx_word' id='word_1_941' title='bbox 784 5656 879 5711; x_wconf 87' lang='lat' dir='ltr'><strong>calidis</strong></span> <span class='ocrx_word' id='word_1_942' title='bbox 895 5672 957 5711; x_wconf 84' lang='lat' dir='ltr'><strong>cero</strong></span> 
     </span>
     <span class='ocr_line' id='line_1_75' title="bbox 154 5726 955 5797; baseline 0.002 -16"><span class='ocrx_word' id='word_1_943' title='bbox 154 5730 258 5784; x_wconf 88' lang='lat' dir='ltr'><strong>minus.</strong></span> <span class='ocrx_word' id='word_1_944' title='bbox 282 5726 405 5783; x_wconf 87' lang='lat' dir='ltr'><strong>Secunda</strong></span> <span class='ocrx_word' id='word_1_945' title='bbox 419 5727 549 5794; x_wconf 89' lang='lat' dir='ltr'><strong>conditio,</strong></span> <span class='ocrx_word' id='word_1_946' title='bbox 568 5735 598 5782; x_wconf 91' lang='lat' dir='ltr'><strong>ut</strong></span> <span class='ocrx_word' id='word_1_947' title='bbox 619 5728 653 5783; x_wconf 91' lang='lat' dir='ltr'><strong>sit</strong></span> <span class='ocrx_word' id='word_1_948' title='bbox 670 5727 741 5793; x_wconf 84' lang='lat' dir='ltr'><strong>vilis,</strong></span> <span class='ocrx_word' id='word_1_949' title='bbox 753 5741 809 5781; x_wconf 92' lang='lat' dir='ltr'><strong>non</strong></span> <span class='ocrx_word' id='word_1_950' title='bbox 828 5726 955 5797; x_wconf 89' lang='lat' dir='ltr'><strong>pretiosa,</strong></span> 
     </span>
     <span class='ocr_line' id='line_1_76' title="bbox 156 5795 957 5872; baseline 0.004 -19"><span class='ocrx_word' id='word_1_951' title='bbox 156 5795 255 5854; x_wconf 88' lang='lat' dir='ltr'><strong>autad</strong></span> <span class='ocrx_word' id='word_1_952' title='bbox 277 5811 408 5869; x_wconf 88' lang='lat' dir='ltr'><strong>pompam</strong></span> <span class='ocrx_word' id='word_1_953' title='bbox 425 5805 453 5854; x_wconf 90' lang='lat' dir='ltr'><strong>et</strong></span> <span class='ocrx_word' id='word_1_954' title='bbox 475 5798 689 5854; x_wconf 78' lang='lat' dir='ltr'><strong>ostentationem</strong></span> <span class='ocrx_word' id='word_1_955' title='bbox 709 5797 879 5871; x_wconf 88' lang='lat' dir='ltr'><strong>composita,</strong></span> <span class='ocrx_word' id='word_1_956' title='bbox 903 5813 957 5872; x_wconf 86' lang='lat' dir='ltr'><strong>qua</strong></span> 
     </span>
     <span class='ocr_line' id='line_1_77' title="bbox 157 5866 957 5942; baseline 0.001 -15"><span class='ocrx_word' id='word_1_957' title='bbox 157 5866 193 5927; x_wconf 90' lang='lat' dir='ltr'><strong>de</strong></span> <span class='ocrx_word' id='word_1_958' title='bbox 212 5882 243 5926; x_wconf 90' lang='lat' dir='ltr'><strong>re</strong></span> <span class='ocrx_word' id='word_1_959' title='bbox 256 5869 291 5925; x_wconf 90' lang='lat' dir='ltr'><strong>B.</strong></span> <span class='ocrx_word' id='word_1_960' title='bbox 308 5867 425 5926; x_wconf 85' lang='lat' dir='ltr'><strong>Basilius</strong></span> <span class='ocrx_word' id='word_1_961' title='bbox 438 5867 540 5926; x_wconf 87' lang='lat' dir='ltr'><strong>ibidem</strong></span> <span class='ocrx_word' id='word_1_962' title='bbox 554 5876 583 5927; x_wconf 83' lang='lat' dir='ltr'><strong>et</strong></span> <span class='ocrx_word' id='word_1_963' title='bbox 594 5867 764 5942; x_wconf 78' lang='lat' dir='ltr'><strong>Augustinm</strong></span> <span class='ocrx_word' id='word_1_964' title='bbox 778 5883 839 5941; x_wconf 88' lang='lat' dir='ltr'><strong>oep.</strong></span> <span class='ocrx_word' id='word_1_965' title='bbox 854 5874 889 5928; x_wconf 78' lang='lat' dir='ltr'><strong>te</strong></span> <span class='ocrx_word' id='word_1_966' title='bbox 900 5882 957 5928; x_wconf 81' lang='lat' dir='ltr'><strong>sue</strong></span> 
     </span>
    </p>
   </div>
   <div class='ocr_carea' id='block_1_15' title="bbox 1011 5516 1813 5945">
    <p class='ocr_par' dir='ltr' id='par_1_15' title="bbox 1011 5516 1813 5945">
     <span class='ocr_line' id='line_1_78' title="bbox 1012 5516 1809 5586; baseline -0.006 -14"><span class='ocrx_word' id='word_1_967' title='bbox 1012 5517 1146 5586; x_wconf 83' lang='lat' dir='ltr'><strong>AEggptiis</strong></span> <span class='ocrx_word' id='word_1_968' title='bbox 1154 5516 1291 5569; x_wconf 77' lang='lat' dir='ltr'><strong>moneretis</strong></span> <span class='ocrx_word' id='word_1_969' title='bbox 1303 5531 1385 5583; x_wconf 87' lang='lat' dir='ltr'><strong>genus</strong></span> <span class='ocrx_word' id='word_1_970' title='bbox 1394 5518 1547 5570; x_wconf 75' lang='lat' dir='ltr'><strong>vestimenti</strong></span> <span class='ocrx_word' id='word_1_971' title='bbox 1559 5519 1661 5571; x_wconf 87' lang='lat' dir='ltr'><strong>estsine</strong></span> <span class='ocrx_word' id='word_1_972' title='bbox 1673 5517 1809 5581; x_wconf 83' lang='lat' dir='ltr'><strong>munrors);</strong></span> 
     </span>
     <span class='ocr_line' id='line_1_79' title="bbox 1012 5584 1809 5656; baseline -0.006 -14"><span class='ocrx_word' id='word_1_973' title='bbox 1012 5585 1187 5656; x_wconf 84' lang='lat' dir='ltr'><strong>etunumy&#39;am</strong></span> <span class='ocrx_word' id='word_1_974' title='bbox 1197 5588 1323 5641; x_wconf 80' lang='lat' dir='ltr'><strong>attritetm</strong></span> <span class='ocrx_word' id='word_1_975' title='bbox 1331 5587 1368 5640; x_wconf 87' lang='lat' dir='ltr'><strong>acl</strong></span> <span class='ocrx_word' id='word_1_976' title='bbox 1378 5587 1574 5651; x_wconf 69' lang='lat' dir='ltr'><strong>deremendum,</strong></span> <span class='ocrx_word' id='word_1_977' title='bbox 1581 5587 1622 5642; x_wconf 84' lang='lat' dir='ltr'><strong>uel</strong></span> <span class='ocrx_word' id='word_1_978' title='bbox 1630 5584 1809 5656; x_wconf 83' lang='lat' dir='ltr'><strong>operandum,</strong></span> 
     </span>
     <span class='ocr_line' id='line_1_80' title="bbox 1012 5657 1813 5729; baseline -0.005 -16"><span class='ocrx_word' id='word_1_979' title='bbox 1012 5660 1171 5713; x_wconf 88' lang='lat' dir='ltr'><strong>etamictum</strong></span> <span class='ocrx_word' id='word_1_980' title='bbox 1185 5657 1295 5720; x_wconf 86' lang='lat' dir='ltr'><strong>lineum,</strong></span> <span class='ocrx_word' id='word_1_981' title='bbox 1307 5659 1475 5729; x_wconf 70' lang='lat' dir='ltr'><strong>cucullasque</strong></span> <span class='ocrx_word' id='word_1_982' title='bbox 1486 5658 1565 5722; x_wconf 87' lang='lat' dir='ltr'><strong>duas,</strong></span> <span class='ocrx_word' id='word_1_983' title='bbox 1576 5657 1747 5726; x_wconf 75' lang='lat' dir='ltr'><strong>etcuprinorn</strong></span> <span class='ocrx_word' id='word_1_984' title='bbox 1756 5657 1813 5725; x_wconf 88' lang='lat' dir='ltr'><strong>pel·</strong></span> 
     </span>
     <span class='ocr_line' id='line_1_81' title="bbox 1011 5727 1813 5799; baseline -0.004 -15"><span class='ocrx_word' id='word_1_985' title='bbox 1011 5730 1131 5792; x_wconf 85' lang='lat' dir='ltr'><strong>ticulum,</strong></span> <span class='ocrx_word' id='word_1_986' title='bbox 1144 5744 1227 5799; x_wconf 85' lang='lat' dir='ltr'><strong>guam</strong></span> <span class='ocrx_word' id='word_1_987' title='bbox 1239 5730 1359 5784; x_wconf 83' lang='lat' dir='ltr'><strong>melotem</strong></span> <span class='ocrx_word' id='word_1_988' title='bbox 1372 5735 1476 5794; x_wconf 82' lang='lat' dir='ltr'><strong>rocam,</strong></span> <span class='ocrx_word' id='word_1_989' title='bbox 1494 5730 1645 5790; x_wconf 87' lang='lat' dir='ltr'><strong>balteolum,</strong></span> <span class='ocrx_word' id='word_1_990' title='bbox 1658 5730 1685 5781; x_wconf 88' lang='lat' dir='ltr'><strong>et</strong></span> <span class='ocrx_word' id='word_1_991' title='bbox 1696 5727 1813 5795; x_wconf 86' lang='lat' dir='ltr'><strong>caligas,</strong></span> 
     </span>
     <span class='ocr_line' id='line_1_82' title="bbox 1011 5798 1812 5872; baseline 0.002 -18"><span class='ocrx_word' id='word_1_992' title='bbox 1011 5815 1044 5855; x_wconf 90' lang='lat' dir='ltr'><strong>ao</strong></span> <span class='ocrx_word' id='word_1_993' title='bbox 1062 5800 1188 5856; x_wconf 80' lang='lat' dir='ltr'><strong>bantium</strong></span> <span class='ocrx_word' id='word_1_994' title='bbox 1206 5801 1312 5861; x_wconf 67' lang='lat' dir='ltr'><strong>inuans</strong></span> <span class='ocrx_word' id='word_1_995' title='bbox 1331 5802 1440 5858; x_wconf 87' lang='lat' dir='ltr'><strong>socium.</strong></span> <span class='ocrx_word' id='word_1_996' title='bbox 1465 5802 1533 5857; x_wconf 83' lang='lat' dir='ltr'><strong>Haec</strong></span> <span class='ocrx_word' id='word_1_997' title='bbox 1553 5802 1589 5858; x_wconf 83' lang='lat' dir='ltr'><strong>l).</strong></span> <span class='ocrx_word' id='word_1_998' title='bbox 1616 5798 1812 5872; x_wconf 83' lang='lat' dir='ltr'><strong>Hieronymus,</strong></span> 
     </span>
     <span class='ocr_line' id='line_1_83' title="bbox 1011 5868 1560 5945; baseline -0.002 -16"><span class='ocrx_word' id='word_1_999' title='bbox 1011 5869 1172 5944; x_wconf 80' lang='lat' dir='ltr'><strong>pretatione</strong></span> <span class='ocrx_word' id='word_1_1000' title='bbox 1182 5868 1211 5928; x_wconf 86' lang='lat' dir='ltr'><strong>in</strong></span> <span class='ocrx_word' id='word_1_1001' title='bbox 1223 5869 1357 5945; x_wconf 79' lang='lat' dir='ltr'><strong>Regulam</strong></span> <span class='ocrx_word' id='word_1_1002' title='bbox 1370 5872 1397 5929; x_wconf 89' lang='lat' dir='ltr'><strong>S.</strong></span> <span class='ocrx_word' id='word_1_1003' title='bbox 1409 5870 1560 5929; x_wconf 79' lang='lat' dir='ltr'><strong>Pachumii.</strong></span> 
     </span>
    </p>
   </div>
   <div class='ocr_carea' id='block_1_16' title="bbox 0 0 1946 6148">
    <p class='ocr_par' dir='ltr' id='par_1_16' title="bbox 0 0 1946 6148">
     <span class='ocr_line' id='line_1_84' title="bbox 0 0 1946 6148; baseline 0 0"><span class='ocrx_word' id='word_1_1004' title='bbox 0 0 1946 6148; x_wconf 95' lang='lat' dir='ltr'><strong> </strong></span> 
     </span>
    </p>
   </div>
  </div>
 </body>
</html>
