3848 6158
195 253 245 308 547
738 237 878 293 scandis
896 236 1046 291 cassi-snt
1066 237 1307 294 COLLATIONES.
1793 241 1850 295 548

194 394 245 435 nee
259 372 413 433 durissimis
424 366 600 427 sermonibus
610 378 753 437 asperare,
768 363 816 421 sod
828 363 920 437 potius
939 363 993 419 leni
1007 366 1034 430 ‚t
1049 365 1072 420 si
1091 364 1156 420 nihii
1172 364 1278 437 penitus
1289 362 1420 422 affectare
1432 372 1526 422 nosue
1535 362 1636 438 judicio
1659 379 1690 420 ac
1712 379 1849 436 praesum-

195 474 348 545 blandaque
362 468 547 526 consolatione
569 463 692 530 relicere,
703 470 731 517 et
754 460 907 519 secundum
920 477 992 535 pree·
1047 460 1139 532 ptione
1153 468 1304 518 tentemus.

193 580 303 644 ceptum
318 561 512 638 sapientissimi
532 558 689 615 Salomonis
704 573 796 613 mttere
808 574 849 614 eos
870 559 920 628 qui
938 558 993 615 du·
1341 555 1460 612 CAPUT
1474 555 1549 610 xiv.

193 672 292 725 cuntur
304 663 341 717 od
354 664 474 722 rnortern,
492 660 517 712 ct
533 656 663 711 redimere
676 669 717 709 eos
732 656 781 724 qui
792 656 993 724 interficiuntur
1277 651 1316 706 De
1326 651 1461 705 secutione
1469 647 1613 706 Samuelis.

194 779 227 815 ne
234 771 332 829 parcos
345 757 464 822 (Proser.
475 753 580 816 ausvis
593 747 734 820 nostrique
744 748 890 804 Salvatoris
902 762 993 804 exem·
1041 802 1050 816 ,
1082 745 1206 818 Denique
1220 744 1365 802 intantum
1376 743 1473 817 placita
1485 745 1541 800 Deo
1554 742 1758 799 haecsententie
1773 757 1850 802 com·

196 853 241 923 plo
253 846 418 905 arundinem
434 851 590 915 quassatam
603 857 662 899 non
676 850 836 910 conterere,
853 849 881 898 et
904 841 992 899 linum
1046 840 1188 914 probatur,
1209 847 1241 896 ut
1262 838 1344 896 etiam
1360 839 1389 895 in
1404 838 1550 911 scripturis
1569 837 1671 897 sanetis
1685 837 1754 895 lianc
1773 854 1850 898 earm

193 944 329 1017 fumigans
351 956 409 997 non
433 938 606 1011 exstinguere
619 940 707 1005 (iscire
723 953 789 994 ιιιι
802 960 809 1006 ;
824 937 991 1009 Mettus),
1046 933 1110 991 dem
1121 933 1325 991 institutionem
1335 947 1392 989 non
1409 931 1496 988 otiose
1510 930 1679 1003 reperiamus
1701 931 1849 1005 insertam,

193 1040 322 1110 illamque
336 1053 352 1094 a
365 1035 487 1094 Domino
502 1032 618 1107 gratiam
632 1032 779 1107 postulare,
790 1048 845 1106 qua
859 1033 917 1105 ipse
928 1048 993 1106 quo·
1046 1027 1085 1087 ita
1112 1036 1143 1085 ut
1166 1037 1310 1101 puerum·
1328 1024 1483 1085 Samuelem
1506 1023 1608 1098 judicio
1628 1024 1774 1098 praelatum
1797 1043 1851 1086 suo

191 1150 244 1207 que
264 1130 427 1189 lidncialiter
452 1128 542 1185 valeas
560 1143 643 1200 opere
669 1143 701 1184 ac
721 1127 835 1184 veritate
859 1134 990 1184 cenare:
1046 1126 1130 1195 [lips.
1145 1125 1176 1180 in
1189 1139 1280 1193 nrorp.
1300 1123 1474 1195 praelectum
1490 1119 1595 1193 judicio
1611 1123 1673 1189 sno]
1694 1122 1781 1179 nollet
1800 1140 1852 1197 per

193 1230 319 1286 Domitius
332 1225 406 1280 dedit
423 1223 629 1291 militinensem
643 1222 788 1284 cruditum,
802 1225 833 1276 nt
849 1222 933 1277 sciam
944 1237 993 1277 su·
1045 1217 1224 1290 semetipsum
1238 1214 1322 1273 divini
1335 1214 1471 1288 colloquii
1478 1213 1621 1287 disciplina
1632 1215 1772 1273 Dominus
1786 1235 1851 1277 ern·

191 1327 310 1381 stentare
333 1335 392 1376 eum
409 1320 459 1389 qui
475 1319 566 1388 lapsus
581 1317 711 1372 estuerlo
732 1315 819 1387 (isnin
836 1315 872 1388 ι).
893 1315 991 1372 Nullus
1042 1311 1113 1381 dire,
1127 1310 1178 1370 sed
1190 1325 1330 1369 recurrere
1348 1309 1431 1366 semel
1446 1316 1473 1366 et
1485 1308 1585 1366 iterum
1597 1316 1736 1381 pateretur
1748 1310 1787 1369 ad
1805 1328 1851 1371 se·

192 1417 267 1474 enim
287 1420 380 1487 posset
398 1409 515 1469 insidias·
527 1409 630 1467 inimici
654 1407 784 1478 sullerre,
806 1424 853 1465 seu
869 1408 992 1467 carnales
1044 1423 1129 1476 nem;
1146 1422 1263 1479 eamque
1286 1420 1370 1479 quem
1388 1403 1425 1462 ed
1440 1418 1523 1462 snum
1545 1403 1660 1461 vocabat
1681 1403 1852 1478 aimonium,
1897 1415 1908 1429 “

191 1517 275 1568 aestus
303 1505 419 1570 naturali
450 1501 657 1579 quodammodo
684 1503 747 1575 igne
778 1502 923 1576 flagrantes
950 1501 992 1560 rel
1046 1502 1131 1559 etiam
1142 1501 1216 1559 illius
1224 1501 1271 1575 qui
1280 1499 1543 1570 ostenderatnenm,
1554 1498 1706 1559 dummodo
1716 1502 1850 1574 senioris,

194 1601 378 1674 exstinguere,
389 1598 431 1655 vel
439 1598 602 1672 reprimere,
620 1597 672 1654 nisi
685 1597 773 1670 matie
787 1597 838 1654 Dei
858 1597 899 1653 rel
911 1596 992 1669 jura·
1044 1596 1260 1656 doetrinasellet
1272 1595 1397 1665 institui3
1408 1604 1526 1669 etquem
1535 1595 1853 1670 suaserationedignis·

191 1704 235 1753 ret
244 1693 417 1767 fragilitatem
431 1699 565 1760 nostram,
580 1691 621 1747 sel
640 1695 797 1763 protegeret
811 1705 844 1747 ac
860 1687 989 1746 muniret
1045 1686 1702 1764 simumjudicarat,seniorismalletinstitutione
1716 1687 1852 1760 formari,

192 1792 226 1846 lit
240 1788 341 1845 idcirco
360 1785 487 1844 salutaris
508 1783 589 1857 huius
606 1782 816 1857 dispensationis
834 1784 942 1841 ratione
959 1783 991 1853 lif
1000 1798 1032 1863 ,Β
1046 1785 1190 1844 ntseiiieet
1202 1785 1311 1842 etillius
1320 1783 1367 1857 qui
1381 1783 1416 1841 ad
1427 1783 1554 1841 divinum
1566 1781 1749 1840 ministerium
1763 1799 1854 1841 reca-

192 1886 263 1956 nita,
291 1898 345 1955 qua
375 1881 418 1940 vel
440 1881 518 1938 illum
538 1880 670 1953 juvenem
699 1879 855 1953 perniciosis
880 1880 993 1939 munus
1046 1874 1759 1953 baturprobaretnrhnmilitas,etjunioribnsicrma
1774 1877 1847 1935 sim·

192 1977 327 2035 Dominus
344 1975 470 2038 liberare,
494 1972 536 2030 vel
560 1970 594 2029 de
613 1971 828 2044 impugnationis
846 1971 990 2029 uehemen-
1042 1975 1172 2049 jectionis
1183 1974 1265 2047 hujus
1277 1980 1477 2047 proponeretur
1490 1972 1616 2045 exemplo
1629 1975 1652 2041 (l
1665 1975 1728 2043 nep.
1745 1977 1808 2041 su).

192 2072 243 2141 tia,
258 2079 286 2128 et
309 2069 493 2142 compatiendi
516 2068 618 2127 affeetu
640 2077 668 2127 te
686 2068 771 2126 soluit
785 2066 904 2137 erudire,
918 2081 992 2123 com·
1343 2068 1465 2126 CAPUT
1482 2069 1545 2124 XV.

191 2163 322 2224 munibus
333 2178 398 2222 eum
420 2163 545 2237 precibus
562 2163 762 2236 imploremus,
783 2175 839 2234 qno
853 2159 991 2233 flagellum
1233 2166 1271 2222 De
1285 2165 1419 2219 secutione
1433 2163 1515 2220 Pauli
1526 2162 1654 2235 apostoli.

191 2260 263 2317 istud
283 2256 358 2333 quod
376 2255 500 2315 utilitatis
513 2257 598 2330 gratia
611 2256 659 2313 tibi
679 2254 817 2312 Dominus
829 2253 931 2311 interne
950 2252 992 2310 di·
1081 2257 1196 2315 Paulum
1212 2272 1321 2330 quoque
1345 2272 1394 2328 per
1411 2255 1591 2329 semetipsum
1610 2271 1711 2314 secans
1727 2263 1758 2314 et
1778 2255 1854 2315 allo-
1895 2266 1898 2271 '

192 2350 457 2427 gnatnsest,Jubeat
469 2351 592 2409 amoveri
605 2351 671 2425 (ipse
685 2353 756 2408 enim
776 2350 865 2406 dolere
885 2351 953 2419 tecit
966 2353 993 2405 at
1044 2367 1132 2425 quens
1144 2351 1279 2421 Christus,
1301 2368 1364 2408 cum
1383 2351 1507 2425 possetei
1523 2349 1696 2424 perfectionis
1707 2349 1785 2408 viam
1803 2366 1852 2410 re-

189 2463 299 2504 rursnm
305 2448 436 2512 medetur,
442 2448 597 2518 percutiiei
605 2445 766 2517 monaedes
776 2449 873 2502 sonunt
881 2445 989 2513 [Job.s];
1043 2461 1134 2503 serare
1146 2445 1302 2516 conionum,
1313 2445 1431 2518 dirigere
1444 2443 1478 2502 ad
1491 2444 1627 2502 Ananiam
1638 2444 1760 2514 mavult,
1773 2453 1802 2501 et
1813 2443 1853 2502 als

190 2545 247 2614 epse
261 2543 394 2598 humiliet
403 2546 428 2598 et
438 2541 553 2612 exaltet,
569 2543 627 2613 ipse
644 2541 743 2596 oceidit
762 2543 787 2596 et
800 2540 925 2609 sinificet,
945 2537 992 2593 de·
1044 2555 1078 2597 eo
1090 2539 1168 2613 iubet
1181 2539 1384 2608 viamseritatis
1402 2554 1561 2613 agnoscere,
1582 2537 1699 2597 dicens:
1724 2541 1854 2610 Sarped

191 2638 267 2693 ducit
276 2637 463 2706 wintanum
478 2639 503 2691 et
515 2636 620 2691 reducit
628 2636 652 2703 [l
664 2635 783 2706 licoisi,
797 2639 824 2688 et
836 2631 918 2705 ignita
929 2630 992 2688 dia·
1044 2637 1187 2705 inpendere
1195 2637 1339 2703 civitaten,
1349 2640 1375 2691 et
1386 2635 1426 2691 tor·
1435 2635 1488 2690 tibi
1498 2634 1604 2690 dicetne
1611 2633 1681 2705 quid
1688 2637 1713 2689 te
1721 2638 1854 2706 operm

191 2731 247 2789 boli
261 2730 349 2804 iacula
364 2746 425 2806 quae
438 2745 484 2787 mo
502 2728 608 2786 arbitro
619 2727 670 2785 tibi
684 2725 807 2799 permisit
819 2723 915 2798 inlligi,
940 2723 992 2781 ‹lo-
1045 2730 1136 2798 secere
1145 2731 1246 2803 (Actor.
1259 2729 1321 2801 r).¹³
1336 2730 1424 2788 Mittit
1437 2730 1530 2803 itaque
1538 2737 1567 2787 et
1573 2728 1688 2787 hunoad
1696 2728 1852 2800 seniorem

190 2827 395 2899 nauteSpiritus
402 2826 444 2884 sni
450 2840 525 2896 rore,
533 2824 694 2897 restinguat.
705 2822 793 2891 Quam
801 2821 991 2890 tentationem,
1046 2839 1164 2898 eumque
1173 2812 1250 2882 illins'
1258 2824 1349 2898 potius
1359 2824 1482 2882 doctrina
1499 2840 1583 2897 quam
1595 2839 1644 2882 stra
1660 2833 1758 2882 censet
1772 2824 1854 2883 insti·

192 2919 255 2976 licet
269 2920 366 2976 eadem
379 2919 517 2978 celeritate
529 2935 584 2990 qua
596 2915 691 2975 inferri
711 2931 772 2972 earn
784 2916 921 2973 Dominus
934 2931 992 2988 pes·
1044 2917 1085 2975 tui
1097 2937 1106 2986 ς
1119 2934 1153 2976 ιι
1163 2919 1266 2976 seilicet
1285 2917 1360 2992 quod
1375 2927 1447 2977 recte
1467 2927 1574 2992 gestum
1588 2918 1686 2977 inisset
1700 2919 1729 2976 in
1749 2920 1853 2993 Paulo,

190 3026 238 3068 sus
251 3017 304 3079 est,
326 3008 362 3067 ad
382 3025 468 3068 unam
488 3011 561 3067 senis
583 3008 738 3065 orationem
758 3022 852 3064 rursus
873 3006 991 3065 abstrde-
1044 3012 1161 3085 posteris
1172 3012 1276 3069 malum
1286 3012 1510 3086 praesumptionis
1521 3012 1661 3086 praeberet
1677 3013 1852 3087 ercrnplnm,

190 3105 247 3174 rit;
261 3101 380 3160 evidenti
389 3112 484 3160 tamen
499 3101 686 3174 experimento
708 3101 810 3172 docuit,
823 3118 880 3160 non
905 3100 990 3160 modo
1043 3106 1110 3164 dnm
1122 3107 1309 3182 unusquisque
1315 3107 1429 3167 sibimet
1439 3107 1617 3182 persuaderet
1625 3107 1711 3165 simili
1720 3107 1853 3169 modone

190 3214 247 3256 uon
255 3196 412 3269 exprobrari
422 3195 555 3269 patefacta
563 3196 696 3272 cujusque
704 3197 769 3256 vitia
778 3197 888 3268 debere,
898 3195 947 3255 sed
957 3213 992 3257 ne
1005 3199 1028 3265 C
1043 3216 1154 3276 quoque
1165 3203 1264 3261 debere
1278 3204 1329 3261 Dei
1348 3203 1433 3262 solius
1445 3202 1603 3277 magisterio
1617 3211 1701 3278 atque
1717 3204 1852 3264 doctrina

190 3290 408 3364 leuiterquidem
419 3290 566 3349 laborantis
578 3291 703 3350 dolorem
721 3291 820 3351 debere
837 3291 988 3350 contemni.
1043 3297 1135 3370 potius
1157 3314 1240 3370 quam
1263 3298 1405 3357 seniorum
1421 3299 1595 3356 institutione
1605 3296 1732 3356 formari.
1756 3300 1851 3370 Quam

191 3387 227 3442 Et
238 3383 339 3465 ῑᾶθῑῐθῡ
353 3399 526 3458 nequiquam
538 3400 590 3444 ¹10⁸
600 3389 684 3458 [irps.
694 3388 724 3443 in
737 3403 826 3458 mard-
839 3389 898 3455 vos]
909 3385 990 3444 unlus
1044 3394 1288 3467 praesumptionem
1304 3393 1473 3452 omnimodis
1489 3393 1679 3453 detestandam
1687 3395 1773 3464 mam
1787 3396 1851 3470 ipss

189 3481 245 3539 sire
258 3496 408 3554 paucorum
418 3481 460 3538 rol
470 3481 799 3556 imperitiavelleritasab
809 3482 989 3550 illacrimari,
1042 3487 1201 3560 Apostolus,
1216 3503 1272 3545 non
1282 3489 1372 3546 solum
1392 3490 1501 3560 litteris,
1511 3489 1560 3547 sed
1574 3489 1657 3546 etiam
1666 3504 1748 3563 opere
1760 3497 1850 3564 atque

190 3590 272 3649 quam
287 3574 475 3649 prediximus,
488 3575 530 3633 via
548 3584 577 3634 et
593 3577 737 3635 traditione
747 3577 885 3650 majorum
896 3576 990 3633 deter-
1043 3580 1169 3652 exemplo
1189 3578 1281 3648 docet,
1296 3581 1332 3638 ob
1347 3580 1401 3639 hoe
1416 3580 1594 3640 solummodo
1606 3599 1636 3641 se
1653 3597 1778 3640 asserem
1798 3585 1851 3642 le·

189 3678 248 3729 reat
261 3669 435 3740 etexclndet,
446 3685 566 3743 quorum
575 3670 717 3729 canitiead
734 3669 927 3743 deceptionem
940 3670 987 3743 jn·
1041 3675 1212 3749 rosolymam
1225 3676 1427 3746 conscendisse,
1444 3686 1478 3735 nt
1496 3678 1675 3753 evangelium,
1695 3679 1786 3751 qnod,
1800 3696 1851 3738 co·

187 3766 300 3824 nicrum
314 3765 502 3824 callidissimus
518 3764 639 3824 abutitur
653 3764 778 3823 inimicus
798 3785 805 3822 s
821 3763 869 3822 sed
886 3763 990 3837 absque
1042 3769 1158 3827 mirante
1172 3771 1258 3844 gratia
1277 3772 1395 3844 Spiritus
1406 3773 1505 3843 sancti,
1523 3788 1586 3831 cum
1598 3780 1731 3846 potestate
1747 3773 1849 3848 signo·

189 3861 245 3920 ullo
258 3861 426 3920 confusionis
438 3861 607 3934 operimento
618 3859 712 3918 omnia
723 3860 823 3917 debent
834 3859 990 3919 senioribus
1042 3880 1105 3922 rum
1123 3875 1151 3923 et
1164 3866 1354 3941 prodigiorum
1364 3868 1491 3941 gentibus
1502 3867 1674 3943 pmdieebat,
1697 3883 1765 3924 eum
1786 3869 1851 3930 suis

188 3956 310 4029 revelari,
329 3964 410 4029 atque
439 3955 473 4012 ab
495 3956 534 4012 sis
556 3955 598 4013 vel
623 3954 749 4012 remedia
771 3954 925 4024 vulnerum,
945 3954 987 4014 vel
1042 3961 1207 4034 coapostolis
1228 3970 1256 4019 et
1275 3962 1495 4020 antecessoribus
1509 3964 1614 4037 privata
1635 3952 1848 4037 quodammodo

187 4052 312 4125 exempla
325 4050 539 4108 conversationis
554 4067 586 4108 ac
604 4050 666 4108 uitae
682 4050 845 4108 fiducialiter
859 4051 930 4107 sumi
940 4071 947 4121 ;
958 4051 987 4107 in
1040 4071 1073 4113 ac
1086 4056 1238 4114 domestica
1251 4058 1453 4117 examinatione
1463 4059 1600 4117 conferret
1610 4081 1617 4117 :
1629 4063 1665 4117 Et
1678 4062 1796 4130 contuli,
1809 4062 1848 4119 in

187 4132 387 4220 quibus‘parem
397 4161 480 4221 opem
490 4153 518 4205 et
531 4146 649 4206 similem
664 4146 835 4221 experiemur
844 4144 985 4219 effectum,
1040 4148 1148 4222 quiens,
1160 4152 1286 4208 cumillis
1303 4152 1483 4224 Eoonpelium
1496 4153 1570 4225 qnod
1576 4153 1696 4225 predico
1704 4155 1780 4211 inter
1787 4171 1847 4226 pera

734 4325 863 4386 ninum
882 4327 995 4386 GdZAEl
1013 4329 1293 4389 COMMENTARIUS.

223 4493 233 4522 ·
254 4484 368 4542 Constat
381 4479 453 4542 bunc
467 4485 518 4543 Dei
538 4499 645 4543 morem
670 4500 729 4544 esse
750 4497 927 4560 perpetuum,
940 4497 1027 4562 autl)
1075 4493 1087 4529 δ
1106 4492 1188 4564 Quod
1202 4491 1299 4550 merito
1321 4492 1462 4551 admirans
1479 4497 1515 4551 D.
1535 4492 1695 4552 Bernardus
1708 4496 1801 4568 (seren.
1817 4497 1844 4563 l,

187 4563 261 4614 certe
271 4555 451 4625 ordinarium,
467 4565 499 4613 nt
509 4573 574 4614 oum
588 4558 646 4630 ipse
661 4559 702 4615 rel
712 4574 809 4631 perse,
822 4563 865 4617 rel
879 4578 927 4634 per
941 4577 986 4619 an
1039 4563 1074 4620 de
1089 4565 1211 4621 cntuers.
1224 4567 1254 4622 S.
1265 4566 1355 4629 Pauli,
1371 4569 1462 4623 Actor.
1481 4568 1537 4639 rx),
1555 4566 1688 4639 illamque
1702 4567 1846 4625 civitatem

186 4629 263 4701 gelos
273 4627 430 4685 illuminare
439 4643 534 4685 omnes
547 4629 646 4702 possit,
661 4629 739 4686 malit
753 4638 845 4688 tamen
859 4630 986 4691 homines
1038 4634 1175 4707 religiosis
1190 4636 1371 4709 interpretans
1383 4637 1470 4708 ipsam
1480 4653 1539 4696 esse
1554 4637 1728 4710 religionem.
1745 4639 1785 4697 ita
1794 4654 1845 4696 ex·

186 4701 220 4757 alr
230 4699 392 4758 hominibus
403 4699 586 4773 dooeriatque
597 4700 717 4771 institui3
730 4701 787 4759 sive
797 4711 828 4759 ut
838 4719 869 4761 ea
878 4706 985 4763 ratione
1038 4706 1155 4762 clamat:
1169 4709 1334 4779 Osnpientiu
1343 4711 1665 4766 sunoiteroereunioersn
1681 4711 1847 4781 disponens!

186 4782 313 4830 mutuam
326 4771 498 4840 charitatem,
514 4773 589 4830 velut
603 4772 674 4829 inter
689 4775 824 4839 membra,
835 4775 982 4843 conciliet;
1038 4780 1501 4850 eumcuitulopueris,erudiendnm
1510 4782 1743 4838 demutetunrare
1753 4785 1846 4839 mittis

186 4845 243 4902 sive
256 4852 290 4902 nt
302 4845 421 4901 alterum
431 4844 508 4902 alteri
519 4843 687 4902 subiciendo
705 4844 893 4905 humilitatem
909 4862 983 4904 exer·
1038 4850 1075 4904 ed
1088 4851 1229 4914 lomirsem,
1244 4857 1275 4907 nt
1288 4853 1392 4907 sodalis
1404 4854 1467 4907 rite
1477 4852 1676 4909 commendetur
1685 4854 1806 4923 aurens,
1816 4858 1845 4909 et

185 4923 245 4972 caat
259 4925 287 4971 ot
297 4917 481 4974 commendet.
492 4859 578 4986 Quod
586 4915 632 4973 hio
648 4918 735 4975 lloses
752 4918 886 4975 Samuelis
907 4918 982 4990 pueri
1038 4920 1145 4977 edoctus
1154 4938 1205 4993 per
1216 4924 1357 4992 nominem,
1371 4924 1495 4980 demtos
1511 4928 1568 4997 ipse
1585 4925 1734 4981 secandum
1748 4925 1845 4982 datam

186 4984 311 5057 exemplo
323 4985 479 5054 confirmat,
490 5003 572 5058 quem
584 4989 790 5060 Dominnsipse
803 4989 984 5063 inprimere
1037 4993 1091 5047 sibi
1108 4996 1226 5063 pratum
1237 4995 1387 5052 hominibus
1398 4996 1549 5054 subuenire.
1565 4997 1719 5065 Ingredere,
1737 4995 1844 5070 ingruit,

186 5057 295 5113 catione
315 5056 424 5113 erudire
436 5059 536 5123 uoluit,
551 5057 600 5114 sed
622 5059 707 5116 semel
728 5060 881 5129 etiterum,
895 5062 982 5117 immo
1036 5066 1180 5120 civitatem.
1192 5067 1305 5129 Videtis,
1311 5068 1487 5135 (renesmon
1494 5072 1554 5125 sine
1561 5069 1846 5137 dioinomenils'osoc·

186 5136 213 5184 et
227 5127 320 5192 tertio,
348 5127 495 5184 adsonem
517 5127 580 5183 lieli
618 5145 694 5186 assus
714 5139 756 5187 est
777 5147 933 5200 recurrere;
956 5142 983 5189 et
1037 5139 1094 5189 tum
1102 5142 1192 5192 esseut
1202 5137 1270 5192 iano
1280 5140 1414 5192 dietatem
1423 5141 1531 5195 Domini
1539 5140 1848 5209 osnnmmtnpreders-

185 5213 267 5268 quem
279 5198 404 5256 adsuum
420 5196 535 5255 vocabat
551 5144 617 5254 colf

185 5276 265 5325 artete
274 5270 413 5339 superior,
430 5270 574 5325 sanctitate
592 5269 706 5328 inlerior
719 5280 788 5340 orat,
807 5271 983 5330 institutione
1035 5279 1223 5360 Augustinus,
1236 5280 1296 5351 qni,
1312 5295 1378 5337 cum
1393 5280 1489 5338 oedem
1504 5283 1630 5353 exempla
1642 5280 1846 5340 Panlietcnr·

184 5338 311 5401 formnri,
329 5347 361 5396 ut
377 5341 412 5396 ab
427 5355 461 5396 eo
480 5340 603 5407 edoctus,
623 5341 733 5397 tandem
751 5341 858 5397 vocanti
873 5354 903 5397 se
922 5345 982 5400 Deo
1035 5347 1100 5402 nelu
1123 5360 1384 5417 commemorasset,
1405 5351 1465 5409 lineo
1490 5355 1632 5426 aptissime
1650 5351 1777 5426 adjungit
1802 5356 1847 5425 lin

184 5409 377 5482 responderet:
387 5413 897 5494 Loquere,llomine,quionuditrerpus
907 5417 979 5471 turn.
1033 5419 1137 5488 prolog.
1154 5420 1187 5475 de
1204 5425 1324 5479 doctrin.
1339 5423 1496 5497 Christian.)
1508 5443 1517 5480 .·
1529 5428 1657 5482 Poterant
1669 5424 1765 5495 mette
1780 5441 1847 5481 om·

184 5482 446 5554 Simileexemplnm
461 5483 549 5540 elucet
562 5483 590 5538 in
599 5484 729 5540 Cornelio
740 5484 911 5540 centurione
922 5487 982 5553 (Ac
1035 5491 1140 5559 nieper
1150 5494 1277 5561 angelum
1285 5497 1354 5566 peri,
1364 5495 1411 5550 sed
1420 5496 1525 5565 objecto
1534 5503 1602 5553 esset
1615 5499 1734 5554 hamane
1745 5498 1847 5555 eondi-

183 5558 236 5609 tor,
254 5559 299 5621 x),
312 5554 357 5610 cni
377 5569 442 5610 cum
462 5554 574 5627 angelus
594 5554 775 5628 apparuisset,
791 5553 886 5610 eadem
906 5566 979 5614 certe
1033 5561 1081 5629 tio,
1096 5562 1177 5633 siper
1189 5565 1305 5622 nomines
1318 5568 1470 5622 hominibus
1481 5570 1592 5624 umbem
1604 5584 1685 5625 suum
1698 5569 1773 5625 Deus
1792 5572 1848 5627 mi

183 5640 266 5697 opera
277 5625 409 5694 potuisset
424 5624 449 5680 ei
461 5625 555 5681 omnia
570 5625 632 5682 lidei
647 5624 779 5698 mysteria
792 5625 921 5690 revelare,
938 5628 980 5685 id-
1032 5634 1148 5689 nistrare
1157 5638 1249 5692 nollet.
1261 5639 1362 5695 Deinde
1372 5641 1432 5708 ipse
1447 5640 1576 5709 enodius,
1589 5656 1651 5712 quse
1661 5640 1718 5696 side·
1726 5642 1845 5699 mitem

132 5732 135 5737 -
182 5710 236 5768 oue
255 5695 362 5766 utrique
376 5695 552 5752 commodius
569 5706 597 5753 et
616 5694 840 5823 eomXendiosius
861 5696 977 5769 fuisset3
1032 5703 1231 5763 hominesnodo
1244 5711 1535 5780 enomtotisostrinpit,
1547 5713 1844 5771 manuteneamus

181 5766 394 5825 tamencumad
411 5768 521 5851 Petrum
535 5766 657 5850 allegat:
699 5783 792 5835 ecesse,
811 5768 908 5842 inquit,
931 5774 979 5830 Si·
1031 5778 1261 5843 refundendorum
1274 5782 1381 5838 sibimet
1390 5784 1554 5849 ‘animorum
1567 5785 1843 5858 sineminesperlss

181 5854 293 5910 monem,
312 5841 354 5894 liic
367 5840 439 5895 dicet
449 5839 500 5896 trit
513 5839 583 5909 qued
596 5843 622 5895 te
632 5843 754 5912 oportent
770 5842 870 5909 rueme.
1031 5849 1114 5905 mines
1125 5851 1196 5904 nilsil
1206 5851 1347 5910 dmeermt.

606 5201 731 5271 equium,
751 5201 811 5273 eins
826 5209 920 5258 tamen
934 5203 981 5273 qtri
1036 5209 1114 5275 mirri,
1126 5209 1249 5264 diuinam
1259 5209 1544 5266 discereuoiuntutem.
1557 5210 1633 5268 idem
1644 5209 1795 5268 confirmet
1804 5214 1846 5269 D.
