3848 6158
109 299 147 354 m
544 292 591 346 au
609 290 727 347 orant
742 253 884 347 roanhts
902 289 1054 350 casstaut
1074 295 1339 354 enotuoouant.
1734 310 1768 366 m

110 421 219 480 sianum
233 434 248 475 a
260 420 367 475 toanne
383 415 533 490 patriarcha
545 417 752 489 Constantinop.
765 415 911 474 diaconum
925 420 952 484 Α
1004 421 1044 475 Ex
1058 418 1109 488 his,
1131 420 1224 491 credo,
1246 420 1326 480 facile
1343 423 1547 494 animadvertis,
1568 428 1664 498 lector,
1683 446 1768 502 quam

111 515 270 575 ordinatum
286 511 424 581 audimus,
442 526 498 566 non
521 509 604 567 modo
626 509 742 566 diaconii
765 508 860 566 ordine
882 526 914 568 ac

111 623 228 669 munere
248 606 395 675 initiatum,
422 602 470 661 sed
489 610 518 660 et
535 602 770 658 archidiaconatus
783 602 912 676 dignitate

109 713 233 772 anetum,
256 701 480 769 cumulatumque
502 696 669 753 sentiamus?
690 697 745 753 Cur
764 697 835 753 enim
856 713 912 754 non

110 792 196 860 etiam
216 797 397 856 subdiaconus
417 794 451 850 ah
470 790 567 849 eodem
586 790 721 848 diceretur
739 791 880 850 ordinatus
903 813 909 849 :

109 895 164 953 nisi
185 905 216 952 ut
231 893 361 950 diaconus
374 886 597 956 antonomastice,
621 884 721 952 idest,
742 886 910 945 archidiaco-

111 1005 175 1060 nus,
198 1003 245 1045 seu
270 985 372 1057 primus
395 980 466 1035 iuter
489 978 620 1035 diaconos
643 978 825 1051 intelligatur?
849 982 912 1037 Non

110 1183 144 1233 ut
157 1169 338 1230 archidiaconi
357 1182 470 1225 munere
489 1164 665 1239 iungerentur
678 1167 827 1239 presbyteri
844 1168 911 1226 :sed

108 1266 145 1325 et'
164 1274 223 1324 toto
242 1265 420 1322 diaconorum
439 1260 533 1318 ordine
555 1276 587 1316 ac
611 1276 726 1317 numero
748 1261 911 1333 paucissimi,

968 511 1055 602 inanis
1069 530 1101 571 ac
1118 514 1202 572 futilis
1222 515 1257 572 sit
1277 518 1460 589 quorumdam
1476 521 1577 594 opinio,
1601 524 1647 596 qui
1663 525 1768 583 Cassia·
1846 540 1848 544 ·

965 621 1031 663 num
1046 609 1106 663 al).
1119 607 1316 681 chrysostomo
1329 609 1474 669 ducenum
1488 614 1653 686 ordinatum,
1668 617 1768 677 deiude

966 709 1030 773 post
1050 701 1156 773 aliquot
1178 719 1264 759 annos
1289 703 1430 775 expulsum
1455 715 1482 764 et
1504 708 1662 783 ablegatum
1684 710 1768 771 luisse

965 793 1071 867 scriptis
1090 795 1282 868 prodiderunt,
1305 798 1380 855 nulla
1402 799 1483 873 hujus
1507 803 1668 876 suspicionis
1686 806 1766 864 allata

967 904 1048 946 causa
1065 890 1106 945 rel
1121 889 1255 963 probabili
1270 901 1443 965 argumento,
1454 897 1607 968 prasertim
1628 914 1694 955 cnm
1707 901 1766 959 nul·
1792 889 1795 894 ⁵

965 982 1009 1040 lus
1021 992 1145 1041 veterum
1162 984 1326 1064 scriptorum
1348 987 1418 1045 hane
1431 997 1526 1046 notam
1539 992 1668 1050 Cassiano
1689 994 1767 1054 inus·

965 1076 1032 1134 sisse
1044 1078 1156 1152 legatur.
1173 1079 1282 1148 Dicant,
1304 1080 1427 1151 obsecro,
1444 1083 1552 1155 quando
1567 1085 1640 1144 hunc
1654 1088 1689 1144 ab
1707 1090 1766 1162 ipso

965 1171 1062 1243 expelli
1083 1172 1236 1245 contigerit,
1259 1174 1306 1246 qui
1330 1175 1412 1231 etiam
1431 1185 1495 1248 post
1516 1177 1574 1250 ejus
1590 1180 1714 1238 exsilium
1738 1184 1767 1240 in

965 1264 1022 1336 ejus
1037 1264 1169 1338 obsequio
1192 1282 1378 1338 perseverasse
1399 1271 1585 1344 cognoscitur,
1611 1280 1639 1330 et
1661 1290 1711 1347 pro
1733 1292 1766 1334 eo

88 1360 184 1434 'iique
205 1357 337 1431 aptissimi
361 1355 548 1430 deligebantur
571 1353 763 1423 archidiaconi,
788 1355 834 1427 qui
859 1356 911 1427 epi·
965 1355 1096 1429 legatione
1119 1357 1230 1415 iunctus
1251 1359 1286 1417 ad
1306 1364 1497 1421 Innocentium
1520 1366 1700 1438 pontificem?
1719 1372 1766 1443 qui

108 1471 206 1531 scopo,
222 1453 278 1509 sire
291 1451 421 1525 pontifici,
442 1449 513 1506 velut
533 1449 604 1505 oculi
622 1449 711 1521 capiti,
725 1450 848 1522 proxime
862 1451 909 1508 de·
962 1450 1021 1523 ejus
1031 1449 1152 1509 defuncti
1163 1454 1325 1519 memoriam
1340 1457 1421 1514 tantis
1438 1457 1567 1517 laudibus
1580 1469 1607 1518 et
1634 1464 1765 1522 encomiis

109 1549 262 1618 servirem,
278 1555 305 1602 et
324 1561 373 1618 pro
388 1559 420 1601 eo
433 1543 589 1618 diligentins
610 1542 636 1598 in
656 1543 739 1600 domo
761 1545 812 1601 Dei
830 1560 911 1601 excu—
964 1545 1079 1603 extulit?
1098 1547 1143 1619 qui
1168 1547 1249 1604 etiam
1268 1548 1361 1606 multis
1383 1559 1446 1624 post
1464 1552 1523 1625 ejus
1548 1553 1654 1611 obitum
1676 1557 1764 1626 aunis,

107 1643 217 1711 herent,
233 1649 263 1698 ut
281 1641 308 1697 in
322 1639 441 1697 Ecclesia
454 1641 580 1695 Romana
597 1637 789 1696 celeberrimus
808 1648 911 1713 martyr
965 1646 1021 1695 tam
1035 1640 1195 1711 praeclarum
1211 1641 1295 1699 edidit
1308 1658 1366 1700 suat
1379 1659 1442 1720 erga
1456 1646 1585 1704 eumdem
1605 1650 1764 1722 propensio·

105 1751 142 1794 ac
167 1735 248 1792 levita
277 1731 451 1801 Laurentius,
474 1731 502 1787 in
524 1731 666 1787 Valentino
689 1731 860 1799 Vincentius,
882 1742 909 1790 et
963 1731 1047 1788 triset
1069 1733 1248 1791 observantiae
1267 1735 1466 1806 testimonium,
1488 1747 1518 1795 ut
1532 1740 1637 1797 nullom
1658 1743 1766 1814 penitus

108 1833 261 1890 recentiore
275 1829 418 1895 memoria,
439 1826 465 1882 in
485 1825 678 1897 Ultrojeetensi
694 1826 867 1896 aldebertus,
882 1828 908 1884 in
965 1825 1005 1880 rel
1028 1826 1218 1883 tenuissimam
1243 1827 1380 1900 reliquerit
1401 1830 1514 1904 alicujus
1535 1833 1683 1891 simultatis
1706 1851 1766 1893 sus-

106 1928 168 1984 oliis
190 1926 235 1981 alii
250 1923 345 1979 iecisse
366 1923 515 1994 leguntur:
539 1918 585 1991 qui
598 1918 620 1975 si
638 1920 673 1977 od
692 1919 836 1978 sacerdotii
856 1922 908 1978 ho·
963 1917 1106 1989 picionenr.
1133 1921 1236 1976 Verum
1260 1920 1342 1993 hujus
1372 1923 1470 1980 erroris
1495 1925 1667 1983 occasionem
1699 1928 1765 1986 scite

107 2034 205 2076 notem
231 2015 349 2090 promoti
375 2013 503 2082 luissent,
527 2012 632 2070 diaconi
656 2023 703 2070 aut
727 2013 908 2072 archidiaconi
962 2013 1115 2069 ohservartt
1133 2013 1207 2071 card.
1223 2015 1399 2073 Batoniusex
1414 2033 1596 2089 consonasse,
1611 2020 1763 2092 quodcum

105 2129 167 2172 esse
186 2121 234 2169 out
253 2110 305 2167 dici
324 2107 473 2166 desiissent.
493 2105 582 2178 Hujus
600 2114 672 2163 certe
689 2107 836 2181 dignitatis,
857 2109 909 2166 sci·
962 2123 1012 2179 pto
1026 2111 1131 2165 Joanne
1146 2109 1344 2184 Chrysostomo
1360 2113 1504 2171 Cassianus
1524 2130 1587 2170 cum
1611 2115 1669 2171 aliis
1689 2116 1761 2188 ejus·

106 2206 170 2263 15001
183 2201 426 2269 ifsslliffiissfflitus,
449 2198 637 2272 llifflfflssifilss,
658 2200 762 2257 cereas
777 2200 842 2258 item
860 2200 910 2260 do-
961 2199 1024 2257 dem
1049 2203 1176 2260 Beclesiae
1198 2204 1300 2262 clericis
1320 2204 1403 2263 tuisse
1429 2208 1597 2280 reperiretur
1623 2209 1761 2282 expulsus,

108 2299 192 2365 tibus,
213 2313 245 2353 ac
262 2295 406 2352 virtutibus
424 2292 512 2349 eidem
535 2291 736 2362 accedentibus,
755 2285 782 2350 id
795 2293 906 2350 demum
961 2293 1089 2351 eumdem
1100 2311 1116 2352 a
1128 2299 1234 2352 Joanne
1253 2299 1312 2369 ipso
1330 2299 1475 2368 expulsum
1492 2316 1541 2371 per
1556 2301 1700 2369 incutiam,
1716 2312 1764 2363 aut

105 2400 271 2452 consecutus
298 2390 403 2446 uidetur
429 2387 584 2454 Cassianus,
611 2396 641 2443 ut
668 2387 739 2442 iuter
762 2387 906 2460 primarios
962 2388 1131 2445 oscitantiam
1146 2389 1324 2444 existimarint
1339 2410 1345 2444 ε
1361 2406 1426 2446 cum
1445 2406 1500 2446 non
1513 2393 1548 2446 ab
1562 2394 1632 2464 ipso,
1646 2393 1694 2448 sed
1711 2409 1761 2464 pro

108 2487 237 2547 Fcelesite
257 2482 462 2554 constantinop.
486 2480 597 2536 elericos
619 2479 779 2553 deligeretur
800 2481 835 2538 ad
855 2482 907 2538 oh·
962 2479 1030 2553 ipso,
1049 2490 1076 2537 et
1090 2481 1147 2554 ejus
1168 2497 1248 2538 causa
1263 2489 1327 2538 tunc
1344 2483 1489 2556 contigerit
1510 2500 1573 2540 cum
1591 2483 1649 2540 aliis
1671 2493 1761 2543 entor-

104 2582 224 2640 euudam
251 2595 300 2652 pro
326 2577 525 2651 Cluysostomo
549 2573 725 2645 legationem.
757 2575 841 2647 Cujus
868 2577 907 2634 rei
962 2588 1021 2630 tem
1034 2573 1100 2630 lieri.
1124 2576 1223 2630 Verum
1237 2574 1270 2630 ad
1291 2575 1342 2631 alia
1362 2575 1576 2650 progrediamur.
1599 2576 1761 2637 Perfunctus

58 2732 66 2741 ‚
104 2675 183 2734 testis
204 2674 325 2746 locuples
349 2670 423 2727 idem
444 2669 486 2726 ille
503 2667 664 2726 Theodorus
687 2669 815 2742 antiquus
839 2672 908 2728 scri·
962 2683 992 2724 ea
1015 2666 1150 2740 legatione
1169 2669 1313 2725 Cassianus
1330 2668 1396 2741 qnid
1410 2669 1535 2742 deinceps
1550 2672 1643 2742 egerit,
1663 2688 1718 2745 quo
1733 2688 1762 2729 se

103 2778 179 2844 pter,
200 2768 245 2841 qui
269 2767 338 2823 inter
360 2764 428 2821 olias
447 2763 595 2836 legationes
614 2778 663 2834 pro
676 2762 775 2820 eodem
792 2764 908 2838 Chryso·
962 2763 1072 2820 verterit
1087 2771 1162 2820 tanto
1184 2770 1293 2836 parente
1311 2773 1339 2821 et
1361 2772 1475 2837 patrono
1496 2781 1546 2822 suo
1565 2765 1761 2839 Chrysostomo

101 2872 197 2921 stomo
225 2862 251 2916 in
275 2847 400 2917 exsilium
422 2865 483 2914 acto
502 2857 536 2911 ab
560 2855 678 2912 Ecclesia
698 2857 904 2931 Constantinop.
962 2857 1138 2929 postmodum
1151 2858 1273 2927 orbatus,
1288 2859 1423 2915 Batonius
1439 2858 1531 2931 paucis
1549 2859 1638 2916 verbis
1650 2860 1684 2915 ita
1698 2875 1760 2932 pet·

101 2955 142 3016 ad
155 2954 343 3013 Innocentium
358 2952 512 3025 pontificem
528 2953 613 3008 Bous.
628 2952 735 3018 missas,
752 2951 821 3009 hunc
835 2954 906 3010 Ger·
961 2949 1068 3006 strinxit
1081 2975 1088 3006 ι
1104 2953 1166 3006 Post
1179 2953 1243 3015 itaet,
1260 2953 1405 3008 Cossiaeos
1416 2955 1555 3023 profectus
1571 2956 1597 3007 in
1614 2957 1761 3024 AEppprtom

108 3051 183 3110 mani
206 3048 368 3123 presbyteri,
396 3054 424 3102 et
456 3044 575 3102 Cassiani
607 3044 713 3101 diaconi
744 3045 907 3118 legationem
961 3046 1494 3117 t'bimonosticamtn'torrreoeolcrccopit,
1507 3048 1763 3118 irrdcpueseribertdi

101 3155 204 3223 quarto
226 3144 286 3200 loeo
303 3139 467 3207 describens,
484 3140 523 3194 ita
538 3137 662 3194 orditur:
678 3143 740 3195 Post
752 3142 944 3218 Polladiurng
964 3137 1121 3193 Collationcs
1138 3141 1250 3194 Putrem
1270 3140 1362 3195 bttusr't
1375 3145 1574 3209 (tegumentum.
1590 3145 1689 3197 Eustat
1709 3144 1760 3197 lsi-

102 3245 258 3303 (lermurrus
269 3236 420 3307 presbyter,
433 3235 628 3303 Cussiorttnspuo
638 3234 776 3297 tiiucortus,
787 3238 842 3290 ciri
851 3254 909 3292 ma·
963 3232 1025 3287 dori
1031 3234 1172 3288 Pelusiotae
1184 3233 1221 3286 ud
1235 3235 1394 3289 Cossirtrtum
1404 3235 1525 3304 epistola,
1537 3251 1596 3288 rum
1611 3250 1756 3303 oppressus

107 3351 170 3408 pne
184 3325 332 3402 religionis
345 3332 459 3390 litteras,
470 3328 505 3381 ob
513 3329 587 3382 omui
598 3329 667 3382 clero
678 3331 788 3383 Jottrun's
805 3332 904 3387 attule-

108 3435 183 3492 runt,
198 3426 359 3482 rotttinerttes
369 3424 512 3479 Ecclesium
525 3424 612 3492 ipsum
619 3422 792 3490 tyrannidem
797 3439 905 3493 perpes-

102 3538 164 3579 som
176 3498 273 3590 sut'sse,
289 3520 407 3588 misterio
417 3533 467 3588 per
479 3518 532 3569 tim
543 3516 660 3568 nrt‘litum
672 3514 762 3583 ejecto,
776 3521 801 3570 et
812 3518 841 3570 irt
859 3535 905 3571 rr·

10 3682 13 3687 ,
101 3620 195 3675 siliunt
220 3618 310 3677 troisse,
340 3620 392 3667 etc.
420 3609 520 3666 Sedet
543 3608 614 3664 idem
636 3609 811 3666 innocentius
837 3626 904 3683 papa

67 3776 70 3781 ,
97 3711 224 3785 eiusdem
266 3707 393 3765 Ecclesiae
431 3703 736 3776 Constantinopolitanae
764 3706 837 3761 cleto
871 3722 902 3763 ao

101 3805 203 3880 populo
218 3801 381 3869 rescribens,
403 3800 439 3855 itu
458 3814 571 3855 exorsus
585 3807 626 3853 est
642 3819 648 3854 :
664 3803 708 3855 Bo
730 3801 825 3854 litteris
842 3802 903 3856 elatr-

102 3902 194 3955 rt‘tutt's
216 3902 322 3959 oestro,
342 3910 409 3964 quus
421 3910 471 3964 per·
486 3895 649 3951 Germanum
663 3893 861 3964 prostratorum,
879 3898 904 3948 et

101 3995 261 4051 Cassiorum
280 3991 401 4052 irrisistis,
417 3997 468 4044 etc.
496 3991 534 4042 De
547 3986 599 4042 hae
616 4002 697 4058 porro
718 3985 861 4058 legatione,
877 3995 904 4042 et

101 4089 252 4160 legatorum
265 4087 350 4141 altero
364 4084 491 4139 Cassiano
511 4081 626 4138 diacono
645 4091 801 4153 nuncupato
820 4096 903 4153 agens

101 4181 256 4239 Batonius:
279 4181 449 4250 Est-metatio,
470 4175 558 4249 inquit
572 4177 638 4242 (Ubi
655 4178 769 4246 supro),
790 4175 822 4229 de
840 4175 903 4231 Cus-

99 4275 177 4330 siutto
191 4276 219 4325 t'rt
235 4273 332 4325 litteris
346 4273 493 4324 lrrnocerttii
500 4286 579 4338 proptu
594 4271 631 4324 ud
650 4272 755 4325 clericos
770 4271 901 4326 Cortstott-

102 4368 291 4436 titiopolitanus
298 4382 305 4416 ε
313 4378 389 4431 prtem
396 4362 503 4431 paidom
514 4363 672 4415 Crassianam
682 4363 899 4429 illurnputamus,

100 4459 178 4529 aaran
199 4462 262 4513 stent
284 4456 441 4511 Collationes
463 4456 586 4509 Potrutrt.
609 4455 679 4509 rl'om
700 4457 725 4506 et
746 4455 901 4509 deterremus

959 3331 1026 3381 esset
1039 3329 1123 3381 eitam
1140 3329 1316 3383 monosticum
1329 3329 1461 3396 profiteri,
1477 3343 1532 3396 pita
1546 3342 1606 3381 ert-tre
1618 3330 1646 3381 irt
1663 3331 1760 3397 primis

959 3420 1011 3473 sibe
1032 3420 1202 3474 coercendam
1219 3434 1273 3473 esso
1288 3420 1410 3488 iirrpoom
1428 3420 1560 3474 admouit.
1576 3422 1616 3476 lta
1628 3421 1761 3478 Batonius

959 3525 992 3567 eo
1011 3511 1146 3567 sermonis
1162 3511 1232 3582 stylo
1254 3526 1330 3578 usus,
1353 3511 1428 3584 quasi
1443 3510 1563 3567 indicate
1579 3513 1640 3568 velit
1654 3512 1758 3569 Cassia-

957 3619 1024 3660 num
1040 3611 1099 3659 tum
1120 3602 1230 3659 demum
1245 3612 1307 3675 post
1321 3603 1483 3676 legationem
1498 3620 1546 3677 pto
1561 3605 1757 3677 Chrysostomo

957 3698 1059 3755 obitam
1078 3697 1230 3770 praefectum
1246 3698 1272 3754 in
1298 3701 1455 3772 AEgyptum,
1475 3699 1558 3755 uitam
1578 3700 1758 3757 monasticam

958 3793 1081 3851 excolere
1103 3810 1134 3849 ac
1164 3793 1282 3866 profiteri
1306 3793 1431 3865 coepisse.
1459 3796 1526 3865 Quae
1551 3795 1695 3864 sententia,
1718 3797 1758 3852 rel

958 3888 1078 3962 opinatio
1094 3889 1129 3944 ita
1153 3888 1265 3959 ptaecise
1288 3897 1408 3960 accepta,
1436 3897 1464 3944 et
1479 3889 1555 3945 nullo
1575 3889 1627 3946 alio
1648 3899 1759 3948 auctore

957 3982 1030 4052 nixa,
1049 3997 1112 4038 eum
1135 3981 1221 4037 verbis
1243 3981 1326 4053 ipsius
1341 3981 1460 4038 Cassiani
1483 3990 1554 4038 staro
1574 3986 1678 4056 nequit,
1700 3983 1758 4055 qui·

956 4075 1008 4131 bus
1030 4073 1119 4148 ipsum
1141 4091 1196 4130 non
1222 4074 1305 4131 modo
1330 4084 1391 4132 ante
1418 4077 1590 4149 legationem,
1612 4092 1707 4132 rerum
1732 4085 1759 4133 et

957 4168 1044 4224 multo
1059 4178 1123 4224 ante
1135 4184 1246 4223 omnem
1259 4168 1447 4241 Cirtysostomi
1464 4170 1588 4225 notitiam
1605 4178 1632 4226 et
1644 4186 1758 4228 consue-
1771 4198 1774 4203 ·

955 4261 1088 4328 tudinem,
1109 4260 1196 4316 immo
1214 4261 1247 4316 ob
1271 4260 1335 4332 ipsis
1356 4261 1476 4333 pueritiae
1495 4263 1656 4319 rudimentis
1674 4263 1755 4319 vitam

956 4354 1134 4410 monasticam
1157 4353 1323 4425 excoluisse,
1346 4370 1459 4428 eamque
1479 4364 1538 4413 tum
1559 4357 1587 4413 in
1611 4357 1753 4424 coenobio,

955 4456 1014 4504 tum
1039 4448 1066 4503 in
1081 4463 1174 4504 eterno
1195 4448 1283 4521 palam
1303 4449 1456 4521 professum
1475 4466 1533 4507 esse
1552 4451 1676 4523 superius
1696 4450 1755 4508 luce

100 4554 170 4608 huno
182 4550 303 4605 eumdem
317 4565 334 4602 o
349 4551 449 4603 lotione
464 4548 647 4615 Chrysostorrro
666 4547 808 4600 titireortum
826 4535 937 4603 ordi-D
954 4541 1104 4599 meridiana
1130 4542 1229 4598 clarius
1248 4543 1428 4600 ostendimus.
1451 4548 1552 4601 Verum
1574 4545 1631 4602 lieri
1654 4554 1753 4619 potest,

100 4649 196 4701 notum
210 4642 314 4698 tutudit:
328 4640 394 4695 ardeo
404 4642 490 4710 utqui
500 4643 622 4695 astruere
635 4641 699 4694 cclii
712 4641 781 4694 launo
795 4643 900 4697 Cossia-

99 4754 165 4794 teum
178 4738 314 4792 diuersum
332 4750 396 4799 osse,
410 4735 476 4789 titios
490 4748 591 4787 trorosse
605 4735 713 4795 lratbcot,
729 4739 759 4788 ut
779 4737 900 4804 affirmet

95 4832 208 4886 Joutrnis
234 4830 424 4898 Cirtpsostomi,
452 4826 569 4895 eiusdem
592 4829 708 4880 rtorrtinis
732 4832 758 4881 rt
781 4831 899 4884 interieris

98 4928 184 4996 suessa
205 4927 360 4995 discipulos,
378 4927 484 4980 nomiae
501 4924 651 4985 Cossiaeos,
668 4925 823 4994 <rasilemque
840 4926 900 4981 ditt-

29 5056 35 5080 ι
97 5036 185 5076 corros.
202 5020 269 5072 Baec
288 5019 430 5086 Batonius,
443 5033 539 5087 unum,
558 5026 585 5073 et
599 5017 727 5074 eumdem
740 5019 899 5075 Cassianum

48 5130 52 5137 ’
100 5128 150 5185 pto
163 5111 357 5182 chrysostomo
374 5109 493 5181 legatum
511 5120 537 5166 et
552 5112 716 5168 Collatorem
731 5127 789 5167 esse
800 5113 899 5167 conlit-

61 5241 69 5253 =
99 5221 187 5261 matrs.
209 5203 315 5272 Quibus
336 5203 418 5271 addo,
441 5204 497 5274 pari
524 5214 696 5276 argumento,
714 5221 769 5259 non
790 5213 896 5261 tantum

97 5297 168 5354 duos
184 5297 337 5366 Cassianos,
357 5297 443 5353 sedet
462 5295 530 5353 duos
544 5297 636 5352 itidem
650 5299 804 5353 Germanos
823 5314 897 5370 pres-

98 5392 208 5465 byteros
228 5391 347 5462 ejusdem
369 5389 555 5463 Chrysostomi
584 5389 729 5461 discipulos
752 5399 779 5445 et
799 5401 896 5447 coteta-

96 5498 178 5553 neos3
201 5485 319 5556 alioquin
340 5484 445 5540 admitti
472 5493 609 5555 oportere,
634 5483 750 5539 alterum
775 5485 895 5542 uidelicet

95 5577 216 5634 &seiam
230 5577 300 5632 illius
312 5593 361 5649 pro
381 5575 578 5649 chrysostomo
597 5577 687 5649 legati,
699 5578 815 5633 alterum
831 5594 894 5635 vero

81 5669 180 5727 'nesto
194 5667 338 5726 Collatotis
352 5669 379 5724 itt
391 5669 436 5724 illa
456 5670 669 5742 peregrinatione
686 5679 711 5726 et
726 5670 892 5743 professione

95 5762 246 5825 monastica
260 5762 364 5819 socium
379 5771 407 5818 et
424 5762 569 5834 collegam
592 5763 666 5835 quod
683 5765 755 5819 trulla
772 5775 891 5821 veterum

95 5858 256 5916 auctoritate
274 5867 321 5915 aut
341 5857 474 5914 memorio
490 5856 657 5931 suffragante
672 5857 733 5928 quis
748 5857 891 5916 admittat?

953 4650 980 4697 et
1000 4640 1116 4713 proclive
1130 4639 1280 4696 admodum
1296 4649 1338 4697 est
1356 4641 1475 4710 credere,
1496 4643 1656 4700 Cassianum
1676 4643 1756 4699 abso·

953 4734 1012 4791 luto
1025 4733 1165 4806 legationis
1180 4732 1271 4788 allicio
1288 4741 1313 4789 et
1326 4735 1357 4789 B.
1372 4733 1582 4806 Chrysostomo,
1600 4745 1630 4792 ut
1649 4735 1754 4792 dictum

953 4837 1005 4897 est,
1021 4827 1099 4899 poulo
1120 4835 1182 4898 post
1204 4825 1345 4892 defuneto,
1365 4843 1485 4884 atterere
1507 4829 1601 4898 aniani,
1617 4837 1644 4885 et
1662 4845 1755 4885 tetum

953 4921 1136 4978 humanatum
1156 4920 1237 4977 taedio
1251 4919 1396 4991 aiieetum;
1419 4931 1447 4979 et
1468 4923 1587 4995 pristinae
1609 4933 1753 4981 consuetu·

953 5015 1023 5072 dinis
1050 5023 1078 5071 et
1101 5015 1228 5071 consortii
1253 5018 1299 5073 SS.
1327 5018 1438 5072 Battum
1465 5016 1492 5073 in
1516 5020 1575 5090 ejus
1597 5017 1754 5091 praecordiis

952 5108 1125 5166 reviviscente
1138 5111 1268 5166 momoria
1283 5127 1314 5167 ae
1333 5110 1469 5168 desiderio
1492 5112 1671 5180 stimulatum,
1693 5131 1753 5171 rut·

949 5220 997 5261 sus
1008 5207 1156 5278 AEgyptom
1172 5214 1199 5262 et
1214 5206 1376 5262 Palestiuam
1392 5208 1539 5280 repetiisse,
1558 5218 1639 5281 atque
1652 5209 1752 5266 ibidem

949 5299 1019 5356 iuter
1044 5299 1193 5356 monachos
1219 5301 1299 5356 tilam
1326 5302 1506 5358 monasticam
1532 5303 1692 5372 excoluisse,
1726 5313 1754 5360 et

949 5391 1099 5448 doctrinam
1124 5394 1233 5450 ineunte
1256 5401 1336 5451 aetate
1367 5399 1523 5468 perceptam
1550 5398 1631 5453 altius
1658 5397 1752 5454 animo

948 5486 1096 5556 imbibisse,
1112 5504 1143 5544 ac
1164 5490 1305 5547 memoriae
1325 5491 1543 5561 commendasse,
1558 5509 1640 5564 quom
1657 5501 1751 5564 postea

947 5580 1097 5638 litterarum
1126 5584 1311 5641 monumentis
1340 5585 1516 5658 consignavit.
1554 5588 1616 5657 Quo
1640 5585 1751 5658 quidem

945 5682 1080 5744 spectasse
1095 5674 1245 5731 credendos
1260 5687 1302 5734 est
1316 5678 1449 5735 Batonius
1474 5701 1480 5738 :
1502 5697 1549 5752 qur
1565 5690 1658 5735 tamen
1675 5678 1752 5735 haud

946 5765 1023 5824 iacile
1048 5770 1169 5825 excusari
1193 5779 1293 5843 potest,
1319 5773 1437 5845 quodid
1458 5774 1500 5837 ,ita
1524 5772 1698 5846 expresserit,
1721 5780 1752 5849 ut

945 5868 1004 5916 tum
1020 5862 1139 5933 primum
1153 5865 1268 5938 coepisse
1284 5867 1439 5939 siguificare
1458 5867 1589 5926 videatur.
1607 5866 1688 5939 Quod
1703 5884 1751 5926 au·
