3848 6158
134 260 202 317 tlte
669 250 810 310 ioannis
827 249 982 309 cassiani
998 250 1244 311 cantationes.
1716 250 1788 303 titt

132 384 289 457 disputare,
310 381 357 455 qui
378 396 474 439 cerum
499 381 574 454 prius
598 394 695 436 causas
715 386 797 451 atque
815 376 933 449 origines
945 381 973 447 Α
984 378 1029 451 qui
1053 378 1158 437 dudum
1173 396 1238 438 cuni
1252 380 1303 438 tibi
1323 394 1381 438 nou
1395 379 1485 437 solum
1501 389 1627 435 summas
1646 372 1789 430 convicio-

132 476 327 549 iegrotautium
351 475 515 532 conscientia
541 482 688 530 attestante
712 470 932 545 deprehenderit.
985 472 1049 527 rum
1063 472 1232 543 acerbitates,
1253 488 1348 530 verum
1370 472 1452 529 οιιιιιιι
1466 466 1635 527 intoleranda
1651 465 1789 537 siipplicia

133 576 226 645 ltaque
239 570 303 627 licet
322 567 445 625 doctriua
460 567 635 626 beatitudinis
648 576 704 625 tuac
722 567 866 623 vulnerum
879 580 934 621 uo-
984 562 1043 635 ipse
1056 580 1232 637 proponeres,
1249 567 1315 625 satis
1327 565 1447 625 validum
1460 571 1541 637 atquc
1560 561 1596 618 ad
1606 575 1711 617 omues
1723 576 1789 633 pro-

131 676 255 723 strorum
269 680 369 720 arcano
384 662 535 732 nudaverit,
551 678 606 734 quo
619 662 651 719 lit
668 671 701 719 ut
713 674 822 733 sperare
832 660 933 733 aliquid
984 659 1066 715 cellas
1077 659 1248 719 immobilem
1263 669 1290 718 te
1303 661 1450 719 credebas?
1463 656 1610 730 Quomodo
1630 654 1790 713 invictailla

133 761 214 817 etiam
229 757 264 815 dc
278 758 409 815 remediis
422 757 581 825 audeamus,
594 757 658 830 quia
675 764 734 813 tam
755 753 866 812 evidens
886 752 935 812 de·
986 751 1114 825 patientia
1144 763 1192 810 tua
1216 754 1344 811 levissimi
1366 754 1440 811 verbi
1463 750 1621 824 prolusione
1647 752 1737 819 [lips.
1760 752 1789 805 r'ri

131 852 244 911 claratio
266 852 356 908 morbi
367 867 446 925 spem
458 848 572 908 remedii
587 851 745 923 pollicetur;
758 857 852 905 temen
870 848 932 919 quia
984 864 1075 918 muro.
1097 849 1258 921 prolatione]
1276 846 1402 905 confossa
1419 849 1480 904 est?
1499 842 1653 916 Quomodo
1673 842 1789 900 domum

132 947 270 1020 primum,
281 952 312 1002 ut
327 946 383 1013 ais,
399 946 428 1001 in
442 945 698 1019 congregationibus
716 945 827 1001 initium
839 942 933 999 salutis
984 950 1061 999 tuam
1081 959 1162 1016 super
1175 945 1249 1001 illam
1261 943 1456 1001 solidissimam
1470 948 1577 1014 petram
1594 946 1677 995 tanta
1691 948 1722 995 ut
1738 939 1788 996 tibi

132 1040 290 1112 acquiritur,
313 1048 342 1097 et
362 1039 421 1096 sani
437 1040 465 1094 iu
485 1039 631 1095 solitudine
649 1054 709 1095 esse
727 1053 782 1094 uon
804 1045 930 1110 possunt,
984 1037 1127 1095 videbatur
1139 1039 1212 1096 mole
1233 1046 1416 1096 constructam
1436 1036 1501 1093 levis
1524 1051 1592 1093 aura
1614 1035 1788 1093 commorit?

131 1134 184 1191 nisi
210 1150 280 1206 quos
305 1135 380 1206 prius
404 1135 596 1191 coeuobiorum
625 1134 759 1192 medicina
781 1132 929 1199 sanaverit,
983 1131 1039 1188 Ubi
1054 1141 1096 1189 est
1114 1132 1349 1207 illudquodiuani
1363 1129 1579 1188 liduciabellum
1596 1130 1629 1186 in
1643 1142 1709 1199 pace
1720 1127 1788 1183 desi·

133 1231 283 1305 perniciosa
318 1247 429 1287 rursum
456 1230 643 1304 desperatione
675 1229 859 1295 concidimus,
894 1246 930 1286 ne
984 1221 1788 1299 deransproclamabas,Paratussametaoasumturlrntus

132 1323 203 1380 torte
224 1325 269 1396 qui
292 1324 445 1397 imperfecti
463 1325 621 1382 coenobium
633 1324 803 1398 reliquimus,
827 1338 929 1395 nequa·
983 1322 1067 1385 (Psoi.
1086 1320 1221 1389 cxviiii?
1234 1322 1345 1376 Etcum
1358 1316 1489 1390 propbeta
1506 1330 1581 1387 saepe
1595 1314 1692 1372 dixisti
1707 1318 1787 1372 :Pro

131 1433 213 1488 quam
223 1419 282 1491 jam
295 1417 404 1491 perlecti
418 1434 475 1475 esse
487 1420 514 1475 in
529 1434 621 1475 eremo
637 1418 787 1475 valeamus.

424 1514 545 1570 CAPUT
562 1515 640 1569 XIV.

984 1417 1018 1471 ba
1031 1432 1082 1479 rae,
1101 1418 1222 1477 Domine,
1243 1419 1270 1470 et
1284 1419 1357 1470 tereto
1376 1428 1427 1475 rae,
1448 1426 1497 1466 arc
1514 1425 1594 1465 rencs
1613 1425 1686 1466 ineos
1699 1415 1726 1465 ct
1745 1427 1787 1465 cor

981 1526 1068 1565 marm
1079 1511 1189 1576 (Psalm.
1208 1507 1317 1576 cxxv);
1333 1514 1361 1562 et
1373 1507 1464 1563 Proba
1477 1521 1530 1569 rae,
1545 1506 1671 1568 ιιοπιιιιε,
1685 1510 1711 1559 et
1721 1508 1785 1560 scite

284 1610 427 1679 Responsio
439 1624 520 1679 super
534 1625 624 1664 eorum
634 1608 777 1663 medi'cr'aa.
981 1618 1026 1659 cor
1038 1620 1136 1670 meam,
1152 1605 1287 1671 interroqo
1302 1617 1354 1663 me,
1369 1605 1394 1655 ct
1407 1615 1530 1669 coqnosce
1541 1600 1653 1653 sonitus
1667 1614 1745 1666 areas,
1758 1604 1786 1655 et

165 1705 306 1759 loannes:
322 1706 363 1758 De
377 1701 539 1759 morborum
560 1716 675 1758 suorum
692 1700 833 1758 curatione
855 1700 929 1758 solli·
982 1698 1044 1753 vido
1056 1699 1083 1752 si
1093 1700 1139 1752 rra
1152 1698 1307 1767 iniquitatis
1323 1697 1354 1750 r'a
1365 1710 1407 1748 rna
1424 1698 1462 1748 est
1478 1693 1595 1759 (Psalm.
1610 1695 1779 1757 cxxxviiii?

131 1795 192 1852 citis
216 1794 369 1852 remedium
387 1796 505 1851 salutare
518 1794 614 1851 deesse
634 1810 692 1851 non
708 1795 820 1867 poterit,
842 1802 870 1850 et
888 1792 933 1851 id·
947 1791 971 1855 B
985 1791 1130 1861 Quomodo
1155 1790 1293 1863 ingentem
1317 1788 1473 1846 certaminis
1498 1795 1667 1859 apparatum
1689 1788 1784 1860 exigua

130 1888 203 1946 circo
227 1887 325 1944 eodem
345 1888 504 1960 modoque
527 1888 736 1960 uuiuscujusque
756 1886 812 1942 vitii
832 1885 930 1957 depre-
985 1886 1070 1944 bostis
1090 1887 1188 1943 umbra
1201 1885 1351 1943 conterruit
1363 1886 1446 1954 [lips.
1465 1885 1496 1938 ιιι
1513 1898 1607 1951 maro.
1627 1882 1786 1951 contrairi?

130 1981 288 2040 benduntur
309 1982 422 2049 iudicia,
443 1982 526 2038 etiam
548 1982 666 2039 remedia
685 1990 750 2037 suut
772 1978 927 2053 quaerenda.
983 1985 1041 2043 'soii
1061 2000 1128 2057 orgo
1159 1984 1338 2056 semetipsum
1361 1980 1587 2052 compunctionis
1619 1978 1785 2037 onimoom.

129 2077 202 2132 Nam
224 2074 459 2148 quemadmodum
482 2074 609 2131 solitariis
630 2074 758 2130 liumanae
782 2088 929 2128 conversa·
983 2078 1268 2144 annominemus,
1281 2077 1396 2133 inultam
1410 2075 1496 2131 animi
1511 2074 1555 2131 sui
1569 2074 1788 2130 commotiuncu-

131 2170 213 2227 tionis
233 2170 296 2227 vitia
314 2170 432 2227 diximus
444 2185 500 2225 nou
515 2169 618 2235 deesse,
632 2169 672 2224 ita
691 2168 825 2224 virtutum
842 2167 931 2224 studia
984 2173 1040 2229 iam
1055 2188 1114 2229 osso
1126 2188 1182 2229 non
1192 2171 1272 2239 sinat,
1282 2170 1330 2227 sed
1341 2170 1457 2226 emtione
1474 2182 1592 2225 carnem
1604 2182 1687 2224 suain
1698 2167 1788 2241 ieiunii

130 2275 158 2323 et
172 2266 352 2322 iustrumenta
365 2264 510 2321 sanitatum
527 2261 655 2319 omuibus
667 2261 750 2318 ctiam
766 2262 801 2318 ab
810 2262 930 2318 bumaria
985 2283 1018 2323 ac
1031 2266 1188 2339 vigiliarum
1201 2264 1370 2337 correptione
1383 2263 1533 2336 castigans,
1547 2278 1582 2319 ac
1593 2262 1712 2336 jugibus
1725 2279 1787 2319 con·

130 2360 337 2417 couversatione
361 2357 486 2414 discretis
510 2371 591 2428 posse
609 2363 753 2427 suppetere
771 2371 828 2411 uon
844 2369 930 2427 nega·
983 2360 1106 2417 tinentiae
1124 2359 1211 2432 punis
1229 2358 1338 2432 culpam
1355 2372 1414 2415 suae
1430 2356 1596 2414 mobilitatis
1619 2356 1786 2425 excrucians,

130 2470 203 2511 mus.
220 2456 291 2511 Cum
313 2452 440 2526 erigitur
458 2448 634 2522 impatientia
647 2449 702 2505 sive
716 2448 765 2505 irae
785 2447 931 2520 perturba·
985 2453 1013 2510 id
1030 2454 1104 2525 quod
1117 2454 1152 2510 od
1166 2454 1278 2525 pienum
1293 2468 1443 2525 eiooquore
1460 2451 1489 2507 in
1502 2452 1628 2509 ooeoobii
1644 2467 1787 2509 convom-

130 2548 252 2605 tionibus
261 2548 393 2605 incursari
405 2547 458 2604 illie
472 2561 534 2619 quae
543 2561 623 2618 supra
635 2543 806 2601 ostendimus
823 2542 930 2600 indiciis
983 2547 1058 2605 tione
1076 2547 1219 2616 debuerat,
1234 2547 1264 2604 in
1284 2546 1431 2605 solitudine
1450 2546 1626 2603 constitutus
1644 2545 1698 2602 boc
1716 2560 1788 2602 exei-

130 2642 318 2715 unusquisque
337 2640 565 2714 deprehenderit,
583 2638 728 2695 contrariis
751 2638 930 2710 semetipsum
984 2642 1124 2699 oimtionis
1136 2643 1199 2715 igne
1213 2650 1367 2700 consumat.
1384 2639 1454 2698 iilud
1472 2654 1540 2697 sane
1554 2638 1594 2697 ad
1613 2639 1787 2698 obtinendam

129 2752 239 2809 temper
260 2737 460 2810 obiectionibus
481 2742 617 2800 exerceat,
630 2742 643 2769 ⁸
657 2742 684 2790 tl
707 2732 852 2806 propositis
877 2732 929 2788 tibi
981 2738 1076 2811 jugem
1091 2753 1122 2794 ac
1138 2738 1263 2794 stabilem
1277 2735 1435 2808 patientiam
1454 2742 1618 2791 constanter
1633 2742 1713 2805 atque
1731 2733 1785 2789 im·

130 2832 302 2889 multimodis
324 2831 484 2904 injuriarum
511 2826 770 2900 dispendiorumque
787 2825 931 2901 generibus
984 2832 1123 2889 mobiliter
1147 2840 1188 2887 esi
1212 2831 1377 2899 tenendum,
1404 2845 1461 2885 non
1484 2828 1568 2886 licere
1586 2827 1661 2885 nobis
1682 2825 1783 2900 quibus

130 2924 204 2980 velut
218 2924 252 2981 ab
274 2924 329 2980 alio
343 2924 455 2979 sibimet
468 2922 613 2993 irrogatis,
632 2918 794 2977 assuefaciat
807 2926 931 2974 mentem
984 2926 1043 2999 logo
1062 2926 1153 2983 divino
1167 2942 1223 2983 ooo
1237 2925 1328 2982 solum
1346 2925 1416 2981 uitio
1438 2924 1619 2996 injuriarum,
1636 2921 1684 2979 iod
1702 2923 1786 2979 mam

130 3035 208 3076 suam
222 3019 250 3073 in
263 3018 395 3073 omnibus
408 3031 470 3090 quae
483 3014 582 3072 inlerre
592 3014 755 3087 improbitas
768 3021 857 3085 potest
871 3028 932 3084 per-
984 3020 1119 3076 momoria
1133 3019 1304 3092 prohibetur,
1323 3017 1470 3091 cujuslibet
1491 3015 1656 3073 detrimenti
1670 3014 1712 3071 rel
1730 3016 1789 3071 irri-

131 3110 363 3170 stttthumililate
376 3109 570 3177 succumbere;
585 3118 667 3180 it(lut
681 3121 776 3179 ιιιθιι
789 3106 840 3163 fibi
854 3121 931 3177 quae·
985 3114 1099 3172 tationis
1123 3113 1239 3171 obtentu
1265 3111 1300 3170 ad
1319 3110 1490 3168 iracundiam
1509 3110 1692 3167 commoveri.
1713 3110 1788 3180 Quod

131 3220 184 3277 que
198 3212 225 3259 et
235 3202 414 3259 intolerabilia
435 3201 592 3275 frequenter
603 3215 755 3274 opponens,
769 3207 869 3273 quanta
892 3198 930 3256 eis
947 3208 1059 3282 conim
1084 3208 1183 3263 animae
1208 3205 1316 3280 gravius
1339 3211 1428 3276 potest
1457 3203 1569 3259 evenire
1603 3202 1787 3275 dispendium,

131 3315 273 3359 occurrere
291 3298 388 3357 debeat
401 3298 509 3357 lenitate
521 3297 710 3371 omnijugiter
723 3295 814 3353 cordis
825 3295 931 3353 conni-
984 3318 1067 3376 quain
1091 3310 1123 3360 ut
1144 3317 1193 3373 per
1210 3297 1405 3358 commotionis
1425 3297 1548 3354 subitam
1567 3298 1724 3355 caecitamin
1737 3296 1787 3354 stri

130 3397 205 3455 noue
223 3394 379 3453 meditetur.
402 3397 438 3451 Et
457 3394 494 3450 ita
516 3393 664 3466 respiciens
684 3390 719 3448 ad
740 3391 800 3448 illas
819 3399 932 3447 sancto-
984 3406 1067 3470 atquo
1089 3396 1184 3454 aeteriii
1202 3395 1314 3453 luminis
1325 3393 1447 3450 claritate
1463 3394 1590 3465 privata,
1605 3392 1643 3449 ab
1660 3392 1788 3465 illiusqui

130 3507 193 3547 rum
205 3490 329 3546 omnium
344 3490 401 3543 sive
415 3488 499 3557 ipsius
509 3487 624 3541 Domini
638 3487 790 3556 passiones,
804 3485 930 3542 universa
985 3491 1059 3548 mitis
1074 3499 1102 3548 et
1114 3490 1226 3547 humilis
1246 3498 1287 3545 est
1302 3487 1385 3545 corde
1400 3486 1638 3559 contemplatione
1653 3487 1788 3545 discedat?

130 3599 188 3638 nou
201 3582 291 3637 solum
300 3580 496 3645 conviciorum,
506 3578 554 3634 sed
568 3578 653 3632 ctiam
665 3592 808 3647 poenarum
821 3595 931 3650 genera,

131 3674 261 3731 iuferiora
281 3673 388 3729 meritis
403 3672 460 3729 suis
476 3687 535 3727 csse
556 3671 750 3741 pronuntians,
765 3671 799 3727 ad
819 3688 931 3728 omnem

131 3785 161 3826 se
179 3768 306 3825 dolomm
328 3766 505 3824 tolerantiam
536 3763 708 3837 praeparabit.
728 3764 853 3834 Cumque
880 3763 929 3820 ali-

131 3864 242 3937 quando
266 3862 301 3920 ad
319 3872 407 3919 coetus
428 3859 543 3917 fratrum
565 3857 658 3929 aliqua
671 3855 751 3912 luerit
773 3856 930 3915 invitatione

129 3965 285 4025 revocatus,
300 3954 373 4028 quod
383 3969 440 4010 uon
454 3961 545 4025 potest
554 3952 597 4008 rel
612 3967 673 4007 raro
684 3951 770 4007 etiam
782 3950 929 4009 districtis-

129 4053 208 4109 simis
241 4050 324 4107 eremi
349 4049 450 4106 accolis
474 4047 635 4120 provenire,
660 4048 682 4102 si
703 4055 823 4103 mentem
851 4063 930 4104 suain

129 4146 214 4201 etiarn
241 4160 290 4217 pro
312 4142 417 4200 levibus
442 4141 595 4214 quibusque
614 4140 697 4197 iebus
722 4138 932 4212 deprehenderit

128 4240 211 4294 tacita
220 4237 384 4293 conscientia
392 4234 477 4292 luisse
486 4243 666 4301 commotam,
678 4241 709 4290 ut
719 4234 832 4306 quidam
839 4236 931 4291 occul·

130 4339 222 4386 torum
233 4339 359 4385 motuum
370 4331 559 4386 severissimus
571 4346 678 4398 censor,
689 4346 755 4386 mox
764 4330 817 4386 sibi
831 4331 873 4388 illa
882 4331 932 4388 du-

130 4422 238 4478 rissima
262 4421 424 4490 iujuriarum
447 4436 544 4492 genera
558 4422 656 4492 quibus
670 4420 706 4476 ad
720 4422 869 4493 perlectam
887 4432 931 4481 to·

985 3582 1069 3654 Quid,
1085 3597 1163 3653 rogo,
1178 3580 1366 3653 pemiciosius‚
1385 3578 1482 3652 quidve
1496 3579 1667 3649 deformius,
1674 3588 1787 3655 quamut

984 3676 1047 3747 quis
1066 3673 1214 3730 honestatis
1226 3673 1363 3745 judicium
1383 3683 1411 3730 et
1426 3674 1549 3747 regulam
1568 3691 1604 3732 ac
1623 3676 1786 3749 disciplinari

983 3776 1066 3824 rectae
1092 3764 1262 3823 discretionis
1284 3769 1405 3837 amittat,
1423 3775 1452 3824 et
1472 3782 1505 3823 ea
1527 3784 1617 3827 sanus
1635 3786 1665 3826 ac
1683 3770 1787 3827 sobrius

984 3868 1119 3934 perpetret
1132 3874 1195 3931 quae
1209 3874 1259 3916 nec
1273 3861 1443 3917 temulentus
1453 3860 1569 3933 quidem
1590 3863 1651 3936 quis
1667 3878 1787 3920 accensu

984 3954 1109 4025 indigens
1127 3953 1297 4011 veniabiliter
1318 3955 1491 4012 admisisset?
1515 3957 1588 4013 llaec
1602 3973 1669 4031 ergo
1690 3968 1717 4016 et
1737 3975 1786 4017 ω.-

984 4057 1042 4105 tera
1070 4048 1112 4105 bis
1135 4048 1233 4104 similia
1257 4048 1421 4105 detrimenta
1454 4048 1579 4123 quisquis
1604 4053 1785 4126 perpenderit·

983 4158 1041 4199 uon
1065 4143 1156 4199 solum
1174 4142 1300 4199 universa
1313 4142 1480 4200 damnomm
1493 4160 1614 4218 genera,
1636 4148 1687 4205 sed
1708 4149 1782 4205 mam

984 4237 1141 4309 injuriarum
1165 4244 1247 4308 atque
1273 4252 1418 4308 poenarum
1439 4252 1627 4313 quacumque
1640 4250 1786 4313 pommtr

983 4329 1175 4387 crudelissimis
1195 4331 1316 4402 irrogari,
1339 4330 1410 4387 facili
1429 4334 1634 4392 sustentatione
1651 4336 1786 4408 despiciet,

985 4423 1051 4480 niliil
1072 4423 1266 4496 dispendiosius
1294 4425 1432 4481 iracundia
1455 4441 1507 4481 nec
1537 4429 1685 4498 pretiosius
1707 4430 1785 4485 amini

130 4514 273 4572 lerantiam
306 4511 485 4583 semetipsum
513 4513 679 4583 quotidianis
709 4516 932 4574 meditationibus
985 4517 1183 4590 tranquillitate
1204 4534 1237 4574 ac
1251 4527 1378 4591 perpetua
1399 4518 1490 4577 cordis
1511 4521 1554 4577 sui
1574 4521 1704 4594 judicans
1719 4523 1786 4594 puri·

129 4606 272 4666 exercebat
289 4604 450 4678 exprobret,
474 4613 556 4676 atque
579 4606 616 4661 ita
630 4620 659 4660 se
676 4605 823 4679 objurgans
837 4617 866 4665 et
884 4610 930 4665 in·
945 4606 972 4672 1)
985 4618 1051 4680 tate,
1066 4610 1102 4666 ob
1115 4627 1200 4683 quain
1214 4627 1271 4668 non
1287 4611 1376 4668 solum
1391 4612 1557 4680 camaliam,
1573 4616 1625 4673 sed
1637 4618 1714 4671 edan
1725 4614 1784 4669 illa-

130 4718 244 4776 crepans
256 4701 409 4772 alloquatur
424 4718 432 4754 :
445 4702 523 4755 Tune
540 4698 586 4755 ille
608 4714 638 4755 es
651 4699 725 4755 bone
742 4699 792 4769 vir,
807 4700 932 4772 quidum
986 4719 1048 4759 ruiu
1061 4719 1123 4775 quae
1143 4703 1277 4775 spiritales
1296 4704 1432 4769 videntur,
1446 4722 1543 4763 iarum
1560 4706 1706 4781 spernenda
1719 4712 1783 4762 sunt

129 4807 158 4854 te
184 4798 212 4853 in
238 4795 284 4851 illa
304 4792 456 4851 solitudinis
470 4802 525 4849 tuae
547 4808 686 4850 exerceres
708 4794 844 4865 palaestra,
870 4812 933 4852 oni-
986 4798 1154 4866 commoda,
1179 4799 1203 4855 si
1226 4798 1293 4856 alias
1322 4799 1424 4870 acquiri
1449 4800 1490 4856 vel
1514 4802 1629 4874 perlici,
1648 4801 1700 4858 nisi
1722 4815 1785 4857 cum

130 4889 176 4945 nia
194 4896 388 4960 superaturum
402 4887 476 4943 mala
497 4889 717 4945 constantissime
737 4892 934 4963 praesumebas,
988 4893 1069 4965 nujus
1082 4893 1282 4965 tranquillitatis
1295 4894 1498 4965 perturbatione
1513 4911 1572 4953 nou
1587 4906 1714 4970 possunt.

684 5008 810 5064 ninttnl
829 5010 944 5066 GAZAEI
961 5009 1239 5067 COMMENTARIUS.

132 5111 260 5172 valetudo
279 5108 441 5193 vocabulum
460 5126 570 5179 anceps,
585 5122 616 5168 ut
628 5113 694 5169 alias
709 5113 813 5171 dictum
829 5125 879 5171 est.
984 5117 1082 5188 iuquit,
1096 5120 1373 5189 pi·ospcri'seaspirtes
1386 5121 1525 5175 arla-ciras.
1539 5124 1571 5177 ln
1587 5126 1785 5194 tranquillitati

166 5196 179 5223 ⁸
198 5188 288 5243 Minus
310 5198 390 5246 caim,
416 5191 455 5237 ait
470 5185 502 5237 Β.
528 5184 675 5255 Gregorius
697 5189 808 5252 (Hamil.
839 5192 873 5241 35
900 5190 931 5243 r'a
984 5194 1784 5266 tempestatemcasparta‚iasarn'totemorburrrauspirtarr'n

130 5262 255 5325 Eueno),
261 5254 357 5326 jarcitla
370 5257 476 5321 fcrtaut
487 5271 546 5324 quie
557 5257 756 5326 praestantiam
771 5263 797 5311 ct
809 5273 856 5311 aas
868 5260 931 5313 tolcss
984 5260 1089 5314 divitiis
1109 5268 1295 5342 paupertatem
1316 5279 1347 5317 ac
1361 5263 1562 5317 merrdicinitern
1582 5274 1721 5337 easpccta.
1737 5268 1784 5322 Ιι·

128 5330 241 5383 rabr'lr'us
260 5326 360 5380 ranadr'
385 5327 456 5379 mala
472 5330 641 5397 susapimas,
661 5330 686 5381 sr'
703 5332 795 5382 caretro
810 5328 865 5383 laiac
879 5346 930 5400 per
983 5336 1083 5395 morto,
1100 5331 1190 5402 iuquit
1204 5333 1342 5403 Scriptura
1357 5334 1464 5404 (Eccles.
1486 5338 1597 5403 xviii),
1618 5344 1725 5408 ternpus
1741 5340 1783 5405 ta·

126 5400 305 5467 praecientia
329 5397 452 5468 clppcara
480 5401 627 5453 muniretur.
657 5401 723 5453 liam
758 5400 793 5452 cb
818 5415 929 5456 causam
983 5404 1783 5479 rnisr'aternporealruurlaatite,meridicitatmietepestutem

128 5468 259 5547 Christus¹
273 5483 334 5523 cum
350 5469 409 5523 aliis
428 5477 488 5523 tum
506 5469 637 5539 apostolis
655 5468 684 5525 in
706 5470 799 5541 primis
819 5469 924 5528 suturas
978 5478 1008 5529 r‘a
1016 5473 1109 5527 diebus
1117 5475 1509 5543 mrulerrtiie..ldlrurronrodaar
1519 5480 1649 5544 silueris
1657 5484 1783 5549 «istruna,

129 5548 327 5609 persecutiones
358 5548 481 5595 accurata
506 5540 646 5611 qiiaedixit,
670 5550 700 5597 ut
719 5557 754 5596 ne
777 5552 923 5615 postquam
978 5545 1187 5600 tumetdr'rr'tr'us
1199 5548 1284 5601 inulta
1293 5564 1353 5601 cum
1363 5549 1505 5604 sobrietate
1519 5549 1747 5619 administrarem,-
1760 5556 1784 5606 et

127 5606 278 5689 orariissent
288 5615 338 5687 aut
352 5612 596 5667 scandalizarentur
616 5621 663 5667 aut
681 5616 921 5669 coiituilrareutur.
976 5620 1127 5683 coartatam,
1138 5619 1163 5671 si
1173 5618 1284 5680 arrodat,
1295 5620 1444 5685 sortiuirne
1451 5621 1586 5689 perferes
1598 5624 1708 5679 mitum
1717 5626 1784 5679 enisi

127 5685 201 5765 llaec,
220 5684 318 5746 inquil,
332 5677 433 5761 lanatus
447 5698 505 5763 sune
520 5684 601 5742 rubis,
615 5690 646 5737 at
657 5700 710 5737 aon
721 5686 923 5739 scaridaliserrrr'·
976 5689 1188 5756 irrraspcctatura
1200 5690 1373 5758 perturbabit
1387 5694 1518 5754 animuin,
1533 5694 1561 5745 si
1572 5694 1696 5751 incidat.
1711 5692 1784 5765 Quod

125 5752 921 5823 riu-losonicorruptorios-uuiresonantiam).nonani
976 5764 1066 5811 cratera
1084 5761 1298 5827 disponebatur,
1313 5763 1339 5815 si
1353 5762 1469 5826 accidat,
1486 5776 1541 5817 aon
1558 5765 1681 5823 multura
1696 5768 1783 5835 alteri

126 5825 298 5895 spootousl).
319 5822 460 5890 chrysost.
481 5821 594 5877 licuiilia
608 5823 642 5878 dc
656 5824 800 5893 ¹niarritia:
822 5826 919 5883 Rebus.
973 5830 1196 5898 prieur-tationis.
1313 5850 1377 5906 ⁹⁸>-
1421 5897 1425 5904 Ι
