3848 6158
141 304 192 357 aaa

680 286 821 343 atttnms
839 284 990 340 cassiam
1010 278 1253 335 (lastemnam.

1748 278 1808 333 urit

137 432 255 501 pliciter,
279 440 359 497 supm
382 421 553 477 latitudinem
576 415 663 471 coeatis
684 416 726 467 tui
738 417 827 479 (Pauo.
848 412 943 478 xntr').
958 413 985 477 Α
999 408 1021 463 si
1035 407 1159 463 volumus
1178 403 1330 474 continuat,
1345 396 1396 458 ut¹’
1408 416 1460 456 una
1482 408 1562 473 atquc
1577 398 1675 457 eadem
1690 400 1806 457 Jerusa-

139 526 233 596 ltaque
247 518 360 575 historia
384 512 584 586 penuriarum
605 524 637 563 ac
656 506 806 563 visibilium
824 505 944 577 agnitio-

139 634 201 675 nem
216 610 406 685 complectitur
427 620 520 662 remm
533 618 594 676 quse
608 602 646 659 ita
660 601 693 657 ab
709 600 842 672 Apostolo
860 598 944 669 repli-

139 718 232 766 catur:
247 717 259 739 ³
274 706 407 773 Scriptum
421 704 461 753 est
471 696 555 762 enim,
571 698 635 766 quia
646 693 787 751 Abrabam
798 694 864 749 decos
875 693 944 761 filios

140 804 242 863 herbnit,
258 812 341 853 unrtrn
356 796 389 849 ele
405 790 516 853 caecilia,
531 794 556 843 et
570 790 654 843 alitem
668 788 701 843 ele
719 787 823 853 libera3
838 786 885 839 secl
896 786 944 854 qui

139 898 172 953 dc
189 894 299 955 ancillet,
310 886 455 945 secundum
465 898 571 939 carnem
584 886 665 937 natas
680 886 736 947 cst;
752 882 800 950 qai
812 882 902 933 aretem
911 878 944 931 de

141 991 237 1049 libana,
246 1002 294 1057 per
306 982 535 1053 repromissionem
549 978 650 1043 (Galat.
664 978 719 1045 tn).
737 974 777 1031 Ad
786 972 943 1045 allegoriam

140 1091 232 1141 autem
246 1078 380 1153 pertinent
394 1088 455 1145 quac
467 1078 628 1144 sequuntur,
639 1072 702 1141 quia
715 1082 815 1139 eaquae
829 1068 856 1122 in
869 1066 942 1121 veri-

139 1186 195 1235 tato
214 1183 286 1248 gesta
304 1179 379 1235 suut,
404 1166 515 1222 alterius
534 1162 698 1220 sacramenti
717 1159 835 1218 sormam
850 1156 941 1230 praeli-

139 1282 249 1343 gurassc
264 1264 411 1318 dicuntur:
429 1260 491 1313 linc
507 1258 590 1324 enirn,
604 1254 701 1325 inquit,
715 1256 779 1309 ssent
792 1252 846 1306 dato
858 1255 942 1306 testo-

137 1366 242 1417 rnenta:
258 1370 342 1412 terrama
362 1352 470 1423 quietem
487 1350 520 1404 de
537 1354 625 1403 monte
645 1350 721 1413 Sina,
743 1348 941 1401 insanitatem

137 1466 276 1525 generans,
290 1448 362 1519 qairrei
374 1446 459 1517 [Lips.
478 1446 504 1498 in
515 1458 606 1512 circesq.
623 1444 695 1512 qam]
709 1445 748 1495 cst
760 1442 856 1508 ,lpum
876 1440 942 1495 Sina

137 1551 209 1605 enim
223 1558 297 1600 mrem
309 1546 348 1597 est
361 1544 390 1595 in
412 1538 529 1601 iteratae,
548 1539 598 1605 qni
610 1538 782 1605 corriperetur
795 1534 867 1599 huic,
882 1546 942 1601 quen

998 501 1082 557 salem
1094 496 1286 571 quadrifariam
1297 496 1380 568 possit
1396 493 1528 566 intelligi:
1544 492 1699 551 secuudum
1716 493 1807 551 histo-

997 596 1065 650 riam
1080 592 1173 649 civitas
1187 591 1359 659 Judaeorum,
1370 586 1524 644 secumdum
1540 586 1703 660 allegoriam
1718 588 1807 645 Eecle

998 689 1037 744 sia
1051 686 1161 753 Christi,
1176 684 1328 741 secundum
1342 697 1482 755 anagogen
1496 680 1589 737 civitas
1609 681 1664 737 Dei
1685 681 1729 737 illa
1748 698 1805 741 coe·

999 781 1073 837 lestis
1091 795 1153 853 quae
1168 787 1208 836 est
1230 786 1318 835 mater
1340 777 1466 833 omnium
1484 782 1633 845 uostmm3
1652 777 1805 836 secundum

998 874 1178 947 tropologiam
1193 872 1283 928 anima
1297 871 1426 939 hominis,
1440 886 1502 944 quae
1523 868 1681 943 frequenter
1694 870 1750 930 hoc
1761 890 1807 931 uo

998 972 1072 1026 minc
1085 976 1133 1025 aut
1145 970 1310 1040 increpatur,
1321 975 1369 1023 aut
1385 965 1513 1022 laudatur
1530 982 1545 1021 a
1560 966 1687 1023 Domim
1704 970 1750 1025 Ile
1764 968 1808 1025 his

997 1072 1116 1135 quatuor
1139 1062 1394 1135 interpretationum
1413 1057 1560 1133 generibus
1589 1062 1735 1132 Apostolus
1765 1062 1805 1119 ita

996 1158 1078 1215 dicit:
1099 1162 1176 1217 Nunc
1193 1162 1292 1219 atatem,
1308 1158 1419 1224 frustras,
1435 1156 1462 1209 si
1473 1168 1570 1209 irenem
1590 1154 1627 1207 ael
1641 1170 1688 1208 eos
1701 1156 1806 1225 linquis

996 1256 1113 1323 laquens,
1127 1254 1194 1323 qrciel
1208 1252 1280 1307 eoin
1293 1250 1416 1321 prodeo,
1432 1250 1487 1303 nisi
1502 1247 1578 1302 serbis
1588 1248 1699 1317 loquar,
1715 1252 1803 1305 autin

996 1350 1271 1411 recompensantes
1286 1346 1409 1409 scientia,
1430 1347 1478 1397 ant
1491 1344 1519 1397 in
1536 1344 1693 1412 prophetia.
1712 1350 1760 1399 ant
1777 1349 1801 1399 in

995 1444 1116 1497 electrina
1130 1442 1165 1511 (ll
1178 1442 1237 1498 Cor.
1259 1444 1323 1508 ω’)
1334 1444 1368 1495 :³⁰
1384 1437 1527 1495 llcselatio
1544 1454 1667 1511 natuque
1682 1438 1717 1494 ad
1735 1438 1803 1496 alle·

996 1533 1102 1605 goriam
1125 1532 1253 1604 pertinet,
1274 1547 1321 1602 per
1342 1546 1424 1602 qnam
1446 1544 1478 1585 ea
1501 1544 1565 1601 quac
1584 1530 1652 1603 tegit
1671 1530 1798 1589 historica

137 1658 209 1697 nunc
222 1642 260 1695 est
277 1636 435 1695 Jeeresalem,
452 1632 569 1687 cisen-it
582 1646 641 1683 ceren
654 1629 720 1697 filiis
733 1629 798 1681 suis.
815 1627 943 1695 Anagoge
997 1630 1119 1685 narratio
1143 1628 1275 1700 spirituali
1296 1620 1375 1684 sensu
1398 1636 1425 1684 ct
1447 1626 1621 1699 expositione
1632 1640 1799 1699 reserantur,

139 1750 202 1793 sero
214 1732 248 1789 dc
262 1728 428 1804 spiritalibus
445 1723 585 1795 mysteriis
596 1720 629 1778 ad
643 1719 802 1777 sublimiora
816 1716 941 1789 quaedam
998 1732 1036 1781 ur.
1060 1724 1134 1779 umbi
1155 1723 1251 1795 gratim
1277 1722 1299 1777 si
1316 1720 1381 1778 illud
1407 1722 1512 1793 aperire
1537 1730 1686 1788 tentemus,
1705 1741 1801 1796 quem·

138 1836 167 1885 et
178 1824 324 1885 sacratiora
338 1821 471 1877 eoelorum
488 1822 591 1873 secreta
605 1810 801 1881 conscendens,
816 1810 851 1865 ab
866 1815 942 1880 Apo·
958 1827 982 1890 Β
996 1814 1144 1873 admodum
1162 1822 1256 1885 patres
1275 1818 1364 1870 nostri
1384 1830 1471 1869 omncs
1491 1816 1543 1871 sub
1555 1816 1628 1871 erube
1646 1817 1756 1883 serapam,
1776 1828 1802 1873 sp

138 1921 210 1979 ⁸1⁰¹⁰
220 1919 255 1975 ita
267 1915 425 1987 fflbjllstlll'·
438 1912 502 1978 ΟΜ
514 1914 602 1965 “illem
618 1922 725 1962 snrsron
735 1909 772 1959 ⁸³²
786 1903 940 1969 Jssllssllltml,
996 1925 1084 1965 omnes
1104 1913 1132 1963 in
1150 1912 1221 1966 liene
1235 1909 1372 1979 betplizoli
1391 1912 1448 1963 sint
1465 1912 1492 1963 in
1504 1910 1575 1965 nube
1588 1916 1617 1965 et
1637 1914 1665 1965 in
1679 1916 1756 1978 mari,
1774 1918 1800 1967 et

140 2018 226 2072 libera
242 2016 290 2075 est,
305 2026 365 2081 qnae
378 2012 417 2063 est
432 2011 518 2060 ertetter
533 2007 636 2057 anostra.
650 2002 786 2067 sei-epam
801 2000 839 2049 est
851 1996 941 2049 enim:

141 2114 241 2165 tutore
253 2105 362 2168 sterilis,
374 2116 434 2169 qtae
448 2114 501 2151 non
512 2098 589 2165 paris
599 2108 722 2161 :eruntpe
736 2095 761 2144 et
775 2091 869 2153 clienta,
883 2106 942 2160 qum

137 2218 189 2257 nem
201 2199 342 2266 patretaris3
353 2195 416 2261 epatu
429 2190 567 2257 neultifilii
578 2188 689 2242 desertae
697 2188 875 2255 rraaqesqnam
883 2186 940 2254 ajars

137 2308 197 2365 quae
212 2290 291 2343 babet
302 2290 393 2339 orheim
408 2282 511 2350 (thail.
528 2280 691 2352 Tropologia
704 2288 745 2335 est
762 2279 874 2335 moralis
893 2296 937 2333 ex·

138 2382 267 2456 placatio,
287 2377 323 2435 ad
349 2374 569 2433 emendationem
591 2372 657 2429 vitae
683 2380 709 2428 et
734 2372 941 2429 instructionem

140 2478 278 2551 pertinens
297 2470 442 2537 actualem,
462 2467 536 2523 relat
557 2466 580 2522 si
591 2466 651 2523 haec
664 2465 761 2522 eadem
775 2465 832 2523 dato
845 2469 942 2522 Testa-

90 2622 93 2627 .
140 2578 231 2629 menta
255 2566 439 2637 intelligamus
459 2561 595 2635 practicen
619 2569 647 2616 et
670 2560 837 2617 theoreticen
860 2560 943 2617 disci-

142 2664 241 2737 plicam
253 2682 261 2730 3
277 2662 318 2718 sel
329 2667 402 2716 certe
415 2656 437 2713 si
451 2654 601 2711 Jerusalem
614 2662 660 2709 aut
674 2654 740 2711 Sion
752 2655 873 2711 animam
889 2653 942 2709 ho-

142 2757 223 2814 minis
235 2756 350 2812 velimus
371 2752 504 2824 accipere,
522 2748 675 2805 secttudum
688 2747 764 2813 illud,
782 2750 884 2813 bastela,
906 2751 944 2804 Je

140 2852 268 2914 casalem,
281 2850 440 2907 hominnm:
451 2844 537 2899 lorado
557 2848 638 2899 Derim
652 2847 738 2905 turem,
753 2844 817 2899 Sion
832 2843 941 2909 (Psalm.

140 2946 260 3015 cuceri).
276 2945 363 3016 Igitur
374 2941 510 3013 praedictae
521 2945 639 3010 quatuor
658 2937 752 3009 ligurae
766 2936 891 2991 inunum
906 2935 944 2991 ita

997 2002 1228 2073 quemadmodum
1239 2004 1454 2058 ornateseamdern
1466 2019 1552 2059 eseam
1563 2005 1714 2073 spiritalem
1726 2022 1799 2059 ment-

998 2098 1166 2165 elucaeeeint,
1178 2102 1204 2153 et
1214 2098 1334 2151 eumdem
1344 2099 1493 2167 spiritalem
1504 2097 1540 2152 (le
1548 2100 1721 2167 coreseqnenti
1728 2104 1799 2169 petra

997 2190 1111 2245 biberint
1122 2195 1232 2261 polum:
1247 2196 1323 2261 petru
1337 2196 1425 2245 teretem
1434 2194 1493 2244 crat
1503 2190 1633 2245 Christus
1647 2189 1668 2259 {l
1682 2192 1738 2249 Cae.
1757 2207 1799 2259 tp

996 2297 1058 2353 quae
1080 2283 1212 2355 expositio
1231 2283 1439 2356 praefigurationi
1464 2282 1590 2353 eorporis
1618 2292 1647 2339 et
1665 2284 1800 2355 sanguinis

996 2376 1104 2443 Christi,
1120 2392 1203 2447 quem
1219 2377 1342 2447 quotidie
1355 2377 1502 2441 sumimus,
1520 2386 1689 2450 comparata,
1703 2379 1797 2450 allego-

996 2470 1043 2526 riae
1063 2469 1181 2526 continet
1202 2470 1348 2526 rationem.
1365 2470 1482 2527 Scientia
1505 2487 1573 2527 sero
1597 2488 1661 2543 quac
1681 2471 1798 2528 similiter

997 2564 1030 2619 ab
1047 2565 1181 2635 Apostolo
1194 2573 1374 2634 memoratur,
1385 2565 1536 2637 tropologia
1550 2574 1605 2634 est,
1616 2583 1670 2639 qua
1680 2567 1798 2623 universa

999 2672 1060 2727 quae
1072 2656 1107 2713 ad
1123 2657 1313 2714 discretionem
1327 2659 1460 2730 pectinem
1475 2660 1624 2736 aettralem,
1640 2668 1732 2715 utrum
1747 2660 1798 2716 uti·

999 2750 1034 2806 lia
1050 2751 1090 2805 rel
1103 2751 1218 2808 honesta
1234 2752 1298 2817 sint,
1311 2751 1437 2825 prudenti
1449 2754 1658 2809 examinatione
1671 2754 1797 2810 discerni·

999 2859 1070 2910 mus,
1088 2852 1119 2898 ut
1139 2854 1180 2901 est
1198 2843 1282 2900 illud:
1299 2846 1369 2901 Cum
1392 2845 1463 2919 apud
1482 2848 1674 2920 nosmetipsos
1682 2848 1797 2919 judicare

999 2936 1185 3009 praecipimur,
1198 2945 1291 2994 utrum
1307 2939 1398 2995 deccat
1406 2941 1546 2996 mulierem
1558 2956 1613 2995 non
1623 2943 1710 2998 relato
1719 2942 1797 3013 capite

682 3090 807 3145 ALARbt
825 3092 938 3146 GAZAEl
957 3092 1240 3150 COMMENTARIUS.

138 3220 355 3289 emanaturam,
368 3222 393 3273 ct
407 3220 516 3274 scientia
532 3219 619 3283 (Prae.
639 3220 727 3281 xxttl.
742 3216 840 3271 LXX:
858 3220 894 3271 ct
913 3220 981 3283 tac
1031 3228 1042 3253 ¹
1058 3221 1182 3289 Quatnor
1201 3234 1296 3274 sensus
1317 3219 1345 3274 in
1364 3218 1414 3274 hac
1429 3220 1557 3291 Apostoli
1578 3224 1713 3277 sententia
1725 3238 1797 3291 repc-

138 3297 228 3347 uatem
240 3292 359 3347 casceihc
372 3306 403 3344 co
416 3290 468 3345 tibi
483 3291 537 3359 ipsi
551 3289 695 3358 tet'pliciter
711 3289 740 3370 in
760 3288 896 3371 consile'um
917 3294 942 3343 et
997 3290 1126 3372 riuutur;
1142 3290 1320 3371 historicusin
1333 3292 1376 3372 his
1384 3292 1473 3346 verbis
1485 3312 1491 3347 τ
1502 3294 1649 3347 Abraham
1658 3296 1725 3349 decos
1733 3295 1797 3365 filios

138 3360 941 3501 tltlllllthlllltstitilletattillani
994 3359 1796 3504 talamannia¹allatii‚tillir-l'trlaatrtll

137 3507 166 3559 in
181 3506 293 3575 epistola
306 3504 341 3557 ad
362 3502 516 3561 lledihiam,
533 3509 629 3569 qtrast.
649 3506 696 3554 tn·
712 3504 879 3571 Praecipuae,
897 3502 940 3555 in·
994 3518 1110 3565 laertem,
1127 3512 1198 3567 ete..;
1214 3507 1376 3573 anagogicus
1387 3504 1504 3574 denique
1516 3506 1543 3559 itt
1554 3506 1606 3561 illis
1619 3526 1626 3561 :
1640 3508 1795 3569 maculem,

138 3575 207 3643 quit,
220 3574 358 3628 Salomone
370 3574 472 3624 dicente
486 3590 494 3624 :
509 3574 651 3624 terrentem
667 3571 785 3623 desereihe
802 3588 832 3623 ea
846 3574 939 3640 tripli·
994 3590 1055 3641 qma
1069 3588 1175 3628 sursum
1190 3580 1230 3628 est
1245 3576 1402 3635 Jerusalem,
1415 3584 1467 3629 eto.

136 3646 203 3697 riter·
217 3645 247 3696 in
266 3642 385 3707 cornilio,
406 3645 431 3694 et
447 3643 568 3699 sa'entiu,
589 3645 619 3693 nt
636 3640 795 3706 respondeas
809 3656 939 3696 sermones
1030 3644 1042 3677 ¹³
1065 3644 1148 3698 Aliud
1167 3644 1323 3712 exemplum
1345 3652 1463 3715 quatuor
1483 3645 1598 3703 istorum
1616 3662 1747 3703 sensuum
1766 3648 1795 3701 ia

135 3714 259 3768 caetratis
270 3714 305 3767 iis
318 3714 367 3781 qui
379 3716 531 3782 prrqtonnnt
542 3709 601 3762 tibi.
616 3709 685 3776 Qttae
699 3710 779 3761 rerba
804 3712 843 3764 sic
857 3711 940 3765 inter·
994 3728 1048 3767 nrm
1062 3713 1212 3767 Jerusalem
1228 3714 1369 3770 vocabulo.
1387 3720 1512 3787 Qtratuor
1526 3720 1597 3773 enim
1617 3716 1706 3771 modis
1716 3718 1792 3771 aecl-

136 3792 279 3855 pretatur:
294 3784 443 3854 Tripleain
453 3781 530 3836 curule
540 3784 632 3835 nostro
648 3780 791 3848 ‹lescriptio
802 3786 828 3835 et
843 3784 937 3849 regala
994 3785 1066 3853 pitnr
1086 3784 1237 3839 Jcmsalem
1261 3784 1289 3839 in
1312 3786 1474 3857 seripturis:
1494 3794 1523 3843 t⁰
1537 3789 1655 3844 historice
1671 3800 1720 3856 pro
1740 3785 1786 3842 illa

135 3858 335 3927 scripturorum
354 3858 413 3909 est:
429 3855 519 3923 qnima
536 3856 568 3905 nt
588 3851 772 3919 intelligemus
790 3867 834 3906 eus
852 3853 937 3921 jorata
993 3854 1059 3909 urbe
1072 3854 1231 3909 iudaeorum
1245 3856 1396 3920 notissima,
1410 3867 1440 3912 2⁰
1455 3859 1597 3933 allegorice
1606 3874 1655 3941 pro
1670 3857 1787 3913 Ecclesia

135 3929 290 3989 historiam,
303 3924 510 3993 secrmlujucta
523 3923 705 3993 terqnelop-iam,
717 3922 885 3992 tertiejaeta
896 3927 937 3977 in·
992 3924 1136 3991 catholica,
1148 3930 1178 3980 3⁰
1192 3925 1363 3999 tropologice
1380 3944 1429 3999 pso
1441 3930 1532 3985 anima
1547 3931 1631 3997 fidat,
1645 3936 1674 3986 ⁴⁰
1686 3942 1789 4002 anago-

135 3996 495 4067 telliqcntiamspiritualem.
509 3995 658 4049 italiistoeia
669 3998 937 4065 eorremqmcscn'pta
991 3997 1049 4067 gice
1062 4013 1111 4079 pro
1124 3996 1256 4053 felicitate
1273 4007 1374 4054 aeterna
1395 4016 1444 4055 seu
1461 4002 1582 4058 Ecclesia
1601 4000 1791 4074 triumphante.

134 4077 198 4126 sant
210 4070 274 4125 ordo
287 4074 420 4125 separetur.
432 4070 462 4121 ln
477 4067 626 4135 tropologia
637 4066 671 4119 de
680 4066 773 4121 littera
783 4066 820 4119 ad
832 4068 936 4136 maiora
992 4070 1031 4122 lta
1045 4067 1100 4123 dtr.
1114 4069 1299 4141 Hiemnymns
1310 4074 1351 4137 (in
1360 4086 1419 4141 cap.
1431 4086 1505 4128 xntx
1517 4076 1614 4132 isaie.
1625 4078 1690 4130 etin
1698 4074 1790 4129 nuel.

134 4146 330 4211 conpingamus,
348 4144 374 4195 et
392 4138 526 4209 quitquid
540 4140 569 4191 ia
581 4140 669 4207 priori
677 4138 776 4207 populo
790 4140 938 4193 cunneiitee
992 4154 1051 4209 cap.
1072 4139 1138 4210 avr)
1156 4154 1218 4195 eam
1231 4155 1326 4195 rocem
1337 4142 1529 4211 quadrifariam
1546 4148 1753 4215 interpretatur,
1765 4152 1791 4199 et

134 4211 524 4282 saetrerreest.p'uctomorolcrn
537 4209 938 4279 intrepretamarloeum‚etad
987 4210 1064 4281 juxta
1096 4210 1169 4267 hunc
1201 4211 1405 4283 quadruplicem
1438 4228 1551 4270 sensum
1578 4218 1680 4287 exponi
1709 4222 1793 4289 potest

135 4286 234 4338 aetianae
248 4290 348 4339 rantra
363 4281 540 4335 ernolumenta
553 4282 739 4334 consentimus.
753 4282 940 4351 inspirituali
992 4282 1112 4352 psalmus
1125 4295 1225 4337 cxnvrt
1238 4300 1245 4336 ε
1260 4282 1364 4343 maida.
1376 4286 1533 4347 donaolim,
1543 4290 1699 4342 Dominam.

134 4353 429 4420 lauplgadsublimiora
441 4350 938 4413 transimus,tcr·renadimittimas‚ele
1027 4355 1039 4385 ⁰
1060 4353 1145 4408 Aliter
1166 4352 1218 4407 div.
1242 4354 1361 4408 Thomas
1382 4356 1440 4412 haec
1462 4362 1580 4427 quatuor
1603 4358 1748 4429 distinguit
1764 4365 1790 4413 et

133 4424 289 4487 sestaronus
303 4420 665 4500 beatitudineetcalestibus
685 4420 716 4474 di
748 4426 867 4488 atomus,
882 4430 934 4478 etc.
991 4423 1107 4491 explicat
1122 4422 1162 4491 (ln
1178 4424 1380 4491 Commentario)
1392 4446 1397 4479 :
1409 4426 1559 4481 illustnttio
1572 4432 1684 4499 haeretis,
1695 4429 1786 4501 ineptit.

134 4491 285 4561 antuerp.
304 4502 360 4544 xvt
382 4486 545 4543 Ezecltrehs:
563 4490 674 4542 iubetur
695 4505 728 4544 reo
748 4492 771 4543 is
787 4498 817 4545 nt
829 4493 936 4561 eloquia
991 4493 1029 4547 acl
1040 4494 1244 4561 efflorescentium
1257 4497 1299 4550 oet
1309 4500 1347 4551 cst
1360 4498 1393 4551 de
1403 4496 1513 4565 diuinis,
1528 4503 1556 4553 et
1572 4500 1632 4555 Aac
1649 4502 1787 4557 illustratio

133 4562 267 4623 veritatis,
276 4560 361 4621 idest,
370 4559 526 4627 scripturos
535 4563 641 4612 sanctas
651 4559 835 4628 intelligamus
845 4564 933 4631 tripli·
989 4566 1106 4632 pertineat
1112 4565 1150 4618 ud
1159 4565 1256 4619 mum
1267 4569 1415 4635 sapientiis.
1430 4571 1785 4627 bissenorumentmesteas

132 4638 199 4691 citer·
208 4653 217 4689 r
226 4636 348 4704 perimam
350 4631 437 4701 jueta
444 4630 573 4695 litteram,
581 4628 693 4711 secundo
702 4630 841 4700 mediepcr
849 4630 933 4701 tropo
948 4605 973 4668 D
988 4636 1064 4697 latio,
1077 4638 1142 4704 qaia
1156 4652 1217 4705 qua
1226 4640 1520 4702 sunilleincmonooit,
1533 4643 1593 4695 nisi
1601 4644 1725 4713 Spiritus
1734 4644 1785 4709 net,

132 4709 247 4777 logiam3
260 4706 338 4762 tertio
346 4702 498 4765 sublimius,
511 4705 543 4756 nt
554 4704 665 4769 myslwtl
677 4715 786 4770 praeque
797 4716 934 4771 capracora·
989 4707 1000 4759 1
1012 4706 1132 4762 Corirtth.
1145 4721 1184 4769 rt:
1196 4712 1221 4761 et
1233 4710 1290 4763 idco
1305 4710 1373 4764 dicit
1383 4728 1392 4764 ε
1403 4715 1433 4766 ln
1443 4712 1616 4777 revelatione,
1629 4730 1685 4785 qua
1696 4714 1788 4769 roiioet

131 4794 200 4833 mres.
213 4780 320 4833 Rursus
329 4776 356 4831 in
369 4789 429 4847 cap.
439 4788 472 4829 tv
481 4778 567 4829 Amos
580 4789 586 4824 :
602 4771 738 4834 tlebemtu,
747 4772 796 4838 ait,
807 4774 932 4844 Scripta·
987 4792 1060 4831 mens
1072 4780 1242 4833 illuminatur
1253 4780 1291 4833 ael
1299 4782 1502 4849 mmtoscendrrm
1516 4782 1625 4837 dininas.
1651 4786 1700 4841 Vel
1712 4782 1787 4841 atae

133 4865 193 4903 eam
212 4864 316 4902 sacceam
334 4849 456 4916 primum
475 4844 619 4901 secattdnm
636 4840 755 4899 h'lterarn
771 4844 930 4915 intelligere,
986 4851 1108 4909 terrenis.
1124 4853 1148 4904 et
1162 4865 1213 4905 rtoa
1225 4850 1258 4905 de
1267 4852 1485 4922 quibuscamque,
1499 4853 1548 4907 sed
1565 4854 1600 4909 de
1615 4856 1673 4912 illes
1686 4860 1787 4911 tantam

131 4920 261 4987 faeimtcs
272 4920 302 4969 in
315 4918 402 4970 ethico
414 4916 457 4983 [ld
469 4924 520 4983 est,
533 4919 562 4970 in
571 4916 666 4986 macr]
678 4930 851 4986 quacumque
859 4932 931 4986 pree-
985 4934 1045 4987 quee
1059 4926 1122 4975 arent
1132 4920 1169 4974 aei
1178 4921 1379 4989 adipartrbncm
1385 4923 1459 4991 fidei,
1470 4928 1497 4977 et
1508 4924 1557 4979 boc
1563 4929 1685 4995 pertinet
1693 4926 1732 4981 ad
1741 4926 1785 4981 de·

131 4986 412 5060 ceptasant‚·secunelo
416 4987 502 5054 jacta
511 4988 678 5055 tetimonium,
688 4987 775 5051 idest,
781 4988 932 5057 intelligere·
984 5006 1048 5043 num
1059 4993 1190 5057 scientim
1211 4998 1237 5047 et
1254 4992 1312 5047 ideo
1329 4993 1412 5049 aaa:
1428 4998 1458 5050 ln
1471 4997 1596 5063 achatio,
1614 5014 1670 5055 non
1686 5010 1783 5065 urane-

131 5064 197 5117 tiam
209 5058 394 5130 spiritualem
408 5058 489 5110 tertio
499 5058 804 5122 secanaamrotueoeam
817 5060 931 5115 beatita-
985 5062 1055 5123 tria,
1070 5078 1117 5116 nec
1132 5063 1294 5133 astrologice,
1308 5063 1439 5133 quiahoc
1448 5066 1785 5136 nonpeetmmtatcatp-

130 5133 229 5189 dirum.
245 5132 383 5186 Hactenus
395 5128 431 5181 l).
445 5126 640 5199 [lieronymus.
660 5132 699 5183 Ex
714 5129 814 5200 quibus
828 5129 929 5187 intelli·
983 5134 1113 5188 cntionem
1123 5134 1198 5202 pelei
1211 5134 1259 5189 sed
1267 5136 1413 5191 inscientia
1428 5139 1538 5207 qrtceest
1547 5138 1784 5207 mercturam-Sap.

129 5204 220 5276 gimus
233 5201 437 5259 distinctionem
451 5196 524 5253 illam
540 5197 720 5271 spiritualium
732 5214 862 5255 sensuum
873 5216 927 5256 non
984 5218 1002 5257 x
1015 5222 1021 5257 t
1034 5204 1116 5259 Dedit
1124 5204 1168 5258 illi
1173 5208 1311 5261 scienciam
1322 5212 1485 5265 sannorum.
1500 5210 1551 5265 Vel
1560 5210 1786 5267 eatdeeumtt'bus

129 5289 237 5346 semper
252 5290 268 5329 a
283 5270 407 5327 Patribus
418 5276 544 5325 accurate
556 5269 704 5328 observari.
724 5278 771 5325 aut
789 5269 929 5350 praedictis
982 5275 1151 5341 saturomm,
1169 5280 1195 5329 et
1208 5277 1256 5331 icoo
1271 5280 1391 5347 pertinet
1408 5280 1446 5334 ad
1464 5280 1566 5335 danum
1587 5284 1747 5353 prophetia,
1762 5286 1788 5337 et

130 5345 268 5401 vocabulis
287 5341 411 5414 exprimi.
428 5348 458 5397 ut
477 5340 580 5396 notavit
598 5339 673 5395 card.
687 5340 868 5396 Bellarmmus
879 5342 926 5397 lib.
983 5345 1042 5399 ideo
1051 5344 1195 5406 dietmar
1202 5349 1504 5421 inprophetimqausic
1515 5351 1676 5423 delinitura
1684 5352 1787 5409 Camb-

129 5430 165 5471 nt
178 5416 213 5471 de
226 5416 308 5472 serbo
321 5414 439 5485 Deicap.
454 5418 480 5467 a.
497 5412 567 5468 llam
579 5410 928 5481 [lieronymuslocooitato
982 5414 1513 5492 aoeottnpeotoposupermatmmmp.
1528 5426 1571 5489 ti:
1709 5424 1715 5435 '
1743 5426 1786 5477 eat

128 5485 163 5543 ad
179 5486 325 5542 hedibiam
333 5484 443 5541 nomine
452 5483 610 5555 tropologici
624 5481 831 5554 comprehendit
844 5483 927 5541 etiam
981 5486 1076 5541 diuina
1088 5488 1230 5558 inspiranto
1242 5506 1334 5547 rernm
1346 5494 1506 5560 tatemerem
1521 5496 1636 5551 immob'
1646 5497 1658 5549 i
1668 5494 1785 5549 aeritme

128 5555 314 5627 allegoricum.
328 5563 356 5611 et
368 5572 384 5612 e
397 5554 536 5612 conhario
550 5554 579 5609 in
596 5568 656 5625 cap.
671 5568 704 5610 tv
718 5556 804 5611 Amos
816 5556 926 5612 nomine
981 5557 1153 5614 dementiam.
1171 5562 1218 5616 l'cl
1227 5566 1265 5616 est
1274 5563 1309 5618 ele
1319 5564 1431 5633 oqendis
1439 5563 1598 5631 mucione,
1609 5570 1638 5623 et
1648 5566 1694 5621 Aoo
1738 5566 1786 5621 rti-

128 5625 263 5699 allegorici
272 5624 481 5695 comprehendit
490 5624 699 5697 tropologicum.
713 5631 749 5681 At
757 5624 785 5681 in
798 5627 927 5683 Ezechie-
981 5634 1025 5683 net
1037 5630 1243 5697 adcloetriemmr
1253 5639 1280 5687 et
1291 5636 1352 5690 idco
1363 5636 1507 5702 dt'ot'hdut
1518 5638 1549 5691 in
1559 5636 1695 5693 amram
1775 5678 1784 5693 .

127 5702 181 5758 leur
195 5695 246 5754 sab
261 5696 339 5751 tertia
352 5695 450 5765 speeie,
465 5710 549 5765 qnam
568 5704 645 5749 vocat
656 5696 798 5749 sublimem
810 5710 926 5751 sacrom-
981 5713 1040 5755 nn:
1055 5702 1109 5767 Qui
1115 5702 1190 5758 docet
1197 5706 1225 5758 iu
1232 5705 1373 5773 doctrinar
1384 5710 1410 5763 et
1419 5708 1542 5765 Prot'erb.
1560 5722 1644 5767 xttt:
1660 5710 1785 5767 boetrtita

127 5788 179 5843 qne
188 5767 401 5839 iratelh'qcnliam,
415 5762 621 5835 comprehendit
633 5764 810 5837 allegoricum
824 5772 851 5821 el
866 5783 927 5825 ana·
981 5770 1049 5825 bena
1058 5771 1137 5827 duan
1147 5778 1276 5843 gratham.

126 5844 262 5917 gogicum.
