3848 6158
107 198 159 251 too
215 163 217 169 '

567 171 571 178 ’
647 187 787 244 ieiunis
805 185 957 241 aissiiui
977 184 1221 242 aoiiirioues.

1706 190 1760 242 500

108 324 184 378 Deus
199 320 221 391 (l
241 319 300 376 Ger.
314 316 381 390 ιιι).
398 316 447 375 Vel
462 323 537 375 certe
555 314 628 388 quad
642 313 758 373 incaelis
778 313 832 371 sint
845 328 908 371 cum
921 316 948 381 Α
962 313 1035 370 enim
1043 317 1118 370 cstirr
1126 312 1268 383 mortequi
1280 325 1381 367 memor
1393 311 1498 378 sitDci,·
1509 312 1538 366 ie
1551 309 1762 378 infamoeutcm

109 415 234 473 Domino
248 412 396 487 regnaturi.

404 548 526 604 CAPUT
538 546 615 602 XIV.

336 667 373 720 Dc
384 665 482 717 eiiiruoe
495 662 684 733 perpetuitate.

148 789 337 861 Quamobrem
360 790 388 844 in
407 788 460 845 hoc
473 803 588 861 corpore
607 787 769 846 constitutus
779 787 839 861 jam
860 803 910 844 no-

112 885 180 942 verit
194 884 379 957 unusquisque
392 882 431 940 illi
444 898 474 941 te
486 882 610 956 religioni
630 883 673 940 rel
692 882 843 940 ministerio
861 881 913 941 de-

111 976 273 1052 putandum,
291 978 368 1053 cujus
382 978 410 1035 in
422 977 474 1034 hac
493 977 548 1034 vita
562 976 740 1050 semetipsum
753 977 912 1050 participem

112 1072 300 1146 cultoremque
323 1072 485 1148 praebacrit;
516 1070 642 1144 illiusque
665 1086 694 1129 se
716 1059 798 1128 eham
818 1072 847 1128 in
867 1071 913 1128 illo

112 1169 224 1242 perenni
242 1167 343 1225 sucula
363 1173 520 1223 consortem
533 1163 660 1222 futurum
679 1180 738 1223 esse
750 1180 807 1222 non
825 1163 913 1222 embi-

113 1270 169 1335 gat,
185 1260 228 1316 cui
244 1275 318 1316 uunc
330 1257 489 1315 ministrum
508 1272 538 1315 se
552 1257 712 1331 sociumque
723 1257 851 1315 maluerit
865 1273 914 1315 ex-

114 1353 219 1421 hibere,
235 1351 386 1409 secundum
405 1351 572 1409 sententiam
590 1351 703 1410 Domini
721 1352 758 1408 ita
779 1350 912 1409 dicentis:

115 1451 146 1506 Si
161 1449 224 1519 quis
236 1449 305 1502 milii
317 1448 468 1512 ministret,
481 1463 522 1503 me
534 1453 673 1517 sequetem,
690 1451 715 1502 et
731 1448 779 1502 ubi
787 1462 846 1502 sum
861 1460 915 1514 eqo,

116 1545 172 1598 illic
186 1547 212 1599 et
229 1544 350 1598 minister
363 1557 437 1598 mens
451 1545 503 1598 crit
514 1540 603 1614 (teon.
619 1545 689 1609 ιιι).
701 1543 773 1597 Nem
785 1537 925 1611 quemad-i

962 409 1098 482 (peccati)
1112 412 1173 480 qais
1187 408 1353 479 eottfitcbitar
1364 405 1486 462 Domino
1502 404 1581 476 (Peal.
1592 402 1655 474 vili
1664 401 1698 460 ld
1710 411 1762 481 est,

960 518 1051 559 nemo.
1067 502 1165 559 Nullus
1177 502 1262 567 enim,
1278 499 1397 557 etiamsi
1411 498 1512 556 millies
1525 498 1707 570 semetipsum
1722 498 1763 556 rel

964 598 1150 653 Christianum
1165 612 1224 653 esse
1242 596 1413 669 profiteatur,
1432 593 1474 651 rel
1492 592 1679 663 monachum,
1699 608 1765 650 cum

927 715 931 729 ·
964 699 1069 770 peccat,
1082 690 1226 747 cantitetur
1239 690 1368 750 Domino.
1383 687 1481 746 Nullus
1495 686 1644 744 admittens
1657 701 1691 743 ea
1703 702 1765 760 quae

966 785 1103 843 Dominus
1116 793 1280 854 exsecratur,
1301 783 1483 840 reminiscitur
1499 780 1566 849 Dei;
1586 796 1638 837 nec
1653 795 1765 839 serram

966 894 995 936 se
1006 878 1136 937 veraciter
1150 878 1294 952 profitetur
1311 875 1395 944 illias,
1416 876 1494 948 cajus
1510 881 1645 948 praccepta
1664 880 1767 932 conhi-

966 975 1038 1031 maci
1051 973 1206 1031 temeritate
1218 971 1378 1029 contemnit.
1403 974 1436 1027 ln
1450 985 1505 1044 qua
1522 976 1613 1026 morte
1633 967 1711 1026 illam
1724 967 1766 1026 ri-

967 1067 1062 1138 duam,
1077 1074 1192 1140 qaer‘est
1205 1065 1353 1136 indebetis,
1366 1065 1462 1121 beatus
1474 1061 1768 1136 Apostolusjessepro·

967 1163 1085 1231 nuntiat,
1102 1163 1202 1225 Vidua,
1218 1160 1352 1232 inquiens,
1376 1175 1436 1230 qiiae
1450 1161 1480 1213 iu
1492 1158 1593 1214 deliciis
1608 1160 1655 1222 est,
1674 1159 1768 1214 ricmis

967 1262 1074 1314 mattea
1084 1261 1123 1312 cst
1136 1257 1157 1328 (l
1173 1259 1240 1311 Tim.
1260 1254 1300 1326 r).
1326 1256 1396 1311 Sunt
1414 1267 1478 1325 ergo
1492 1249 1572 1307 multi
1585 1248 1631 1323 qui
1648 1248 1770 1308 virentes

969 1353 997 1409 in
1009 1352 1186 1423 hoccorpare
1209 1348 1313 1405 mortui
1332 1354 1410 1416 sunt,
1435 1353 1462 1402 et
1484 1345 1512 1400 in
1526 1343 1632 1400 interno
1649 1343 1770 1417 jacentes

969 1449 1060 1502 Deum
1077 1443 1186 1501 laudare
1199 1458 1255 1499 nou
1273 1449 1406 1514 possunt3
1419 1447 1447 1497 et
1465 1437 1632 1496 econtratio
1644 1446 1712 1497 sunt
1724 1439 1771 1514 qui

970 1555 1033 1597 cam
1045 1538 1148 1596 mortui
1172 1537 1226 1594 sint
1242 1550 1367 1608 corpore,
1381 1537 1471 1590 Deum
1491 1531 1588 1606 spiritu
1600 1531 1771 1591 benedicimt

117 1637 258 1694 modum·
273 1636 368 1693 Zabuli
390 1651 506 1708 regnum
520 1650 570 1708 per
588 1635 807 1692 convenientiam
829 1635 916 1704 [ttps.
970 1641 1050 1706 atque
1072 1631 1237 1699 collaudant,
1259 1629 1413 1686 secundem
1429 1627 1496 1684 illud
1511 1649 1518 1684 :
1532 1627 1694 1692 benedicite,
1716 1631 1771 1699 spi-

118 1733 244 1799 iumarq.
257 1728 475 1798 conniventiam]
492 1728 641 1802 suscipitur
657 1729 801 1795 vitiorum,
817 1728 855 1784 ita
873 1742 920 1785 re·
935 1714 959 1810 Β
972 1730 1042 1784 ritus
1057 1730 1082 1783 ct
1095 1730 1191 1781 anima
1198 1726 1344 1795 jiistarum,
1362 1725 1503 1779 Dominum
1526 1723 1647 1792 (Dauni.
1660 1722 1719 1794 ιιι),
1733 1730 1772 1790 et,

119 1839 204 1896 gnum
219 1823 270 1880 Dei
282 1839 331 1896 per
341 1822 562 1881 exercitationem
571 1823 717 1894 uirtutum,
728 1823 848 1896 puritate
859 1837 919 1879 cor·
973 1824 1064 1882 Omriis
1084 1824 1197 1893 spiritus
1224 1820 1317 1875 leiulet
1339 1820 1484 1876 Dominum
1505 1817 1591 1888 (Psal.
1612 1815 1670 1887 cn).
1692 1817 1730 1872 ltt
1742 1816 1772 1873 in

120 1916 162 1973 dis
175 1932 208 1973 ac
228 1916 341 1989 spiritali
367 1917 480 1975 scientie
501 1916 667 1990 possidetur.
689 1915 746 1976 Ubi
760 1924 853 1973 eutem
873 1930 920 1973 re·
972 1915 1144 1990 Apocalypsi,
1170 1915 1270 1971 animer
1293 1912 1445 1971 occisorum
1468 1926 1523 1968 non
1545 1909 1634 1968 solum
1659 1908 1771 1967 laudare

119 2026 205 2082 gnum
221 2011 272 2068 Dei
285 2019 343 2080 est,
367 2010 405 2068 ibi
427 2009 607 2083 proculdubie
622 2017 650 2066 et
678 2009 732 2066 vita
760 2008 920 2066 hebetarat·
973 2013 1072 2082 Deum,
1084 2010 1225 2068 sedetiam
1238 2007 1409 2081 interpellare
1422 2005 1550 2065 drumm
1562 2005 1659 2076 (Apoc.
1671 2003 1727 2075 ιιι).
1739 2007 1773 2060 Ιιι

120 2113 212 2175 terna,
226 2106 308 2163 etubi
325 2109 453 2178 Regnum
473 2105 570 2162 Znhali
589 2112 642 2175 est,
658 2104 825 2162 ibimortem
839 2113 920 2178 atque
973 2106 1119 2179 Evangelio
1137 2119 1246 2178 quoque
1269 2101 1420 2160 evidentius
1446 2099 1582 2157 Dominus
1603 2096 1640 2156 ad
1663 2096 1775 2157 Saddu-

121 2197 259 2255 inlsrnum
272 2214 331 2257 csse
355 2214 414 2255 non
427 2197 544 2256 dubiam
562 2206 603 2256 est
620 2199 668 2255 :in
683 2214 737 2271 quo
753 2199 800 2271 qui
822 2198 919 2270 tuerit,
974 2215 1067 2259 caeos:
1090 2204 1149 2261 Non
1170 2201 1281 2270 legistis,
1296 2198 1393 2270 inquit,
1420 2197 1492 2268 qnod
1510 2197 1614 2252 dimum
1630 2199 1670 2252 est
1689 2211 1709 2251 a
1722 2199 1776 2253 Deo

122 2307 173 2350 nea
189 2292 300 2350 laudare
313 2292 466 2350 Dominum
481 2301 585 2365 potest,
606 2291 756 2351 secundum
776 2292 922 2365 Prophetae
974 2297 1076 2353 decute
1089 2297 1238 2364 uobis,qu
1250 2309 1309 2349 sum
1321 2295 1391 2347 Deis
1401 2291 1551 2355 Abrabam,
1563 2294 1588 2345 ct
1603 2294 1673 2348 Deus
1685 2290 1774 2354 Isaac,

123 2387 283 2445 sententiam
298 2387 414 2445 dicentis
428 2405 435 2443 :
447 2390 506 2447 Non
517 2388 619 2444 mortui
632 2386 922 2457 terminationem
975 2396 1001 2447 ct
1014 2396 1084 2448 Deus
1104 2390 1201 2446 Jacob?
1213 2403 1266 2443 eon
1280 2390 1319 2443 cst
1337 2391 1407 2443 Deus
1428 2389 1607 2449 mortuorum,
1623 2384 1670 2441 red
1682 2387 1776 2440 etiami-

124 2501 211 2542 omues
225 2487 274 2557 qui
285 2486 447 2543 decendunt
462 2489 491 2542 iu
502 2488 641 2555 infernum
661 2484 736 2557 (sine
749 2483 844 2554 dubio,
861 2500 923 2557 pec-
975 2487 1042 2540 tium
1054 2483 1161 2553 (Metili.
1178 2478 1776 2551 xxii).omnesenlmeivivunt.1tequibae

123 2580 264 2653 cati);scd
275 2595 334 2645 eos,
346 2581 442 2654 inquit,
457 2582 506 2651 qui
515 2582 629 2636 uiuimus
640 2579 710 2651 (non
723 2579 797 2635 vitiis
809 2578 922 2649 scilicet,
976 2585 1005 2634 et
1020 2576 1179 2649 Apostolus,
1192 2578 1306 2647 Propter
1327 2575 1409 2645 quod,
1424 2572 1522 2646 inquit,
1536 2588 1589 2628 iren
1597 2572 1778 2641 contemuitur

123 2686 174 2728 nec
187 2673 291 2731 mundo
304 2673 378 2742 huic,
392 2674 440 2732 sed
453 2673 537 2746 Deo),
550 2673 727 2730 benedicimus
736 2675 880 2730 Dominum
889 2689 923 2729 ca
976 2677 1047 2729 Deus
1056 2674 1146 2726 coceii
1158 2675 1228 2727 Deus
1240 2660 1328 2726 aarum
1335 2690 1343 2738 ;
1358 2672 1471 2741 perunit
1485 2670 1557 2725 arim
1569 2669 1627 2724 iilis
1639 2669 1778 2724 uuiatmi

124 2766 181 2833 boc,
197 2783 276 2833 nnuc,
296 2773 321 2825 et
332 2784 418 2841 usque
437 2771 468 2826 iu
486 2770 612 2826 tutulum
632 2768 720 2841 QPsel
744 2767 847 2839 axin).
863 2770 924 2826 Nou
977 2768 1052 2834 (Heb.
1068 2765 1122 2838 xi).
1138 2768 1209 2822 Nam
1226 2765 1290 2838 quia
1301 2760 1373 2821 ¹’nec
1383 2765 1477 2821 otiosae
1490 2763 1615 2835 sintpost
1627 2762 1777 2835 separatio·

674 2928 803 2983 maleel
820 2927 933 2983 GAZAEl
951 2925 1229 2983 COMMENTARIUS.

161 3076 174 3103 ⁸
186 3065 298 3130 zabuli.
319 3065 348 3123 id
369 3074 425 3134 est,
438 3065 539 3123 diaboli
555 3085 561 3122 :
576 3066 610 3123 de
633 3081 687 3139 quo
708 3066 768 3124 vide
782 3075 875 3124 notate
885 3067 927 3123 in
941 3071 963 3135 c
979 3069 1120 3123 insomnis
1142 3067 1215 3122 ornet
1232 3067 1273 3121 uel
1288 3058 1529 3129 nutritoresque
1543 3064 1641 3130 seduc,
1656 3065 1699 3121 uel
1715 3064 1776 3134 linc,

128 3137 213 3195 terius
233 3139 295 3209 (Aa
311 3153 369 3207 cap.
390 3143 421 3192 21
443 3139 524 3208 hujus
545 3139 632 3210 coll).
658 3138 761 3209 Quibus
782 3137 854 3195 addo
875 3138 928 3196 hoc
980 3143 1062 3209 atquc
1081 3141 1145 3194 illue
1164 3152 1266 3207 pressu,
1283 3140 1421 3194 ueletiam
1443 3136 1535 3192 rietatn
1550 3138 1623 3205 ferri
1637 3155 1645 3192 r
1658 3138 1705 3193 hoe
1719 3140 1779 3196 siue

126 3212 161 3264 D.
186 3208 313 3281 Cypriani
336 3209 370 3264 de
384 3209 514 3280 patientia
538 3211 554 3263 J
557 3208 592 3265 ob
614 3209 770 3265 disserentis
792 3227 799 3264 ι
821 3212 928 3278 wenta
980 3211 1102 3280 quedem
1115 3209 1293 3265 similitudine
1313 3212 1430 3280 corperis
1444 3222 1496 3264 nea
1514 3211 1556 3278 pt.
1570 3207 1674 3278 Quibus
1688 3207 1779 3268 verbis

127 3281 254 3337 aduersas
266 3294 325 3335 enm
333 3280 429 3362 jacilla
439 3281 536 3335 zabuli
546 3283 651 3366 emesa.
665 3285 798 3337 Etaroret
809 3283 927 3337 zabulus
981 3281 1088 3338 videtur
1103 3287 1145 3339 Aa
1211 3280 1272 3365 'nus
1282 3281 1398 3364 innuere
1417 3280 1537 3362 animam
1556 3278 1707 3362 humanam
1717 3279 1778 3362 ‘ha-

128 3351 698 3503 “tttttlttttleiteraret.
724 3431 751 3480 a
768 3439 817 3496 aa
839 3427 927 3479 oie..
981 3350 1780 3505 ltelrrametllltstrmattrahat

130 3489 224 3560 legunt
244 3494 337 3558 otiosi,
350 3507 450 3564 nempe
463 3494 583 3562 manui,
608 3494 649 3550 vel
670 3494 780 3566 spiritus
801 3503 926 3550 mortuo·
980 3495 1083 3577 pereis;
1096 3495 1144 3551 sed
1159 3494 1234 3551 valde
1250 3494 1459 3567 ambiguumcst
1476 3508 1559 3566 quam
1572 3492 1779 3551 similitudinem

129 3575 202 3615 rum.
227 3564 269 3642 At·
283 3562 327 3615 hic
350 3569 441 3618 teitus
455 3563 590 3633 patentior
612 3565 686 3620 visus
705 3571 756 3619 est.
773 3566 860 3619 Parra
874 3580 927 3618 ne·
981 3565 1114 3636 intelligat
1129 3585 1135 3618 :
1150 3565 1277 3638 idemque
1293 3565 1389 3636 repetit
1405 3565 1452 3620 lib.
1469 3579 1503 3621 iv
1522 3563 1557 3621 de
1569 3565 1670 3620 Anima
1681 3563 1780 3638 eteius

129 3637 223 3685 tantur
242 3629 287 3685 hic
310 3638 366 3684 tres
383 3646 503 3700 errores,
518 3648 566 3689 scu
588 3635 716 3702 haereses,
730 3634 764 3689 de
784 3633 928 3691 animabus
981 3635 1083 3708 origine
1095 3651 1155 3706 cap.
1177 3641 1220 3702 17,
1242 3634 1289 3692 ubi
1304 3636 1386 3693 etiam
1401 3636 1511 3693 ridetur
1523 3650 1618 3692 sensus
1631 3635 1660 3691 iu
1670 3635 1781 3692 anima-

130 3701 302 3758 hominama
318 3715 432 3773 corpore
444 3704 586 3776 separetis.
599 3704 709 3761 Primus
720 3719 806 3773 error,
822 3705 928 3762 animas
981 3705 1033 3762 bus
1054 3714 1227 3762 mortuoram
1241 3721 1343 3778 ponere
1364 3710 1453 3778 (Toeto
1476 3707 1546 3778 vll).
1571 3706 1677 3762 Citatur
1696 3707 1780 3762 ctiam

131 3782 193 3843 post
209 3772 411 3854 separationem
424 3773 506 3846 huJus
528 3791 575 3831 cor
594 3775 665 3843 aris,
686 3774 713 3833 id
729 3784 780 3844 est,
793 3784 855 3847 past
866 3776 928 3833 obi·
981 3776 1032 3834 sub
1046 3777 1158 3834 nominc
1179 3776 1323 3849 Augustini
1345 3793 1377 3834 ex
1391 3777 1437 3835 lib.
1453 3776 1488 3835 de
1504 3776 1601 3849 Spiritu
1622 3783 1650 3832 et
1660 3777 1779 3845 Anima,

130 3852 190 3899 tuni
199 3858 309 3925 manere
319 3852 422 3926 otiosas
445 3792 623 3914 insensibiiiis,
636 3847 723 3903 immo
735 3847 817 3902 etiam
827 3846 928 3904 intelli·
981 3846 1054 3934 quod
1069 3852 1162 3904 enimn
1174 3850 1294 3904 recedens
1308 3866 1325 3903 a
1339 3863 1551 3919 corporesitum
1562 3848 1647 3903 trabit
1658 3861 1779 3913 amium,

131 3924 231 3998 geutrae
245 3923 272 3971 et
288 3930 377 3972 omnis
392 3885 506 3973 aiiectus
522 3927 655 3990 expertes.
670 3917 811 3975 Secundus
825 3917 928 3975 enimes
944 3938 947 3943 ¹
980 3921 1220 3989 tmeqiuetiorrem,
1246 3921 1422 3983 intellectum,
1456 3919 1735 3990 concupiscibilitatem
1755 3924 1782 3976 ct

131 3987 275 4069 homiuum
293 4001 349 4068 non
369 4002 429 4044 cese
441 3988 627 4058 immortales3
639 3989 688 4047 sed
702 3989 743 4046 vel
755 4005 820 4046 cam
833 4004 930 4062 corpo-
982 3992 1195 4047 irascibilitatem
1207 3994 1295 4058 (Tomo
1308 3992 1320 4046 l
1333 3993 1412 4063 oper.
1422 3993 1494 4060 Aur.
1503 4007 1525 4046 c.
1538 3994 1595 4056 16).
1608 3992 1679 4046 item
1688 4005 1722 4046 ex
1734 3990 1780 4048 lib.

131 4056 205 4113 ribus
221 4064 348 4126 interire,
364 4060 406 4115 vel
428 4060 457 4115 ia
470 4059 587 4117 nibilum
600 4060 711 4117 resolvi.
725 4062 851 4126 Tertius,
868 4061 929 4117 ani·
982 4063 1017 4120 de
1038 4063 1142 4119 Eccles.
1166 4062 1347 4135 Dogmatibus
1370 4064 1485 4120 :Solum
1497 4063 1629 4118 homiuem
1650 4063 1782 4119 credimur

132 4143 191 4209 mas
204 4129 285 4185 etiam
292 4127 431 4200 justarum
442 4146 498 4187 non
507 4133 600 4188 statim
615 4139 677 4205 post
691 4133 838 4188 transitum
849 4131 930 4204 hujus
983 4135 1207 4190 moereanimem
1218 4135 1412 4189 substantivam
1423 4133 1524 4204 (idest,
1537 4147 1586 4205 per
1595 4132 1783 4190 sesubsistsn·

131 4208 193 4255 vitae
221 4199 255 4256 ad
282 4198 476 4282 beatitudinem
510 4201 663 4271 transferri,
695 4203 742 4260 sed
776 4212 930 4274 exspectare
983 4208 1067 4272 tem),
1084 4221 1143 4274 qne
1162 4207 1457 4274 ceutecorpareet'oit,
1476 4209 1502 4259 ct
1515 4220 1606 4260 sersus
1626 4219 1688 4260 suos
1703 4209 1784 4275 atquc

131 4278 285 4350 extremum
303 4270 436 4339 iudicium
464 4281 492 4329 et
518 4275 744 4332 resurrectionem
770 4289 927 4348 corporum.
983 4278 1315 4345 orpeuauioecitertenct.
1328 4275 1433 4333 Eodem
1445 4275 1530 4333 modo
1545 4275 1783 4347 loquiturCessio·

132 4341 173 4392 De
183 4337 227 4394 his
238 4338 325 4419 tribus
334 4343 473 4422 erroribus
486 4343 587 4416 aliquid
601 4345 758 4418 singillatim
772 4345 928 4402 dicendum.
982 4345 1067 4401 dorus
1081 4347 1151 4401 libro
1165 4345 1199 4401 de
1212 4345 1323 4414 Anima,
1333 4347 1424 4404 dicens
1439 4347 1521 4418 (Cep.
1534 4347 1563 4418 8)
1579 4347 1701 4402 :Anima
1712 4361 1784 4417 sepa

130 4409 211 4488 Quod
222 4407 256 4463 ad
270 4422 391 4487 primum
408 4418 521 4491 attinet,
534 4414 662 4485 ambigue
675 4415 825 4471 admodum
837 4417 865 4471 in
877 4414 968 4515 hecD
983 4421 1046 4472 rata
1060 4432 1078 4469 a
1098 4432 1205 4486 comiorc
1223 4417 1310 4472 adhuc
1329 4419 1412 4487 uidet,
1431 4419 1520 4481 eradit,
1540 4420 1724 4488 imeqiuahtr,
1738 4433 1783 4474 re·

131 4485 217 4557 capite
239 4479 360 4546 loquitur
378 4479 538 4550 Cassianus,
558 4491 619 4537 tum
639 4485 730 4554 quoad
745 4500 841 4541 sensus
860 4501 929 4558 quos
983 4487 1119 4542 cordatus.
1133 4486 1259 4560 Denique
1269 4490 1365 4544 Petrus
1375 4488 1547 4546 Lombardus
1558 4492 1605 4557 (ln
1617 4493 1647 4552 A,
1659 4489 1725 4543 dist.
1739 4491 1783 4553 44)

22 4617 26 4624 ⁸
108 4561 231 4608 ‚animer
255 4555 386 4616 separatae
414 4550 524 4617 tribuit,
551 4559 611 4607 tum
637 4553 727 4623 quoad
745 4563 848 4611 statum
871 4555 930 4625 eJas
983 4557 1017 4615 ad
1049 4556 1122 4614 hunc
1144 4557 1236 4614 locam
1263 4559 1385 4616 Cassiam
1410 4567 1534 4632 spectans
1561 4578 1567 4614 t
1591 4563 1623 4615 Iu
1651 4561 1782 4623 cessum,

131 4617 203 4675 vitm.
218 4619 289 4675 Nam
301 4618 392 4689 quoad
414 4619 491 4690 illud,
509 4621 614 4679 ridetur
627 4623 725 4680 animer
736 4625 865 4681 rationali
879 4627 929 4682 tri·
984 4629 1083 4702 inquit,
1098 4630 1279 4686 uoluminibus
1299 4632 1407 4701 iegitur,
1431 4631 1502 4700 quod
1522 4647 1576 4686 uait
1595 4633 1651 4687 siut
1676 4633 1782 4695 etmsai,

132 4689 214 4747 bucre
238 4704 351 4759 sensus,
379 4700 408 4748 et
429 4691 543 4750 atiectus
563 4692 644 4820 hujus
665 4694 745 4764 riter,
761 4695 828 4752 dum
847 4699 930 4753 semel
983 4717 1067 4771 neque
1088 4703 1159 4756 nibil
1182 4703 1314 4766 smtient,
1337 4719 1395 4758 cum
1420 4704 1492 4761 diues
1512 4703 1605 4757 illeiis
1624 4703 1733 4770 inferne
1758 4716 1784 4757 se

131 4771 213 4846 atque
226 4761 328 4847 iterum
340 4761 571 4848 inculcatanimas
608 4764 780 4822 etauctoram
799 4771 854 4823 uiis
870 4785 930 4825 seu·
983 4774 1092 4842 pamma
1113 4775 1233 4828 maricii
1250 4775 1358 4841 clamet,-
1372 4774 1444 4830 unde
1458 4775 1591 4845 probatur
1612 4776 1721 4828 animas
1736 4773 1783 4828 de-

131 4836 204 4891 srbns
219 4839 397 4904 iioriprtcaii
412 4839 931 4908 emmoneistisquidcrucifeetibus,id
984 4845 1140 4912 fututorum
1162 4860 1216 4899 unu
1239 4846 1325 4899 sotum
1353 4848 1408 4900 suis
1437 4845 1555 4901 sensibus
1578 4860 1632 4900 non
1661 4845 1782 4914 privari,

132 4912 180 4972 cst,
196 4922 241 4975 spe
251 4911 332 4974 etque
346 4911 470 4991 tristitie,
480 4909 579 4978 qitndtb
591 4927 623 4964 ac
634 4914 705 4992 metu
718 4927 820 4966 carcre.
834 4912 931 4968 Postea
985 4916 1032 4971 sed
1043 4931 1089 4970 nec
1107 4917 1168 4970 istis
1190 4917 1351 4984 effectibus,
1373 4917 1470 4972 scilicet
1484 4931 1546 4987 spe,
1563 4918 1692 4978 tristitie,
1714 4931 1784 4985 peu*

133 4984 226 5030 tamen
238 4975 312 5057 velut
324 4991 353 5058 se
374 4980 521 5062 explicans·
529 4980 680 5052 concludit,
693 4986 807 5039 mentem
822 4988 932 5039 caream
986 4987 1040 5051 dib,
1056 5002 1086 5041 ac
1096 4991 1169 5042 metu
1182 5003 1286 5054 curere,-
1297 4993 1322 5042 et
1334 5002 1368 5042 ca
1377 4988 1419 5042 bis
1431 5004 1491 5058 qua
1505 4988 1558 5042 sibi
1565 4990 1594 5042 iu
1608 4988 1655 5042 ille
1666 4986 1786 5055 gemmati

132 5047 183 5101 liae
207 5061 301 5129 cerins.
312 5051 493 5131 pinguedine,
503 5050 541 5133 'id
556 5060 608 5121 cst,
620 5068 750 5126 corpore,
772 5070 835 5111 suas
857 5056 933 5112 t'rrtel·
985 5061 1107 5113 eaumiue
1117 5064 1295 5124 reserrentur,
1311 5073 1356 5113 ces
1370 5061 1494 5129 quadarn
1504 5058 1565 5128 jein
1584 5061 1701 5128 iiroipcrc
1710 5073 1786 5130 piu-

132 5118 257 5201 lcctuales
267 5121 383 5201 ⁸uirtutes
395 5136 427 5201 tu
444 5122 537 5204 melius
560 5139 699 5194 reperere,
712 5129 738 5182 ct
748 5129 874 5197 permees
889 5142 932 5184 cas
986 5134 1107 5199 qustum.
1122 5129 1168 5187 Sic
1185 5129 1242 5201 ipse
1253 5130 1375 5187 Cassiani
1389 5131 1472 5188 verba
1486 5129 1611 5187 recitans.
1626 5130 1679 5185 His
1692 5137 1787 5186 aucto

130 5203 162 5242 ec
175 5189 330 5268 subtiliores
344 5204 459 5271 recipcre
470 5196 562 5273 potrus
583 5211 665 5276 quam
679 5199 811 5254 emittere.
828 5197 932 5268 Quibus
984 5199 1120 5266 ritatihas,
1135 5209 1166 5257 at
1182 5200 1291 5272 opinor,
1306 5208 1401 5259 motus
1418 5205 1453 5258 D.
1471 5201 1590 5258 Thomas
1605 5200 1787 5273 quaestionem

132 5258 222 5313 verbis
237 5274 294 5314 non
311 5257 426 5315 obscure
450 5261 553 5320 indicet
572 5279 670 5323 emmer
684 5275 815 5339 separata
835 5282 932 5326 sensus
985 5269 1056 5328 hanc
1077 5271 1201 5343 pluribus
1223 5271 1251 5327 ia
1264 5271 1329 5329 lacis
1347 5273 1450 5346 agitat:
1468 5275 1564 5329 Utrum
1584 5288 1673 5329 omues
1689 5277 1787 5344 pmcn-

132 5325 356 5409 etattectusnaa
370 5345 517 5402 corporeas
530 5342 558 5390 et
578 5337 719 5401 animales,¹
740 5337 789 5394 sed
805 5337 932 5409 spiritua·
985 5345 1031 5398 tia
1044 5346 1141 5399 enimc
1161 5349 1317 5401 renuerant
1330 5346 1498 5401 ieeuirnaa
1516 5361 1623 5416 corpere
1637 5346 1789 5416 separata?
1833 5393 1839 5402 .

132 5399 172 5454 les
189 5405 217 5454 et
237 5397 430 5480 intellectuales
449 5408 641 5466 tantummodo
662 5422 812 5464 remanere.
830 5409 931 5466 Verum
984 5427 1099 5484 eamque
1122 5414 1150 5469 in
1169 5415 1283 5472 Summa
1310 5415 1347 5472 ita
1370 5417 1483 5474 msolvit
1509 5438 1515 5472 :
1542 5417 1688 5474 Dicendum
1712 5415 1789 5485 qnod

132 5469 356 5554 ademptionem
379 5472 460 5547 hujus
481 5476 614 5535 doctrinar
637 5478 861 5561 elucidationem,
883 5495 933 5537 no-
984 5487 1305 5554 omuespetmtiicenimoe
1314 5488 1787 5558 comparanturadauimamsolam,

131 5539 216 5622 tande
235 5558 372 5624 imprimis
391 5546 472 5602 verba
492 5550 528 5604 D.
543 5549 689 5622 Augustini
704 5548 749 5604 lib.
767 5563 814 5606 riri
832 5549 866 5606 de
878 5551 933 5608 Ge·
983 5557 1094 5612 sicutad
1103 5559 1278 5628 pmitcipium.
1289 5560 1474 5630 Sedqnoedarn
1485 5564 1613 5632 potenteis
1622 5576 1789 5631 comparais-

131 5611 237 5697 ”inid
250 5613 367 5698 litteram
383 5615 462 5702 (Capu.
477 5619 526 5691 tt)
543 5639 549 5675 :
567 5623 692 5705 Profitcri
704 5622 824 5676 animem
837 5622 932 5701 babere
984 5631 1028 5683 tur
1041 5627 1078 5682 cd
1091 5632 1209 5686 animaru
1219 5634 1314 5700 solem,
1328 5635 1397 5688 sicut
1410 5635 1447 5688 ed
1459 5634 1618 5703 subjectum,
1635 5637 1668 5687 ut
1678 5633 1788 5689 nitelis-

122 5683 340 5770 mthtudtneni
352 5703 477 5771 cameris,
493 5694 519 5745 ct
536 5692 716 5762 corporalium
724 5695 833 5776 ‘omnim
847 5711 929 5751 merri·
983 5703 1040 5756 uus
1051 5702 1076 5757 et
1085 5702 1252 5767 uoluirtes,et
1260 5705 1414 5774 hujusmodi
1458 5701 1790 5775 tenemenmeutqunt

128 5744 468 5830 ²*orttmquisqursneqat
483 5765 930 5840 potcstucqareemmemessequae
983 5777 1111 5831 moueant
1131 5776 1265 5832 inanium
1284 5791 1393 5847 corpore
1412 5721 1554 5835 &triete
1571 5776 1702 5844 Qiiedcm
1726 5788 1787 5832 uero
