3848 6158
186 236 292 301 δί’

618 239 665 296 llD
683 237 800 296 OPERA
815 237 956 295 tonnnts
974 235 1128 294 CASSthl
1144 234 1415 293 Pttuueuuttunt.

1811 239 1846 295 tt

186 368 251 426 dem
271 366 361 441 llqens'
386 365 459 439 apud
485 363 633 423 Massiliam
656 364 799 438 presbyter
827 361 1026 432 ordinatus„a
1078 365 1120 418 En
1132 360 1180 418 tibi
1192 358 1391 433 quaeslmsjam
1403 358 1519 428 dudum,
1536 359 1638 429 Dive⁸,
1658 359 1774 431 libellos,

97 527 99 532 ¹
186 460 295 534 scripsit
313 459 398 517 latino
418 459 571 517 idiomate:

224 559 267 613 De
283 553 380 612 habitu
404 553 618 620 monachorum,
632 560 661 607 et
680 551 714 607 de
735 549 868 606 canonico
886 548 990 606 oratio·

188 664 255 705 num
269 655 296 704 et
309 649 477 720 psalmorum
492 645 585 714 modo,
598 643 646 701 lib.
662 645 714 698 lli.

222 741 443 808 Institutionum,
459 742 482 796 1.
575 787 576 790 ,

224 838 265 893 De
283 835 388 908 origine
409 842 438 889 et
463 830 586 888 remedio
600 837 662 887 octo
689 828 883 904 principalium
905 828 988 886 vitio·

189 945 262 998 runt,
279 929 353 983 Vlll.
487 981 489 984 Α

224 1018 388 1076 Collationes
405 1018 534 1083 Parrum,
549 1017 656 1073 xxtv.

153 1137 160 1141 ·
224 1115 265 1169 De
278 1110 468 1167 incarnatione
483 1107 582 1177 Verbi,
598 1109 660 1164 vtt.

223 1207 260 1261 Et
273 1205 326 1260 hoc
339 1218 420 1276 opere
430 1201 537 1276 expleto
551 1200 757 1273 adpetitionem
770 1201 883 1266 ieonis,
896 1208 989 1274 postea

145 1329 153 1337 ·
187 1296 288 1355 summi
302 1294 449 1369 pontilicis,
461 1293 546 1351 llnem
568 1293 675 1350 vivendi
691 1293 767 1363 lecit,
779 1292 933 1350 Theodosio
944 1293 990 1367 ju·

188 1392 266 1448 niorc
279 1398 308 1446 et
323 1387 511 1445 Valentiniano
530 1386 719 1460 regnantibus,
733 1396 764 1443 ut
784 1393 901 1443 testatur
916 1386 989 1444 Gen·

188 1484 285 1542 nadius
297 1484 328 1540 in
344 1483 416 1540 libro
434 1482 468 1540 de
482 1481 556 1538 Viris
568 1479 732 1537 lllustribus.
751 1482 818 1536 llaec
837 1479 930 1536 omnia
941 1495 989 1536 er-

185 1587 270 1649 stant,
284 1586 313 1635 et
327 1577 427 1633 utiliter
440 1576 491 1649 legi
508 1582 634 1648 possunt,
649 1582 762 1647 excepta
773 1575 923 1632 collatione
934 1583 990 1632 ter-

1044 456 1162 527 lmplens
1175 455 1355 527 promissum,
1365 452 1462 525 collegi
1474 468 1576 525 corpus
1588 453 1616 508 in
1629 470 1724 511 unum.

1043 551 1131 606 Unius
1143 564 1191 606 ore
1204 548 1262 612 viri,
1278 563 1347 621 quos
1359 547 1477 620 Spiritus
1488 547 1603 620 inclytus
1614 557 1710 606 auctor

1042 642 1149 701 Obtulit
1164 642 1303 710 Ecclesiae,
1317 639 1379 698 diro
1394 655 1579 714 promouere,
1594 641 1683 711 matri,

1043 740 1112 810 Quae
1121 736 1180 793 sine
1197 734 1320 803 linesuis
1332 742 1437 792 aeterno
1449 733 1580 805 prospicit
1597 749 1658 789 usn.

1045 829 1169 902 Denique
1184 827 1319 886 bissenos
1331 824 1459 899 praesenti
1473 841 1587 898 corpore
1599 825 1686 882 libros

1043 923 1179 998 Aspicies,
1194 937 1300 994 quaeso,
1312 920 1435 992 sequitur
1446 935 1528 992 quam
1540 935 1678 993 congruus
1692 919 1771 977 ordo.

1043 1020 1151 1074 Prlmus
1162 1013 1396 1074 hahetmonachis
1407 1013 1517 1071 habitus
1529 1015 1591 1087 quis
1609 1014 1707 1072 debeat
1721 1031 1790 1072 esse.

1043 1112 1158 1185 Regula,
1175 1109 1359 1184 psallendique
1378 1108 1479 1166 modus
1492 1107 1571 1165 datur
1585 1107 1648 1164 inde
1659 1107 1793 1168 secundo.

1030 1205 1153 1262 -Tertius
1163 1204 1216 1261 hoc
1231 1204 1334 1260 iterum
1345 1200 1476 1258 describit
1490 1200 1599 1273 plenius
1610 1200 1711 1272 ipsum,
1739 1255 1741 1258 ,

1044 1298 1231 1373 informatque
1239 1310 1329 1353 noros
1343 1311 1392 1368 per
1401 1294 1507 1368 singula
1519 1303 1633 1366 quartus
1644 1286 1780 1350 alumnos.

1043 1391 1114 1448 Octo
1132 1388 1245 1463 quidem
1265 1387 1377 1460 reliqui,
1388 1402 1459 1458 quos
1477 1385 1568 1443 cernis
1582 1385 1671 1442 adhuc
1687 1400 1845 1457 superesse,

1043 1487 1075 1541 ln
1093 1500 1122 1541 se
1136 1482 1304 1540 concludunt
1315 1496 1462 1538 numerum
1474 1479 1592 1538 totidem
1607 1480 1749 1536 vitiorum.

1044 1577 1271 1650 Persequiturque
1287 1590 1368 1633 suum
1383 1574 1495 1648 proprio
1505 1581 1676 1647 syntagmate
1689 1581 1846 1630 monstrum

186 1674 226 1731 tia
239 1672 355 1738 decime,
372 1680 400 1728 et
413 1669 507 1746 paucis
520 1669 593 1738 aliis,
603 1684 666 1741 qnae
681 1668 710 1724 in
728 1667 848 1725 editione
862 1668 988 1725 Romana
1048 1672 1242 1745 Unusquisque
1255 1670 1335 1738 liber,
1350 1668 1418 1727 dans
1438 1668 1505 1741 quid
1519 1668 1574 1738 sit,
1594 1668 1671 1724 cuire
1683 1666 1843 1724 carendum.

186 1776 281 1825 nolitia
295 1775 368 1824 sulii.

187 1876 301 1929 loannes
319 1871 502 1931 Moldonolus,
518 1869 655 1993 solenesssu
667 1867 813 1937 lineoloqus,
832 1869 862 1922 in
875 1883 897 1922 o.
911 1880 990 1923 xxiv

222 2034 288 2092 Fuit
311 2031 455 2089 Cassianus
473 2037 571 2086 auctor
589 2028 739 2085 catholicus
760 2036 789 2084 et
809 2029 922 2087 bonus:
942 2025 990 2087 sed

186 2127 294 2183 nullum
312 2133 370 2180 tam
391 2120 536 2195 pulehmm
552 2129 594 2178 est
606 2137 718 2194 corpus,
732 2129 764 2177 ut
782 2137 859 2178 uaero
873 2130 972 2179 careat.

189 2231 365 2297 Hieronymus
378 2225 486 2288 Plutus,
506 2224 625 2295 ejusdem
640 2226 698 2281 Sos.
712 2227 774 2280 lem
788 2225 941 2294 theoloqus,
956 2226 989 2281 de

306 2301 378 2354 Boreo
389 2297 482 2353 Stenas
500 2297 629 2365 ltolipiose'
641 2296 689 2351 lib.
704 2310 729 2351 rr
739 2311 799 2366 cop.
812 2301 848 2351 td
862 2313 869 2351 :

222 2393 342 2449 ioannes
352 2389 507 2453 mutunus,
520 2403 619 2461 genere
633 2388 745 2462 Scytha,
765 2389 838 2460 stylo
851 2403 915 2445 eum
931 2389 988 2461 pri·

188 2484 240 2540 mis
252 2483 374 2548 Latirms,
387 2481 434 2555 qui
447 2481 521 2553 prius
533 2481 722 2555 chrysostomi
734 2480 898 2554 discipulus,
918 2485 989 2540 llas-

187 2577 254 2634 siliae
275 2575 374 2634 deinde
400 2575 600 2631 monesterium
619 2575 775 2644 eorumne,
797 2575 825 2631 in
842 2591 897 2648 qno
912 2575 990 2633 insti·

188 2671 291 2728 tuendo
310 2686 342 2726 ao
361 2668 481 2743 regendo
495 2684 553 2726 non
567 2678 609 2726 est
619 2668 803 2728 dubitandum
820 2668 886 2742 quin
900 2670 989 2744 reipsa

187 2764 326 2839 explicarit
340 2778 520 2837 quecumque
536 2780 570 2821 er
588 2766 636 2823 SS.
660 2769 775 2823 Patrem
791 2781 938 2837 congressu
957 2782 989 2822 ae

153 2847 155 2850 Α
186 2873 313 2918 sermone
326 2857 436 2931 seriptis
451 2858 642 2926 mandaverat,
655 2874 717 2930 quae
736 2860 837 2930 scripta
857 2866 988 2928 quantam

187 2951 380 3026 perlectionem
395 2953 624 3023 complectantur,
639 2960 736 3006 notum
754 2959 796 3006 est
811 2950 951 3008 omnihus.

188 3062 323 3116 Autoteles
337 3061 502 3118 possennus,
518 3056 634 3124 ejusdem
646 3057 704 3112 Soc.
719 3059 781 3111 lesu
800 3057 946 3128 theolopus,
958 3059 988 3112 in
1002 3113 1024 3177 C

455 3128 602 3197 Appnrotu
619 3141 719 3182 suero:

220 3222 340 3278 ioannes
365 3219 510 3277 Cassianus
529 3218 649 3276 Eremita
677 3220 785 3293 scripsit
800 3220 834 3278 de
853 3221 988 3281 lnsdtutis

188 3313 415 3372 Renuntiantium
427 3312 511 3371 libros
530 3296 731 3384 duodecim,'et
743 3314 927 3372 Collationum
938 3317 986 3374 SS.

187 3413 299 3467 Patrum
311 3410 394 3467 libros
408 3409 507 3482 viginti
521 3418 639 3482 quatuor
654 3428 661 3465 ε
677 3408 759 3483 idque
773 3411 863 3483 lingua
875 3410 985 3483 Latina,

187 3503 320 3577 quidquid
340 3519 418 3560 secus
431 3503 513 3577 aliqui
523 3503 718 3575 existimarint,
734 3505 790 3562 sire
807 3504 986 3577 Trithemius,

186 3599 242 3656 sive
268 3599 416 3670 Dionysius
440 3597 646 3655 carthusianus.
669 3602 729 3670 lpse
752 3597 825 3655 enim
844 3597 988 3656 Cassianus

188 3691 258 3749 libro
272 3691 478 3748 Institutionum
498 3706 610 3748 suarum
624 3691 714 3765 primo
727 3707 787 3764 cap.
809 3698 836 3759 3,
858 3700 888 3748 et
908 3692 953 3748 lib.
968 3708 988 3749 r

187 3801 248 3858 cap.
268 3791 318 3854 16,
337 3793 365 3842 et
384 3786 483 3841 Collat.
505 3791 539 3841 2³
561 3800 620 3858 cap.
634 3790 669 3855 8,
688 3794 717 3842 et
734 3785 988 3858 plerumquealihi‚¹

186 3895 252 3960 eum
276 3879 314 3937 etit
336 3888 461 3936 secutum
484 3895 514 3936 se
536 3878 619 3936 luisse
641 3880 856 3937 emendatiorem
872 3880 988 3937 transla-

187 3974 291 4031 tionem
310 3973 480 4045 bibliorum,
495 3974 620 4048 intelligit
638 3975 782 4048 vulgatam
797 3982 920 4032 nostram
937 3975 990 4031 La-

186 4069 286 4127 tinam.

187 4204 188 4207 =
224 4171 263 4224 Ne
276 4168 343 4237 quid
358 4170 410 4224 libi
421 4169 454 4224 de
467 4171 632 4239 entmuitute
643 4170 810 4225 subtractum
827 4169 987 4239 expostules,
1006 4167 1009 4172 '

190 4239 282 4298 lecto-r,
298 4255 330 4290 en
347 4240 398 4292 tibi
409 4241 546 4296 reddimus
560 4256 656 4297 ,cernas
673 4240 805 4310 quosdam
818 4240 875 4309 ejus
888 4242 988 4303 saeculi,

189 4311 298 4360 truciore
316 4311 406 4360 tomen
426 4310 540 4370 incerto,
556 4313 585 4362 in
604 4311 807 4365 uetusto'eode’ce
826 4317 890 4366 uerte
904 4326 991 4380 peren·

185 4378 311 4448 phrasim
321 4379 445 4444 Dionysii
452 4378 628 4432 carthusiani
633 4393 752 4439 esuum,
765 4382 861 4448 quibus
871 4396 991 4435 summu-

188 4449 232 4502 eiu
240 4447 406 4572 &repulerunt
415 4447 545 4502 librorum
555 4448 679 4505 Cmsiuni
684 4453 844 4518 erqumeulu
852 4452 990 4519 perstrin-

188 4534 245 4587 pun
258 4533 300 4573 ur.

267 4611 335 4667 Quos
347 4612 418 4674 Opus'
426 4610 474 4661 hoc
488 4611 562 4662 libros
574 4613 654 4662 leneal
665 4626 811 4675 ooqnosoere
821 4613 841 4663 si
854 4614 906 4671 ris,

266 4675 298 4722 El
313 4672 370 4736 qnid
388 4674 490 4738 quisque
503 4677 584 4725 uret:
599 4674 749 4758 subscriptos
766 4675 862 4741 perlege
879 4689 972 4728 versus.

224 4841 351 4926 'Dirum
360 4843 584 4928 morejuriscoss.
596 4848 880 4930 voeatllmperatorem
891 4862 990 4929 nempe

188 4914 321 4971 Marrmtl.
336 4916 357 4985 l,
370 4932 413 4974 cur
428 4916 479 4975 hos
493 4932 587 4976 tersus
598 4918 695 4976 dicavit
717 4927 746 4978 et
765 4919 865 4995 librum
878 4919 986 4977 obtulit.

1003 1738 1028 1802 Β
1047 1767 1105 1824 llos
1115 1766 1213 1824 collata
1227 1768 1342 1821 Patrum
1353 1763 1453 1820 celebri
1466 1778 1595 1821 sermone
1608 1762 1746 1836 priorum,

1044 1864 1075 1917 ln
1086 1853 1190 1935 duplici
1203 1859 1293 1917 iorma
1310 1857 1480 1915 comitantur
1492 1857 1536 1914 his
1550 1856 1685 1913 duodena.

1042 1957 1150 2013 Horum
1163 1951 1291 2026 quodque
1303 1952 1354 2009 tibi
1369 1951 1439 2024 quid'
1454 1952 1599 2008 honestum
1614 1950 1753 2021 conterat,
1770 1949 1843 2008 audi.

1043 2050 1152 2106 Primus
1165 2048 1240 2105 enim
1255 2031 1364 2119 llloyses
1378 2047 1407 2103 in
1423 2046 1520 2118 primis
1535 2046 1608 2102 seire
1624 2044 1732 2101 duobus

1045 2147 1111 2213 Dat,
1126 2158 1188 2215 quae
1199 2141 1352 2199 destinatio
1363 2139 1471 2209 debeat,
1492 2148 1539 2195 ant
1551 2139 1609 2196 lore
1625 2137 1698 2194 huis.

1043 2237 1221 2308 Discrethue
1232 2234 1311 2307 jubet
1324 2248 1404 2306 super
1418 2232 1512 2290 omnia
1528 2233 1617 2288 vivere
1631 2229 1738 2286 iratres.

1043 2327 1189 2383 Painutius
1196 2326 1361 2382 monachum
1374 2326 1457 2382 docet
1467 2326 1530 2382 iude
1543 2325 1689 2396 relinquire
1699 2320 1844 2380 mundum.

1043 2418 1172 2491 Corporis
1189 2418 1335 2482 illecebras,
1353 2417 1466 2474 Daniele
1481 2416 1598 2473 docente
1616 2415 1723 2470 resiste.

1043 2510 1176 2585 Serapion
1191 2511 1293 2567 iterum
1310 2517 1388 2566 notat
1401 2517 1465 2566 octo
1483 2508 1541 2564 lues
1556 2507 1696 2563 vitiorum.

1042 2612 1205 2668 Sanctorum
1219 2609 1341 2682 loquitur
1350 2607 1385 2664 de
1397 2613 1486 2663 morte
1501 2604 1665 2664 Theodorus
1678 2603 1773 2661 abbas.

1027 2706 1169 2778 ,Carpitur
1182 2703 1343 2776 improbitas
1358 2705 1481 2771 Satanae,
1498 2717 1563 2775 rago
1579 2716 1710 2773 mensque
1730 2701 1844 2766 Sereno,

1043 2805 1079 2858 Et
1093 2801 1127 2858 dc
1140 2799 1285 2873 spiritibus
1296 2797 1443 2854 traduntur
1454 2796 1540 2852 multa
1554 2795 1683 2852 sinistris.

1043 2895 1179 2949 Hortatur
1191 2891 1288 2947 iratres
1304 2894 1380 2947 isaac
1393 2888 1508 2946 Collatio
1523 2887 1587 2944 bina

1042 2983 1183 3042 Orandum
1204 2998 1270 3057 pure
1283 2998 1347 3040 cum
1367 2983 1457 3040 cordis
1472 2981 1660 3054 simplicitate.

1042 3078 1115 3148 Quid
1133 3079 1170 3134 sit
1188 3076 1350 3149 perfeetum,
1363 3075 1427 3148 quid
1441 3084 1560 3140 castum,
1575 3073 1673 3146 quidve
1687 3075 1787 3147 parari,

1041 3174 1201 3246 servarique
1222 3176 1278 3230 Deo
1298 3172 1385 3229 valeat
1399 3171 1523 3238 custode,
1538 3170 1668 3227 docemur

1041 3267 1153 3327 Collatis
1172 3267 1254 3323 trinis
1273 3265 1447 3339 praeceptoris
1464 3264 1652 3322 cheremonis.

1044 3368 1079 3417 nt
1093 3363 1196 3417 summi
1212 3360 1267 3415 reri
1281 3359 1374 3416 divina
1395 3359 1567 3431 cognitione,
1730 3419 1733 3423 ,

1041 3458 1137 3526 Deque
1148 3452 1358 3509 charismatibus
1369 3451 1477 3508 conlert
1488 3451 1537 3507 tihi
1553 3453 1684 3507 Nestoros
1696 3450 1790 3506 abhas.

1042 3547 1132 3604 Dictat
1144 3545 1276 3602 amicitiae
1294 3544 1396 3617 Joseph
1410 3543 1567 3600 firmissima
1579 3543 1639 3615 jura
1655 3563 1661 3599 :

1043 3643 1201 3716 blonstrans
1216 3647 1345 3712 praeterea
1358 3652 1420 3711 qnae
1433 3637 1562 3694 diflinitio
1577 3653 1648 3693 sera.

1043 3739 1094 3792 Ast
1119 3749 1219 3808 genera
1244 3722 1309 3791 hinc
1339 3732 1515 3807 Pyamontria
1541 3740 1720 3804 prosequitur
1751 3748 1848 3788 mona·

1674 3824 1810 3894 [eliorum.

1043 3925 1114 3982 Vitae
1126 3923 1279 3981 communis
1292 3921 1325 3980 de
1344 3921 1407 3990 line,
1421 3922 1461 3978 vel
1476 3921 1650 3978 anachoresis

1043 4019 1213 4093 Colloquitur
1225 4016 1342 4074 salubris
1358 4016 1473 4073 Collatio
1492 4015 1577 4072 multa
1596 4015 1719 4071 Joannis.

1043 4112 1165 4169 Crimina
1180 4109 1311 4185 purgandi
1322 4108 1419 4166 condis
1433 4118 1577 4183 praecepta,
1589 4107 1723 4183 Pynuphi.

1044 4205 1140 4260 Vivere
1158 4204 1255 4277 majori
1276 4202 1351 4259 venia
1367 4203 1608 4276 quinquagesimali

1042 4298 1177 4367 Tempore
1192 4295 1318 4351 concedit
1331 4295 1458 4352 Theonas
1476 4316 1482 4351 :
1495 4296 1612 4352 absolsit
1625 4305 1654 4352 et
1666 4295 1731 4354 illud
1749 4312 1756 4350 :

1044 4386 1182 4443 Accedant
1193 4387 1274 4443 nohis
1293 4402 1376 4459 quare
1389 4387 1580 4459 phantasmata
1597 4388 1696 4444 noctis.

1004 4492 1027 4556 [y
1044 4483 1079 4536 Et
1097 4496 1146 4536 cur
1161 4496 1235 4553 saepe
1252 4480 1354 4537 malum
1369 4480 1443 4554 quod
1465 4483 1604 4548 nolumus,
1623 4483 1677 4538 hoc
1690 4496 1846 4555 operamur.

1043 4573 1215 4634 Concludunt
1227 4591 1323 4634 omnes
1335 4575 1477 4632 seniorum
1496 4576 1656 4633 traditiones

1043 4670 1190 4726 Sermones
1203 4671 1334 4741 Abrahae,
1346 4670 1380 4729 de
1391 4670 1482 4728 carnis
1495 4670 1553 4745 lege
1565 4669 1720 4728 domandae.

1044 4847 1168 4919 Conjieio
1188 4863 1220 4903 er
1237 4847 1400 4920 quibusdam
1416 4850 1523 4908 indiciis
1537 4849 1609 4908 illius
1629 4849 1728 4907 veleris
1747 4853 1774 4906 et
1791 4846 1847 4921 pri-

1044 4934 1098 4977 mas
1114 4919 1239 4977 editioms
1252 4935 1297 4977 an.
1315 4925 1394 4977 rtet.
