3848 6158
155 295 202 361 lrl
833 298 973 362 ioannis
990 301 1143 363 cassiani

152 427 260 486 fusione
284 429 404 499 caleam,
426 434 439 462 ⁸
457 425 539 486 etiam
557 427 672 487 annulos
695 428 796 500 quibus
816 429 998 497 reconditaA
1304 431 1422 489 CAPUT
1439 430 1527 487 XVl.

152 524 359 598 praesignemus,
371 525 400 580 iu
410 523 498 598 digitis
510 525 600 597 palam
614 532 718 596 gestare
729 539 780 580 nos
792 539 847 580 non
863 524 955 597 pudet,
1135 526 1173 578 De
1187 523 1287 592 repulia
1300 522 1470 576 diuersarum
1479 522 1683 591 correptionum.

152 618 251 691 quibus
264 636 320 676 nou
338 619 427 676 solum
444 618 558 674 cistellae
576 617 618 673 vel
636 626 756 689 sportae,
771 615 819 675 sed
836 633 871 674 ne
886 633 956 674 arcae
1044 606 1072 672 Si
1091 614 1151 688 quis
1164 615 1247 687 igitur
1265 614 1419 688 cgillonem
1435 613 1557 678 fictilem,
1577 627 1660 684 quem
1672 610 1814 668 baucalem

153 713 283 784 quidem,
298 711 339 769 vel
352 712 484 778 armaria,
500 711 536 768 ad
559 727 591 768 ea
613 727 676 784 quae
699 712 889 786 congerimus,
913 713 955 769 vel
1009 717 1181 780 nuncupant,
1196 724 1260 765 casu
1273 709 1365 780 aliquo
1376 706 1499 781 fregerit,
1509 723 1566 763 non
1579 706 1656 763 aliter
1673 706 1815 779 negligen-

153 822 215 879 quae
234 807 334 879 egressi
346 807 380 863 de
391 807 492 863 saecudo
506 807 719 875 reservavimus,
734 805 875 865 condenda
895 805 954 864 suf·
1009 801 1075 858 tiam
1089 818 1178 871 suam,
1190 818 1273 875 quam
1284 801 1391 874 publica
1401 800 1487 859 diluet
1498 799 1675 873 poeniteutia:
1691 801 1811 856 cunctis·

151 900 255 956 ficiunt.
270 900 379 972 Quique
398 900 435 956 ita
449 915 658 973 nonnumquam
672 916 721 973 pro
734 899 880 970 vilissimis,
895 900 955 956 nul·
1008 894 1104 968 quein
1122 895 1216 967 synaxi
1230 894 1360 951 iratribus
1372 894 1553 968 congregatis,
1568 892 1673 949 tamdiu
1688 899 1812 963 prostra-

152 992 238 1064 lisque
258 991 341 1048 rebus
360 993 548 1061 accendimur,
568 1008 614 1049 eas
634 993 779 1050 dumtaxat
797 995 872 1051 reiut
888 1007 954 1066 pro·
1008 996 1053 1044 tus
1075 988 1103 1044 in
1123 997 1224 1045 terram
1238 988 1346 1044 veniam
1367 986 1530 1059 postulabit,
1547 985 1636 1043 donec
1655 984 1813 1041 orationum

150 1084 224 1155 prias
237 1084 423 1152 vindicantes,
439 1095 471 1142 ut
483 1085 507 1142 si
519 1087 580 1157 quis
597 1086 639 1142 vel
653 1087 738 1160 digito
757 1087 906 1160 quidquam
919 1105 953 1144 es
1007 1091 1212 1138 consummetur
1232 1081 1404 1150 solemnitas,
1434 1082 1627 1154 impetraturus
1645 1094 1722 1149 eant,
1747 1093 1813 1135 cum

149 1176 193 1235 bis
202 1187 371 1235 contrectare
381 1178 595 1251 presumpserit,
607 1186 682 1235 taum
691 1187 788 1236 eontra
798 1194 860 1235 eum
872 1171 886 1211 θ
896 1180 953 1235 ira·
1003 1174 1097 1247 jussus
1110 1174 1194 1232 luerit
1204 1174 1310 1232 abbatis
1323 1175 1424 1248 iudicio
1444 1176 1478 1232 de
1496 1175 1557 1232 solo
1571 1189 1691 1247 surgere.
1707 1172 1812 1230 lisdem

150 1271 252 1330 cundia
272 1271 459 1346 suppleamur,
478 1281 509 1329 ut
529 1274 744 1330 commotionem
758 1272 849 1330 cordis
863 1273 952 1330 nostri
1007 1267 1092 1324 modo
1105 1267 1253 1326 satisfaciet
1263 1269 1386 1342 quisquis
1400 1268 1434 1325 ad
1446 1285 1516 1340 opus
1531 1268 1642 1342 aliquod
1653 1266 1809 1338 accersitus,

151 1380 215 1422 nea
232 1365 312 1422 labiis
320 1365 442 1438 quidem,
460 1381 493 1423 ac
504 1373 563 1422 tota
574 1366 697 1439 corporis
711 1365 897 1440 indignatione
910 1382 953 1423 rc·
1006 1362 1047 1419 vel
1067 1361 1102 1419 ad
1125 1362 1363 1436 congregationem
1387 1363 1496 1421 solitam
1523 1362 1627 1420 urdius
1645 1360 1810 1430 occurrerit,

150 1475 247 1516 vocare
263 1460 411 1533 possimus.
434 1458 485 1517 Sed
504 1460 695 1532 praetermissis
706 1460 807 1517 nostris
820 1442 910 1530 vitiis,
925 1469 953 1517 et
1005 1462 1053 1512 aut
1065 1455 1087 1512 si
1101 1455 1250 1513 decantans
1270 1455 1417 1529 psalmum,
1430 1456 1471 1513 vel
1483 1456 1625 1513 modicum
1639 1453 1808 1512 titubaverit.

151 1551 196 1609 bis
207 1568 270 1624 quae
284 1568 336 1609 nec
354 1553 565 1609 commemorari
587 1551 697 1624 quidem
711 1552 825 1626 dignum
845 1563 904 1622 est,
917 1553 953 1610 si·
1006 1547 1134 1606 Similiter
1152 1549 1175 1607 si
1186 1550 1338 1622 superflue,
1355 1549 1379 1607 si
1398 1549 1510 1619 durius,
1525 1549 1548 1606 si
1569 1548 1757 1607 contumacius
1768 1565 1811 1606 re-

150 1654 234 1710 pentio
249 1654 365 1722 ,mqug
377 1654 529 1712 secundum
542 1654 609 1712 prud
621 1656 760 1726 ,loquium
774 1674 781 1710 :
793 1658 852 1714 Nm,
863 1658 953 1726 poppa.
1004 1643 1156 1718 sponderit,
1172 1643 1195 1701 si
1207 1643 1387 1716 negligentius
1405 1643 1534 1716 obsequia
1552 1644 1672 1717 injuncta
1688 1644 1809 1716 comple·

150 1762 196 1812 ,ur
205 1773 233 1813 03
243 1774 331 1814 meum
344 1774 427 1829 (ΨΜ
436 1760 574 1816 mminum
583 1761 591 1831 p
598 1760 670 1815 ΡΜ),
684 1758 768 1831 ΠΨ
780 1759 893 1815 ,istum
903 1775 951 1831 po,
1006 1739 1084 1807 verit,
1095 1739 1117 1795 si
1128 1739 1168 1794 vel
1180 1738 1273 1796 leviter
1286 1739 1510 1809 murmuraverit,
1523 1737 1546 1794 si
1562 1737 1705 1794 lectionem
1722 1739 1809 1820 operi,

148 1858 205 1917 tius
239 1875 301 1934 (μω
313 1859 462 1934 apudffloe
476 1869 540 1918 sun,
576 1869 604 1920 et
619 1862 678 1918 hm
701 1876 765 1932 Μ
774 1876 825 1918 „⁰⁵
844 1867 990 1934 quoquess
1006 1831 1047 1887 rel
1062 1831 1224 1888 obedientias
1241 1830 1386 1903 praeterens
1399 1829 1490 1888 officia
1505 1839 1607 1888 statuta
1619 1831 1731 1902 segnius
1744 1830 1809 1889 fue-

149 1900 224 2023 omn}
244 1965 335 2023 nudie
364 1965 496 2023 debemus
516 1903 656 2040 ap’pwe'
680 1901 772 2038 :apto
790 1964 952 2023 mmm!
1005 1925 1042 1981 rit
1061 1934 1221 1995 exsecutus,
1236 1925 1258 1981 si
1275 1913 1289 1958 ‘¹
1304 1924 1415 1982 dimissa
1436 1924 1530 1999 syneri
1551 1942 1607 1982 non
1627 1926 1751 1982 concitus
1772 1925 1809 1982 ad

203 2070 209 2082 .
493 2071 499 2083 .
631 2070 637 2083 .
1006 2017 1102 2076 cellam
1116 2034 1256 2076 recurrere
1275 2017 1459 2088 festinaverit,
1480 2019 1503 2075 si
1527 2035 1591 2075 cum
1613 2017 1702 2090 aliquo
1717 2017 1759 2073 vel
1772 2016 1809 2074 ad

150 2069 245 2127 ΜΗΘ
263 2084 474 2173 mmuh
491 2084 686 2142 'psasquejam
709 2069 834 2143 ‘Qum’
854 2086 887 2174 ⁸.⁰
905 2080 952 2143 ty*
1005 2112 1145 2170 modicum
1168 2112 1333 2181 substiterit,
1358 2111 1399 2169 vel
1418 2115 1440 2169 si
1465 2112 1500 2169 ad
1524 2120 1655 2184 puuctum
1678 2109 1808 2184 temporis

150 2175 201 2233 pos
225 2176 327 2217 cursim
347 2161 518 2234 breviterque
539 2178 688 2233 ponamus,
705 2171 737 2219 ut
763 2173 952 2235 pervenientes

776 2263 781 2274 ,
1006 2206 1114 2282 uspiam
1129 2206 1304 2275 secesserit,⁸
1324 2207 1347 2264 si
1366 2207 1479 2263 alterius
1502 2207 1620 2263 tenuerit
1641 2221 1771 2274 manum,
1783 2204 1807 2260 si

150 2259 282 2332 posthaec
296 2275 328 2317 ac
342 2261 475 2334 quosdam
489 2270 568 2319 aetus
582 2269 705 2335 etopera
723 2277 874 2334 seniorum,
889 2279 951 2336 quae
1004 2291 1015 2330 a
1027 2314 1091 2357 cum
1113 2299 1170 2364 ino,
1186 2298 1240 2372 ¹qui
1265 2299 1369 2357 cenulae
1392 2314 1449 2356 sum
1475 2297 1647 2356 cohabitator
1671 2313 1729 2354 non
1745 2305 1807 2367 est,

148 2360 269 2419 studim
303 2361 446 2420 memma
482 2361 612 2421 mandam
644 2362 835 2436 di⁸9⁰¹¹im¹¹⁸t
873 2362 964 2433 ms
1005 2389 1178 2449 confabulari
1205 2391 1486 2465 quantulumcumque
1514 2390 1730 2462 presumpserit,
1750 2391 1764 2430 Β
1783 2390 1808 2447 si

150 2477 211 2538 quae
223 2473 319 2522 mliii
333 2465 501 2539 ⁶¹l⁰⁸ffi⁰¹¹⁰
517 2464 621 2538 digesta
635 2473 716 2535 sunt,
736 2465 811 2522 '⁰¹¹¹‘
827 2465 950 2524 ῑθθῑῑωθ·
1005 2484 1123 2542 omverit
1142 2500 1205 2542 cum
1220 2484 1277 2553 illo,
1290 2484 1337 2556 qui
1351 2492 1395 2541 est
1410 2484 1445 2541 ab
1465 2484 1588 2540 oratione
1606 2497 1770 2554 suspensus,
1783 2482 1806 2540 si

148 2568 204 2627 lffil
227 2569 412 2642 llfidifllmlb
425 2570 606 2640 ¹⁰b010m⁰⁸3
630 2569 775 2637 universas
794 2581 857 2642 ‹11¹ae
877 2567 949 2625 dili·
1004 2587 1148 2654 pareutum
1168 2578 1324 2652 quempiam
1343 2578 1385 2634 vel
1409 2576 1562 2634 amicorum
1575 2574 1746 2633 secularium
1763 2575 1807 2631 vi-

148 2687 228 2742 mus,
247 2672 380 2747 exemplis
391 2689 489 2732 eorum
514 2673 624 2751 potius,
648 2689 681 2730 ac
705 2672 768 2730 vitae
791 2673 951 2731 auctoritate
1003 2673 1074 2731 derit
1087 2673 1151 2742 [Al.
1168 2671 1259 2729 videm
1275 2671 1450 2741 tentaveritJ,
1465 2670 1508 2727 vel
1521 2670 1676 2728 collocutus
1696 2669 1736 2726 eis
1748 2669 1806 2727 sine

18 2767 32 2782 “
148 2766 297 2827 firmantes.
321 2835 325 2842 ι
1003 2782 1055 2825 suo
1067 2765 1150 2823 luerit
1163 2766 1285 2839 seniore,
1305 2759 1358 2823 ¹¹si
1381 2766 1525 2838 epistolam
1544 2765 1740 2837 cujuscumque
1755 2779 1806 2822 su·

697 2868 827 2927 ALthll
846 2869 957 2928 GAZAEl
978 2866 1256 2926 COMMENTARIUS.
1300 2926 1303 2931 ,

148 2984 244 3030 earum
266 2971 461 3043 apothecarum
486 2968 678 3026 custodiuntur
705 2976 734 3024 et
763 2975 946 3024 asservantur.
1039 2969 1169 3039 ‘Nempe
1179 2965 1290 3038 quoda
1309 2967 1428 3040 puritate
1441 2977 1470 3026 et
1482 2966 1618 3026 modestia
1629 2965 1755 3041 religiosa
1775 2964 1804 3026 ld

149 3042 474 3114 transeamusque
487 3048 650 3111 sequuntur.
724 3042 731 3060 ⁵
1002 3038 1124 3096 alienum
1137 3039 1181 3094 sit.
1196 3038 1269 3094 Etid
1283 3039 1394 3110 quidem
1409 3041 1437 3096 in
1451 3039 1613 3112 quibusdam
1627 3038 1804 3110 religionibus
1896 3049 1900 3057 '

182 3117 196 3146 ⁸
208 3113 332 3170 annalem
348 3119 427 3167 notat
440 3110 584 3183 sigillares,
594 3109 835 3192 sivesiguatorios,
848 3109 948 3182 quibus
1001 3109 1123 3166 districte
1143 3109 1314 3181 prohibetur,
1332 3127 1366 3165 ne
1383 3114 1445 3181 qais
1466 3113 1582 3166 alteram
1596 3116 1703 3180 tanqot.
1724 3113 1761 3166 Et
1774 3110 1803 3166 in

148 3183 297 3240 utebantur
314 3191 427 3250 veteres,
446 3196 503 3237 uon
515 3182 605 3236 solum
623 3181 659 3239 ad
678 3182 792 3248 litteras,
814 3183 871 3238 sire
887 3182 948 3253 epi·
964 3186 987 3251 c
1002 3181 1108 3252 Regula
1121 3183 1150 3237 S.
1165 3180 1315 3249 Pachumii,
1324 3189 1376 3236 art.
1388 3189 1423 3238 53
1438 3202 1443 3237 :
1456 3185 1538 3240 Neam
1550 3185 1580 3237 in
1593 3183 1707 3237 terestres
1721 3183 1805 3236 altem

147 3255 232 3313 stolas
244 3254 378 3325 impresso
391 3252 480 3324 sigillo
489 3251 689 3324 obsignandas:
705 3268 801 3310 verum
816 3251 949 3310 etiamad
1004 3256 1148 3324 loquutur:
1159 3253 1250 3307 nauus
1258 3267 1318 3306 cum
1327 3254 1412 3308 altaro
1424 3253 1543 3308 dormiat
1555 3253 1803 3308 :manummerias

147 3340 222 3383 seres
243 3325 407 3390 domorum,
422 3324 601 3390 scriniorum,
620 3322 790 3393 asculanum,
813 3327 871 3380 vice
891 3324 950 3379 cla·
1002 3339 1078 3381 rento
1093 3328 1182 3378 teneat
1195 3323 1285 3389 (Vide
1296 3325 1476 3393 mpamuslib.
1488 3338 1513 3380 ιι
1525 3341 1584 3394 cap.
1603 3329 1660 3391 15).

149 3396 233 3463 dum,
257 3395 425 3453 obserandas
440 3396 528 3464 (Vide
551 3400 706 3452 Duronium
720 3396 767 3450 lib.
782 3410 807 3452 11
819 3395 948 3452 debitio.
1015 3438 1019 3447 .
1039 3388 1149 3451 ‘Erant
1166 3409 1231 3475 ergo
1250 3394 1366 3451 subinde
1387 3395 1509 3466 ejusdem
1531 3395 1636 3451 cellulae
1659 3394 1731 3461 duo,
1758 3393 1802 3451 vel

149 3467 247 3525 metes.
268 3483 291 3522 c.
305 3471 339 3535 93
355 3467 586 3524 tutamentis.
601 3469 717 3523 vrbect.
734 3469 830 3536 datm.
847 3483 870 3522 c.
885 3465 948 3592 1233
1003 3467 1095 3539 plures
1113 3464 1323 3520 cohabitatores.
1339 3467 1419 3534 Quod
1442 3474 1471 3520 et
1489 3466 1635 3523 Cassianus
1656 3464 1802 3523 confirmat

148 3539 235 3594 immo
245 3537 281 3594 sd
295 3538 366 3609 ipsas
382 3536 471 3593 claves
484 3538 592 3593 cautius
604 3536 806 3602 custodiendas,
821 3545 853 3593 ut
867 3545 908 3592 tra
929 3538 950 3592 it
1002 3537 1095 3594 collat.
1107 3542 1154 3606 ιο,
1165 3551 1227 3604 cap.
1244 3541 1255 3590 l
1271 3544 1299 3591 et
1312 3543 1339 3604 2,
1357 3536 1404 3592 ubi
1418 3537 1572 3608 syncellitas
1586 3547 1665 3593 vocat
1676 3537 1802 3607 ejusdem

148 3609 252 3667 Plinius
263 3607 309 3664 lib.
327 3622 428 3664 ssxru
440 3608 599 3680 cap.l‚uhi
611 3608 653 3663 sui
664 3615 757 3678 tempo
771 3608 808 3664 ris
820 3606 950 3664 conditio
1002 3607 1079 3665 cellae
1103 3606 1317 3673 cohabitatores,
1336 3608 1383 3664 ubi
1407 3605 1484 3677 plura
1507 3607 1596 3664 videre
1619 3619 1661 3665 est
1675 3608 1705 3664 in
1731 3607 1803 3664 banc

149 3695 295 3763 uem-cum
312 3680 433 3762 antiquis
458 3679 582 3763 moribus
599 3677 745 3763 conferens
766 3680 859 3763 :Que
874 3680 947 3746 suit,
1002 3693 1063 3760 rem
1076 3685 1205 3733 annotata
1231 3697 1237 3732 :
1260 3677 1381 3749 itemque
1399 3678 1448 3734 lib.
1478 3693 1504 3735 ιι
1526 3680 1647 3739 lustitut.
1665 3695 1726 3751 cap.
1752 3683 1801 3745 12,

88 3835 92 3842 ·
147 3751 948 3905 ffiwffiffiweffiqffewfflm
1001 3749 1369 3905 etl'eliis‘isacii-¹ps'uaspensione
1382 3828 1409 3877 et
1431 3821 1562 3881 orationis
1574 3818 1734 3879 inhibitione
1751 3775 1802 3878 su:

147 3894 322 3948 vindicantur
335 3909 352 3947 a
366 3909 483 3963 rapinam
496 3897 522 3947 et
532 3893 616 3946 eloam
630 3905 816 3962 qaoqnespsos
827 3907 949 3962 aequasse
1001 3906 1093 3964 penus
1106 3901 1199 3948 actum
1213 3893 1341 3960 est(l.th.
1358 3907 1383 3949 ιι
1393 3909 1416 3948 c.
1434 3897 1488 3962 itt).

148 3980 203 4020 non
214 3966 344 4032 estsutvs3
356 3965 478 4033 praeeatis
490 3978 591 4026 somno,
604 3968 655 4018 aut
666 3963 841 4018 mommtihas
852 3963 950 4018 annuli
1037 3957 1108 4019 ”Ad
1120 3963 1217 4019 vitium
1232 3964 1404 4036 proprietatis
1424 3964 1452 4020 in
1465 3963 1601 4021 monacho
1613 3962 1739 4034 pertinet,
1754 3980 1800 4020 se·

148 4035 339 4091 detrahuntur.
355 4037 421 4090 liaec
434 4034 488 4090 ille.
504 4034 549 4091 Sic
560 4042 588 4089 et
601 4034 727 4090 Clemens
737 4033 947 4100 Alexandrinus,
1002 4034 1122 4091 mudum
1135 4036 1301 4102 Nararmm,
1320 4034 1422 4091 litteras
1434 4035 1515 4102 dare,
1534 4036 1574 4092 vel
1595 4033 1717 4105 accipere
1730 4035 1800 4093 citra

148 4106 269 4178 quodssin
287 4106 459 4178 sponsalibus
474 4104 535 4161 loco
555 4104 645 4161 amhae
660 4105 740 4160 datus
763 4105 899 4171 annulus,
913 4104 949 4161 ab
1001 4121 1169 4162 consensum
1192 4114 1241 4161 aut
1263 4105 1399 4162 licentiam
1422 4107 1582 4178 superioris,
1604 4105 1667 4160 licet
1684 4105 1734 4161 alia
1751 4122 1800 4163 ra-

148 4192 234 4233 uxore
246 4193 304 4234 sem
340 4179 396 4232 rin
407 4177 490 4249 digito
508 4183 669 4249 gestaretur,
684 4175 711 4233 id
724 4191 780 4231 nou
794 4184 850 4232 tarn
864 4192 949 4232 orna-
1002 4177 1177 4248 tionepossit
1191 4176 1322 4232 etiamad
1337 4176 1741 4246 peccatumiuobediautiaeaut
1755 4178 1799 4232 in-

147 4255 193 4303 tus
206 4261 288 4302 causa
321 4247 360 4301 eri
375 4247 456 4315 dicit,
470 4262 553 4318 quam
572 4255 604 4303 ut
614 4247 771 4319 obsignaret
784 4248 883 4304 eodem
896 4263 948 4303 au·
1001 4248 1175 4304 continentie
1186 4245 1283 4303 referri
1300 4247 1515 4303 :inobedientia
1526 4248 1649 4320 quidem,
1664 4256 1800 4318 quatenus

148 4316 225 4381 nulo,
239 4329 302 4386 que
310 4316 386 4372 domi
399 4318 593 4385 sunttPedop.
608 4319 628 4371 t.
643 4332 682 4373 ιιι
694 4333 753 4387 cap.
770 4321 828 4383 fr).
847 4317 948 4390 Hujus·
1001 4318 1204 4389 ocnrlteprtece
1223 4325 1284 4372 tum
1298 4317 1606 4389 obedientiaeinlriugit3
1626 4319 1799 4376 incontinen-
1843 4330 1846 4335 ’

149 4385 226 4443 modi
239 4401 305 4457 ergo
325 4386 443 4467 annulos
466 4387 548 4441 etiam
559 4387 600 4466 'in
618 4387 646 4442 di
668 4386 711 4467 [tis
725 4388 896 4468 condebant,
919 4397 947 4446 et
999 4388 1055 4456 tiae,
1069 4388 1092 4444 si
1111 4388 1145 4444 ad
1159 4333 1334 4443 viosstionem
1349 4388 1479 4445 castitatis
1496 4389 1592 4445 tendat
1604 4393 1718 4455 (Novar.
1734 4407 1799 4446 com

149 4457 292 4530 gestabant
307 4458 422 4528 quadam
439 4454 566 4512 monachi
589 4470 656 4527 pecu
667 4471 694 4511 ro
706 4455 823 4525 addicti,
836 4473 891 4528 quo
903 4474 946 4514 rsa
999 4463 1080 4514 ment.
1098 4464 1114 4514 ²
1129 4460 1162 4514 da
1180 4461 1308 4529 Regular.
1322 4475 1398 4515 nam.
1423 4464 1455 4515 la
1470 4465 1496 4515 at
1510 4463 1608 4517 Cmasd.
1631 4467 1675 4525 73,
1697 4462 1730 4516 dc
1745 4464 1798 4518 ile-

148 4542 213 4583 suas
223 4527 330 4583 cautius
342 4527 519 4607 custodirent,
529 4534 560 4581 ut
579 4529 684 4609 Auctor
701 4525 811 4609 indicat,
828 4543 946 4599 quorum
959 4584 985 4646 D
999 4531 1165 4612 comtibus).
1187 4535 1213 4587 A
1229 4545 1283 4613 qua
1295 4539 1388 4587 tamen
1401 4532 1494 4604 regula
1510 4532 1681 4604 excipiuntur
1698 4533 1799 4615 litterae

148 4596 946 4752 “lfaitiiltmti'ililttillutibilis}
999 4602 1799 4747 tuntliitultliitattia.i.usitati

148 4742 304 4812 Scriptura,
315 4741 368 4796 boc
376 4749 427 4807 est,
439 4739 700 4797 vehementerrrascr
713 4743 826 4806 (Euclea
836 4755 945 4812 xxxix,
1000 4744 1150 4815 permissas.
1174 4744 1248 4800 Hinc
1264 4746 1311 4801 SS.
1332 4746 1428 4800 Patres
1445 4745 1540 4801 atrine
1560 4744 1627 4801 illud
1649 4744 1798 4815 prohibue-

147 4814 225 4868 ane
237 4827 282 4883 ιι,
292 4814 354 4868 Act.
365 4827 386 4868 r
395 4816 422 4868 et
433 4817 513 4879 ιιιιι).
526 4810 598 4867 Alibi
606 4813 728 4884 suppleri
736 4812 836 4877 dolore,
846 4814 943 4870 collat.
999 4822 1074 4870 runt.
1087 4817 1124 4870 D.
1144 4815 1258 4872 Basiliis
1271 4831 1287 4872 a
1304 4815 1457 4888 Smaragdo
1476 4817 1575 4872 citatus
1591 4820 1689 4889 (mem
1702 4824 1798 4873 tamen

147 4889 290 4955 sceptu,
303 4891 331 4940 et
342 4883 439 4940 collat.
451 4888 555 4955 iscap.
571 4887 619 4948 lla
633 4885 728 4951 farore
738 4885 867 4955 stappleri,
879 4886 946 4942 Col-
998 4883 1090 4940 locum
1113 4885 1235 4941 nondum
1255 4887 1374 4958 reperire
1392 4887 1505 4957 potuil:
1526 4890 1624 4944 Natam
1643 4888 1795 4957 quodlibet,

148 4955 196 5011 lat.
220 4960 251 5036 ιβ
263 4970 323 5026 cap.
337 4957 387 5023 183
400 4956 514 5036 calipius
527 4955 657 5036 suppleri,
670 4955 719 5010 lib.
729 4970 751 5012 x
763 4972 822 5039 cap.
837 4961 863 5010 2.
998 4957 1053 5036 siue
1067 4957 1202 5027 epistolas,
1216 4973 1291 5013 neno
1302 4960 1447 5013 anonaclets
1461 4961 1586 5029 occipiat,
1597 4974 1645 5013 nec
1661 4959 1728 5013 dure
1739 4961 1798 5014 sine

205 5025 343 5083 Gallonem
363 5040 426 5095 quas
449 5024 631 5096 intelligeret,
658 5026 711 5082 nisi
732 5028 878 5083 Cassrarms
897 5035 946 5083 ut·
993 5030 1113 5096 arestone
1125 5028 1231 5082 obbatis
1244 5033 1393 5099 presumat
1405 5032 1502 5099 (Epist.
1519 5035 1556 5094 2).
1568 5032 1603 5084 D.
1615 5030 1798 5102 Hieronymus

147 5095 519 5169 cumqueexposuissctl'es
551 5112 585 5152 uo
606 5112 653 5152 vas
667 5097 790 5153 hetileet
807 5098 944 5168 potorium
999 5099 1131 5154 lateralia
1154 5099 1361 5182 vitereligiosae
1382 5101 1545 5156 documenta
1564 5102 1716 5172 Nepotiane
1737 5108 1798 5156 tra-

147 5165 232 5223 fuissc
245 5166 409 5240 colligimus,
430 5165 504 5237 quod
518 5111 571 5222 a‘ha
585 5181 650 5222 rooe
664 5168 730 5223 item
745 5166 859 5223 barbara
872 5168 945 5224 bau-
998 5168 1053 5223 dita
1070 5189 1076 5224 :
1090 5170 1201 5232 crebra,
1214 5170 1317 5242 iuquit,
1332 5173 1501 5234 munuscula,
1514 5176 1539 5226 et
1553 5172 1703 5234 sudumola,
1717 5177 1744 5226 et
1756 5175 1798 5241 (a

147 5238 236 5294 mlem
258 5236 452 5309 nuncupabant
470 5238 581 5303 (lunius
601 5238 809 5305 nomenclator).
833 5238 945 5311 liispani
997 5241 1103 5305 sciolas,
1116 5246 1142 5295 ct
1156 5242 1256 5296 oblatos
1268 5258 1300 5297 oe
1313 5242 1466 5311 daqmtntos
1480 5243 1561 5305 cibos,
1583 5244 1750 5312 tlurvdasquc
1764 5259 1797 5299 aa

147 5307 332 5381 congilonem,
346 5309 405 5363 ltsli
423 5306 544 5370 boemie,
565 5321 613 5363 seu
624 5307 785 5375 boccalium,
809 5308 881 5364 Galli
891 5309 944 5365 lla-
997 5311 1087 5367 duleas
1102 5313 1236 5368 litterulas
1248 5317 1355 5368 saneim
1367 5329 1444 5368 umor
1454 5330 1507 5368 raon
1522 5315 1602 5369 habat
1615 5316 1718 5384 (Epist.
1733 5320 1794 5381 48).

80 5370 91 5391 ’
146 5392 260 5435 mnam
275 5386 384 5435 vocant.
400 5382 434 5434 lit
451 5377 585 5449 βαυκάλιον
598 5376 710 5450 quidem
722 5380 883 5436 Graemvox
902 5388 944 5436 est
997 5382 1129 5454 idemque
1140 5382 1204 5438 alibi
1218 5382 1353 5439 Sabiniani
1371 5385 1515 5456 cujusdam
1530 5385 1635 5441 dianoni
1651 5399 1714 5441 cum
1726 5401 1797 5457 qua-

147 5450 220 5521 apud
244 5455 265 5506 Δ
288 5449 444 5506 hrodiseum
466 5450 496 5505 in
517 5449 774 5521 problematibus,a
797 5464 850 5522 qua
864 5466 943 5508 voces
996 5451 1062 5508 dam
1078 5454 1180 5526 virgine
1193 5469 1269 5510 sacra
1280 5469 1329 5526 per
1343 5455 1463 5511 occultas
1474 5455 1577 5511 litteras
1588 5455 1703 5512 nelanda
1714 5471 1797 5512 eom·

146 5520 204 5577 hta
221 5519 271 5577 bar
307 5529 385 5576 raeet
400 5522 524 5594 vulgares
545 5520 668 5587 decute,
691 5519 878 5594 significatque
896 5539 943 5579 va·
999 5526 1101 5581 mercia
1119 5525 1216 5581 acerbe
1237 5525 1368 5597 deplorat
1386 5527 1416 5582 S.
1431 5527 1599 5599 Augustinus
1620 5527 1647 5583 in
1665 5527 1795 5600 Regulus

145 5593 253 5649 sculum
267 5591 373 5663 angusti
396 5590 463 5658 oris,
488 5591 589 5661 ventris
602 5590 713 5665 turgidi,
726 5593 801 5664 potui
824 5602 873 5650 eut
885 5609 946 5651 ser-
999 5597 1201 5666 Quicumquem
1214 5601 1320 5652 tautum
1327 5600 1581 5667 propressustaerit
1592 5599 1704 5660 melam,
1715 5603 1747 5652 ut
1758 5615 1797 5654 oc·

145 5663 233 5720 vaardo
247 5662 344 5735 liquori
359 5662 580 5719 accommodum.
998 5667 1068 5722 eatae
1079 5669 1114 5722 nh
1127 5669 1219 5738 atquo
1228 5668 1343 5732 literas,
1355 5670 1397 5723 aei
1408 5669 1545 5738 quodlibet
1555 5685 1654 5724 munias
1667 5671 1795 5739 occipiat,

179 5722 440 5807 “Congregationm
466 5743 528 5804 post
542 5740 683 5805 peractum
704 5732 836 5792 cilicium.
861 5735 944 5793 stibi.
982 5739 1159 5796 ,simaltro
1167 5741 1334 5809 militanter,
1343 5744 1476 5808 parcatur
1485 5740 1537 5803 itti,
1546 5745 1571 5794 et
1579 5742 1793 5810 orctarproille.

143 5807 208 5862 Post
218 5808 330 5862 Musam
344 5807 566 5875 contareqotionis,
579 5813 642 5879 post
653 5808 804 5864 emtionem
816 5811 942 5872 Missam,
998 5809 1029 5865 Si
1040 5814 1132 5864 numm
1139 5809 1357 5879 depmhertditur.
1371 5815 1452 5879 otqroe
1464 5812 1637 5873 mnoinmhtr,
1649 5811 1797 5867 seeundum
1885 5860 1888 5867 .

136 5880 226 5931 Merra
241 5879 368 5934 mamice
382 5878 516 5942 absoluto,
528 5885 556 5936 et
570 5877 742 5950 hujusmodi.
798 5920 800 5926 s
998 5879 1144 5936 arbitrium
1161 5883 1304 5951 prepositi
1320 5883 1431 5952 promtis
1449 5881 1604 5939 mandatur
1615 5883 1698 5953 (cap.
1720 5888 1755 5938 1⁴
1768 5887 1796 5939 et
