3848 6158
158 316 209 377 655
695 306 835 364 tumulis
854 294 1004 362 CASSlle
1022 299 1265 361 constrictius
1762 293 1816 354 tte

156 450 203 506 sed
218 448 255 504 illi
270 443 378 519 prolicit
388 440 421 498 ad
435 430 589 496 mercedem
603 435 649 507 qui
667 434 741 489 illata
756 433 807 489 sibi
826 432 958 504 patienter
971 435 998 497 Α
1011 434 1126 499 somam,
1140 435 1171 484 ut
1189 430 1337 484 seductores
1359 431 1385 481 et
1400 438 1517 491 aerucam
1541 429 1572 480 ut
1589 426 1689 487 tristes,
1709 437 1818 492 semper

40 545 45 558 '
156 545 270 616 excepit.
283 539 441 610 Ideoqueet
455 534 498 588 iric
511 526 953 599 meritopnnietnrprocrndelita·
1008 531 1096 581 autem
1116 525 1274 595 gaudentem
1297 526 1329 577 ut
1344 525 1448 590 epactes
1470 519 1566 574 multos
1582 522 1674 572 autem
1699 516 1817 586 locuple-

158 640 190 693 tis
199 634 313 695 saevitia,
328 647 381 702 qua
393 627 497 683 malum
514 623 599 679 voluit
616 621 726 689 inlerre,
746 628 774 676 et
795 620 837 676 ille
854 619 955 676 nibilo-
1010 623 1097 673 tontes
1111 619 1154 685 (ΙΙ
1170 618 1228 673 Cur.
1250 615 1311 687 vt),
1331 623 1385 671 etc.
1407 612 1493 670 Omni
1515 626 1580 682 ergo
1602 625 1666 683 quae
1682 624 1818 681 prospera

157 731 247 784 minus
261 725 328 780 nihil
348 721 412 777 mali
429 731 573 792 perpessus
587 724 638 782 est,
660 714 732 786 quia,
753 714 854 769 virtute
872 713 955 769 animi
1009 719 1180 783 reputantur,
1193 718 1220 765 et
1234 709 1337 766 dextrae
1355 706 1483 764 dicuntur
1507 704 1601 776 partis,
1613 719 1676 774 quac
1701 711 1821 760 sauctus

157 823 200 876 sni
213 820 345 891 patienter
363 813 525 870 tentationes
548 810 709 881 doloresque
734 815 901 873 sustentans,
924 820 956 862 ea
1011 809 1158 881 Apostolus
1171 807 1302 880 gloriaest
1318 805 1397 861 bouae
1421 804 1502 861 famae
1526 800 1660 858 vocabulo
1682 799 1816 873 designa.

158 928 220 984 qnae
231 912 303 967 malo
316 908 457 981 proposito
470 906 542 963 illata
554 911 628 970 sunt,
641 903 674 959 ad
688 899 843 973 proiectam
856 899 958 956 melio·
1011 904 1115 973 vitilia
1132 903 1214 960 etiam
1236 916 1297 974 qnae
1315 900 1514 957 existimantur
1534 895 1659 964 aduersa,
1682 911 1750 968 qnae
1770 912 1817 969 per

158 1007 194 1062 ris
212 1012 298 1063 status
318 1008 345 1061 et
365 1011 479 1061 eternae
498 999 561 1056 uitas
578 996 643 1055 iecit
662 994 858 1054 bmtitudinem
877 991 959 1068 perti·
1011 997 1209 1071 ignobilitatem
1222 1004 1249 1051 et
1261 993 1402 1051 infamiam
1416 992 1555 1049 evidenter
1570 991 1714 1062 expressit,
1736 1004 1817 1061 qnae·

158 1114 232 1156 uere.
1011 1106 1092 1162 quea
1106 1089 1221 1147 sinistris
1235 1104 1294 1145 esse
1314 1086 1451 1154 describit,
1475 1084 1630 1140 efficiuntur
1643 1082 1701 1139 viro
1724 1084 1816 1156 perte·

463 1197 584 1255 cuent
603 1196 654 1251 lx.
1011 1187 1055 1235 cto
1068 1195 1143 1236 arma
1153 1179 1276 1252 justitia,
1289 1177 1312 1232 si
1326 1176 1401 1232 illata
1413 1174 1462 1230 sibi
1483 1172 1696 1246 magnanimiter
1705 1181 1816 1230 susten·

159 1311 319 1380 crematam
339 1307 410 1363 aeaut
431 1309 478 1364 raa
498 1324 516 1361 a
534 1308 640 1362 arcaea
656 1308 761 1369 raas,
779 1309 804 1360 u
821 1306 958 1360 numiam
1010 1273 1117 1340 averti,
1139 1272 1213 1379 {1⁰⁰⁶
1228 1271 1361 1379 lidii&
1375 1285 1430 1375 ‘par
1450 1267 1509 1324 *¹³⁸⁰
1530 1267 1673 1335 dimimns,
1709 1275 1739 1323 θῑ
1758 1267 1815 1373 Q

194 1383 264 1438 icida
273 1381 387 1443 traditi3
402 1384 429 1434 et
441 1379 513 1449 quod
520 1379 595 1446 iusto
610 1382 666 1434 tam
673 1393 804 1450 prospero
816 1392 899 1449 qaum
909 1376 958 1431 nd-
1010 1367 1075 1441 ipsis
1103 1367 1203 1440 quibus
1226 1381 1383 1438 impugnari
1413 1369 1532 1435 putatur,
1556 1371 1704 1434 tamquam
1733 1376 1816 1418 armis

194 1451 610 1522 ”iiiiPTOllil'ssililldissliliim-
1012 1459 1124 1529 utendo,
1137 1460 1230 1532 eisque
1256 1458 1330 1514 velut
1349 1472 1414 1513 arcu
1435 1461 1463 1510 et
1483 1453 1572 1526 gladio
1592 1461 1729 1527 scutoque
1751 1454 1814 1510 vali·

195 1567 289 1634 Neque
307 1562 382 1618 enim
405 1571 418 1597 ⁸
439 1559 566 1632 patientia
584 1558 637 1614 Job
656 1557 810 1615 mercedem
831 1557 957 1621 diabolo,
1011 1554 1127 1612 dissime
1141 1562 1238 1610 contra
1251 1552 1313 1608 illos
1329 1551 1375 1623 qni
1389 1548 1449 1606 baec
1470 1548 1596 1621 ingerunt
1615 1549 1814 1616 communitus,

159 1659 205 1729 qui
221 1672 286 1712 eum
301 1654 477 1712 illustriorem
490 1654 545 1710 suis
561 1650 756 1708 tentationibus
767 1650 896 1719 reddidit,
911 1651 959 1707 sed
1012 1646 1164 1720 proiectum
1176 1661 1234 1704 snm
1246 1645 1382 1718 patientiae
1391 1658 1423 1699 ac
1435 1642 1542 1699 virtutis
1554 1641 1688 1714 acquirat,
1713 1642 1816 1716 glorio·

159 1752 197 1808 illi
216 1752 266 1823 ipsi
288 1750 336 1823 qni
355 1765 402 1806 eas
425 1748 534 1805 viriliter
551 1746 676 1820 pertulit,
694 1744 850 1817 acquisierim
874 1739 889 1778 b
909 1760 960 1801 nec
1011 1741 1153 1822 sissimnm
1161 1739 1325 1797 consantiae
1339 1735 1512 1808 triumphum
1527 1735 1641 1806 exipsis
1653 1735 1816 1808 qnsrletlsa-

159 1841 244 1898 Judas
267 1838 360 1896 artemi
383 1837 508 1910 supplicii
525 1836 699 1893 immunitate
722 1834 879 1898 donabitur,
897 1833 959 1905 qnia
974 1852 999 1916 B
1012 1837 1072 1894 liter
1083 1836 1237 1893 inferuntur
1246 1834 1356 1907 capiens
1370 1832 1496 1889 bostium
1507 1831 1585 1900 telis;
1605 1845 1653 1887 uec
1671 1833 1815 1904 prosperis

159 1934 280 2007 proditio
300 1931 543 2006 purpurantem
567 1929 673 2003 generis
696 1926 810 2001 profecit
833 1925 957 1983 humani.
1012 1931 1153 1990 dumtaxat
1170 1930 1267 1994 elatus,
1285 1943 1335 1984 uec
1355 1926 1477 1999 dejectus
1496 1924 1627 1991 adversis,
1644 1924 1694 1981 sed
1712 1925 1817 1983 itinere

160 2033 223 2085 Non
244 2028 318 2084 enim
338 2033 486 2097 protentus
503 2020 770 2080 considerandnsest
791 2020 896 2091 operis,
910 2018 960 2076 sed
1012 2026 1137 2098 planare
1162 2025 1205 2082 via
1222 2022 1295 2095 regia
1319 2036 1428 2093 semper
1448 2018 1589 2087 incedens,
1611 2018 1647 2076 ab
1668 2018 1717 2074 illo
1739 2027 1817 2075 tran.

159 2121 296 2193 operantis
318 2117 443 2174 allectus.
462 2119 635 2189 Quapropter
652 2112 711 2171 baec
734 2112 854 2170 debetis
877 2112 959 2168 nobis
1013 2118 1154 2189 quintinus
1181 2125 1252 2173 statu
1275 2129 1449 2187 nequaquam
1474 2112 1567 2169 latitia
1599 2112 1815 2184 superveniente,

158 2213 282 2270 definitio
297 2209 475 2266 immobiliter
491 2207 623 2264 custodiri
646 2206 721 2277 qnod
740 2206 834 2263 nnlli⁶
855 2207 959 2264 malum
1013 2212 1091 2284 quasi
1106 2213 1135 2268 in
1146 2210 1270 2268 dextram
1291 2216 1392 2274 motus,
1408 2221 1460 2263 nec
1478 2206 1667 2279 ingruentibus
1686 2205 1815 2276 adversis,

159 2306 193 2361 ab
208 2306 261 2361 alio
273 2303 357 2376 possit
376 2301 481 2370 iulerri,
502 2302 553 2358 nisi
568 2301 616 2373 qui
633 2300 700 2358 illud
717 2301 820 2374 ignavis
838 2301 880 2359 sni
894 2317 959 2358 cnr·
1012 2305 1172 2378 tristitiaque
1191 2303 1361 2369 dominante,
1378 2299 1501 2357 velutad
1523 2299 1622 2356 laevam
1643 2314 1742 2356 rursus
1761 2299 1817 2355 im-

158 2399 200 2454 dis
228 2415 259 2454 ac
287 2396 508 2470 pusillanimitate
534 2395 711 2463 contraxerit,
736 2393 807 2450 hanc
832 2394 958 2451 eamdem
1012 2399 1115 2471 pulsus.
1133 2402 1190 2454 Pac
1203 2396 1276 2454 enim
1286 2398 1374 2453 malm
1386 2396 1560 2465 diligentibus
1579 2410 1681 2450 tramea
1703 2399 1816 2451 tumet

158 2490 322 2550 sententiam
333 2493 412 2549 beato
427 2490 561 2563 Apostolo
573 2505 628 2546 uno
643 2489 779 2545 versiculo
789 2488 959 2546 coufirman-
1010 2510 1064 2549 uara
1078 2496 1117 2548 cst
1127 2480 1350 2549 iliis'soaudulum
1361 2490 1475 2561 (Psalm.
1490 2488 1617 2560 cxviii).
1633 2491 1677 2544 De
1690 2488 1816 2546 illistam

158 2596 185 2644 te
199 2607 205 2642 2
219 2590 422 2645 Scimusoutem
438 2589 565 2656 quautam
576 2585 752 2655 diligentibus
768 2588 852 2641 Deam
870 2586 960 2640 munta
1012 2587 1059 2661 qui
1075 2601 1121 2659 per
1134 2585 1256 2657 singulos
1265 2585 1435 2641 incurrentes
1450 2598 1530 2639 casus
1545 2596 1596 2655 pru
1615 2597 1716 2639 eorum
1733 2581 1816 2655 qnali-

158 2688 333 2754 cuopercutur
344 2683 378 2738 ab
404 2682 501 2736 bortum
524 2683 615 2748 (itum.
640 2679 727 2751 utu).
749 2678 849 2735 Dicens
866 2677 959 2748 enim,
1012 2688 1068 2738 tate
1080 2697 1112 2737 ac
1124 2682 1252 2737 uarietate
1264 2687 1414 2746 mutantur,
1426 2679 1463 2734 ita
1474 2677 1575 2735 dicitur
1586 2696 1593 2732 ε
1605 2678 1717 2734 Stultus
1728 2681 1815 2734 muers

158 2780 248 2833 omitia
264 2780 439 2849 cooperantur
457 2777 492 2831 ab
510 2777 616 2838 bonum,
639 2774 764 2830 universa
784 2787 840 2828 nou
867 2772 960 2829 solnm
1011 2770 1816 2845 sicutlaammactatur(liecl.xrvrr).Utenimdeperiect‘u

158 2888 221 2943 qum
234 2888 373 2943 prospera,
392 2885 490 2926 rerum
511 2869 596 2925 etiam
619 2883 681 2938 qum
701 2875 831 2938 putantur
848 2865 960 2921 adversa
1013 2868 1177 2940 sapientibus
1192 2867 1293 2923 dicitur
1313 2866 1512 2935 :diligentibus
1526 2869 1714 2922 Deumumm‘a
1730 2881 1816 2938 canpe

159 2964 259 3034 pariter
273 2960 491 3034 comprehendit.
512 2961 563 3015 Per
582 2973 644 3029 quac
658 2956 789 3012 etiualin
804 2956 863 3012 luen
887 2957 960 3014 idem
1014 2966 1113 3016 rantur
1128 2961 1164 3016 ud
1186 2962 1291 3025 bouum,
1314 2961 1351 3017 ita
1374 2959 1407 3016 de
1426 2959 1544 3016 inlirmis
1567 2959 1763 3030 pronuntiatur
1784 2974 1816 3017 ae

159 3055 306 3126 apostolas
320 3069 350 3109 sc
362 3051 493 3108 transisse
505 3050 645 3118 describit,
657 3066 721 3106 cnm
742 3048 828 3106 dicit:
849 3053 901 3106 Per
915 3067 964 3106 ar«
1013 3053 1137 3122 stultis,‘¹
1159 3056 1256 3112 Omrtia
1276 3055 1390 3110 aduersa
1411 3056 1469 3108 airu
1492 3056 1649 3124 insipidum
1663 3056 1721 3110 'nec
1744 3052 1814 3111 enim

158 3164 203 3201 mo
211 3147 329 3217 justitiae
342 3161 402 3216 quoe
414 3160 431 3198 o
443 3144 548 3200 deutris
562 3149 625 3199 suut
645 3149 701 3199 eta
716 3145 846 3207 sinistris,
860 3143 887 3199 id
908 3148 958 3210 est,
1014 3149 1149 3220 prosperis
1162 3148 1242 3205 rebus
1269 3147 1393 3220 prolicit,
1420 3163 1472 3204 nec
1497 3146 1661 3203 eratendatnr
1686 3146 1813 3204 aduersis.

159 3242 330 3315 perplurium
344 3242 587 3313 ctipaobilitctem,
603 3242 810 3313 peristomium
825 3245 851 3296 et
865 3241 960 3297 bonam
975 3229 999 3294 C
1014 3242 1146 3315 Ejusdem
1160 3256 1278 3314 namque
1291 3241 1397 3300 uirtutis
1407 3250 1448 3299 est
1464 3240 1552 3298 tristia
1566 3239 1677 3299 fortiter
1689 3241 1813 3312 tolerare,

702 3386 831 3442 deRlll
849 3386 965 3442 alumi
983 3387 1265 3444 COMMENTARIUS.

195 3526 208 3554 ³
227 3520 385 3577 Patientiam
399 3518 450 3575 lob
469 3519 576 3592 egregie
595 3518 725 3575 describit
749 3522 785 3574 D.
809 3518 959 3592 Cyprianus
1011 3527 1099 3586 Pater,
1112 3528 1137 3578 et
1150 3523 1237 3579 Filius
1257 3525 1286 3576 iu
1297 3522 1438 3587 charitate,
1451 3522 1537 3579 iuda-s
1558 3526 1588 3578 iu
1600 3522 1765 3594 proditione.
1778 3526 1813 3581 st

159 3592 207 3648 lib.
226 3590 352 3647 debono
373 3591 523 3652 Patientiae,
536 3598 564 3645 et
583 3589 797 3661 chrysostomus
811 3589 907 3646 homil.
922 3596 958 3648 28
1011 3594 1171 3649 concludit:
1188 3596 1302 3649 Diuersa
1316 3609 1378 3663 erpo
1396 3597 1507 3650 intentio
1518 3596 1627 3649 diuersa
1644 3598 1720 3661 sacto
1733 3598 1808 3663 tuci,

159 3660 542 3803 ἱαὲἓιᾞέῐῗέἓίξὲἳῧὲξὲοῧ
563 3731 731 3803 Augustinus
744 3731 772 3788 in
786 3731 959 3788 enarratione
1010 3666 1226 3808 {affimat
1243 3680 1298 3719 um
1315 3680 1357 3721 res
1375 3681 1409 3721 ex
1421 3667 1536 3723 dm&
1552 3666 1757 3724 mmmm
1772 3669 1811 3723 m

159 3805 255 3877 psalmi
267 3818 347 3860 xcttr
359 3804 401 3860 bis
411 3804 500 3859 uerbis
516 3821 523 3858 :
537 3805 567 3860 Si
579 3803 692 3858 traditio
702 3804 791 3870 iuda,
802 3808 828 3858 et
841 3819 893 3859 aon
905 3807 959 3857 tra·
1046 3792 1175 3862 eillalum
1196 3807 1299 3883 scilicet
1319 3807 1435 3878 peccati,
1457 3815 1490 3863 ut
1510 3807 1636 3879 superins
1661 3806 1808 3879 expressit,

158 3879 357 3932 durttmaaimus
370 3875 578 3931 comideroadus
593 3876 702 3943 est,buc
716 3873 959 3944 fecittaatasqaad
1011 3877 1073 3948 qnia
1091 3892 1184 3946 nemo,
1199 3878 1251 3934 uisi
1266 3878 1486 3950 volens,peccat.
1500 3881 1653 3936 mantem
1669 3879 1729 3937 mc
1760 3894 1808 3937 rte·

158 3952 300 4015 fecitbcus
308 3945 959 4018 Pater,depauscrtptamest:pataproprtarileo
1011 3949 1283 4017 clarass.1²atrnm,
1301 3950 1441 4022 speciatim
1459 3965 1524 4006 vero
1537 3953 1574 4006 D.
1593 3951 1711 4007 ioannis
1762 3966 1806 4023 ry·

158 4036 211 4075 nort
225 4020 356 4090 pepercit,
377 4018 424 4073 sed
440 4032 490 4088 pro
508 4019 585 4073 euobis
605 4018 726 4072 omuibus
748 4018 865 4073 tradidit
879 4017 958 4072 ilium
1011 4021 1126 4076 sostomi
1140 4019 1263 4077 doctrina
1277 4023 1331 4091 (dp
1366 4021 1481 4090 acteo),
1502 4021 1582 4093 cujus
1599 4037 1684 4093 supra
1697 4024 1806 4094 (Capti

159 4095 244 4155 (Rom.
255 4089 330 4159 vm).
342 4092 395 4145 lloc
408 4090 576 4158 tecitiadas,
594 4088 666 4159 qaod
685 4090 750 4156 fecit
761 4090 818 4159 ipse
829 4090 959 4146 boneta
1012 4092 1179 4148 mentionem
1203 4090 1328 4156 fecimus,
1352 4092 1402 4146 icet
1417 4092 1501 4162 prima
1516 4091 1608 4148 fronte
1626 4092 1805 4164 videaturpt·

160 4162 293 4222 cbristus,
309 4161 342 4214 de
358 4177 409 4229 quo
425 4164 626 4232 scriptumest:
645 4161 698 4228 Qui
709 4162 825 4231 seipsum
843 4157 960 4214 tradidit
1011 4162 1116 4218 radora
1139 4183 1146 4218 :
1169 4165 1306 4220 Nerairtem
1318 4162 1459 4229 irradiatui
1475 4179 1492 4217 o
1510 4166 1663 4234 seutetipso.
1689 4167 1722 4220 lu
1735 4163 1806 4236 cuius

159 4231 690 4298 prormbisoblotiortemeibosttamilso
704 4232 733 4284 iu
746 4231 853 4286 odorem
866 4230 958 4285 suaui-
1012 4233 1244 4290 ccullrmationem
1266 4232 1372 4303 scripsit
1393 4233 1557 4303 peculiarem
1576 4243 1725 4290 tractatum
1748 4248 1805 4291 cun

160 4303 234 4354 tutis.
248 4303 388 4354 Etiterum
402 4321 408 4354 :
424 4303 544 4358 caristus
557 4302 656 4356 dilecit
668 4302 813 4356 Ecclesiam
827 4316 914 4362 mam,
934 4302 960 4353 et
1011 4303 1039 4358 in
1059 4304 1153 4359 exsilio
1163 4319 1256 4374 agens,
1271 4311 1298 4359 et
1308 4303 1404 4358 multis
1424 4305 1556 4361 aerumnis
1573 4319 1733 4377 oppressus,
1754 4314 1804 4362 tam

159 4373 276 4436 seipsam
291 4370 407 4422 tradidit
414 4386 466 4440 pro
480 4387 512 4424 ea
527 4372 638 4440 (Epirus.
654 4371 693 4439 a).
707 4374 743 4426 Et
754 4378 843 4427 tamea
856 4372 960 4441 gratim
1012 4373 1132 4444 scipsum
1142 4390 1227 4446 quam
1243 4375 1346 4430 anticos
1360 4374 1546 4432 consolaretur
1562 4395 1569 4430 ι
1586 4377 1741 4448 etquidem
1757 4375 1806 4432 bn·

160 4442 268 4505 rupim-as
282 4442 335 4492 ilco
350 4441 439 4501 Patri,
452 4443 500 4507 qui
513 4443 593 4494 unico
607 4442 676 4495 Filio
692 4455 740 4494 sao
754 4458 806 4496 nort
826 4442 958 4512 pepercit,
1009 4443 1140 4514 jusmodi,
1166 4454 1198 4501 ut
1211 4444 1255 4501 bic
1274 4446 1346 4502 inter
1361 4453 1453 4501 tantus
1473 4447 1542 4502 tanti
1561 4447 1687 4504 doctoris
1707 4447 1806 4504 laboret

159 4509 207 4563 sad
218 4524 269 4579 pro
283 4509 488 4564 mbisomaibas
502 4509 724 4575 tradiditillum;
738 4515 960 4581 qratioecpimas
1012 4515 1077 4570 satis
1097 4531 1155 4571 esse
1182 4518 1283 4588 possit,
1306 4516 1341 4573 ad
1364 4517 1599 4574 absolutissimam
1625 4519 1805 4576 Christianum

160 4583 216 4650 ipsi
226 4581 304 4648 Filio,
319 4581 368 4648 qui
381 4583 498 4651 seipsam
508 4581 602 4635 tradid
610 4583 683 4706 ’ἔω
695 4583 781 4645 euobis,
792 4586 817 4637 et
827 4585 857 4636 iu
869 4598 898 4637 eo
911 4597 959 4636 uo·
1013 4583 1227 4656 edomandum,
1242 4597 1271 4643 et
1280 4588 1431 4660 quemlibet
1443 4587 1625 4645 alilictionum
1638 4594 1739 4664 abymo
1748 4589 1807 4647 snb-

161 4652 290 4707 luututem
308 4653 398 4706 Patris
414 4653 536 4722 impleuit
555 4670 562 4705 ε
578 4656 604 4706 et
651 4656 781 4707 testamur
800 4654 910 4716 ludam,
927 4653 960 4707 de
1014 4671 1136 4713 mersum
1154 4659 1338 4715 consulatione
1359 4659 1521 4731 erigendum
1542 4676 1574 4716 ac
1587 4662 1704 4733 spiritali
1718 4659 1806 4718 laetitia

159 4726 236 4794 cuius
247 4725 438 4791 {octotautum
450 4724 524 4779 eoba
535 4725 688 4793 beneficium
699 4726 829 4794 praestitit
843 4729 923 4787 Detts,
936 4726 962 4778 et
1016 4727 1231 4798 perfundendum
1243 4728 1384 4802 (Baroaius
1402 4736 1471 4786 tomo
1488 4735 1523 4795 V,
1533 4747 1605 4786 curto
1620 4734 1722 4790 cursu
1734 4736 1805 4795 emt

160 4801 228 4849 recte
238 4796 351 4850 decimus
362 4814 370 4849 :
382 4795 509 4852 Reddidit
521 4797 547 4850 ei
560 4797 688 4850 Durnittas
699 4797 844 4851 secuudum
861 4797 962 4866 iniqui-
1015 4800 1187 4857 Nouissimas
1195 4817 1260 4858 sane
1272 4803 1338 4856 tanti
1354 4802 1441 4858 Patris
1454 4811 1560 4873 partus,
1576 4803 1695 4876 ideoque
1709 4804 1805 4879 dignis·

160 4871 244 4918 tatum
265 4867 333 4934 ejus,
357 4872 384 4921 ct
402 4869 547 4923 secuudum
566 4867 699 4921 malitiam
717 4869 775 4938 ejus
792 4867 958 4938 disperdidit
1010 4870 1104 4938 simus,
1118 4873 1163 4941 qni
1172 4886 1281 4943 semper
1300 4887 1355 4943 prae
1375 4873 1503 4930 manibus
1514 4874 1660 4943 habeatur,
1675 4875 1803 4940 volvatur,

160 4952 229 4989 cam.
250 4938 389 4992 Nuueas'm
403 4940 448 4992 ille
459 4955 508 5008 pro
520 4939 595 4993 uobis
614 4939 734 4994 tradidit
751 4941 895 5002 Cltristum,
910 4938 958 4993 sed
1011 4939 1141 4998 foveatur.
1165 4946 1251 4999 Porro
1272 4942 1359 5000 simile
1373 4952 1568 5016 argumentum
1583 4946 1696 5019 egregie
1709 4954 1804 5002 trade·

159 5009 960 5078 proorpeutoquotmtdiditeum,quamvistraditioChristi
1014 5013 1051 5067 vit
1073 5013 1185 5071 Boetius
1206 5013 1353 5071 Severinus
1374 5015 1403 5071 in
1428 5030 1478 5073 suo
1501 5015 1591 5072 libello
1613 5018 1649 5073 de
1671 5016 1804 5074 Consulst.

159 5080 196 5133 sit
207 5083 298 5133 nostru
316 5077 472 5147 redemptio.
482 5081 527 5135 Sic
536 5085 561 5134 et
570 5082 675 5151 illique·
684 5087 816 5151 martyres
825 5082 960 5151 persecuti
1013 5083 1209 5168 Pbilusopbica.
1233 5085 1264 5140 ln
1285 5101 1366 5156 quem
1384 5094 1472 5143 exstat
1490 5088 1719 5147 Commentarius
1734 5088 1806 5146 lbo-

159 5153 233 5210 sarit,
251 5150 431 5219 persequendo
444 5152 474 5202 ira
493 5154 584 5213 terra,
601 5153 630 5205 itt
648 5153 741 5206 culum
760 5153 918 5217 mittebout;
933 5155 959 5205 et
1013 5169 1065 5210 mae
1092 5155 1233 5227 cujusdam
1257 5155 1374 5227 Anglici,
1403 5160 1437 5214 D.
1462 5157 1576 5214 Thomas
1599 5160 1735 5231 aquinati
1761 5163 1807 5225 (ut

159 5221 270 5273 scientes
284 5220 394 5288 quitiam
411 5224 552 5289 prestratis
568 5223 630 5276 uita
639 5223 770 5278 duranum
787 5224 956 5289 inserebant.
1012 5225 1064 5281 boc
1077 5225 1167 5282 obiter
1179 5236 1317 5294 moneam)
1331 5227 1400 5284 ialso
1414 5228 1557 5300 ascriptus.
1570 5231 1641 5286 Cum
1653 5233 1728 5288 enim
1740 5231 1807 5287 iuter

159 5291 288 5344 rescientes
299 5294 388 5344 aretem
397 5292 568 5356 saturaoitoe
581 5293 683 5347 luterum
690 5294 871 5360 consuebant.
887 5294 957 5360 (lai-
1012 5296 1157 5367 Anglicnm
1169 5307 1197 5353 et
1209 5303 1252 5353 An
1271 5298 1369 5355 elicum
1388 5314 1488 5371 magua
1502 5308 1574 5357 esset
1588 5303 1668 5359 vocis
1681 5302 1807 5360 similitu·

159 5363 956 5432 campactameupersuuercaeraatistodiot'ujustoJ'ustorum‚
1011 5365 1058 5433 do,
1075 5367 1205 5437 paulatim
1219 5313 1351 5426 eilgectnm
1365 5380 1416 5438 est,
1429 5379 1469 5439 at,
1518 5372 1681 5430 rincuriam
1694 5383 1808 5430 eterru·

159 5431 280 5485 reddidit
292 5434 329 5486 eis
338 5435 464 5488 Domitius
473 5435 616 5489 secundum
624 5436 781 5502 iniquitates
789 5435 919 5502 ipsorum,
932 5439 958 5488 et
1011 5452 1084 5503 rem,
1101 5439 1216 5495 Tbomac
1235 5441 1338 5512 anglici
1348 5443 1447 5514 scripta
1460 5445 1483 5499 T
1503 5457 1576 5500 amm
1592 5445 1716 5517 angelici
1728 5444 1807 5501 titulo

159 5503 303 5556 sumundum
317 5504 448 5558 malitiam
463 5520 553 5559 eorum
561 5504 724 5575 disperdidit
737 5520 788 5558 eos.
802 5506 874 5560 Sicttt
887 5508 957 5559 ertim
1011 5516 1181 5578 notarentur,
1194 5511 1240 5584 qui
1254 5511 1370 5571 Thomae
1387 5514 1516 5586 Aquinati
1530 5529 1546 5570 a
1559 5514 1698 5589 theologis
1712 5516 1807 5575 meite

64 5582 70 5597 ⁸
160 5573 239 5626 rutulis
248 5575 320 5628 obest
329 5575 585 5645 bouitasp'astorum,
597 5578 636 5631 sic
647 5577 721 5630 bouis
731 5576 842 5645 prodest
851 5578 955 5646 irtiqm·
1009 5579 1173 5637 attribuitur.

160 5647 202 5697 tus
220 5645 373 5712 impierum.
400 5645 501 5702 Similis
522 5645 595 5718 apud
615 5646 713 5702 eodem
739 5647 814 5702 locus
836 5655 877 5703 est
896 5655 956 5702 tra·
1044 5651 1110 5707 dlta
1122 5667 1154 5708 ex
1170 5655 1268 5711 Graeco
1284 5671 1292 5708 r
1307 5655 1387 5709 πάντα
1399 5653 1580 5730 inauratum
1592 5658 1693 5730 ἅφρενι.
1710 5663 1749 5717 st
1760 5660 1807 5715 la·

153 5721 232 5768 cteta
240 5714 360 5786 septimo
377 5716 406 5770 in
428 5717 548 5788 primam
563 5716 713 5788 Epistulam
728 5718 842 5773 ioannis
855 5738 861 5774 :
876 5721 956 5774 Facto
1008 5721 1080 5777 tinus
1094 5731 1121 5778 et
1143 5725 1270 5798 vulgatus
1294 5726 1426 5796 interpres
1451 5748 1458 5782 :
1480 5730 1549 5795 Filio
1568 5731 1661 5787 deluso
1673 5732 1747 5788 nibil
1758 5728 1806 5787 etii

138 5790 189 5848 est,
213 5785 314 5856 iuquit,
331 5789 449 5846 traditio
470 5794 596 5853 aretae,
617 5790 695 5859 sactu
708 5793 747 5846 est
757 5806 774 5845 a
787 5790 865 5854 Filio,
881 5791 956 5859 {octa
1010 5793 1072 5847 batti
1090 5810 1187 5851 :semo
1204 5802 1295 5853 autem
1313 5801 1429 5870 sapienti
1438 5804 1565 5872 prosperi
1575 5807 1656 5863 aaut
1676 5809 1764 5875 namq
1780 5803 1807 5857 et

125 5861 290 5919 ertaluda.
300 5863 963 5938 (ltatderpuult-'scemisrittereus‘iiittinbuciemt
1017 5864 1289 5940 diriqetarsineias.
