<?xml version="1.0" encoding="UTF-8"?>
<!DOCTYPE html PUBLIC "-//W3C//DTD XHTML 1.0 Transitional//EN"
    "http://www.w3.org/TR/xhtml1/DTD/xhtml1-transitional.dtd">
<html xmlns="http://www.w3.org/1999/xhtml" xml:lang="en" lang="en">
 <head>
  <title>
</title>
<meta http-equiv="Content-Type" content="text/html;charset=utf-8" />
  <meta name='ocr-system' content='tesseract 3.04.00' />
  <meta name='ocr-capabilities' content='ocr_page ocr_carea ocr_par ocr_line ocrx_word'/>
</head>
<body>
  <div class='ocr_page' id='page_1' title='image "./patrologiaecurs29unkngoog/patrologiaecurs29unkngoog_0024.png"; bbox 0 0 3848 6158; ppageno 0'>
   <div class='ocr_carea' id='block_1_1' title="bbox 167 271 1822 338">
    <p class='ocr_par' dir='ltr' id='par_1_1' title="bbox 167 271 1822 338">
     <span class='ocr_line' id='line_1_1' title="bbox 167 271 1822 338; baseline 0.013 -21"><span class='ocrx_word' id='word_1_1' title='bbox 167 276 202 331; x_wconf 74' lang='lat'>33</span> <span class='ocrx_word' id='word_1_2' title='bbox 760 271 945 330; x_wconf 63' lang='lat' dir='ltr'>rusentio</span> <span class='ocrx_word' id='word_1_3' title='bbox 963 272 1092 331; x_wconf 74' lang='lat' dir='ltr'>amnui</span> <span class='ocrx_word' id='word_1_4' title='bbox 1110 273 1234 331; x_wconf 73' lang='lat' dir='ltr'>GAZAEI.</span> <span class='ocrx_word' id='word_1_5' title='bbox 1788 283 1822 338; x_wconf 81' lang='lat' dir='ltr'>at</span> 
     </span>
    </p>
   </div>
   <div class='ocr_carea' id='block_1_2' title="bbox 163 394 1912 5925">
    <p class='ocr_par' dir='ltr' id='par_1_2' title="bbox 163 394 1912 4501">
     <span class='ocr_line' id='line_1_2' title="bbox 165 394 1821 474; baseline 0.004 -17"><span class='ocrx_word' id='word_1_6' title='bbox 165 397 293 457; x_wconf 90' lang='lat' dir='ltr'>fessionis</span> <span class='ocrx_word' id='word_1_7' title='bbox 312 405 340 454; x_wconf 89' lang='lat' dir='ltr'>ct</span> <span class='ocrx_word' id='word_1_8' title='bbox 355 396 475 456; x_wconf 76' lang='lat' dir='ltr'>caenobii</span> <span class='ocrx_word' id='word_1_9' title='bbox 493 395 640 465; x_wconf 89' lang='lat' dir='ltr'>monacho,</span> <span class='ocrx_word' id='word_1_10' title='bbox 653 395 716 452; x_wconf 83' lang='lat' dir='ltr'>licet</span> <span class='ocrx_word' id='word_1_11' title='bbox 730 394 846 454; x_wconf 87' lang='lat' dir='ltr'>fortasse</span> <span class='ocrx_word' id='word_1_12' title='bbox 858 397 966 456; x_wconf 89' lang='lat' dir='ltr'>seniore</span> <span class='ocrx_word' id='word_1_13' title='bbox 979 402 1006 467; x_wconf 80' lang='grc' dir='ltr'><strong>Α</strong></span> <span class='ocrx_word' id='word_1_14' title='bbox 1021 399 1104 457; x_wconf 90' lang='lat' dir='ltr'>etiam</span> <span class='ocrx_word' id='word_1_15' title='bbox 1120 400 1242 457; x_wconf 78' lang='lat' dir='ltr'>eremita</span> <span class='ocrx_word' id='word_1_16' title='bbox 1255 400 1400 458; x_wconf 77' lang='lat' dir='ltr'>Cassianus</span> <span class='ocrx_word' id='word_1_17' title='bbox 1415 399 1488 474; x_wconf 90' lang='lat' dir='ltr'>apud</span> <span class='ocrx_word' id='word_1_18' title='bbox 1506 400 1649 474; x_wconf 81' lang='lat' dir='ltr'>plerosque</span> <span class='ocrx_word' id='word_1_19' title='bbox 1664 402 1821 463; x_wconf 84' lang='lat' dir='ltr'>obtinuerit.</span> 
     </span>
     <span class='ocr_line' id='line_1_3' title="bbox 165 480 1824 568; baseline 0.006 -19"><span class='ocrx_word' id='word_1_20' title='bbox 165 508 198 550; x_wconf 91' lang='lat' dir='ltr'>ac</span> <span class='ocrx_word' id='word_1_21' title='bbox 210 480 391 565; x_wconf 70' lang='lat' dir='ltr'>provectiore.</span> <span class='ocrx_word' id='word_1_22' title='bbox 410 493 451 548; x_wconf 84' lang='lat' dir='ltr'>Ex</span> <span class='ocrx_word' id='word_1_23' title='bbox 470 506 525 564; x_wconf 85' lang='lat' dir='ltr'>quo</span> <span class='ocrx_word' id='word_1_24' title='bbox 536 489 604 547; x_wconf 91' lang='lat' dir='ltr'>illud</span> <span class='ocrx_word' id='word_1_25' title='bbox 617 498 796 547; x_wconf 91' lang='lat' dir='ltr'>consecutum</span> <span class='ocrx_word' id='word_1_26' title='bbox 814 498 866 560; x_wconf 86' lang='lat' dir='ltr'>est,</span> <span class='ocrx_word' id='word_1_27' title='bbox 880 500 912 549; x_wconf 92' lang='lat' dir='ltr'>ut</span> <span class='ocrx_word' id='word_1_28' title='bbox 923 491 966 548; x_wconf 84' lang='lat' dir='ltr'>rix</span> <span class='ocrx_word' id='word_1_29' title='bbox 1020 496 1123 550; x_wconf 91' lang='lat' dir='ltr'>Verum</span> <span class='ocrx_word' id='word_1_30' title='bbox 1137 510 1190 567; x_wconf 84' lang='lat' dir='ltr'>qua</span> <span class='ocrx_word' id='word_1_31' title='bbox 1208 494 1312 551; x_wconf 90' lang='lat' dir='ltr'>ratione</span> <span class='ocrx_word' id='word_1_32' title='bbox 1332 495 1440 564; x_wconf 81' lang='lat' dir='ltr'>(dixerit</span> <span class='ocrx_word' id='word_1_33' title='bbox 1459 495 1576 568; x_wconf 88' lang='lat' dir='ltr'>aliquis),</span> <span class='ocrx_word' id='word_1_34' title='bbox 1597 512 1684 568; x_wconf 84' lang='lat' dir='ltr'>quave</span> <span class='ocrx_word' id='word_1_35' title='bbox 1705 500 1824 559; x_wconf 81' lang='lat' dir='ltr'>occasio·</span> 
     </span>
     <span class='ocr_line' id='line_1_4' title="bbox 168 582 1822 667; baseline 0.005 -25"><span class='ocrx_word' id='word_1_36' title='bbox 168 584 279 643; x_wconf 91' lang='lat' dir='ltr'>biennio</span> <span class='ocrx_word' id='word_1_37' title='bbox 292 585 395 643; x_wconf 83' lang='lat' dir='ltr'>ibidem</span> <span class='ocrx_word' id='word_1_38' title='bbox 408 593 529 658; x_wconf 88' lang='lat' dir='ltr'>peracto,</span> <span class='ocrx_word' id='word_1_39' title='bbox 542 584 602 661; x_wconf 80' lang='lat' dir='ltr'>sire</span> <span class='ocrx_word' id='word_1_40' title='bbox 610 583 724 656; x_wconf 84' lang='lat' dir='ltr'>majoris</span> <span class='ocrx_word' id='word_1_41' title='bbox 736 582 909 656; x_wconf 88' lang='lat' dir='ltr'>perfeetionis</span> <span class='ocrx_word' id='word_1_42' title='bbox 917 583 968 642; x_wconf 91' lang='lat' dir='ltr'>de·</span> <span class='ocrx_word' id='word_1_43' title='bbox 1020 602 1056 644; x_wconf 89' lang='lat' dir='ltr'>ne</span> <span class='ocrx_word' id='word_1_44' title='bbox 1070 587 1213 645; x_wconf 60' lang='lat' dir='ltr'>mannus</span> <span class='ocrx_word' id='word_1_45' title='bbox 1224 603 1288 646; x_wconf 91' lang='lat' dir='ltr'>cum</span> <span class='ocrx_word' id='word_1_46' title='bbox 1300 603 1351 646; x_wconf 90' lang='lat' dir='ltr'>suo</span> <span class='ocrx_word' id='word_1_47' title='bbox 1370 589 1509 646; x_wconf 86' lang='lat' dir='ltr'>Germano</span> <span class='ocrx_word' id='word_1_48' title='bbox 1524 603 1557 644; x_wconf 89' lang='lat' dir='ltr'>ex</span> <span class='ocrx_word' id='word_1_49' title='bbox 1577 597 1635 646; x_wconf 89' lang='lat' dir='ltr'>tam</span> <span class='ocrx_word' id='word_1_50' title='bbox 1650 590 1729 664; x_wconf 85' lang='lat' dir='ltr'>longa</span> <span class='ocrx_word' id='word_1_51' title='bbox 1742 607 1822 667; x_wconf 87' lang='lat' dir='ltr'>pere-</span> 
     </span>
     <span class='ocr_line' id='line_1_5' title="bbox 164 677 1822 756; baseline 0.005 -20"><span class='ocrx_word' id='word_1_52' title='bbox 164 678 277 750; x_wconf 89' lang='lat' dir='ltr'>siderio,</span> <span class='ocrx_word' id='word_1_53' title='bbox 295 680 353 738; x_wconf 83' lang='lat' dir='ltr'>sive</span> <span class='ocrx_word' id='word_1_54' title='bbox 370 678 530 751; x_wconf 80' lang='lat' dir='ltr'>alloquaris</span> <span class='ocrx_word' id='word_1_55' title='bbox 549 692 690 748; x_wconf 88' lang='lat' dir='ltr'>excausa,</span> <span class='ocrx_word' id='word_1_56' title='bbox 709 686 741 734; x_wconf 92' lang='lat' dir='ltr'>ut</span> <span class='ocrx_word' id='word_1_57' title='bbox 761 677 810 735; x_wconf 70' lang='lat'>85.</span> <span class='ocrx_word' id='word_1_58' title='bbox 832 685 922 750; x_wconf 87' lang='lat' dir='ltr'>patres</span> <span class='ocrx_word' id='word_1_59' title='bbox 940 678 969 735; x_wconf 80' lang='lat' dir='ltr'>e&#39;t</span> <span class='ocrx_word' id='word_1_60' title='bbox 1021 679 1171 752; x_wconf 77' lang='lat' dir='ltr'>grinatime</span> <span class='ocrx_word' id='word_1_61' title='bbox 1183 681 1210 738; x_wconf 92' lang='lat' dir='ltr'>iu</span> <span class='ocrx_word' id='word_1_62' title='bbox 1221 682 1334 740; x_wconf 82' lang='lat' dir='ltr'>loannis</span> <span class='ocrx_word' id='word_1_63' title='bbox 1348 682 1535 756; x_wconf 77' lang='lat' dir='ltr'><strong>chrysostomi</strong></span> <span class='ocrx_word' id='word_1_64' title='bbox 1549 684 1675 740; x_wconf 76' lang='lat' dir='ltr'>notitiam</span> <span class='ocrx_word' id='word_1_65' title='bbox 1692 701 1724 743; x_wconf 91' lang='lat' dir='ltr'>ac</span> <span class='ocrx_word' id='word_1_66' title='bbox 1742 684 1822 744; x_wconf 88' lang='lat' dir='ltr'>lami·</span> 
     </span>
     <span class='ocr_line' id='line_1_6' title="bbox 163 769 1822 853; baseline 0.007 -25"><span class='ocrx_word' id='word_1_67' title='bbox 163 771 356 840; x_wconf 88' lang='lat' dir='ltr'>anachoretas,</span> <span class='ocrx_word' id='word_1_68' title='bbox 378 782 437 831; x_wconf 91' lang='lat' dir='ltr'>tum</span> <span class='ocrx_word' id='word_1_69' title='bbox 457 771 610 847; x_wconf 78' lang='lat' dir='ltr'>AEgyptios,</span> <span class='ocrx_word' id='word_1_70' title='bbox 626 780 688 830; x_wconf 92' lang='lat' dir='ltr'>tum</span> <span class='ocrx_word' id='word_1_71' title='bbox 709 771 788 839; x_wconf 91' lang='lat' dir='ltr'>alios,</span> <span class='ocrx_word' id='word_1_72' title='bbox 809 769 837 827; x_wconf 93' lang='lat' dir='ltr'>in</span> <span class='ocrx_word' id='word_1_73' title='bbox 856 770 968 828; x_wconf 82' lang='lat' dir='ltr'>mmotis</span> <span class='ocrx_word' id='word_1_74' title='bbox 1021 775 1167 832; x_wconf 87' lang='lat' dir='ltr'>ilaritatem</span> <span class='ocrx_word' id='word_1_75' title='bbox 1181 776 1300 847; x_wconf 83' lang='lat' dir='ltr'>devenit,</span> <span class='ocrx_word' id='word_1_76' title='bbox 1315 785 1343 833; x_wconf 93' lang='lat' dir='ltr'>et</span> <span class='ocrx_word' id='word_1_77' title='bbox 1360 777 1430 834; x_wconf 89' lang='lat' dir='ltr'>inter</span> <span class='ocrx_word' id='word_1_78' title='bbox 1442 777 1502 850; x_wconf 89' lang='lat' dir='ltr'>ejus</span> <span class='ocrx_word' id='word_1_79' title='bbox 1519 777 1665 850; x_wconf 88' lang='lat' dir='ltr'>discipulos</span> <span class='ocrx_word' id='word_1_80' title='bbox 1678 787 1822 853; x_wconf 89' lang='lat' dir='ltr'>cooptatus</span> 
     </span>
     <span class='ocr_line' id='line_1_7' title="bbox 165 864 1824 943; baseline 0.004 -19"><span class='ocrx_word' id='word_1_81' title='bbox 165 877 195 924; x_wconf 91' lang='lat' dir='ltr'>ct</span> <span class='ocrx_word' id='word_1_82' title='bbox 211 866 308 926; x_wconf 88' lang='lat' dir='ltr'>abditis</span> <span class='ocrx_word' id='word_1_83' title='bbox 320 866 387 924; x_wconf 88' lang='lat' dir='ltr'>locis</span> <span class='ocrx_word' id='word_1_84' title='bbox 399 867 542 941; x_wconf 74' lang='lat' dir='ltr'><strong>degentes,</strong></span> <span class='ocrx_word' id='word_1_85' title='bbox 556 875 586 924; x_wconf 85' lang='lat' dir='ltr'>et</span> <span class='ocrx_word' id='word_1_86' title='bbox 600 865 748 923; x_wconf 89' lang='lat' dir='ltr'>sanctitatis</span> <span class='ocrx_word' id='word_1_87' title='bbox 766 864 837 923; x_wconf 87' lang='lat' dir='ltr'>fama</span> <span class='ocrx_word' id='word_1_88' title='bbox 849 865 969 923; x_wconf 87' lang='lat' dir='ltr'>celebres</span> <span class='ocrx_word' id='word_1_89' title='bbox 1021 873 1084 926; x_wconf 81' lang='lat' dir='ltr'>est?</span> <span class='ocrx_word' id='word_1_90' title='bbox 1099 869 1157 925; x_wconf 83' lang='lat' dir='ltr'>Esti</span> <span class='ocrx_word' id='word_1_91' title='bbox 1176 870 1242 927; x_wconf 90' lang='lat' dir='ltr'>nihil</span> <span class='ocrx_word' id='word_1_92' title='bbox 1264 871 1308 927; x_wconf 91' lang='lat' dir='ltr'>hie</span> <span class='ocrx_word' id='word_1_93' title='bbox 1322 871 1389 929; x_wconf 90' lang='lat' dir='ltr'>certi</span> <span class='ocrx_word' id='word_1_94' title='bbox 1403 881 1574 943; x_wconf 90' lang='lat' dir='ltr'>compertum</span> <span class='ocrx_word' id='word_1_95' title='bbox 1588 873 1715 943; x_wconf 81' lang='lat' dir='ltr'><strong>habeam,</strong></span> <span class='ocrx_word' id='word_1_96' title='bbox 1734 872 1824 931; x_wconf 87' lang='lat' dir='ltr'>eredi-</span> 
     </span>
     <span class='ocr_line' id='line_1_8' title="bbox 166 957 1825 1037; baseline 0.004 -20"><span class='ocrx_word' id='word_1_97' title='bbox 166 961 315 1030; x_wconf 85' lang='lat' dir='ltr'>insiscrint,</span> <span class='ocrx_word' id='word_1_98' title='bbox 335 961 449 1019; x_wconf 87' lang='lat' dir='ltr'>obtenta</span> <span class='ocrx_word' id='word_1_99' title='bbox 475 960 615 1018; x_wconf 90' lang='lat' dir='ltr'>seniorum</span> <span class='ocrx_word' id='word_1_100' title='bbox 635 959 750 1026; x_wconf 90' lang='lat' dir='ltr'>licentia,</span> <span class='ocrx_word' id='word_1_101' title='bbox 772 957 806 1015; x_wconf 92' lang='lat' dir='ltr'>de</span> <span class='ocrx_word' id='word_1_102' title='bbox 832 967 968 1017; x_wconf 87' lang='lat' dir='ltr'>monaste·</span> <span class='ocrx_word' id='word_1_103' title='bbox 1022 962 1107 1022; x_wconf 87' lang='lat' dir='ltr'>derim</span> <span class='ocrx_word' id='word_1_104' title='bbox 1127 971 1219 1021; x_wconf 79' lang='lat' dir='ltr'>manen</span> <span class='ocrx_word' id='word_1_105' title='bbox 1239 963 1267 1021; x_wconf 94' lang='lat' dir='ltr'>id</span> <span class='ocrx_word' id='word_1_106' title='bbox 1280 962 1388 1021; x_wconf 91' lang='lat' dir='ltr'>duabus</span> <span class='ocrx_word' id='word_1_107' title='bbox 1407 980 1440 1021; x_wconf 93' lang='lat' dir='ltr'>ex</span> <span class='ocrx_word' id='word_1_108' title='bbox 1454 964 1553 1037; x_wconf 90' lang='lat' dir='ltr'>causis,</span> <span class='ocrx_word' id='word_1_109' title='bbox 1566 966 1607 1023; x_wconf 89' lang='lat' dir='ltr'>vel</span> <span class='ocrx_word' id='word_1_110' title='bbox 1628 966 1756 1024; x_wconf 88' lang='lat' dir='ltr'>utralibet</span> <span class='ocrx_word' id='word_1_111' title='bbox 1765 965 1825 1024; x_wconf 79' lang='lat' dir='ltr'>illa-</span> 
     </span>
     <span class='ocr_line' id='line_1_9' title="bbox 165 1049 1822 1130; baseline 0.004 -18"><span class='ocrx_word' id='word_1_112' title='bbox 165 1054 207 1111; x_wconf 86' lang='lat' dir='ltr'>n&#39;o</span> <span class='ocrx_word' id='word_1_113' title='bbox 222 1055 323 1128; x_wconf 76' lang='lat' dir='ltr'>egressi</span> <span class='ocrx_word' id='word_1_114' title='bbox 337 1055 421 1112; x_wconf 89' lang='lat' dir='ltr'>ambo</span> <span class='ocrx_word' id='word_1_115' title='bbox 440 1054 551 1127; x_wconf 89' lang='lat' dir='ltr'>longam</span> <span class='ocrx_word' id='word_1_116' title='bbox 563 1062 592 1110; x_wconf 88' lang='lat' dir='ltr'>et</span> <span class='ocrx_word' id='word_1_117' title='bbox 604 1049 792 1124; x_wconf 82' lang='lat' dir='ltr'>perdifficilem</span> <span class='ocrx_word' id='word_1_118' title='bbox 810 1051 967 1126; x_wconf 90' lang='lat' dir='ltr'>peregrina·</span> <span class='ocrx_word' id='word_1_119' title='bbox 1022 1074 1084 1115; x_wconf 90' lang='lat' dir='ltr'>rum</span> <span class='ocrx_word' id='word_1_120' title='bbox 1099 1056 1241 1128; x_wconf 75' lang='lat' dir='ltr'>reddisse,</span> <span class='ocrx_word' id='word_1_121' title='bbox 1261 1057 1303 1114; x_wconf 86' lang='lat' dir='ltr'>rel</span> <span class='ocrx_word' id='word_1_122' title='bbox 1319 1057 1393 1130; x_wconf 87' lang='lat' dir='ltr'>quod</span> <span class='ocrx_word' id='word_1_123' title='bbox 1405 1057 1440 1115; x_wconf 91' lang='lat' dir='ltr'>de</span> <span class='ocrx_word' id='word_1_124' title='bbox 1457 1063 1555 1117; x_wconf 86' lang='lat' dir='ltr'>&#39;eorum</span> <span class='ocrx_word' id='word_1_125' title='bbox 1567 1062 1708 1119; x_wconf 71' lang='lat' dir='ltr'>sanctitate</span> <span class='ocrx_word' id='word_1_126' title='bbox 1727 1077 1759 1119; x_wconf 92' lang='lat' dir='ltr'>ae</span> <span class='ocrx_word' id='word_1_127' title='bbox 1778 1077 1822 1120; x_wconf 88' lang='lat' dir='ltr'>re·</span> 
     </span>
     <span class='ocr_line' id='line_1_10' title="bbox 163 1145 1822 1224; baseline 0.006 -21"><span class='ocrx_word' id='word_1_128' title='bbox 163 1146 268 1204; x_wconf 90' lang='lat' dir='ltr'>tionem</span> <span class='ocrx_word' id='word_1_129' title='bbox 291 1149 373 1205; x_wconf 88' lang='lat' dir='ltr'>simul</span> <span class='ocrx_word' id='word_1_130' title='bbox 393 1146 511 1215; x_wconf 81' lang='lat' dir='ltr'>inierint,</span> <span class='ocrx_word' id='word_1_131' title='bbox 542 1154 570 1202; x_wconf 90' lang='lat' dir='ltr'>et</span> <span class='ocrx_word' id='word_1_132' title='bbox 593 1146 734 1218; x_wconf 89' lang='lat' dir='ltr'>plerasque</span> <span class='ocrx_word' id='word_1_133' title='bbox 759 1145 879 1218; x_wconf 81' lang='lat' dir='ltr'>AEgypti,</span> <span class='ocrx_word' id='word_1_134' title='bbox 901 1146 968 1218; x_wconf 78' lang='lat' dir='ltr'>Scy·</span> <span class='ocrx_word' id='word_1_135' title='bbox 1023 1151 1247 1224; x_wconf 83' lang='lat' dir='ltr'>ligionislerrore</span> <span class='ocrx_word' id='word_1_136' title='bbox 1265 1150 1366 1208; x_wconf 85' lang='lat' dir='ltr'>certior</span> <span class='ocrx_word' id='word_1_137' title='bbox 1380 1149 1694 1224; x_wconf 83' lang='lat' dir='ltr'>factusChrysostomus</span> <span class='ocrx_word' id='word_1_138' title='bbox 1709 1153 1822 1213; x_wconf 82' lang='lat' dir='ltr'>eosdem</span> 
     </span>
     <span class='ocr_line' id='line_1_11' title="bbox 164 1238 1823 1320; baseline 0.005 -24"><span class='ocrx_word' id='word_1_139' title='bbox 164 1239 239 1307; x_wconf 85' lang='lat' dir='ltr'>tbiae,</span> <span class='ocrx_word' id='word_1_140' title='bbox 255 1241 374 1314; x_wconf 88' lang='lat' dir='ltr'>aliasque</span> <span class='ocrx_word' id='word_1_141' title='bbox 392 1240 550 1298; x_wconf 79' lang='lat' dir='ltr'>solitudines</span> <span class='ocrx_word' id='word_1_142' title='bbox 560 1238 739 1312; x_wconf 87' lang='lat' dir='ltr'>peragrarint,</span> <span class='ocrx_word' id='word_1_143' title='bbox 756 1247 784 1296; x_wconf 92' lang='lat' dir='ltr'>ct</span> <span class='ocrx_word' id='word_1_144' title='bbox 797 1254 862 1296; x_wconf 92' lang='lat' dir='ltr'>cum</span> <span class='ocrx_word' id='word_1_145' title='bbox 875 1240 969 1298; x_wconf 90' lang='lat' dir='ltr'>multis</span> <span class='ocrx_word' id='word_1_146' title='bbox 1022 1245 1057 1302; x_wconf 90' lang='lat' dir='ltr'>ad</span> <span class='ocrx_word' id='word_1_147' title='bbox 1070 1261 1100 1302; x_wconf 90' lang='lat' dir='ltr'>sc</span> <span class='ocrx_word' id='word_1_148' title='bbox 1114 1245 1241 1312; x_wconf 84' lang='lat' dir='ltr'>evocarit,</span> <span class='ocrx_word' id='word_1_149' title='bbox 1258 1252 1396 1301; x_wconf 90' lang='lat' dir='ltr'>uteorum</span> <span class='ocrx_word' id='word_1_150' title='bbox 1412 1244 1547 1314; x_wconf 92' lang='lat' dir='ltr'>doctrina,</span> <span class='ocrx_word' id='word_1_151' title='bbox 1560 1247 1686 1316; x_wconf 89' lang='lat' dir='ltr'>consilio,</span> <span class='ocrx_word' id='word_1_152' title='bbox 1701 1256 1729 1303; x_wconf 88' lang='lat' dir='ltr'>et</span> <span class='ocrx_word' id='word_1_153' title='bbox 1741 1263 1823 1320; x_wconf 87' lang='lat' dir='ltr'>opera</span> 
     </span>
     <span class='ocr_line' id='line_1_12' title="bbox 165 1331 1840 1412; baseline 0.005 -23"><span class='ocrx_word' id='word_1_154' title='bbox 165 1348 197 1390; x_wconf 90' lang='lat' dir='ltr'>ae</span> <span class='ocrx_word' id='word_1_155' title='bbox 219 1335 400 1392; x_wconf 82' lang='lat' dir='ltr'>sanctioribus</span> <span class='ocrx_word' id='word_1_156' title='bbox 421 1334 547 1408; x_wconf 90' lang='lat' dir='ltr'>patribus</span> <span class='ocrx_word' id='word_1_157' title='bbox 568 1332 664 1391; x_wconf 84' lang='lat' dir='ltr'>habito</span> <span class='ocrx_word' id='word_1_158' title='bbox 681 1331 810 1390; x_wconf 70' lang='lat' dir='ltr'>fertiliori</span> <span class='ocrx_word' id='word_1_159' title='bbox 834 1334 968 1408; x_wconf 86' lang='lat' dir='ltr'>colloquio</span> <span class='ocrx_word' id='word_1_160' title='bbox 1022 1337 1174 1394; x_wconf 88' lang='lat' dir='ltr'>monachos</span> <span class='ocrx_word' id='word_1_161' title='bbox 1189 1338 1322 1410; x_wconf 85' lang='lat' dir='ltr'>quosdam</span> <span class='ocrx_word' id='word_1_162' title='bbox 1334 1338 1509 1412; x_wconf 89' lang='lat' dir='ltr'>Origenistas,</span> <span class='ocrx_word' id='word_1_163' title='bbox 1528 1339 1573 1411; x_wconf 90' lang='lat' dir='ltr'>qui</span> <span class='ocrx_word' id='word_1_164' title='bbox 1589 1338 1631 1394; x_wconf 88' lang='lat' dir='ltr'>his</span> <span class='ocrx_word' id='word_1_165' title='bbox 1650 1339 1840 1411; x_wconf 84' lang='lat' dir='ltr'>temporibus.</span> 
     </span>
     <span class='ocr_line' id='line_1_13' title="bbox 166 1424 1823 1499; baseline 0.005 -18"><span class='ocrx_word' id='word_1_166' title='bbox 166 1433 193 1482; x_wconf 88' lang='lat' dir='ltr'>et</span> <span class='ocrx_word' id='word_1_167' title='bbox 212 1440 360 1499; x_wconf 91' lang='lat' dir='ltr'>congressu</span> <span class='ocrx_word' id='word_1_168' title='bbox 382 1426 418 1484; x_wconf 90' lang='lat' dir='ltr'>de</span> <span class='ocrx_word' id='word_1_169' title='bbox 437 1425 520 1485; x_wconf 90' lang='lat' dir='ltr'>rebus</span> <span class='ocrx_word' id='word_1_170' title='bbox 539 1425 647 1496; x_wconf 84' lang='lat' dir='ltr'>divinis,</span> <span class='ocrx_word' id='word_1_171' title='bbox 666 1441 699 1482; x_wconf 90' lang='lat' dir='ltr'>ae</span> <span class='ocrx_word' id='word_1_172' title='bbox 716 1424 879 1484; x_wconf 91' lang='lat' dir='ltr'>salutaribus</span> <span class='ocrx_word' id='word_1_173' title='bbox 900 1442 970 1499; x_wconf 84' lang='lat' dir='ltr'>prae-</span> <span class='ocrx_word' id='word_1_174' title='bbox 1022 1432 1050 1488; x_wconf 93' lang='lat' dir='ltr'>in</span> <span class='ocrx_word' id='word_1_175' title='bbox 1072 1432 1181 1490; x_wconf 90' lang='lat' dir='ltr'>Oriente</span> <span class='ocrx_word' id='word_1_176' title='bbox 1208 1431 1296 1488; x_wconf 85' lang='lat' dir='ltr'>varias</span> <span class='ocrx_word' id='word_1_177' title='bbox 1318 1431 1412 1488; x_wconf 80' lang='lat' dir='ltr'>turbas</span> <span class='ocrx_word' id='word_1_178' title='bbox 1440 1430 1593 1488; x_wconf 78' lang='lat' dir='ltr'>excitabant</span> <span class='ocrx_word' id='word_1_179' title='bbox 1614 1435 1727 1498; x_wconf 75' lang='lat' dir='ltr'>(Borma.</span> <span class='ocrx_word' id='word_1_180' title='bbox 1750 1449 1823 1490; x_wconf 85' lang='lat' dir='ltr'>anno</span> 
     </span>
     <span class='ocr_line' id='line_1_14' title="bbox 165 1518 1823 1597; baseline 0.004 -21"><span class='ocrx_word' id='word_1_181' title='bbox 165 1519 259 1576; x_wconf 88' lang='lat' dir='ltr'>sertim</span> <span class='ocrx_word' id='word_1_182' title='bbox 271 1520 305 1578; x_wconf 91' lang='lat' dir='ltr'>ad</span> <span class='ocrx_word' id='word_1_183' title='bbox 320 1521 380 1578; x_wconf 79' lang='lat' dir='ltr'>vite</span> <span class='ocrx_word' id='word_1_184' title='bbox 393 1520 552 1578; x_wconf 81' lang='lat' dir='ltr'>memsacae</span> <span class='ocrx_word' id='word_1_185' title='bbox 568 1518 767 1593; x_wconf 89' lang='lat' dir='ltr'>perlectionem</span> <span class='ocrx_word' id='word_1_186' title='bbox 784 1521 969 1592; x_wconf 81' lang='lat' dir='ltr'>spectantibus</span> <span class='ocrx_word' id='word_1_187' title='bbox 1021 1531 1098 1593; x_wconf 78' lang='lat' dir='ltr'>loa),</span> <span class='ocrx_word' id='word_1_188' title='bbox 1116 1524 1150 1581; x_wconf 91' lang='lat' dir='ltr'>ad</span> <span class='ocrx_word' id='word_1_189' title='bbox 1168 1526 1306 1581; x_wconf 85' lang='lat' dir='ltr'>saniorem</span> <span class='ocrx_word' id='word_1_190' title='bbox 1328 1533 1448 1581; x_wconf 80' lang='lat' dir='ltr'>aientem</span> <span class='ocrx_word' id='word_1_191' title='bbox 1461 1532 1601 1583; x_wconf 83' lang='lat' dir='ltr'>revocaret</span> <span class='ocrx_word' id='word_1_192' title='bbox 1617 1545 1623 1582; x_wconf 92' lang='lat'>:</span> <span class='ocrx_word' id='word_1_193' title='bbox 1645 1523 1719 1597; x_wconf 85' lang='lat' dir='ltr'>quod</span> <span class='ocrx_word' id='word_1_194' title='bbox 1733 1524 1823 1582; x_wconf 87' lang='lat' dir='ltr'>maxi-</span> 
     </span>
     <span class='ocr_line' id='line_1_15' title="bbox 165 1613 1823 1691; baseline 0.005 -23"><span class='ocrx_word' id='word_1_195' title='bbox 165 1629 264 1686; x_wconf 87' lang='lat' dir='ltr'>magna</span> <span class='ocrx_word' id='word_1_196' title='bbox 277 1613 361 1671; x_wconf 90' lang='lat' dir='ltr'>animi</span> <span class='ocrx_word' id='word_1_197' title='bbox 379 1615 561 1688; x_wconf 81' lang='lat' dir='ltr'>propensione</span> <span class='ocrx_word' id='word_1_198' title='bbox 581 1628 613 1670; x_wconf 92' lang='lat' dir='ltr'>ac</span> <span class='ocrx_word' id='word_1_199' title='bbox 631 1613 778 1671; x_wconf 84' lang='lat' dir='ltr'>devotione</span> <span class='ocrx_word' id='word_1_200' title='bbox 792 1614 966 1672; x_wconf 80' lang='lat' dir='ltr'>contulerint</span> <span class='ocrx_word' id='word_1_201' title='bbox 1021 1633 1068 1674; x_wconf 88' lang='lat' dir='ltr'>me</span> <span class='ocrx_word' id='word_1_202' title='bbox 1088 1618 1116 1674; x_wconf 92' lang='lat' dir='ltr'>in</span> <span class='ocrx_word' id='word_1_203' title='bbox 1138 1619 1208 1676; x_wconf 87' lang='lat' dir='ltr'>votis</span> <span class='ocrx_word' id='word_1_204' title='bbox 1232 1618 1351 1676; x_wconf 88' lang='lat' dir='ltr'>habebat</span> <span class='ocrx_word' id='word_1_205' title='bbox 1373 1636 1380 1674; x_wconf 92' lang='lat'><strong>:</strong></span> <span class='ocrx_word' id='word_1_206' title='bbox 1406 1634 1469 1675; x_wconf 90' lang='lat' dir='ltr'>cum</span> <span class='ocrx_word' id='word_1_207' title='bbox 1490 1618 1634 1676; x_wconf 80' lang='lat' dir='ltr'>ediverso</span> <span class='ocrx_word' id='word_1_208' title='bbox 1657 1616 1823 1691; x_wconf 85' lang='lat' dir='ltr'>Theophilus</span> 
     </span>
     <span class='ocr_line' id='line_1_16' title="bbox 166 1705 1822 1784; baseline 0.004 -22"><span class='ocrx_word' id='word_1_209' title='bbox 166 1705 248 1763; x_wconf 90' lang='lat' dir='ltr'>Unde</span> <span class='ocrx_word' id='word_1_210' title='bbox 263 1714 290 1763; x_wconf 92' lang='lat' dir='ltr'>et</span> <span class='ocrx_word' id='word_1_211' title='bbox 305 1706 441 1764; x_wconf 89' lang='lat' dir='ltr'>scribendi</span> <span class='ocrx_word' id='word_1_212' title='bbox 454 1706 621 1764; x_wconf 84' lang='lat' dir='ltr'>collationes</span> <span class='ocrx_word' id='word_1_213' title='bbox 641 1709 756 1764; x_wconf 90' lang='lat' dir='ltr'>Patrum</span> <span class='ocrx_word' id='word_1_214' title='bbox 776 1706 825 1779; x_wconf 90' lang='lat' dir='ltr'>ipsi</span> <span class='ocrx_word' id='word_1_215' title='bbox 840 1708 968 1765; x_wconf 79' lang='lat' dir='ltr'>Cassiam</span> <span class='ocrx_word' id='word_1_216' title='bbox 1022 1711 1225 1770; x_wconf 75' lang='lat' dir='ltr'>Alexandrinus</span> <span class='ocrx_word' id='word_1_217' title='bbox 1244 1712 1339 1769; x_wconf 89' lang='lat' dir='ltr'>durius</span> <span class='ocrx_word' id='word_1_218' title='bbox 1360 1729 1423 1768; x_wconf 89' lang='lat' dir='ltr'>eum</span> <span class='ocrx_word' id='word_1_219' title='bbox 1438 1713 1476 1769; x_wconf 90' lang='lat' dir='ltr'>eis</span> <span class='ocrx_word' id='word_1_220' title='bbox 1494 1711 1629 1784; x_wconf 90' lang='lat' dir='ltr'>agendum</span> <span class='ocrx_word' id='word_1_221' title='bbox 1652 1711 1822 1769; x_wconf 87' lang='lat' dir='ltr'>decerneret.</span> 
     </span>
     <span class='ocr_line' id='line_1_17' title="bbox 167 1777 1824 1879; baseline 0.004 -23"><span class='ocrx_word' id='word_1_222' title='bbox 167 1800 344 1871; x_wconf 90' lang='lat' dir='ltr'>postmodum</span> <span class='ocrx_word' id='word_1_223' title='bbox 372 1811 433 1858; x_wconf 89' lang='lat' dir='ltr'>orta</span> <span class='ocrx_word' id='word_1_224' title='bbox 464 1801 573 1858; x_wconf 88' lang='lat' dir='ltr'>occasio</span> <span class='ocrx_word' id='word_1_225' title='bbox 598 1801 681 1858; x_wconf 89' lang='lat' dir='ltr'>simul</span> <span class='ocrx_word' id='word_1_226' title='bbox 707 1808 735 1858; x_wconf 91' lang='lat' dir='ltr'>et</span> <span class='ocrx_word' id='word_1_227' title='bbox 757 1809 965 1873; x_wconf 84' lang='lat' dir='ltr'>argumentum.</span> <span class='ocrx_word' id='word_1_228' title='bbox 982 1777 1005 1840; x_wconf 80' lang='grc' dir='ltr'><strong>Β</strong></span> <span class='ocrx_word' id='word_1_229' title='bbox 1024 1805 1105 1863; x_wconf 91' lang='lat' dir='ltr'>Unde</span> <span class='ocrx_word' id='word_1_230' title='bbox 1121 1806 1273 1863; x_wconf 83' lang='lat' dir='ltr'>simultates</span> <span class='ocrx_word' id='word_1_231' title='bbox 1294 1816 1321 1862; x_wconf 92' lang='lat' dir='ltr'>ct</span> <span class='ocrx_word' id='word_1_232' title='bbox 1340 1822 1438 1879; x_wconf 88' lang='lat' dir='ltr'>magna</span> <span class='ocrx_word' id='word_1_233' title='bbox 1456 1805 1566 1863; x_wconf 88' lang='lat' dir='ltr'>dissidia</span> <span class='ocrx_word' id='word_1_234' title='bbox 1584 1806 1653 1862; x_wconf 90' lang='lat' dir='ltr'>inter</span> <span class='ocrx_word' id='word_1_235' title='bbox 1667 1806 1719 1862; x_wconf 91' lang='lat' dir='ltr'>hos</span> <span class='ocrx_word' id='word_1_236' title='bbox 1733 1814 1824 1879; x_wconf 91' lang='lat' dir='ltr'>patres</span> 
     </span>
     <span class='ocr_line' id='line_1_18' title="bbox 168 1892 1825 1971; baseline 0.004 -23"><span class='ocrx_word' id='word_1_237' title='bbox 168 1892 241 1949; x_wconf 82' lang='lat' dir='ltr'>Nihil</span> <span class='ocrx_word' id='word_1_238' title='bbox 255 1895 329 1950; x_wconf 90' lang='lat' dir='ltr'>enim</span> <span class='ocrx_word' id='word_1_239' title='bbox 344 1894 419 1952; x_wconf 90' lang='lat' dir='ltr'>aliud</span> <span class='ocrx_word' id='word_1_240' title='bbox 430 1895 615 1951; x_wconf 78' lang='lat' dir='ltr'>collationum</span> <span class='ocrx_word' id='word_1_241' title='bbox 627 1892 775 1961; x_wconf 83' lang='lat' dir='ltr'>vocabulo,</span> <span class='ocrx_word' id='word_1_242' title='bbox 789 1909 872 1964; x_wconf 89' lang='lat' dir='ltr'>quam</span> <span class='ocrx_word' id='word_1_243' title='bbox 893 1892 969 1950; x_wconf 88' lang='lat' dir='ltr'>lami·</span> <span class='ocrx_word' id='word_1_244' title='bbox 1023 1908 1207 1954; x_wconf 87' lang='lat' dir='ltr'>exarserunt:</span> <span class='ocrx_word' id='word_1_245' title='bbox 1231 1898 1272 1954; x_wconf 85' lang='lat' dir='ltr'>rel</span> <span class='ocrx_word' id='word_1_246' title='bbox 1294 1899 1397 1971; x_wconf 91' lang='lat' dir='ltr'>potius,</span> <span class='ocrx_word' id='word_1_247' title='bbox 1420 1898 1494 1968; x_wconf 91' lang='lat' dir='ltr'>quod</span> <span class='ocrx_word' id='word_1_248' title='bbox 1516 1898 1598 1954; x_wconf 89' lang='lat' dir='ltr'>iidem</span> <span class='ocrx_word' id='word_1_249' title='bbox 1618 1900 1771 1956; x_wconf 88' lang='lat' dir='ltr'>Germanus</span> <span class='ocrx_word' id='word_1_250' title='bbox 1795 1907 1825 1956; x_wconf 89' lang='lat' dir='ltr'>et</span> 
     </span>
     <span class='ocr_line' id='line_1_19' title="bbox 169 1979 1912 2063; baseline 0.005 -22"><span class='ocrx_word' id='word_1_251' title='bbox 169 1984 250 2043; x_wconf 89' lang='lat' dir='ltr'>liares</span> <span class='ocrx_word' id='word_1_252' title='bbox 276 2002 437 2062; x_wconf 90' lang='lat' dir='ltr'>congressus</span> <span class='ocrx_word' id='word_1_253' title='bbox 460 2002 655 2059; x_wconf 85' lang='lat' dir='ltr'>sermonesque</span> <span class='ocrx_word' id='word_1_254' title='bbox 676 2002 741 2044; x_wconf 94' lang='lat' dir='ltr'>cum</span> <span class='ocrx_word' id='word_1_255' title='bbox 767 1987 819 2042; x_wconf 91' lang='lat' dir='ltr'>illis</span> <span class='ocrx_word' id='word_1_256' title='bbox 846 1987 969 2059; x_wconf 89' lang='lat' dir='ltr'>patribus</span> <span class='ocrx_word' id='word_1_257' title='bbox 1022 1992 1178 2059; x_wconf 86' lang='lat' dir='ltr'>Cassianus,</span> <span class='ocrx_word' id='word_1_258' title='bbox 1199 1990 1374 2048; x_wconf 87' lang='lat' dir='ltr'>carneadem</span> <span class='ocrx_word' id='word_1_259' title='bbox 1397 1995 1557 2062; x_wconf 88' lang='lat' dir='ltr'>tempestate</span> <span class='ocrx_word' id='word_1_260' title='bbox 1576 1990 1604 2047; x_wconf 92' lang='lat' dir='ltr'>in</span> <span class='ocrx_word' id='word_1_261' title='bbox 1619 1992 1747 2063; x_wconf 88' lang='lat' dir='ltr'>AEgypto,</span> <span class='ocrx_word' id='word_1_262' title='bbox 1761 2005 1826 2048; x_wconf 85' lang='lat' dir='ltr'>nec·</span> <span class='ocrx_word' id='word_1_263' title='bbox 1902 1979 1912 1995; x_wconf 70' lang='lat'>⁸</span> 
     </span>
     <span class='ocr_line' id='line_1_20' title="bbox 168 2076 1822 2159; baseline 0.006 -26"><span class='ocrx_word' id='word_1_264' title='bbox 168 2076 286 2149; x_wconf 90' lang='lat' dir='ltr'>bobitos,</span> <span class='ocrx_word' id='word_1_265' title='bbox 306 2080 494 2154; x_wconf 87' lang='lat' dir='ltr'>salutaresque</span> <span class='ocrx_word' id='word_1_266' title='bbox 514 2080 700 2139; x_wconf 79' lang='lat' dir='ltr'>institutiones</span> <span class='ocrx_word' id='word_1_267' title='bbox 722 2079 846 2152; x_wconf 84' lang='lat' dir='ltr'>privatim</span> <span class='ocrx_word' id='word_1_268' title='bbox 862 2079 896 2136; x_wconf 92' lang='lat' dir='ltr'>ab</span> <span class='ocrx_word' id='word_1_269' title='bbox 912 2079 968 2137; x_wconf 90' lang='lat' dir='ltr'>illis</span> <span class='ocrx_word' id='word_1_270' title='bbox 1023 2102 1079 2142; x_wconf 93' lang='lat' dir='ltr'>non</span> <span class='ocrx_word' id='word_1_271' title='bbox 1101 2086 1254 2153; x_wconf 82' lang='lat' dir='ltr'>Palaestiaa,</span> <span class='ocrx_word' id='word_1_272' title='bbox 1278 2086 1340 2142; x_wconf 86' lang='lat' dir='ltr'>duae</span> <span class='ocrx_word' id='word_1_273' title='bbox 1368 2084 1567 2141; x_wconf 86' lang='lat' dir='ltr'>monachorum</span> <span class='ocrx_word' id='word_1_274' title='bbox 1590 2085 1732 2155; x_wconf 87' lang='lat' dir='ltr'>factiones,</span> <span class='ocrx_word' id='word_1_275' title='bbox 1757 2093 1822 2159; x_wconf 90' lang='lat' dir='ltr'>puta</span> 
     </span>
     <span class='ocr_line' id='line_1_21' title="bbox 170 2172 1825 2251; baseline 0.007 -26"><span class='ocrx_word' id='word_1_276' title='bbox 170 2183 293 2244; x_wconf 85' lang='lat' dir='ltr'>acceptas</span> <span class='ocrx_word' id='word_1_277' title='bbox 310 2174 531 2247; x_wconf 86' lang='lat' dir='ltr'>soluitintelligi.</span> <span class='ocrx_word' id='word_1_278' title='bbox 555 2176 590 2230; x_wconf 73' lang='lat' dir='ltr'>tt</span> <span class='ocrx_word' id='word_1_279' title='bbox 606 2173 666 2230; x_wconf 81' lang='lat' dir='ltr'>baec</span> <span class='ocrx_word' id='word_1_280' title='bbox 689 2172 800 2245; x_wconf 87' lang='lat' dir='ltr'>quidem</span> <span class='ocrx_word' id='word_1_281' title='bbox 822 2189 857 2230; x_wconf 90' lang='lat' dir='ltr'>ex</span> <span class='ocrx_word' id='word_1_282' title='bbox 877 2174 969 2231; x_wconf 89' lang='lat' dir='ltr'>multis</span> <span class='ocrx_word' id='word_1_283' title='bbox 1022 2179 1366 2251; x_wconf 77' lang='lat' dir='ltr'>Anthropomorphitnrum</span> <span class='ocrx_word' id='word_1_284' title='bbox 1399 2187 1427 2236; x_wconf 91' lang='lat' dir='ltr'>et</span> <span class='ocrx_word' id='word_1_285' title='bbox 1460 2178 1693 2251; x_wconf 79' lang='lat' dir='ltr'>origenistarum,</span> <span class='ocrx_word' id='word_1_286' title='bbox 1720 2179 1825 2237; x_wconf 92' lang='lat' dir='ltr'>mutuis</span> 
     </span>
     <span class='ocr_line' id='line_1_22' title="bbox 173 2266 1824 2342; baseline 0.005 -20"><span class='ocrx_word' id='word_1_287' title='bbox 173 2266 356 2323; x_wconf 88' lang='lat' dir='ltr'>Collationum</span> <span class='ocrx_word' id='word_1_288' title='bbox 382 2269 450 2324; x_wconf 93' lang='lat' dir='ltr'>locis</span> <span class='ocrx_word' id='word_1_289' title='bbox 473 2277 545 2324; x_wconf 85' lang='lat' dir='ltr'>certa</span> <span class='ocrx_word' id='word_1_290' title='bbox 574 2276 601 2325; x_wconf 92' lang='lat' dir='ltr'>et</span> <span class='ocrx_word' id='word_1_291' title='bbox 628 2267 776 2324; x_wconf 90' lang='lat' dir='ltr'>indubitata</span> <span class='ocrx_word' id='word_1_292' title='bbox 808 2267 968 2325; x_wconf 86' lang='lat' dir='ltr'>redduntur.</span> <span class='ocrx_word' id='word_1_293' title='bbox 1023 2271 1092 2329; x_wconf 89' lang='lat' dir='ltr'>odiis</span> <span class='ocrx_word' id='word_1_294' title='bbox 1105 2281 1133 2333; x_wconf 86' lang='lat' dir='ltr'>et</span> <span class='ocrx_word' id='word_1_295' title='bbox 1150 2272 1562 2342; x_wconf 83' lang='lat' dir='ltr'>altercationibusdecertarent,</span> <span class='ocrx_word' id='word_1_296' title='bbox 1575 2289 1610 2329; x_wconf 92' lang='lat' dir='ltr'>ne</span> <span class='ocrx_word' id='word_1_297' title='bbox 1627 2271 1738 2330; x_wconf 88' lang='lat' dir='ltr'>forteln</span> <span class='ocrx_word' id='word_1_298' title='bbox 1752 2273 1824 2331; x_wconf 90' lang='lat' dir='ltr'>bane</span> 
     </span>
     <span class='ocr_line' id='line_1_23' title="bbox 171 2360 1821 2442; baseline 0.008 -29"><span class='ocrx_word' id='word_1_299' title='bbox 171 2360 242 2414; x_wconf 85' lang='lat' dir='ltr'>Nam</span> <span class='ocrx_word' id='word_1_300' title='bbox 259 2361 417 2416; x_wconf 80' lang='lat' dir='ltr'>collationis</span> <span class='ocrx_word' id='word_1_301' title='bbox 433 2362 591 2433; x_wconf 75' lang='lat' dir='ltr'>primani</span> <span class='ocrx_word' id='word_1_302' title='bbox 613 2360 647 2418; x_wconf 89' lang='lat' dir='ltr'>de</span> <span class='ocrx_word' id='word_1_303' title='bbox 671 2361 721 2418; x_wconf 90' lang='lat' dir='ltr'>hac</span> <span class='ocrx_word' id='word_1_304' title='bbox 744 2362 967 2436; x_wconf 88' lang='lat' dir='ltr'>peregrinatione,</span> <span class='ocrx_word' id='word_1_305' title='bbox 1021 2369 1062 2425; x_wconf 84' lang='lat' dir='ltr'>rel</span> <span class='ocrx_word' id='word_1_306' title='bbox 1086 2369 1162 2425; x_wconf 90' lang='lat' dir='ltr'>illam</span> <span class='ocrx_word' id='word_1_307' title='bbox 1186 2378 1291 2442; x_wconf 87' lang='lat' dir='ltr'>partem</span> <span class='ocrx_word' id='word_1_308' title='bbox 1309 2367 1484 2438; x_wconf 87' lang='lat' dir='ltr'>declinantes,</span> <span class='ocrx_word' id='word_1_309' title='bbox 1508 2368 1536 2424; x_wconf 90' lang='lat' dir='ltr'>in</span> <span class='ocrx_word' id='word_1_310' title='bbox 1559 2384 1682 2424; x_wconf 90' lang='lat' dir='ltr'>errorem</span> <span class='ocrx_word' id='word_1_311' title='bbox 1702 2366 1821 2426; x_wconf 88' lang='lat' dir='ltr'>abduce·</span> 
     </span>
     <span class='ocr_line' id='line_1_24' title="bbox 169 2453 1824 2535; baseline 0.007 -28"><span class='ocrx_word' id='word_1_312' title='bbox 169 2459 197 2507; x_wconf 93' lang='lat' dir='ltr'>et</span> <span class='ocrx_word' id='word_1_313' title='bbox 217 2453 346 2510; x_wconf 88' lang='lat' dir='ltr'>Germani</span> <span class='ocrx_word' id='word_1_314' title='bbox 367 2454 438 2510; x_wconf 90' lang='lat' dir='ltr'>illius</span> <span class='ocrx_word' id='word_1_315' title='bbox 460 2454 595 2512; x_wconf 78' lang='lat' dir='ltr'>individua</span> <span class='ocrx_word' id='word_1_316' title='bbox 621 2456 752 2513; x_wconf 86' lang='lat' dir='ltr'>societate</span> <span class='ocrx_word' id='word_1_317' title='bbox 775 2459 813 2513; x_wconf 89' lang='lat' dir='ltr'>ita</span> <span class='ocrx_word' id='word_1_318' title='bbox 836 2457 929 2514; x_wconf 88' lang='lat' dir='ltr'>scribit</span> <span class='ocrx_word' id='word_1_319' title='bbox 959 2476 967 2514; x_wconf 75' lang='grc' dir='ltr'><strong><em>ε</em></strong></span> <span class='ocrx_word' id='word_1_320' title='bbox 1022 2471 1116 2519; x_wconf 92' lang='lat' dir='ltr'>rentur</span> <span class='ocrx_word' id='word_1_321' title='bbox 1131 2470 1177 2518; x_wconf 89' lang='lat' dir='ltr'>:et</span> <span class='ocrx_word' id='word_1_322' title='bbox 1187 2461 1421 2534; x_wconf 86' lang='lat' dir='ltr'>quemadmodum</span> <span class='ocrx_word' id='word_1_323' title='bbox 1432 2462 1578 2535; x_wconf 76' lang='lat' dir='ltr'>Apostolus</span> <span class='ocrx_word' id='word_1_324' title='bbox 1589 2462 1626 2517; x_wconf 91' lang='lat' dir='ltr'>ait</span> <span class='ocrx_word' id='word_1_325' title='bbox 1636 2464 1707 2528; x_wconf 85' lang='lat' dir='ltr'>(Gal.</span> <span class='ocrx_word' id='word_1_326' title='bbox 1726 2467 1774 2533; x_wconf 82' lang='grc' dir='ltr'>ιι),</span> <span class='ocrx_word' id='word_1_327' title='bbox 1788 2478 1824 2520; x_wconf 89' lang='lat' dir='ltr'>ne</span> 
     </span>
     <span class='ocr_line' id='line_1_25' title="bbox 169 2548 1824 2621; baseline 0.004 -15"><span class='ocrx_word' id='word_1_328' title='bbox 169 2548 234 2606; x_wconf 81' lang='lat' dir='ltr'>Cam</span> <span class='ocrx_word' id='word_1_329' title='bbox 253 2550 281 2602; x_wconf 84' lang='lat' dir='ltr'>in</span> <span class='ocrx_word' id='word_1_330' title='bbox 295 2564 381 2603; x_wconf 80' lang='lat' dir='ltr'>erano</span> <span class='ocrx_word' id='word_1_331' title='bbox 397 2550 499 2619; x_wconf 74' lang='lat' dir='ltr'>statas,</span> <span class='ocrx_word' id='word_1_332' title='bbox 519 2551 643 2607; x_wconf 83' lang='lat' dir='ltr'>abbatem</span> <span class='ocrx_word' id='word_1_333' title='bbox 660 2554 761 2614; x_wconf 79' lang='lat' dir='ltr'>Mosert,</span> <span class='ocrx_word' id='word_1_334' title='bbox 780 2559 846 2621; x_wconf 81' lang='lat' dir='ltr'>etc,</span> <span class='ocrx_word' id='word_1_335' title='bbox 861 2554 970 2607; x_wconf 84' lang='lat' dir='ltr'>instita·</span> <span class='ocrx_word' id='word_1_336' title='bbox 1022 2554 1051 2611; x_wconf 91' lang='lat' dir='ltr'>in</span> <span class='ocrx_word' id='word_1_337' title='bbox 1065 2570 1165 2611; x_wconf 84' lang='lat' dir='ltr'>vanum</span> <span class='ocrx_word' id='word_1_338' title='bbox 1183 2563 1332 2618; x_wconf 89' lang='lat' dir='ltr'>currerent,</span> <span class='ocrx_word' id='word_1_339' title='bbox 1351 2563 1399 2611; x_wconf 92' lang='lat' dir='ltr'>aut</span> <span class='ocrx_word' id='word_1_340' title='bbox 1418 2554 1611 2621; x_wconf 87' lang='lat' dir='ltr'>cucurrissent,</span> <span class='ocrx_word' id='word_1_341' title='bbox 1631 2570 1689 2611; x_wconf 86' lang='lat' dir='ltr'>suae</span> <span class='ocrx_word' id='word_1_342' title='bbox 1708 2554 1771 2612; x_wconf 90' lang='lat' dir='ltr'>lidei</span> <span class='ocrx_word' id='word_1_343' title='bbox 1795 2563 1824 2612; x_wconf 91' lang='lat' dir='ltr'>et</span> 
     </span>
     <span class='ocr_line' id='line_1_26' title="bbox 168 2642 1823 2728; baseline 0.004 -32"><span class='ocrx_word' id='word_1_344' title='bbox 168 2645 239 2698; x_wconf 87' lang='lat' dir='ltr'>tione</span> <span class='ocrx_word' id='word_1_345' title='bbox 253 2642 311 2711; x_wconf 81' lang='lat' dir='ltr'>ejas</span> <span class='ocrx_word' id='word_1_346' title='bbox 322 2644 441 2712; x_wconf 73' lang='lat' dir='ltr'>serenari</span> <span class='ocrx_word' id='word_1_347' title='bbox 453 2647 559 2716; x_wconf 73' lang='lat' dir='ltr'>cripiens</span> <span class='ocrx_word' id='word_1_348' title='bbox 574 2648 733 2716; x_wconf 72' lang='lat' dir='ltr'>expetissem</span> <span class='ocrx_word' id='word_1_349' title='bbox 745 2663 801 2702; x_wconf 88' lang='lat' dir='ltr'>ana</span> <span class='ocrx_word' id='word_1_350' title='bbox 812 2650 970 2702; x_wconf 85' lang='lat' dir='ltr'>cumsaneto</span> <span class='ocrx_word' id='word_1_351' title='bbox 1022 2649 1101 2704; x_wconf 90' lang='lat' dir='ltr'>saluti</span> <span class='ocrx_word' id='word_1_352' title='bbox 1127 2648 1300 2704; x_wconf 91' lang='lat' dir='ltr'>consulentes</span> <span class='ocrx_word' id='word_1_353' title='bbox 1329 2647 1363 2704; x_wconf 91' lang='lat' dir='ltr'>ad</span> <span class='ocrx_word' id='word_1_354' title='bbox 1394 2650 1426 2703; x_wconf 93' lang='grc' dir='ltr'>Β.</span> <span class='ocrx_word' id='word_1_355' title='bbox 1458 2647 1686 2728; x_wconf 81' lang='lat' dir='ltr'>chrysostomum</span> <span class='ocrx_word' id='word_1_356' title='bbox 1710 2647 1823 2720; x_wconf 84' lang='lat' dir='ltr'>patriar·</span> 
     </span>
     <span class='ocr_line' id='line_1_27' title="bbox 168 2738 1824 2811; baseline 0.003 -19"><span class='ocrx_word' id='word_1_357' title='bbox 168 2738 266 2792; x_wconf 83' lang='lat' dir='ltr'>abbate</span> <span class='ocrx_word' id='word_1_358' title='bbox 278 2738 422 2803; x_wconf 79' lang='lat' dir='ltr'>Germano,</span> <span class='ocrx_word' id='word_1_359' title='bbox 438 2756 497 2795; x_wconf 86' lang='lat' dir='ltr'>enm</span> <span class='ocrx_word' id='word_1_360' title='bbox 509 2756 563 2811; x_wconf 81' lang='lat' dir='ltr'>qno</span> <span class='ocrx_word' id='word_1_361' title='bbox 581 2742 658 2803; x_wconf 86' lang='lat' dir='ltr'>milri,</span> <span class='ocrx_word' id='word_1_362' title='bbox 679 2742 783 2811; x_wconf 72' lang='lat' dir='ltr'>abipso</span> <span class='ocrx_word' id='word_1_363' title='bbox 796 2743 926 2810; x_wconf 76' lang='lat' dir='ltr'>tyrocireio</span> <span class='ocrx_word' id='word_1_364' title='bbox 938 2758 970 2797; x_wconf 87' lang='lat' dir='ltr'>ac</span> <span class='ocrx_word' id='word_1_365' title='bbox 1023 2739 1114 2808; x_wconf 80' lang='lat' dir='ltr'>chana,</span> <span class='ocrx_word' id='word_1_366' title='bbox 1136 2748 1167 2795; x_wconf 94' lang='lat' dir='ltr'>ut</span> <span class='ocrx_word' id='word_1_367' title='bbox 1182 2741 1350 2810; x_wconf 86' lang='lat' dir='ltr'>praecipuum</span> <span class='ocrx_word' id='word_1_368' title='bbox 1370 2739 1515 2797; x_wconf 89' lang='lat' dir='ltr'>Orientalis</span> <span class='ocrx_word' id='word_1_369' title='bbox 1536 2739 1662 2796; x_wconf 79' lang='lat' dir='ltr'>Ecclesiae</span> <span class='ocrx_word' id='word_1_370' title='bbox 1680 2740 1824 2797; x_wconf 88' lang='lat' dir='ltr'>doctorem</span> 
     </span>
     <span class='ocr_line' id='line_1_28' title="bbox 170 2831 1823 2906; baseline 0.003 -22"><span class='ocrx_word' id='word_1_371' title='bbox 170 2831 331 2887; x_wconf 73' lang='lat' dir='ltr'>condimentis</span> <span class='ocrx_word' id='word_1_372' title='bbox 340 2834 583 2905; x_wconf 80' lang='lat' dir='ltr'>mr&#39;littoespirttolis</span> <span class='ocrx_word' id='word_1_373' title='bbox 601 2837 641 2889; x_wconf 83' lang='lat' dir='ltr'>ita</span> <span class='ocrx_word' id='word_1_374' title='bbox 657 2834 829 2890; x_wconf 79' lang='lat' dir='ltr'>individuam</span> <span class='ocrx_word' id='word_1_375' title='bbox 846 2834 970 2906; x_wconf 62' lang='lat' dir='ltr'>Mnemon</span> <span class='ocrx_word' id='word_1_376' title='bbox 1024 2843 1052 2891; x_wconf 92' lang='lat' dir='ltr'>et</span> <span class='ocrx_word' id='word_1_377' title='bbox 1064 2832 1182 2890; x_wconf 79' lang='lat' dir='ltr'>veritatis</span> <span class='ocrx_word' id='word_1_378' title='bbox 1198 2833 1405 2905; x_wconf 77' lang='lat' dir='ltr'>antesignanum</span> <span class='ocrx_word' id='word_1_379' title='bbox 1420 2831 1599 2905; x_wconf 77' lang='lat' dir='ltr'>confugerint,</span> <span class='ocrx_word' id='word_1_380' title='bbox 1620 2851 1703 2906; x_wconf 91' lang='lat' dir='ltr'>aquo</span> <span class='ocrx_word' id='word_1_381' title='bbox 1725 2834 1823 2890; x_wconf 89' lang='lat' dir='ltr'>huma·</span> 
     </span>
     <span class='ocr_line' id='line_1_29' title="bbox 170 2924 1823 2999; baseline 0.001 -20"><span class='ocrx_word' id='word_1_382' title='bbox 170 2927 476 2981; x_wconf 81' lang='lat' dir='ltr'>rotembemiamtama&#39;n</span> <span class='ocrx_word' id='word_1_383' title='bbox 489 2928 615 2992; x_wconf 72' lang='lat' dir='ltr'>cenobio</span> <span class='ocrx_word' id='word_1_384' title='bbox 631 2930 971 2999; x_wconf 72' lang='lat' dir='ltr'>promineremofait,ttt</span> <span class='ocrx_word' id='word_1_385' title='bbox 1024 2929 1094 2984; x_wconf 89' lang='lat' dir='ltr'>niter</span> <span class='ocrx_word' id='word_1_386' title='bbox 1119 2925 1223 2999; x_wconf 83' lang='lat' dir='ltr'>excepti</span> <span class='ocrx_word' id='word_1_387' title='bbox 1247 2932 1275 2981; x_wconf 91' lang='lat' dir='ltr'>et</span> <span class='ocrx_word' id='word_1_388' title='bbox 1299 2924 1327 2980; x_wconf 95' lang='lat' dir='ltr'>in</span> <span class='ocrx_word' id='word_1_389' title='bbox 1356 2924 1488 2980; x_wconf 87' lang='lat' dir='ltr'>catholiea</span> <span class='ocrx_word' id='word_1_390' title='bbox 1515 2924 1637 2981; x_wconf 91' lang='lat' dir='ltr'>doctriua</span> <span class='ocrx_word' id='word_1_391' title='bbox 1659 2926 1823 2993; x_wconf 82' lang='lat' dir='ltr'>conlirmrti,</span> 
     </span>
     <span class='ocr_line' id='line_1_30' title="bbox 170 3017 1826 3094; baseline 0 -20"><span class='ocrx_word' id='word_1_392' title='bbox 170 3021 691 3092; x_wconf 74' lang='lat' dir='ltr'>annetiodsipm&#39;fleoadamsodalitatis,</span> <span class='ocrx_word' id='word_1_393' title='bbox 705 3025 876 3093; x_wconf 85' lang='lat' dir='ltr'>oepropositi</span> <span class='ocrx_word' id='word_1_394' title='bbox 886 3024 973 3077; x_wconf 86' lang='lat' dir='ltr'>nostri</span> <span class='ocrx_word' id='word_1_395' title='bbox 1025 3023 1150 3094; x_wconf 81' lang='lat' dir='ltr'>deinceps</span> <span class='ocrx_word' id='word_1_396' title='bbox 1172 3023 1201 3076; x_wconf 93' lang='lat' dir='ltr'>in</span> <span class='ocrx_word' id='word_1_397' title='bbox 1220 3020 1278 3093; x_wconf 81' lang='lat' dir='ltr'>ejus</span> <span class='ocrx_word' id='word_1_398' title='bbox 1298 3018 1440 3092; x_wconf 90' lang='lat' dir='ltr'>obsequio,</span> <span class='ocrx_word' id='word_1_399' title='bbox 1463 3027 1490 3075; x_wconf 90' lang='lat' dir='ltr'>et</span> <span class='ocrx_word' id='word_1_400' title='bbox 1509 3017 1649 3090; x_wconf 87' lang='lat' dir='ltr'>disciplina</span> <span class='ocrx_word' id='word_1_401' title='bbox 1673 3031 1826 3090; x_wconf 84' lang='lat' dir='ltr'>persevera-</span> 
     </span>
     <span class='ocr_line' id='line_1_31' title="bbox 167 3111 1824 3210; baseline 0.001 -41"><span class='ocrx_word' id='word_1_402' title='bbox 167 3116 337 3182; x_wconf 69' lang='lat' dir='ltr'>pentecotem</span> <span class='ocrx_word' id='word_1_403' title='bbox 352 3119 564 3187; x_wconf 79' lang='lat' dir='ltr'>pronuntiarent</span> <span class='ocrx_word' id='word_1_404' title='bbox 581 3133 665 3172; x_wconf 82' lang='lat' dir='ltr'>artam</span> <span class='ocrx_word' id='word_1_405' title='bbox 682 3123 796 3172; x_wconf 81' lang='lat' dir='ltr'>merrtem</span> <span class='ocrx_word' id='word_1_406' title='bbox 815 3123 897 3187; x_wconf 80' lang='lat' dir='ltr'>etque</span> <span class='ocrx_word' id='word_1_407' title='bbox 910 3119 970 3172; x_wconf 83' lang='lat' dir='ltr'>arri·</span> <span class='ocrx_word' id='word_1_408' title='bbox 986 3146 1008 3210; x_wconf 75' lang='lat' dir='ltr'>c</span> <span class='ocrx_word' id='word_1_409' title='bbox 1025 3120 1087 3175; x_wconf 90' lang='lat' dir='ltr'>rint.</span> <span class='ocrx_word' id='word_1_410' title='bbox 1107 3122 1148 3178; x_wconf 91' lang='lat' dir='ltr'>Ut</span> <span class='ocrx_word' id='word_1_411' title='bbox 1161 3132 1191 3174; x_wconf 85' lang='lat' dir='ltr'>se</span> <span class='ocrx_word' id='word_1_412' title='bbox 1202 3132 1246 3173; x_wconf 85' lang='lat' dir='ltr'>res</span> <span class='ocrx_word' id='word_1_413' title='bbox 1264 3115 1373 3183; x_wconf 89' lang='lat' dir='ltr'>habeat,</span> <span class='ocrx_word' id='word_1_414' title='bbox 1388 3122 1462 3171; x_wconf 88' lang='lat' dir='ltr'>certe</span> <span class='ocrx_word' id='word_1_415' title='bbox 1476 3113 1635 3171; x_wconf 88' lang='lat' dir='ltr'>Cassianum</span> <span class='ocrx_word' id='word_1_416' title='bbox 1656 3116 1689 3169; x_wconf 89' lang='lat' dir='ltr'>D.</span> <span class='ocrx_word' id='word_1_417' title='bbox 1705 3111 1824 3185; x_wconf 80' lang='lat' dir='ltr'>Chryso·</span> 
     </span>
     <span class='ocr_line' id='line_1_32' title="bbox 171 3202 1826 3282; baseline 0 -21"><span class='ocrx_word' id='word_1_418' title='bbox 171 3222 243 3262; x_wconf 89' lang='lat' dir='ltr'>mam</span> <span class='ocrx_word' id='word_1_419' title='bbox 258 3208 362 3264; x_wconf 81' lang='lat' dir='ltr'>daobns</span> <span class='ocrx_word' id='word_1_420' title='bbox 378 3211 463 3264; x_wconf 87' lang='lat' dir='ltr'>inesse</span> <span class='ocrx_word' id='word_1_421' title='bbox 480 3211 647 3280; x_wconf 71' lang='lat' dir='ltr'>corporibus,</span> <span class='ocrx_word' id='word_1_422' title='bbox 658 3213 816 3280; x_wconf 78' lang='lat' dir='ltr'>pariterque</span> <span class='ocrx_word' id='word_1_423' title='bbox 830 3211 865 3265; x_wconf 84' lang='lat' dir='ltr'>ab</span> <span class='ocrx_word' id='word_1_424' title='bbox 879 3210 969 3265; x_wconf 85' lang='lat' dir='ltr'>eodem</span> <span class='ocrx_word' id='word_1_425' title='bbox 1024 3211 1108 3268; x_wconf 90' lang='lat' dir='ltr'>stomi</span> <span class='ocrx_word' id='word_1_426' title='bbox 1127 3209 1290 3282; x_wconf 91' lang='lat' dir='ltr'>discipulum</span> <span class='ocrx_word' id='word_1_427' title='bbox 1312 3207 1446 3264; x_wconf 82' lang='lat' dir='ltr'>exstitisse</span> <span class='ocrx_word' id='word_1_428' title='bbox 1467 3221 1522 3262; x_wconf 92' lang='lat' dir='ltr'>non</span> <span class='ocrx_word' id='word_1_429' title='bbox 1549 3204 1632 3261; x_wconf 90' lang='lat' dir='ltr'>modo</span> <span class='ocrx_word' id='word_1_430' title='bbox 1660 3202 1826 3261; x_wconf 83' lang='lat' dir='ltr'>Trithe&#39;mins</span> 
     </span>
     <span class='ocr_line' id='line_1_33' title="bbox 174 3298 1825 3376; baseline 0.002 -23"><span class='ocrx_word' id='word_1_431' title='bbox 174 3301 270 3355; x_wconf 80' lang='lat' dir='ltr'>‹ibbate</span> <span class='ocrx_word' id='word_1_432' title='bbox 285 3301 395 3370; x_wconf 82' lang='lat' dir='ltr'>(scilicet</span> <span class='ocrx_word' id='word_1_433' title='bbox 409 3302 516 3373; x_wconf 81' lang='lat' dir='ltr'>bloyse)</span> <span class='ocrx_word' id='word_1_434' title='bbox 529 3303 716 3370; x_wconf 72' lang='lat' dir='ltr'>edificationis</span> <span class='ocrx_word' id='word_1_435' title='bbox 735 3318 881 3357; x_wconf 85' lang='lat' dir='ltr'>sermonem</span> <span class='ocrx_word' id='word_1_436' title='bbox 900 3304 971 3370; x_wconf 72' lang='lat' dir='ltr'>susis</span> <span class='ocrx_word' id='word_1_437' title='bbox 1024 3304 1121 3376; x_wconf 87' lang='lat' dir='ltr'>aliique</span> <span class='ocrx_word' id='word_1_438' title='bbox 1134 3310 1288 3359; x_wconf 90' lang='lat' dir='ltr'>testantur:</span> <span class='ocrx_word' id='word_1_439' title='bbox 1304 3300 1352 3357; x_wconf 90' lang='lat' dir='ltr'>sed</span> <span class='ocrx_word' id='word_1_440' title='bbox 1371 3309 1399 3357; x_wconf 89' lang='lat' dir='ltr'>et</span> <span class='ocrx_word' id='word_1_441' title='bbox 1419 3299 1564 3358; x_wconf 86' lang='lat' dir='ltr'>Cassianus</span> <span class='ocrx_word' id='word_1_442' title='bbox 1577 3298 1691 3370; x_wconf 88' lang='lat' dir='ltr'>ipsemet</span> <span class='ocrx_word' id='word_1_443' title='bbox 1703 3298 1825 3371; x_wconf 89' lang='lat' dir='ltr'>ingenue</span> 
     </span>
     <span class='ocr_line' id='line_1_34' title="bbox 173 3392 1825 3472; baseline 0.001 -23"><span class='ocrx_word' id='word_1_444' title='bbox 173 3395 297 3465; x_wconf 76' lang='lat' dir='ltr'>lacrymis</span> <span class='ocrx_word' id='word_1_445' title='bbox 312 3397 486 3459; x_wconf 80' lang='lat' dir='ltr'>ambiremus,</span> <span class='ocrx_word' id='word_1_446' title='bbox 502 3403 555 3451; x_wconf 91' lang='lat' dir='ltr'>etc.</span> <span class='ocrx_word' id='word_1_447' title='bbox 575 3398 683 3451; x_wconf 85' lang='lat' dir='ltr'>Rursus</span> <span class='ocrx_word' id='word_1_448' title='bbox 696 3395 848 3451; x_wconf 90' lang='lat' dir='ltr'>collationis</span> <span class='ocrx_word' id='word_1_449' title='bbox 858 3394 971 3452; x_wconf 85' lang='lat' dir='ltr'>decimae</span> <span class='ocrx_word' id='word_1_450' title='bbox 1025 3399 1157 3472; x_wconf 89' lang='lat' dir='ltr'>agnoscit,</span> <span class='ocrx_word' id='word_1_451' title='bbox 1173 3397 1380 3470; x_wconf 84' lang='lat' dir='ltr'>ae&#39;prolitctur3</span> <span class='ocrx_word' id='word_1_452' title='bbox 1402 3396 1488 3453; x_wconf 90' lang='lat' dir='ltr'>immo</span> <span class='ocrx_word' id='word_1_453' title='bbox 1508 3392 1638 3467; x_wconf 88' lang='lat' dir='ltr'>quidquid</span> <span class='ocrx_word' id='word_1_454' title='bbox 1657 3393 1713 3466; x_wconf 90' lang='lat' dir='ltr'>ipse</span> <span class='ocrx_word' id='word_1_455' title='bbox 1734 3395 1825 3463; x_wconf 89' lang='lat' dir='ltr'>sciret,</span> 
     </span>
     <span class='ocr_line' id='line_1_35' title="bbox 170 3486 1879 3563; baseline 0 -18"><span class='ocrx_word' id='word_1_456' title='bbox 170 3498 254 3546; x_wconf 79' lang='lat' dir='ltr'>sextae</span> <span class='ocrx_word' id='word_1_457' title='bbox 271 3506 331 3563; x_wconf 87' lang='lat' dir='ltr'>cap.</span> <span class='ocrx_word' id='word_1_458' title='bbox 348 3497 374 3559; x_wconf 88' lang='lat' dir='ltr'>l,</span> <span class='ocrx_word' id='word_1_459' title='bbox 392 3488 559 3562; x_wconf 89' lang='lat' dir='ltr'>percunctati</span> <span class='ocrx_word' id='word_1_460' title='bbox 573 3487 666 3544; x_wconf 88' lang='lat' dir='ltr'>abbati</span> <span class='ocrx_word' id='word_1_461' title='bbox 678 3489 781 3562; x_wconf 84' lang='lat' dir='ltr'>ioseph</span> <span class='ocrx_word' id='word_1_462' title='bbox 794 3505 861 3546; x_wconf 92' lang='lat' dir='ltr'>num</span> <span class='ocrx_word' id='word_1_463' title='bbox 872 3488 972 3547; x_wconf 86' lang='lat' dir='ltr'>fratres</span> <span class='ocrx_word' id='word_1_464' title='bbox 1026 3493 1113 3549; x_wconf 90' lang='lat' dir='ltr'>eidem</span> <span class='ocrx_word' id='word_1_465' title='bbox 1136 3490 1281 3547; x_wconf 87' lang='lat' dir='ltr'>liberaliter</span> <span class='ocrx_word' id='word_1_466' title='bbox 1300 3496 1442 3562; x_wconf 65' lang='lat' dir='ltr'>acceptum</span> <span class='ocrx_word' id='word_1_467' title='bbox 1463 3486 1550 3544; x_wconf 82' lang='lat' dir='ltr'>refert</span> <span class='ocrx_word' id='word_1_468' title='bbox 1570 3486 1621 3543; x_wconf 92' lang='lat' dir='ltr'>sub</span> <span class='ocrx_word' id='word_1_469' title='bbox 1638 3487 1719 3543; x_wconf 81' lang='lat' dir='ltr'>linem</span> <span class='ocrx_word' id='word_1_470' title='bbox 1737 3486 1826 3559; x_wconf 84' lang='lat' dir='ltr'>operis</span> <span class='ocrx_word' id='word_1_471' title='bbox 1876 3512 1879 3517; x_wconf 91' lang='lat'><em>·</em></span> 
     </span>
     <span class='ocr_line' id='line_1_36' title="bbox 170 3580 1827 3656; baseline -0.001 -17"><span class='ocrx_word' id='word_1_472' title='bbox 170 3584 292 3656; x_wconf 88' lang='lat' dir='ltr'>germani</span> <span class='ocrx_word' id='word_1_473' title='bbox 321 3592 423 3654; x_wconf 88' lang='lat' dir='ltr'>essent,</span> <span class='ocrx_word' id='word_1_474' title='bbox 448 3583 668 3656; x_wconf 89' lang='lat' dir='ltr'>responderunt:</span> <span class='ocrx_word' id='word_1_475' title='bbox 695 3588 754 3643; x_wconf 90' lang='lat' dir='ltr'>Non</span> <span class='ocrx_word' id='word_1_476' title='bbox 780 3587 897 3649; x_wconf 80' lang='lat' dir='ltr'>caninii,</span> <span class='ocrx_word' id='word_1_477' title='bbox 923 3586 971 3641; x_wconf 86' lang='lat' dir='ltr'>sed</span> <span class='ocrx_word' id='word_1_478' title='bbox 1024 3587 1059 3644; x_wconf 90' lang='lat' dir='ltr'>de</span> <span class='ocrx_word' id='word_1_479' title='bbox 1077 3585 1267 3643; x_wconf 85' lang='lat' dir='ltr'>incarnatione</span> <span class='ocrx_word' id='word_1_480' title='bbox 1286 3586 1356 3653; x_wconf 81' lang='lat' dir='ltr'>(dib.</span> <span class='ocrx_word' id='word_1_481' title='bbox 1379 3599 1438 3650; x_wconf 82' lang='lat' dir='ltr'>vra,</span> <span class='ocrx_word' id='word_1_482' title='bbox 1452 3599 1475 3638; x_wconf 89' lang='lat' dir='ltr'>e.</span> <span class='ocrx_word' id='word_1_483' title='bbox 1491 3587 1547 3650; x_wconf 78' lang='lat' dir='ltr'>att,</span> <span class='ocrx_word' id='word_1_484' title='bbox 1571 3580 1616 3637; x_wconf 92' lang='lat' dir='ltr'>ubi</span> <span class='ocrx_word' id='word_1_485' title='bbox 1636 3580 1706 3636; x_wconf 91' lang='lat' dir='ltr'>inter</span> <span class='ocrx_word' id='word_1_486' title='bbox 1721 3580 1771 3636; x_wconf 89' lang='lat' dir='ltr'>alia</span> <span class='ocrx_word' id='word_1_487' title='bbox 1792 3580 1827 3638; x_wconf 91' lang='lat' dir='ltr'>de</span> 
     </span>
     <span class='ocr_line' id='line_1_37' title="bbox 170 3674 1827 3753; baseline -0.001 -21"><span class='ocrx_word' id='word_1_488' title='bbox 170 3679 293 3747; x_wconf 67' lang='lat' dir='ltr'>marnoli</span> <span class='ocrx_word' id='word_1_489' title='bbox 300 3679 479 3746; x_wconf 71' lang='lat' dir='ltr'>fraternitate</span> <span class='ocrx_word' id='word_1_490' title='bbox 498 3693 525 3732; x_wconf 85' lang='lat' dir='ltr'>se</span> <span class='ocrx_word' id='word_1_491' title='bbox 541 3693 596 3733; x_wconf 87' lang='lat' dir='ltr'>esse</span> <span class='ocrx_word' id='word_1_492' title='bbox 607 3678 751 3740; x_wconf 71' lang='lat' dir='ltr'>destructos,</span> <span class='ocrx_word' id='word_1_493' title='bbox 772 3683 797 3734; x_wconf 88' lang='lat' dir='ltr'>et</span> <span class='ocrx_word' id='word_1_494' title='bbox 811 3680 846 3733; x_wconf 88' lang='lat' dir='ltr'>ab</span> <span class='ocrx_word' id='word_1_495' title='bbox 861 3679 970 3734; x_wconf 81' lang='lat' dir='ltr'>caeratio</span> <span class='ocrx_word' id='word_1_496' title='bbox 1024 3680 1219 3753; x_wconf 83' lang='lat' dir='ltr'>Cltrysostomo</span> <span class='ocrx_word' id='word_1_497' title='bbox 1232 3678 1360 3751; x_wconf 64' lang='lat' dir='ltr'>praeclare</span> <span class='ocrx_word' id='word_1_498' title='bbox 1370 3677 1459 3733; x_wconf 88' lang='lat' dir='ltr'>dicta:</span> <span class='ocrx_word' id='word_1_499' title='bbox 1474 3677 1531 3743; x_wconf 88' lang='lat' dir='ltr'>ille,</span> <span class='ocrx_word' id='word_1_500' title='bbox 1540 3674 1637 3746; x_wconf 88' lang='lat' dir='ltr'>inquit,</span> <span class='ocrx_word' id='word_1_501' title='bbox 1649 3675 1764 3745; x_wconf 78' lang='lat' dir='ltr'>denique</span> <span class='ocrx_word' id='word_1_502' title='bbox 1770 3676 1827 3746; x_wconf 71' lang='lat' dir='ltr'>abae</span> 
     </span>
     <span class='ocr_line' id='line_1_38' title="bbox 170 3768 1854 3844; baseline 0 -20"><span class='ocrx_word' id='word_1_503' title='bbox 170 3773 440 3826; x_wconf 75' lang='lat' dir='ltr'>renuntiationissaoe</span> <span class='ocrx_word' id='word_1_504' title='bbox 450 3775 507 3825; x_wconf 89' lang='lat' dir='ltr'>tam</span> <span class='ocrx_word' id='word_1_505' title='bbox 516 3774 775 3841; x_wconf 76' lang='lat' dir='ltr'>irrpercprinationc,</span> <span class='ocrx_word' id='word_1_506' title='bbox 785 3774 888 3841; x_wconf 84' lang='lat' dir='ltr'>qaeab</span> <span class='ocrx_word' id='word_1_507' title='bbox 897 3777 972 3828; x_wconf 84' lang='lat' dir='ltr'>atre-</span> <span class='ocrx_word' id='word_1_508' title='bbox 1024 3776 1098 3830; x_wconf 85' lang='lat' dir='ltr'>cobis</span> <span class='ocrx_word' id='word_1_509' title='bbox 1111 3778 1193 3831; x_wconf 86' lang='lat' dir='ltr'>etiam</span> <span class='ocrx_word' id='word_1_510' title='bbox 1205 3776 1270 3837; x_wconf 83' lang='lat' dir='ltr'>baec,</span> <span class='ocrx_word' id='word_1_511' title='bbox 1284 3789 1345 3844; x_wconf 78' lang='lat' dir='ltr'>praee</span> <span class='ocrx_word' id='word_1_512' title='bbox 1361 3790 1378 3827; x_wconf 90' lang='grc' dir='ltr'><em>α</em></span> <span class='ocrx_word' id='word_1_513' title='bbox 1392 3789 1433 3826; x_wconf 90' lang='lat' dir='ltr'>mc</span> <span class='ocrx_word' id='word_1_514' title='bbox 1443 3773 1544 3843; x_wconf 71' lang='lat' dir='ltr'>serapte</span> <span class='ocrx_word' id='word_1_515' title='bbox 1554 3775 1627 3832; x_wconf 83' lang='lat' dir='ltr'>snrtt,</span> <span class='ocrx_word' id='word_1_516' title='bbox 1644 3768 1825 3824; x_wconf 81' lang='lat' dir='ltr'>commendet:</span> <span class='ocrx_word' id='word_1_517' title='bbox 1850 3790 1854 3799; x_wconf 92' lang='lat'>·</span> 
     </span>
     <span class='ocr_line' id='line_1_39' title="bbox 170 3863 1825 3941; baseline -0.001 -21"><span class='ocrx_word' id='word_1_518' title='bbox 170 3880 222 3934; x_wconf 81' lang='lat' dir='ltr'>pac</span> <span class='ocrx_word' id='word_1_519' title='bbox 239 3867 335 3932; x_wconf 74' lang='lat' dir='ltr'>sacrat</span> <span class='ocrx_word' id='word_1_520' title='bbox 354 3865 463 3920; x_wconf 80' lang='lat' dir='ltr'>obtenta</span> <span class='ocrx_word' id='word_1_521' title='bbox 476 3865 581 3920; x_wconf 77' lang='lat' dir='ltr'>militiae</span> <span class='ocrx_word' id='word_1_522' title='bbox 595 3866 729 3936; x_wconf 85' lang='lat' dir='ltr'>spiritalis</span> <span class='ocrx_word' id='word_1_523' title='bbox 751 3870 874 3936; x_wconf 84' lang='lat' dir='ltr'>arrepta,</span> <span class='ocrx_word' id='word_1_524' title='bbox 888 3882 971 3936; x_wconf 80' lang='lat' dir='ltr'>qaam</span> <span class='ocrx_word' id='word_1_525' title='bbox 1025 3873 1091 3941; x_wconf 74' lang='lat' dir='ltr'>ania</span> <span class='ocrx_word' id='word_1_526' title='bbox 1104 3871 1159 3924; x_wconf 79' lang='lat' dir='ltr'>baec</span> <span class='ocrx_word' id='word_1_527' title='bbox 1170 3885 1231 3939; x_wconf 76' lang='lat' dir='ltr'>prro</span> <span class='ocrx_word' id='word_1_528' title='bbox 1250 3885 1296 3938; x_wconf 73' lang='lat' dir='ltr'>epo</span> <span class='ocrx_word' id='word_1_529' title='bbox 1310 3869 1416 3939; x_wconf 82' lang='lat' dir='ltr'>scripsi,</span> <span class='ocrx_word' id='word_1_530' title='bbox 1431 3868 1476 3921; x_wconf 82' lang='lat' dir='ltr'>ille</span> <span class='ocrx_word' id='word_1_531' title='bbox 1495 3881 1536 3920; x_wconf 90' lang='lat' dir='ltr'>me</span> <span class='ocrx_word' id='word_1_532' title='bbox 1552 3865 1755 3935; x_wconf 60' lang='lat' dir='ltr'>dominantior</span> <span class='ocrx_word' id='word_1_533' title='bbox 1767 3863 1825 3926; x_wconf 83' lang='lat' dir='ltr'>boc,</span> 
     </span>
     <span class='ocr_line' id='line_1_40' title="bbox 168 3958 1827 4032; baseline 0.001 -22"><span class='ocrx_word' id='word_1_534' title='bbox 168 3960 198 4012; x_wconf 87' lang='lat' dir='ltr'>in</span> <span class='ocrx_word' id='word_1_535' title='bbox 212 3961 324 4016; x_wconf 80' lang='lat' dir='ltr'>cenobii</span> <span class='ocrx_word' id='word_1_536' title='bbox 330 3960 420 4015; x_wconf 87' lang='lat' dir='ltr'>stadio</span> <span class='ocrx_word' id='word_1_537' title='bbox 428 3959 571 4015; x_wconf 84' lang='lat' dir='ltr'>indiuidua</span> <span class='ocrx_word' id='word_1_538' title='bbox 579 3975 682 4029; x_wconf 85' lang='lat' dir='ltr'>semper</span> <span class='ocrx_word' id='word_1_539' title='bbox 693 3960 877 4029; x_wconf 71' lang='lat' dir='ltr'>coniunctione</span> <span class='ocrx_word' id='word_1_540' title='bbox 887 3962 973 4015; x_wconf 84' lang='lat' dir='ltr'>socia·</span> <span class='ocrx_word' id='word_1_541' title='bbox 1024 3979 1078 4019; x_wconf 90' lang='lat' dir='ltr'>non</span> <span class='ocrx_word' id='word_1_542' title='bbox 1089 3969 1145 4018; x_wconf 88' lang='lat' dir='ltr'>tom</span> <span class='ocrx_word' id='word_1_543' title='bbox 1154 3979 1241 4018; x_wconf 86' lang='lat' dir='ltr'>meam</span> <span class='ocrx_word' id='word_1_544' title='bbox 1251 3963 1297 4017; x_wconf 85' lang='lat' dir='ltr'>boc</span> <span class='ocrx_word' id='word_1_545' title='bbox 1307 3978 1390 4032; x_wconf 78' lang='lat' dir='ltr'>param</span> <span class='ocrx_word' id='word_1_546' title='bbox 1401 3962 1474 4015; x_wconf 86' lang='lat' dir='ltr'>illins</span> <span class='ocrx_word' id='word_1_547' title='bbox 1482 3975 1536 4015; x_wconf 87' lang='lat' dir='ltr'>esse</span> <span class='ocrx_word' id='word_1_548' title='bbox 1547 3958 1646 4015; x_wconf 82' lang='lat' dir='ltr'>credite</span> <span class='ocrx_word' id='word_1_549' title='bbox 1659 3960 1740 4027; x_wconf 83' lang='lat' dir='ltr'>:qaia</span> <span class='ocrx_word' id='word_1_550' title='bbox 1751 3958 1827 4012; x_wconf 73' lang='lat' dir='ltr'>mons</span> 
     </span>
     <span class='ocr_line' id='line_1_41' title="bbox 170 4048 1825 4124; baseline -0.002 -19"><span class='ocrx_word' id='word_1_551' title='bbox 170 4055 220 4107; x_wconf 88' lang='lat' dir='ltr'>tos.</span> <span class='ocrx_word' id='word_1_552' title='bbox 238 4052 393 4109; x_wconf 87' lang='lat' dir='ltr'>Collationis</span> <span class='ocrx_word' id='word_1_553' title='bbox 411 4052 564 4110; x_wconf 87' lang='lat' dir='ltr'>undecimae</span> <span class='ocrx_word' id='word_1_554' title='bbox 579 4067 638 4122; x_wconf 86' lang='lat' dir='ltr'>cap.</span> <span class='ocrx_word' id='word_1_555' title='bbox 662 4057 674 4106; x_wconf 90' lang='lat'>1</span> <span class='ocrx_word' id='word_1_556' title='bbox 699 4060 811 4107; x_wconf 91' lang='lat' dir='ltr'>narrant</span> <span class='ocrx_word' id='word_1_557' title='bbox 828 4052 862 4108; x_wconf 88' lang='lat' dir='ltr'>de</span> <span class='ocrx_word' id='word_1_558' title='bbox 874 4067 970 4109; x_wconf 86' lang='lat' dir='ltr'>coeno·</span> <span class='ocrx_word' id='word_1_559' title='bbox 1025 4074 1058 4112; x_wconf 82' lang='lat' dir='ltr'>ea</span> <span class='ocrx_word' id='word_1_560' title='bbox 1073 4057 1148 4124; x_wconf 76' lang='lat' dir='ltr'>fonte</span> <span class='ocrx_word' id='word_1_561' title='bbox 1167 4059 1281 4117; x_wconf 87' lang='lat' dir='ltr'>constat,</span> <span class='ocrx_word' id='word_1_562' title='bbox 1297 4060 1322 4109; x_wconf 87' lang='lat' dir='ltr'>ct</span> <span class='ocrx_word' id='word_1_563' title='bbox 1336 4053 1471 4123; x_wconf 80' lang='lat' dir='ltr'>quidquid</span> <span class='ocrx_word' id='word_1_564' title='bbox 1485 4057 1603 4122; x_wconf 84' lang='lat' dir='ltr'>palatur</span> <span class='ocrx_word' id='word_1_565' title='bbox 1618 4066 1672 4104; x_wconf 86' lang='lat' dir='ltr'>esse</span> <span class='ocrx_word' id='word_1_566' title='bbox 1689 4048 1825 4116; x_wconf 74' lang='lat' dir='ltr'>diseapah&#39;,</span> 
     </span>
     <span class='ocr_line' id='line_1_42' title="bbox 172 4139 1827 4217; baseline -0.001 -19"><span class='ocrx_word' id='word_1_567' title='bbox 172 4143 219 4200; x_wconf 92' lang='lat' dir='ltr'>bio</span> <span class='ocrx_word' id='word_1_568' title='bbox 240 4147 320 4217; x_wconf 72' lang='lat' dir='ltr'>Syria</span> <span class='ocrx_word' id='word_1_569' title='bbox 339 4147 397 4217; x_wconf 83' lang='lat' dir='ltr'>(illo</span> <span class='ocrx_word' id='word_1_570' title='bbox 416 4146 548 4203; x_wconf 91' lang='lat' dir='ltr'>nimirum</span> <span class='ocrx_word' id='word_1_571' title='bbox 569 4143 785 4211; x_wconf 89' lang='lat' dir='ltr'>Bethleemitico)</span> <span class='ocrx_word' id='word_1_572' title='bbox 808 4144 834 4199; x_wconf 91' lang='lat' dir='ltr'>in</span> <span class='ocrx_word' id='word_1_573' title='bbox 852 4161 907 4217; x_wconf 85' lang='lat' dir='ltr'>quo</span> <span class='ocrx_word' id='word_1_574' title='bbox 924 4146 971 4202; x_wconf 90' lang='lat' dir='ltr'>de-</span> <span class='ocrx_word' id='word_1_575' title='bbox 1025 4139 1827 4213; x_wconf 73' lang='lat' dir='ltr'>totnmedbonoremreferrieonecnitmapistri.iiaec,etalia</span> 
     </span>
     <span class='ocr_line' id='line_1_43' title="bbox 171 4231 1825 4314; baseline -0.002 -20"><span class='ocrx_word' id='word_1_576' title='bbox 171 4237 281 4310; x_wconf 89' lang='lat' dir='ltr'>gebaut,</span> <span class='ocrx_word' id='word_1_577' title='bbox 301 4242 448 4314; x_wconf 77' lang='lat' dir='ltr'>AEgyptum</span> <span class='ocrx_word' id='word_1_578' title='bbox 469 4240 587 4311; x_wconf 88' lang='lat' dir='ltr'>petiisse,</span> <span class='ocrx_word' id='word_1_579' title='bbox 612 4254 643 4295; x_wconf 91' lang='lat' dir='ltr'>ac</span> <span class='ocrx_word' id='word_1_580' title='bbox 662 4237 874 4295; x_wconf 89' lang='lat' dir='ltr'>remotissimam</span> <span class='ocrx_word' id='word_1_581' title='bbox 898 4240 970 4294; x_wconf 88' lang='lat' dir='ltr'>The·</span> <span class='ocrx_word' id='word_1_582' title='bbox 1024 4242 1059 4297; x_wconf 87' lang='lat' dir='ltr'>ad</span> <span class='ocrx_word' id='word_1_583' title='bbox 1069 4238 1384 4309; x_wconf 88' lang='lat' dir='ltr'>constantinopolitanos</span> <span class='ocrx_word' id='word_1_584' title='bbox 1394 4249 1490 4307; x_wconf 85' lang='lat' dir='ltr'>magna</span> <span class='ocrx_word' id='word_1_585' title='bbox 1505 4249 1568 4289; x_wconf 94' lang='lat' dir='ltr'>cum</span> <span class='ocrx_word' id='word_1_586' title='bbox 1584 4231 1662 4289; x_wconf 88' lang='lat' dir='ltr'>laude</span> <span class='ocrx_word' id='word_1_587' title='bbox 1670 4232 1825 4305; x_wconf 83' lang='lat' dir='ltr'>Cassianus,</span> 
     </span>
     <span class='ocr_line' id='line_1_44' title="bbox 168 4326 1825 4408; baseline -0.003 -19"><span class='ocrx_word' id='word_1_588' title='bbox 168 4333 391 4393; x_wconf 88' lang='lat' dir='ltr'>baidiseremum</span> <span class='ocrx_word' id='word_1_589' title='bbox 405 4342 570 4408; x_wconf 87' lang='lat' dir='ltr'>penetrasse,</span> <span class='ocrx_word' id='word_1_590' title='bbox 583 4342 664 4407; x_wconf 89' lang='lat' dir='ltr'>atque</span> <span class='ocrx_word' id='word_1_591' title='bbox 678 4333 741 4391; x_wconf 92' lang='lat' dir='ltr'>inde</span> <span class='ocrx_word' id='word_1_592' title='bbox 756 4334 784 4390; x_wconf 92' lang='lat' dir='ltr'>in</span> <span class='ocrx_word' id='word_1_593' title='bbox 797 4333 970 4392; x_wconf 89' lang='lat' dir='ltr'>ulterioribus</span> <span class='ocrx_word' id='word_1_594' title='bbox 1023 4332 1122 4406; x_wconf 89' lang='lat' dir='ltr'>quibus</span> <span class='ocrx_word' id='word_1_595' title='bbox 1144 4328 1305 4386; x_wconf 88' lang='lat' dir='ltr'>memoriam</span> <span class='ocrx_word' id='word_1_596' title='bbox 1328 4328 1370 4385; x_wconf 89' lang='lat' dir='ltr'>sui</span> <span class='ocrx_word' id='word_1_597' title='bbox 1394 4327 1515 4401; x_wconf 84' lang='lat' dir='ltr'>magistri</span> <span class='ocrx_word' id='word_1_598' title='bbox 1540 4326 1728 4400; x_wconf 78' lang='lat' dir='ltr'>chrysostomi</span> <span class='ocrx_word' id='word_1_599' title='bbox 1748 4333 1825 4400; x_wconf 89' lang='lat' dir='ltr'>grato</span> 
     </span>
     <span class='ocr_line' id='line_1_45' title="bbox 167 4421 1715 4501; baseline -0.004 -19"><span class='ocrx_word' id='word_1_600' title='bbox 167 4429 276 4501; x_wconf 79' lang='lat' dir='ltr'>AEgypti</span> <span class='ocrx_word' id='word_1_601' title='bbox 308 4429 429 4501; x_wconf 87' lang='lat' dir='ltr'>partibus</span> <span class='ocrx_word' id='word_1_602' title='bbox 459 4428 592 4501; x_wconf 89' lang='lat' dir='ltr'>plurimos</span> <span class='ocrx_word' id='word_1_603' title='bbox 622 4436 712 4500; x_wconf 91' lang='lat' dir='ltr'>patres</span> <span class='ocrx_word' id='word_1_604' title='bbox 740 4426 898 4484; x_wconf 81' lang='lat' dir='ltr'>convenisse</span> <span class='ocrx_word' id='word_1_605' title='bbox 922 4434 970 4483; x_wconf 91' lang='lat' dir='ltr'>aut</span> <span class='ocrx_word' id='word_1_606' title='bbox 1023 4425 1171 4483; x_wconf 90' lang='lat' dir='ltr'>admodum</span> <span class='ocrx_word' id='word_1_607' title='bbox 1186 4440 1217 4480; x_wconf 90' lang='lat' dir='ltr'>ae</span> <span class='ocrx_word' id='word_1_608' title='bbox 1231 4437 1365 4496; x_wconf 92' lang='lat' dir='ltr'>propenso</span> <span class='ocrx_word' id='word_1_609' title='bbox 1380 4421 1472 4477; x_wconf 91' lang='lat' dir='ltr'>auimo</span> <span class='ocrx_word' id='word_1_610' title='bbox 1487 4428 1646 4493; x_wconf 89' lang='lat' dir='ltr'>prosecutus</span> <span class='ocrx_word' id='word_1_611' title='bbox 1660 4428 1715 4476; x_wconf 90' lang='lat' dir='ltr'>est.</span> 
     </span>
    </p>

    <p class='ocr_par' dir='ltr' id='par_1_3' title="bbox 165 4513 1854 5925">
     <span class='ocr_line' id='line_1_46' title="bbox 168 4513 1854 4594; baseline -0.004 -17"><span class='ocrx_word' id='word_1_612' title='bbox 168 4522 307 4580; x_wconf 88' lang='lat' dir='ltr'>salutasse.</span> <span class='ocrx_word' id='word_1_613' title='bbox 327 4525 453 4594; x_wconf 84' lang='lat' dir='ltr'>Denique</span> <span class='ocrx_word' id='word_1_614' title='bbox 467 4522 588 4594; x_wconf 85' lang='lat' dir='ltr'>ejusdem</span> <span class='ocrx_word' id='word_1_615' title='bbox 604 4519 762 4578; x_wconf 83' lang='lat' dir='ltr'>collationis</span> <span class='ocrx_word' id='word_1_616' title='bbox 779 4519 894 4591; x_wconf 74' lang='lat' dir='ltr'>capite-i</span> <span class='ocrx_word' id='word_1_617' title='bbox 909 4518 969 4577; x_wconf 83' lang='lat' dir='ltr'>baec</span> <span class='ocrx_word' id='word_1_618' title='bbox 985 4519 1010 4581; x_wconf 89' lang='lat' dir='ltr'>D</span> <span class='ocrx_word' id='word_1_619' title='bbox 1061 4519 1115 4578; x_wconf 90' lang='lat' dir='ltr'>Sed</span> <span class='ocrx_word' id='word_1_620' title='bbox 1130 4521 1187 4592; x_wconf 79' lang='lat' dir='ltr'>iam</span> <span class='ocrx_word' id='word_1_621' title='bbox 1209 4518 1243 4576; x_wconf 94' lang='lat' dir='ltr'>ad</span> <span class='ocrx_word' id='word_1_622' title='bbox 1259 4527 1398 4593; x_wconf 85' lang='lat' dir='ltr'>quartum,</span> <span class='ocrx_word' id='word_1_623' title='bbox 1414 4516 1459 4587; x_wconf 89' lang='lat' dir='ltr'>qui</span> <span class='ocrx_word' id='word_1_624' title='bbox 1481 4515 1509 4570; x_wconf 94' lang='lat' dir='ltr'>iu</span> <span class='ocrx_word' id='word_1_625' title='bbox 1525 4515 1660 4587; x_wconf 68' lang='lat' dir='ltr'>praedietis</span> <span class='ocrx_word' id='word_1_626' title='bbox 1674 4513 1767 4587; x_wconf 89' lang='lat' dir='ltr'>elogiis</span> <span class='ocrx_word' id='word_1_627' title='bbox 1788 4514 1826 4570; x_wconf 91' lang='lat' dir='ltr'>ei·</span> <span class='ocrx_word' id='word_1_628' title='bbox 1850 4549 1854 4554; x_wconf 88' lang='lat'>-</span> 
     </span>
     <span class='ocr_line' id='line_1_47' title="bbox 168 4608 1824 4680; baseline -0.005 -8"><span class='ocrx_word' id='word_1_629' title='bbox 168 4616 203 4674; x_wconf 87' lang='lat' dir='ltr'>ad</span> <span class='ocrx_word' id='word_1_630' title='bbox 228 4617 355 4675; x_wconf 89' lang='lat' dir='ltr'>abbatem</span> <span class='ocrx_word' id='word_1_631' title='bbox 388 4618 586 4675; x_wconf 84' lang='lat' dir='ltr'>Cheremonem</span> <span class='ocrx_word' id='word_1_632' title='bbox 620 4616 774 4673; x_wconf 88' lang='lat' dir='ltr'>Germanus</span> <span class='ocrx_word' id='word_1_633' title='bbox 797 4613 841 4670; x_wconf 89' lang='lat' dir='ltr'>ille</span> <span class='ocrx_word' id='word_1_634' title='bbox 866 4629 917 4672; x_wconf 92' lang='lat' dir='ltr'>suo</span> <span class='ocrx_word' id='word_1_635' title='bbox 944 4624 972 4671; x_wconf 94' lang='lat' dir='ltr'>et</span> <span class='ocrx_word' id='word_1_636' title='bbox 1023 4613 1086 4671; x_wconf 89' lang='lat' dir='ltr'>dem</span> <span class='ocrx_word' id='word_1_637' title='bbox 1121 4613 1274 4680; x_wconf 90' lang='lat' dir='ltr'>ascribitur,</span> <span class='ocrx_word' id='word_1_638' title='bbox 1306 4609 1486 4668; x_wconf 89' lang='lat' dir='ltr'>honorariam</span> <span class='ocrx_word' id='word_1_639' title='bbox 1521 4609 1634 4666; x_wconf 90' lang='lat' dir='ltr'>titulum</span> <span class='ocrx_word' id='word_1_640' title='bbox 1667 4608 1824 4676; x_wconf 81' lang='lat' dir='ltr'>veniamus3</span> 
     </span>
     <span class='ocr_line' id='line_1_48' title="bbox 168 4701 1824 4780; baseline -0.007 -14"><span class='ocrx_word' id='word_1_641' title='bbox 168 4709 407 4768; x_wconf 85' lang='lat' dir='ltr'>Cassiauinomiue</span> <span class='ocrx_word' id='word_1_642' title='bbox 418 4729 425 4767; x_wconf 92' lang='lat'>:</span> <span class='ocrx_word' id='word_1_643' title='bbox 438 4713 520 4767; x_wconf 84' lang='lat' dir='ltr'>Debet</span> <span class='ocrx_word' id='word_1_644' title='bbox 530 4711 576 4765; x_wconf 85' lang='lat' dir='ltr'>ltoc</span> <span class='ocrx_word' id='word_1_645' title='bbox 588 4710 683 4764; x_wconf 86' lang='lat' dir='ltr'>saltem</span> <span class='ocrx_word' id='word_1_646' title='bbox 695 4709 771 4763; x_wconf 87' lang='lat' dir='ltr'>labor</span> <span class='ocrx_word' id='word_1_647' title='bbox 783 4709 856 4762; x_wconf 78' lang='lat' dir='ltr'>lariti</span> <span class='ocrx_word' id='word_1_648' title='bbox 865 4710 970 4764; x_wconf 75' lang='lat' dir='ltr'>ttineis</span> <span class='ocrx_word' id='word_1_649' title='bbox 1024 4708 1149 4775; x_wconf 91' lang='lat' dir='ltr'>diaconii,</span> <span class='ocrx_word' id='word_1_650' title='bbox 1163 4708 1285 4780; x_wconf 87' lang='lat' dir='ltr'>inquam,</span> <span class='ocrx_word' id='word_1_651' title='bbox 1298 4706 1354 4763; x_wconf 86' lang='lat' dir='ltr'>sive</span> <span class='ocrx_word' id='word_1_652' title='bbox 1377 4702 1548 4760; x_wconf 90' lang='lat' dir='ltr'>diaconatus.</span> <span class='ocrx_word' id='word_1_653' title='bbox 1566 4702 1656 4770; x_wconf 84' lang='lat' dir='ltr'>Quem</span> <span class='ocrx_word' id='word_1_654' title='bbox 1674 4701 1746 4756; x_wconf 89' lang='lat' dir='ltr'>enim</span> <span class='ocrx_word' id='word_1_655' title='bbox 1760 4714 1824 4755; x_wconf 89' lang='lat' dir='ltr'>cum</span> 
     </span>
     <span class='ocr_line' id='line_1_49' title="bbox 168 4792 1824 4875; baseline -0.006 -17"><span class='ocrx_word' id='word_1_656' title='bbox 168 4805 296 4867; x_wconf 81' lang='lat' dir='ltr'>obtinere,</span> <span class='ocrx_word' id='word_1_657' title='bbox 305 4805 433 4875; x_wconf 79' lang='lat' dir='ltr'>proditae</span> <span class='ocrx_word' id='word_1_658' title='bbox 443 4805 476 4859; x_wconf 84' lang='lat' dir='ltr'>de</span> <span class='ocrx_word' id='word_1_659' title='bbox 484 4801 968 4866; x_wconf 77' lang='lat' dir='ltr'>Bethleemitieicmtobiirudimentis,</span> <span class='ocrx_word' id='word_1_660' title='bbox 1024 4817 1073 4858; x_wconf 92' lang='lat' dir='ltr'>sua</span> <span class='ocrx_word' id='word_1_661' title='bbox 1099 4809 1177 4874; x_wconf 89' lang='lat' dir='ltr'>gente</span> <span class='ocrx_word' id='word_1_662' title='bbox 1201 4799 1323 4870; x_wconf 81' lang='lat' dir='ltr'>Scythica</span> <span class='ocrx_word' id='word_1_663' title='bbox 1349 4814 1397 4870; x_wconf 89' lang='lat' dir='ltr'>per</span> <span class='ocrx_word' id='word_1_664' title='bbox 1423 4797 1570 4854; x_wconf 88' lang='lat' dir='ltr'>salutarem</span> <span class='ocrx_word' id='word_1_665' title='bbox 1594 4802 1620 4849; x_wconf 92' lang='lat' dir='ltr'>et</span> <span class='ocrx_word' id='word_1_666' title='bbox 1641 4792 1824 4849; x_wconf 80' lang='lat' dir='ltr'>orthodoxam</span> 
     </span>
     <span class='ocr_line' id='line_1_50' title="bbox 168 4884 1823 4965; baseline -0.002 -17"><span class='ocrx_word' id='word_1_667' title='bbox 168 4897 345 4953; x_wconf 81' lang='lat' dir='ltr'>institutionis</span> <span class='ocrx_word' id='word_1_668' title='bbox 354 4902 449 4953; x_wconf 82' lang='lat' dir='ltr'>restrae</span> <span class='ocrx_word' id='word_1_669' title='bbox 459 4896 601 4960; x_wconf 65' lang='lat' dir='ltr'>meletenia,</span> <span class='ocrx_word' id='word_1_670' title='bbox 609 4895 775 4965; x_wconf 76' lang='lat' dir='ltr'>etprofeetns</span> <span class='ocrx_word' id='word_1_671' title='bbox 783 4895 871 4948; x_wconf 85' lang='lat' dir='ltr'>nostri</span> <span class='ocrx_word' id='word_1_672' title='bbox 878 4909 969 4949; x_wconf 88' lang='lat' dir='ltr'>amore</span> <span class='ocrx_word' id='word_1_673' title='bbox 1023 4895 1178 4952; x_wconf 88' lang='lat' dir='ltr'>doctrinam</span> <span class='ocrx_word' id='word_1_674' title='bbox 1192 4892 1252 4964; x_wconf 93' lang='lat' dir='ltr'>pius</span> <span class='ocrx_word' id='word_1_675' title='bbox 1271 4891 1315 4947; x_wconf 92' lang='lat' dir='ltr'>illc</span> <span class='ocrx_word' id='word_1_676' title='bbox 1331 4900 1408 4963; x_wconf 89' lang='lat' dir='ltr'>pater</span> <span class='ocrx_word' id='word_1_677' title='bbox 1424 4891 1452 4944; x_wconf 93' lang='lat' dir='ltr'>in</span> <span class='ocrx_word' id='word_1_678' title='bbox 1463 4889 1569 4944; x_wconf 90' lang='lat' dir='ltr'>Christo</span> <span class='ocrx_word' id='word_1_679' title='bbox 1582 4884 1653 4941; x_wconf 84' lang='lat' dir='ltr'>forte</span> <span class='ocrx_word' id='word_1_680' title='bbox 1672 4894 1823 4957; x_wconf 88' lang='lat' dir='ltr'>genuerat:</span> 
     </span>
     <span class='ocr_line' id='line_1_51' title="bbox 165 4978 1824 5061; baseline -0.005 -15"><span class='ocrx_word' id='word_1_681' title='bbox 165 4987 969 5061; x_wconf 77' lang='lat' dir='ltr'>properae-imas.Haecille.Quantumrcrotemporisinhac</span> <span class='ocrx_word' id='word_1_682' title='bbox 1023 4990 1064 5046; x_wconf 83' lang='lat' dir='ltr'>vet</span> <span class='ocrx_word' id='word_1_683' title='bbox 1094 4996 1187 5056; x_wconf 87' lang='lat' dir='ltr'>certe,</span> <span class='ocrx_word' id='word_1_684' title='bbox 1219 4994 1250 5041; x_wconf 92' lang='lat' dir='ltr'>ut</span> <span class='ocrx_word' id='word_1_685' title='bbox 1274 4985 1380 5057; x_wconf 78' lang='lat' dir='ltr'>sapiens</span> <span class='ocrx_word' id='word_1_686' title='bbox 1402 4981 1533 5054; x_wconf 90' lang='lat' dir='ltr'>magister</span> <span class='ocrx_word' id='word_1_687' title='bbox 1555 4980 1582 5036; x_wconf 91' lang='lat' dir='ltr'>iu</span> <span class='ocrx_word' id='word_1_688' title='bbox 1609 4978 1772 5052; x_wconf 90' lang='lat' dir='ltr'>discipulum</span> <span class='ocrx_word' id='word_1_689' title='bbox 1797 4990 1824 5038; x_wconf 88' lang='lat' dir='ltr'>et</span> 
     </span>
     <span class='ocr_line' id='line_1_52' title="bbox 169 5075 1823 5159; baseline -0.005 -19"><span class='ocrx_word' id='word_1_690' title='bbox 169 5093 225 5141; x_wconf 90' lang='lat' dir='ltr'>tam</span> <span class='ocrx_word' id='word_1_691' title='bbox 247 5085 394 5159; x_wconf 87' lang='lat' dir='ltr'>longinquo</span> <span class='ocrx_word' id='word_1_692' title='bbox 418 5085 585 5158; x_wconf 89' lang='lat' dir='ltr'>proiectione</span> <span class='ocrx_word' id='word_1_693' title='bbox 604 5083 796 5157; x_wconf 89' lang='lat' dir='ltr'>transegerint,</span> <span class='ocrx_word' id='word_1_694' title='bbox 822 5083 871 5139; x_wconf 90' lang='lat' dir='ltr'>etsi</span> <span class='ocrx_word' id='word_1_695' title='bbox 893 5091 968 5141; x_wconf 91' lang='lat' dir='ltr'>certo</span> <span class='ocrx_word' id='word_1_696' title='bbox 1023 5082 1156 5139; x_wconf 72' lang='lat' dir='ltr'>doetrinae</span> <span class='ocrx_word' id='word_1_697' title='bbox 1179 5095 1236 5136; x_wconf 82' lang='lat' dir='ltr'>suae</span> <span class='ocrx_word' id='word_1_698' title='bbox 1250 5080 1391 5135; x_wconf 92' lang='lat' dir='ltr'>alumnum</span> <span class='ocrx_word' id='word_1_699' title='bbox 1410 5076 1549 5150; x_wconf 80' lang='lat' dir='ltr'>allegerat,</span> <span class='ocrx_word' id='word_1_700' title='bbox 1563 5076 1702 5146; x_wconf 88' lang='lat' dir='ltr'>eumdem,</span> <span class='ocrx_word' id='word_1_701' title='bbox 1716 5085 1746 5133; x_wconf 90' lang='lat' dir='ltr'>ut</span> <span class='ocrx_word' id='word_1_702' title='bbox 1765 5075 1823 5149; x_wconf 92' lang='lat' dir='ltr'>epi-</span> 
     </span>
     <span class='ocr_line' id='line_1_53' title="bbox 168 5169 1821 5255; baseline -0.005 -19"><span class='ocrx_word' id='word_1_703' title='bbox 168 5178 273 5236; x_wconf 89' lang='lat' dir='ltr'>deliuiri</span> <span class='ocrx_word' id='word_1_704' title='bbox 285 5196 341 5237; x_wconf 93' lang='lat' dir='ltr'>non</span> <span class='ocrx_word' id='word_1_705' title='bbox 354 5179 449 5253; x_wconf 88' lang='lat' dir='ltr'>possit,</span> <span class='ocrx_word' id='word_1_706' title='bbox 459 5178 533 5252; x_wconf 90' lang='lat' dir='ltr'>quod</span> <span class='ocrx_word' id='word_1_707' title='bbox 544 5193 679 5251; x_wconf 85' lang='lat' dir='ltr'>nusquam</span> <span class='ocrx_word' id='word_1_708' title='bbox 695 5177 846 5249; x_wconf 89' lang='lat' dir='ltr'>reperiatur</span> <span class='ocrx_word' id='word_1_709' title='bbox 856 5193 969 5255; x_wconf 76' lang='lat' dir='ltr'>expres·</span> <span class='ocrx_word' id='word_1_710' title='bbox 1023 5190 1130 5248; x_wconf 91' lang='lat' dir='ltr'>scopus,</span> <span class='ocrx_word' id='word_1_711' title='bbox 1145 5173 1256 5247; x_wconf 84' lang='lat' dir='ltr'>dignum</span> <span class='ocrx_word' id='word_1_712' title='bbox 1273 5171 1326 5229; x_wconf 91' lang='lat' dir='ltr'>boc</span> <span class='ocrx_word' id='word_1_713' title='bbox 1340 5187 1453 5228; x_wconf 90' lang='lat' dir='ltr'>munere</span> <span class='ocrx_word' id='word_1_714' title='bbox 1470 5187 1501 5227; x_wconf 91' lang='lat' dir='ltr'>ao</span> <span class='ocrx_word' id='word_1_715' title='bbox 1514 5169 1665 5227; x_wconf 89' lang='lat' dir='ltr'>ministerio</span> <span class='ocrx_word' id='word_1_716' title='bbox 1677 5170 1821 5242; x_wconf 85' lang='lat' dir='ltr'>judicarit.</span> 
     </span>
     <span class='ocr_line' id='line_1_54' title="bbox 167 5263 1822 5347; baseline -0.004 -17"><span class='ocrx_word' id='word_1_717' title='bbox 167 5289 241 5343; x_wconf 90' lang='lat' dir='ltr'>sum,</span> <span class='ocrx_word' id='word_1_718' title='bbox 256 5283 349 5332; x_wconf 88' lang='lat' dir='ltr'>tamen</span> <span class='ocrx_word' id='word_1_719' title='bbox 363 5291 395 5332; x_wconf 87' lang='lat' dir='ltr'>ex</span> <span class='ocrx_word' id='word_1_720' title='bbox 410 5290 442 5332; x_wconf 93' lang='lat' dir='ltr'>eo</span> <span class='ocrx_word' id='word_1_721' title='bbox 456 5272 532 5347; x_wconf 88' lang='lat' dir='ltr'>quod</span> <span class='ocrx_word' id='word_1_722' title='bbox 544 5272 695 5330; x_wconf 79' lang='lat' dir='ltr'>collatione</span> <span class='ocrx_word' id='word_1_723' title='bbox 712 5277 741 5327; x_wconf 83' lang='lat' dir='ltr'>lt</span> <span class='ocrx_word' id='word_1_724' title='bbox 762 5270 886 5344; x_wconf 85' lang='lat' dir='ltr'>capuit.</span> <span class='ocrx_word' id='word_1_725' title='bbox 907 5286 970 5344; x_wconf 93' lang='lat' dir='ltr'>pro-</span> <span class='ocrx_word' id='word_1_726' title='bbox 1023 5269 1065 5340; x_wconf 90' lang='lat' dir='ltr'>ld,</span> <span class='ocrx_word' id='word_1_727' title='bbox 1087 5277 1185 5343; x_wconf 73' lang='lat' dir='ltr'>praeter</span> <span class='ocrx_word' id='word_1_728' title='bbox 1204 5265 1336 5324; x_wconf 88' lang='lat' dir='ltr'>Gennadii</span> <span class='ocrx_word' id='word_1_729' title='bbox 1348 5283 1379 5323; x_wconf 90' lang='lat' dir='ltr'>ac</span> <span class='ocrx_word' id='word_1_730' title='bbox 1399 5265 1541 5322; x_wconf 86' lang='lat' dir='ltr'>Tritlremii</span> <span class='ocrx_word' id='word_1_731' title='bbox 1561 5263 1731 5327; x_wconf 87' lang='lat' dir='ltr'>assertiones,</span> <span class='ocrx_word' id='word_1_732' title='bbox 1754 5265 1822 5323; x_wconf 85' lang='lat' dir='ltr'>Cas·</span> 
     </span>
     <span class='ocr_line' id='line_1_55' title="bbox 168 5358 1822 5439; baseline -0.004 -17"><span class='ocrx_word' id='word_1_733' title='bbox 168 5366 282 5425; x_wconf 91' lang='lat' dir='ltr'>litentur</span> <span class='ocrx_word' id='word_1_734' title='bbox 298 5384 328 5426; x_wconf 91' lang='lat' dir='ltr'>se</span> <span class='ocrx_word' id='word_1_735' title='bbox 347 5368 374 5425; x_wconf 92' lang='lat' dir='ltr'>iu</span> <span class='ocrx_word' id='word_1_736' title='bbox 397 5368 455 5424; x_wconf 91' lang='lat' dir='ltr'>sola</span> <span class='ocrx_word' id='word_1_737' title='bbox 468 5364 615 5424; x_wconf 83' lang='lat' dir='ltr'>Thebaidis</span> <span class='ocrx_word' id='word_1_738' title='bbox 633 5365 742 5439; x_wconf 87' lang='lat' dir='ltr'>regione</span> <span class='ocrx_word' id='word_1_739' title='bbox 762 5372 790 5420; x_wconf 89' lang='lat' dir='ltr'>et</span> <span class='ocrx_word' id='word_1_740' title='bbox 803 5379 896 5420; x_wconf 92' lang='lat' dir='ltr'>eremo</span> <span class='ocrx_word' id='word_1_741' title='bbox 910 5380 970 5439; x_wconf 81' lang='lat' dir='ltr'>sep</span> <span class='ocrx_word' id='word_1_742' title='bbox 1023 5364 1114 5421; x_wconf 87' lang='lat' dir='ltr'>sianus</span> <span class='ocrx_word' id='word_1_743' title='bbox 1134 5364 1192 5436; x_wconf 89' lang='lat' dir='ltr'>ipse</span> <span class='ocrx_word' id='word_1_744' title='bbox 1215 5364 1267 5421; x_wconf 91' lang='lat' dir='ltr'>sibi</span> <span class='ocrx_word' id='word_1_745' title='bbox 1286 5360 1501 5435; x_wconf 88' lang='lat' dir='ltr'>gratulabundus</span> <span class='ocrx_word' id='word_1_746' title='bbox 1520 5358 1643 5433; x_wconf 90' lang='lat' dir='ltr'>agnoseit</span> <span class='ocrx_word' id='word_1_747' title='bbox 1656 5359 1717 5416; x_wconf 92' lang='lat' dir='ltr'>loeo</span> <span class='ocrx_word' id='word_1_748' title='bbox 1740 5374 1822 5432; x_wconf 88' lang='lat' dir='ltr'>supra</span> 
     </span>
     <span class='ocr_line' id='line_1_56' title="bbox 167 5452 1823 5535; baseline -0.004 -19"><span class='ocrx_word' id='word_1_749' title='bbox 167 5461 291 5518; x_wconf 91' lang='lat' dir='ltr'>tcnnium</span> <span class='ocrx_word' id='word_1_750' title='bbox 305 5460 462 5535; x_wconf 82' lang='lat' dir='ltr'>explevisse,</span> <span class='ocrx_word' id='word_1_751' title='bbox 476 5469 688 5517; x_wconf 90' lang='lat' dir='ltr'>consentaneum</span> <span class='ocrx_word' id='word_1_752' title='bbox 701 5466 743 5515; x_wconf 91' lang='lat' dir='ltr'>est</span> <span class='ocrx_word' id='word_1_753' title='bbox 757 5473 812 5513; x_wconf 94' lang='lat' dir='ltr'>non</span> <span class='ocrx_word' id='word_1_754' title='bbox 829 5457 969 5514; x_wconf 88' lang='lat' dir='ltr'>modicum</span> <span class='ocrx_word' id='word_1_755' title='bbox 1022 5459 1115 5526; x_wconf 85' lang='lat' dir='ltr'>citato,</span> <span class='ocrx_word' id='word_1_756' title='bbox 1143 5456 1189 5513; x_wconf 92' lang='lat' dir='ltr'>ubi</span> <span class='ocrx_word' id='word_1_757' title='bbox 1216 5472 1245 5514; x_wconf 90' lang='lat' dir='ltr'>se</span> <span class='ocrx_word' id='word_1_758' title='bbox 1266 5456 1427 5529; x_wconf 90' lang='lat' dir='ltr'>adoptatum</span> <span class='ocrx_word' id='word_1_759' title='bbox 1453 5470 1469 5510; x_wconf 92' lang='lat' dir='ltr'>a</span> <span class='ocrx_word' id='word_1_760' title='bbox 1495 5454 1657 5511; x_wconf 81' lang='lat' dir='ltr'>beatissima·</span> <span class='ocrx_word' id='word_1_761' title='bbox 1681 5452 1823 5510; x_wconf 71' lang='lat' dir='ltr'>memorias</span> 
     </span>
     <span class='ocr_line' id='line_1_57' title="bbox 167 5547 1822 5628; baseline -0.005 -18"><span class='ocrx_word' id='word_1_762' title='bbox 167 5557 299 5628; x_wconf 89' lang='lat' dir='ltr'>temporis</span> <span class='ocrx_word' id='word_1_763' title='bbox 316 5555 434 5628; x_wconf 88' lang='lat' dir='ltr'>spatium</span> <span class='ocrx_word' id='word_1_764' title='bbox 456 5554 567 5628; x_wconf 78' lang='lat' dir='ltr'>reliquae</span> <span class='ocrx_word' id='word_1_765' title='bbox 586 5550 795 5627; x_wconf 87' lang='lat' dir='ltr'>peregrinationi</span> <span class='ocrx_word' id='word_1_766' title='bbox 810 5550 897 5609; x_wconf 89' lang='lat' dir='ltr'>luisse</span> <span class='ocrx_word' id='word_1_767' title='bbox 914 5550 967 5608; x_wconf 88' lang='lat' dir='ltr'>im·</span> <span class='ocrx_word' id='word_1_768' title='bbox 1023 5555 1128 5609; x_wconf 89' lang='lat' dir='ltr'>Joanne</span> <span class='ocrx_word' id='word_1_769' title='bbox 1147 5551 1175 5606; x_wconf 89' lang='lat' dir='ltr'>iu</span> <span class='ocrx_word' id='word_1_770' title='bbox 1190 5549 1370 5606; x_wconf 89' lang='lat' dir='ltr'>ministerium</span> <span class='ocrx_word' id='word_1_771' title='bbox 1385 5563 1505 5616; x_wconf 88' lang='lat' dir='ltr'>sacrum,</span> <span class='ocrx_word' id='word_1_772' title='bbox 1524 5557 1605 5619; x_wconf 82' lang='lat' dir='ltr'>atque</span> <span class='ocrx_word' id='word_1_773' title='bbox 1619 5547 1741 5603; x_wconf 90' lang='lat' dir='ltr'>oblatam</span> <span class='ocrx_word' id='word_1_774' title='bbox 1761 5547 1822 5602; x_wconf 86' lang='lat' dir='ltr'>Deo</span> 
     </span>
     <span class='ocr_line' id='line_1_58' title="bbox 168 5639 1821 5722; baseline -0.01 -14"><span class='ocrx_word' id='word_1_775' title='bbox 168 5664 299 5722; x_wconf 88' lang='lat' dir='ltr'>pensum;</span> <span class='ocrx_word' id='word_1_776' title='bbox 324 5658 353 5707; x_wconf 88' lang='lat' dir='ltr'>ut</span> <span class='ocrx_word' id='word_1_777' title='bbox 377 5649 479 5707; x_wconf 88' lang='lat' dir='ltr'>mirum</span> <span class='ocrx_word' id='word_1_778' title='bbox 500 5665 558 5706; x_wconf 93' lang='lat' dir='ltr'>non</span> <span class='ocrx_word' id='word_1_779' title='bbox 580 5649 626 5718; x_wconf 90' lang='lat' dir='ltr'>sit,</span> <span class='ocrx_word' id='word_1_780' title='bbox 649 5648 671 5704; x_wconf 92' lang='lat' dir='ltr'>si</span> <span class='ocrx_word' id='word_1_781' title='bbox 684 5663 734 5720; x_wconf 95' lang='lat' dir='ltr'>pro</span> <span class='ocrx_word' id='word_1_782' title='bbox 752 5654 810 5703; x_wconf 91' lang='lat' dir='ltr'>tam</span> <span class='ocrx_word' id='word_1_783' title='bbox 824 5644 927 5703; x_wconf 89' lang='lat' dir='ltr'>diutina</span> <span class='ocrx_word' id='word_1_784' title='bbox 940 5654 968 5704; x_wconf 90' lang='lat' dir='ltr'>et</span> <span class='ocrx_word' id='word_1_785' title='bbox 1010 5653 1229 5704; x_wconf 86' lang='lat' dir='ltr'>commemorat.</span> <span class='ocrx_word' id='word_1_786' title='bbox 1250 5643 1381 5716; x_wconf 88' lang='lat' dir='ltr'>Idemque</span> <span class='ocrx_word' id='word_1_787' title='bbox 1392 5642 1538 5700; x_wconf 82' lang='lat' dir='ltr'>confirmat</span> <span class='ocrx_word' id='word_1_788' title='bbox 1553 5641 1715 5700; x_wconf 79' lang='lat' dir='ltr'>Theodorus</span> <span class='ocrx_word' id='word_1_789' title='bbox 1730 5639 1821 5695; x_wconf 88' lang='lat' dir='ltr'>diaco·</span> 
     </span>
     <span class='ocr_line' id='line_1_59' title="bbox 166 5733 1820 5813; baseline -0.008 -14"><span class='ocrx_word' id='word_1_790' title='bbox 166 5751 208 5800; x_wconf 95' lang='lat' dir='ltr'>tot</span> <span class='ocrx_word' id='word_1_791' title='bbox 222 5760 308 5802; x_wconf 88' lang='lat' dir='ltr'>annos</span> <span class='ocrx_word' id='word_1_792' title='bbox 327 5745 485 5802; x_wconf 90' lang='lat' dir='ltr'>continuata</span> <span class='ocrx_word' id='word_1_793' title='bbox 505 5743 732 5801; x_wconf 89' lang='lat' dir='ltr'>anachoretarum</span> <span class='ocrx_word' id='word_1_794' title='bbox 750 5749 777 5798; x_wconf 92' lang='lat' dir='ltr'>et</span> <span class='ocrx_word' id='word_1_795' title='bbox 792 5739 967 5798; x_wconf 87' lang='lat' dir='ltr'>eremitarum</span> <span class='ocrx_word' id='word_1_796' title='bbox 1020 5757 1073 5799; x_wconf 92' lang='lat' dir='ltr'>nus</span> <span class='ocrx_word' id='word_1_797' title='bbox 1085 5746 1168 5799; x_wconf 84' lang='lat' dir='ltr'>Rom.</span> <span class='ocrx_word' id='word_1_798' title='bbox 1190 5739 1262 5813; x_wconf 88' lang='lat' dir='ltr'>apud</span> <span class='ocrx_word' id='word_1_799' title='bbox 1280 5738 1430 5796; x_wconf 88' lang='lat' dir='ltr'>Palladium</span> <span class='ocrx_word' id='word_1_800' title='bbox 1449 5736 1477 5793; x_wconf 92' lang='lat' dir='ltr'>iu</span> <span class='ocrx_word' id='word_1_801' title='bbox 1495 5736 1611 5809; x_wconf 86' lang='lat' dir='ltr'>dialogo.</span> <span class='ocrx_word' id='word_1_802' title='bbox 1633 5733 1733 5805; x_wconf 86' lang='lat' dir='ltr'>Quidni</span> <span class='ocrx_word' id='word_1_803' title='bbox 1746 5742 1820 5802; x_wconf 64' lang='lat' dir='ltr'>⁸sero</span> 
     </span>
     <span class='ocr_line' id='line_1_60' title="bbox 167 5826 1707 5925; baseline -0.006 -31"><span class='ocrx_word' id='word_1_804' title='bbox 167 5840 373 5912; x_wconf 88' lang='lat' dir='ltr'>consuetudine,</span> <span class='ocrx_word' id='word_1_805' title='bbox 398 5839 556 5910; x_wconf 89' lang='lat' dir='ltr'>consortio,</span> <span class='ocrx_word' id='word_1_806' title='bbox 585 5845 612 5896; x_wconf 91' lang='lat' dir='ltr'>et</span> <span class='ocrx_word' id='word_1_807' title='bbox 631 5835 842 5925; x_wconf 85' lang='lat' dir='ltr'>cohabitatione¹</span> <span class='ocrx_word' id='word_1_808' title='bbox 854 5835 967 5895; x_wconf 90' lang='lat' dir='ltr'>titulum</span> <span class='ocrx_word' id='word_1_809' title='bbox 1020 5835 1066 5894; x_wconf 91' lang='lat' dir='ltr'>bic</span> <span class='ocrx_word' id='word_1_810' title='bbox 1079 5836 1162 5894; x_wconf 88' lang='lat' dir='ltr'>etiam</span> <span class='ocrx_word' id='word_1_811' title='bbox 1182 5833 1282 5908; x_wconf 88' lang='lat' dir='ltr'>aliquid</span> <span class='ocrx_word' id='word_1_812' title='bbox 1296 5833 1416 5906; x_wconf 87' lang='lat' dir='ltr'>amplius</span> <span class='ocrx_word' id='word_1_813' title='bbox 1432 5839 1619 5899; x_wconf 90' lang='lat' dir='ltr'>autumemus,</span> <span class='ocrx_word' id='word_1_814' title='bbox 1639 5837 1667 5885; x_wconf 91' lang='lat' dir='ltr'>et</span> <span class='ocrx_word' id='word_1_815' title='bbox 1680 5826 1707 5884; x_wconf 81' lang='lat' dir='ltr'>d·</span> 
     </span>
    </p>
   </div>
   <div class='ocr_carea' id='block_1_3' title="bbox 0 0 1928 6148">
    <p class='ocr_par' dir='ltr' id='par_1_4' title="bbox 0 0 1928 6148">
     <span class='ocr_line' id='line_1_61' title="bbox 0 0 1928 6148; baseline 0 0"><span class='ocrx_word' id='word_1_816' title='bbox 0 0 1928 6148; x_wconf 95' lang='lat' dir='ltr'> </span> 
     </span>
    </p>
   </div>
  </div>
 </body>
</html>
