<?xml version="1.0" encoding="UTF-8"?>
<!DOCTYPE html PUBLIC "-//W3C//DTD XHTML 1.0 Transitional//EN"
    "http://www.w3.org/TR/xhtml1/DTD/xhtml1-transitional.dtd">
<html xmlns="http://www.w3.org/1999/xhtml" xml:lang="en" lang="en">
 <head>
  <title>
</title>
<meta http-equiv="Content-Type" content="text/html;charset=utf-8" />
  <meta name='ocr-system' content='tesseract 3.04.00' />
  <meta name='ocr-capabilities' content='ocr_page ocr_carea ocr_par ocr_line ocrx_word'/>
</head>
<body>
  <div class='ocr_page' id='page_1' title='image "./patrologiaecurs29unkngoog_0240.png"; bbox 0 0 3848 6158; ppageno 0'>
   <div class='ocr_carea' id='block_1_1' title="bbox 89 268 1750 338">
    <p class='ocr_par' dir='ltr' id='par_1_1' title="bbox 89 268 1750 338">
     <span class='ocr_line' id='line_1_1' title="bbox 89 268 1750 338; baseline 0.006 -11"><span class='ocrx_word' id='word_1_1' title='bbox 89 273 143 328; x_wconf 75' lang='lat' dir='ltr'>aab</span> <span class='ocrx_word' id='word_1_2' title='bbox 383 270 428 325; x_wconf 81' lang='lat' dir='ltr'>DE</span> <span class='ocrx_word' id='word_1_3' title='bbox 447 268 685 326; x_wconf 78' lang='lat' dir='ltr'>cOElvetneuult</span> <span class='ocrx_word' id='word_1_4' title='bbox 704 269 826 326; x_wconf 78' lang='lat' dir='ltr'>rastra.</span> <span class='ocrx_word' id='word_1_5' title='bbox 848 270 911 326; x_wconf 79' lang='lat' dir='ltr'>hta.</span> <span class='ocrx_word' id='word_1_6' title='bbox 932 270 988 325; x_wconf 81' lang='lat' dir='ltr'>xil.</span> <span class='ocrx_word' id='word_1_7' title='bbox 1007 271 1106 326; x_wconf 86' lang='lat' dir='ltr'>-DE</span> <span class='ocrx_word' id='word_1_8' title='bbox 1125 271 1260 329; x_wconf 85' lang='lat' dir='ltr'>SPllllTU</span> <span class='ocrx_word' id='word_1_9' title='bbox 1280 274 1469 332; x_wconf 81' lang='lat' dir='ltr'>SUPERBIAE.</span> <span class='ocrx_word' id='word_1_10' title='bbox 1698 284 1750 338; x_wconf 74' lang='grc'>466</span> 
     </span>
    </p>
   </div>
   <div class='ocr_carea' id='block_1_2' title="bbox 89 391 1750 567">
    <p class='ocr_par' dir='ltr' id='par_1_2' title="bbox 89 391 1750 567">
     <span class='ocr_line' id='line_1_2' title="bbox 89 391 1748 470; baseline 0.005 -17"><span class='ocrx_word' id='word_1_11' title='bbox 89 403 119 454; x_wconf 90' lang='lat' dir='ltr'>et</span> <span class='ocrx_word' id='word_1_12' title='bbox 132 409 261 470; x_wconf 88' lang='lat' dir='ltr'>asperum</span> <span class='ocrx_word' id='word_1_13' title='bbox 271 416 278 464; x_wconf 68' lang='grc' dir='ltr'><strong>ς</strong></span> <span class='ocrx_word' id='word_1_14' title='bbox 289 391 396 450; x_wconf 88' lang='lat' dir='ltr'>deinde</span> <span class='ocrx_word' id='word_1_15' title='bbox 410 392 505 450; x_wconf 89' lang='lat' dir='ltr'>mitem</span> <span class='ocrx_word' id='word_1_16' title='bbox 524 402 606 466; x_wconf 84' lang='lat' dir='ltr'>atque</span> <span class='ocrx_word' id='word_1_17' title='bbox 614 392 753 451; x_wconf 81' lang='lat' dir='ltr'>affabilem</span> <span class='ocrx_word' id='word_1_18' title='bbox 767 409 826 451; x_wconf 90' lang='lat' dir='ltr'>esse</span> <span class='ocrx_word' id='word_1_19' title='bbox 840 410 895 452; x_wconf 91' lang='lat' dir='ltr'>non</span> <span class='ocrx_word' id='word_1_20' title='bbox 910 399 936 462; x_wconf 85' lang='grc' dir='ltr'><strong>Α</strong></span> <span class='ocrx_word' id='word_1_21' title='bbox 951 410 1004 467; x_wconf 90' lang='lat' dir='ltr'>que</span> <span class='ocrx_word' id='word_1_22' title='bbox 1017 410 1072 451; x_wconf 91' lang='lat' dir='ltr'>non</span> <span class='ocrx_word' id='word_1_23' title='bbox 1087 396 1164 464; x_wconf 87' lang='lat' dir='ltr'>sinit;</span> <span class='ocrx_word' id='word_1_24' title='bbox 1179 412 1230 453; x_wconf 91' lang='lat' dir='ltr'>nec</span> <span class='ocrx_word' id='word_1_25' title='bbox 1244 398 1395 456; x_wconf 89' lang='lat' dir='ltr'>secundum</span> <span class='ocrx_word' id='word_1_26' title='bbox 1415 398 1465 456; x_wconf 91' lang='lat' dir='ltr'>Dei</span> <span class='ocrx_word' id='word_1_27' title='bbox 1479 416 1511 456; x_wconf 93' lang='lat' dir='ltr'>ac</span> <span class='ocrx_word' id='word_1_28' title='bbox 1535 401 1682 459; x_wconf 85' lang='lat' dir='ltr'>salvatoris</span> <span class='ocrx_word' id='word_1_29' title='bbox 1696 420 1748 461; x_wconf 92' lang='lat' dir='ltr'>no·</span> 
     </span>
     <span class='ocr_line' id='line_1_3' title="bbox 90 482 1750 567; baseline 0.005 -23"><span class='ocrx_word' id='word_1_30' title='bbox 90 482 618 562; x_wconf 78' lang='lat' dir='ltr'>patitu13aequalemquoqueiratribus</span> <span class='ocrx_word' id='word_1_31' title='bbox 631 484 689 541; x_wconf 91' lang='lat' dir='ltr'>lieri</span> <span class='ocrx_word' id='word_1_32' title='bbox 704 500 896 542; x_wconf 90' lang='lat' dir='ltr'>communem·</span> <span class='ocrx_word' id='word_1_33' title='bbox 948 488 997 544; x_wconf 86' lang='lat' dir='ltr'>stri</span> <span class='ocrx_word' id='word_1_34' title='bbox 1023 488 1184 544; x_wconf 89' lang='lat' dir='ltr'>mandatum</span> <span class='ocrx_word' id='word_1_35' title='bbox 1210 491 1319 562; x_wconf 91' lang='lat' dir='ltr'>spoliari</span> <span class='ocrx_word' id='word_1_36' title='bbox 1341 493 1455 549; x_wconf 89' lang='lat' dir='ltr'>terrenis</span> <span class='ocrx_word' id='word_1_37' title='bbox 1475 494 1572 566; x_wconf 87' lang='lat' dir='ltr'>opibus</span> <span class='ocrx_word' id='word_1_38' title='bbox 1599 494 1750 567; x_wconf 90' lang='lat' dir='ltr'>nudarique</span> 
     </span>
    </p>
   </div>
   <div class='ocr_carea' id='block_1_3' title="bbox 642 646 1202 706">
    <p class='ocr_par' dir='ltr' id='par_1_3' title="bbox 642 646 1202 706">
     <span class='ocr_line' id='line_1_4' title="bbox 642 646 1202 706; baseline 0.002 -3"><span class='ocrx_word' id='word_1_39' title='bbox 642 646 771 703; x_wconf 74' lang='lat' dir='ltr'>annuat</span> <span class='ocrx_word' id='word_1_40' title='bbox 790 647 903 704; x_wconf 79' lang='lat' dir='ltr'>GAZAEl</span> <span class='ocrx_word' id='word_1_41' title='bbox 922 647 1202 706; x_wconf 74' lang='lat' dir='ltr'><strong>COMMENTARIUS.</strong></span> 
     </span>
    </p>
   </div>
   <div class='ocr_carea' id='block_1_4' title="bbox 86 788 1772 5182">
    <p class='ocr_par' dir='ltr' id='par_1_4' title="bbox 86 788 1772 5182">
     <span class='ocr_line' id='line_1_5' title="bbox 89 788 1750 867; baseline 0.007 -19"><span class='ocrx_word' id='word_1_42' title='bbox 89 806 202 849; x_wconf 91' lang='lat' dir='ltr'>morem</span> <span class='ocrx_word' id='word_1_43' title='bbox 228 789 311 862; x_wconf 77' lang='lat' dir='ltr'>z&#39;per</span> <span class='ocrx_word' id='word_1_44' title='bbox 333 802 417 861; x_wconf 90' lang='lat' dir='ltr'>quam</span> <span class='ocrx_word' id='word_1_45' title='bbox 431 788 567 856; x_wconf 86' lang='lat' dir='ltr'>universa,</span> <span class='ocrx_word' id='word_1_46' title='bbox 621 803 644 845; x_wconf 85' lang='lat' dir='ltr'>ae</span> <span class='ocrx_word' id='word_1_47' title='bbox 682 788 737 845; x_wconf 91' lang='lat' dir='ltr'>rius</span> <span class='ocrx_word' id='word_1_48' title='bbox 761 804 818 846; x_wconf 89' lang='lat' dir='ltr'>non</span> <span class='ocrx_word' id='word_1_49' title='bbox 839 790 897 849; x_wconf 91' lang='lat' dir='ltr'>sine</span> <span class='ocrx_word' id='word_1_50' title='bbox 950 797 1027 847; x_wconf 88' lang='lat' dir='ltr'>ctum</span> <span class='ocrx_word' id='word_1_51' title='bbox 1047 801 1136 863; x_wconf 90' lang='lat' dir='ltr'>putes.</span> <span class='ocrx_word' id='word_1_52' title='bbox 1155 793 1263 850; x_wconf 88' lang='lat' dir='ltr'>Scalam</span> <span class='ocrx_word' id='word_1_53' title='bbox 1279 795 1376 867; x_wconf 85' lang='lat' dir='ltr'>quippe</span> <span class='ocrx_word' id='word_1_54' title='bbox 1391 811 1468 852; x_wconf 89' lang='lat' dir='ltr'>suam</span> <span class='ocrx_word' id='word_1_55' title='bbox 1486 794 1593 853; x_wconf 80' lang='lat' dir='ltr'>invertit</span> <span class='ocrx_word' id='word_1_56' title='bbox 1608 805 1635 854; x_wconf 91' lang='lat' dir='ltr'>et</span> <span class='ocrx_word' id='word_1_57' title='bbox 1654 803 1750 859; x_wconf 89' lang='lat' dir='ltr'>evertit</span> 
     </span>
     <span class='ocr_line' id='line_1_6' title="bbox 90 805 1751 943; baseline 0.006 -23"><span class='ocrx_word' id='word_1_58' title='bbox 90 861 243 921; x_wconf 80' lang='lat' dir='ltr'>formidine</span> <span class='ocrx_word' id='word_1_59' title='bbox 257 861 429 928; x_wconf 87' lang='lat' dir='ltr'>observabat,</span> <span class='ocrx_word' id='word_1_60' title='bbox 445 859 548 943; x_wconf 81' lang='lat' dir='ltr'>absque</span> <span class='ocrx_word' id='word_1_61' title='bbox 562 860 618 942; x_wconf 82' lang='lat' dir='ltr'>nlo</span> <span class='ocrx_word' id='word_1_62' title='bbox 640 805 741 928; x_wconf 50' lang='lat' dir='ltr'>labore,</span> <span class='ocrx_word' id='word_1_63' title='bbox 751 861 831 943; x_wconf 28' lang='lat' dir='ltr'>‘velut</span> <span class='ocrx_word' id='word_1_64' title='bbox 845 877 895 917; x_wconf 87' lang='lat' dir='ltr'>rra·</span> <span class='ocrx_word' id='word_1_65' title='bbox 950 863 1061 919; x_wconf 84' lang='lat' dir='ltr'>Lucifer</span> <span class='ocrx_word' id='word_1_66' title='bbox 1074 864 1208 935; x_wconf 85' lang='lat' dir='ltr'>superbiae</span> <span class='ocrx_word' id='word_1_67' title='bbox 1221 880 1331 938; x_wconf 88' lang='lat' dir='ltr'>parens,</span> <span class='ocrx_word' id='word_1_68' title='bbox 1346 866 1412 923; x_wconf 91' lang='lat' dir='ltr'>dum</span> <span class='ocrx_word' id='word_1_69' title='bbox 1423 874 1528 923; x_wconf 80' lang='lat' dir='ltr'>naturae</span> <span class='ocrx_word' id='word_1_70' title='bbox 1542 875 1569 923; x_wconf 91' lang='lat' dir='ltr'>et</span> <span class='ocrx_word' id='word_1_71' title='bbox 1580 870 1694 928; x_wconf 89' lang='lat' dir='ltr'>rationis</span> <span class='ocrx_word' id='word_1_72' title='bbox 1706 889 1751 930; x_wconf 92' lang='lat' dir='ltr'>or·</span> 
     </span>
     <span class='ocr_line' id='line_1_7' title="bbox 90 931 1749 1008; baseline 0.007 -18"><span class='ocrx_word' id='word_1_73' title='bbox 90 933 227 1004; x_wconf 87' lang='lat' dir='ltr'>turaliter,</span> <span class='ocrx_word' id='word_1_74' title='bbox 251 949 285 990; x_wconf 88' lang='lat' dir='ltr'>ex</span> <span class='ocrx_word' id='word_1_75' title='bbox 305 931 500 988; x_wconf 88' lang='lat' dir='ltr'>consuetudroe</span> <span class='ocrx_word' id='word_1_76' title='bbox 522 938 633 1003; x_wconf 91' lang='lat' dir='ltr'>rncrpret</span> <span class='ocrx_word' id='word_1_77' title='bbox 652 931 788 988; x_wconf 88' lang='lat' dir='ltr'>cnstodrre</span> <span class='ocrx_word' id='word_1_78' title='bbox 815 953 821 987; x_wconf 93' lang='lat'>:</span> <span class='ocrx_word' id='word_1_79' title='bbox 840 949 896 988; x_wconf 90' lang='lat' dir='ltr'>non</span> <span class='ocrx_word' id='word_1_80' title='bbox 950 932 1012 989; x_wconf 91' lang='lat' dir='ltr'>dine</span> <span class='ocrx_word' id='word_1_81' title='bbox 1034 934 1143 991; x_wconf 87' lang='lat' dir='ltr'>inverso</span> <span class='ocrx_word' id='word_1_82' title='bbox 1158 943 1185 990; x_wconf 91' lang='lat' dir='ltr'>et</span> <span class='ocrx_word' id='word_1_83' title='bbox 1199 951 1304 1003; x_wconf 89' lang='lat' dir='ltr'>everso,</span> <span class='ocrx_word' id='word_1_84' title='bbox 1319 953 1334 992; x_wconf 88' lang='lat' dir='ltr'>a</span> <span class='ocrx_word' id='word_1_85' title='bbox 1352 953 1403 994; x_wconf 92' lang='lat' dir='ltr'>suo</span> <span class='ocrx_word' id='word_1_86' title='bbox 1415 937 1559 995; x_wconf 89' lang='lat' dir='ltr'>conditore</span> <span class='ocrx_word' id='word_1_87' title='bbox 1578 955 1700 1008; x_wconf 81' lang='lat' dir='ltr'>aversus,</span> <span class='ocrx_word' id='word_1_88' title='bbox 1715 945 1749 1001; x_wconf 92' lang='lat' dir='ltr'>ad</span> 
     </span>
     <span class='ocr_line' id='line_1_8' title="bbox 87 1001 1750 1087; baseline 0.005 -25"><span class='ocrx_word' id='word_1_89' title='bbox 87 1005 149 1079; x_wconf 86' lang='lat' dir='ltr'>jam</span> <span class='ocrx_word' id='word_1_90' title='bbox 161 1004 261 1062; x_wconf 90' lang='lat' dir='ltr'>timore</span> <span class='ocrx_word' id='word_1_91' title='bbox 280 1005 426 1076; x_wconf 74' lang='lat' dir='ltr'>gehenna,</span> <span class='ocrx_word' id='word_1_92' title='bbox 441 1001 490 1058; x_wconf 90' lang='lat' dir='ltr'>sed</span> <span class='ocrx_word' id='word_1_93' title='bbox 509 1017 605 1058; x_wconf 88' lang='lat' dir='ltr'>amore</span> <span class='ocrx_word' id='word_1_94' title='bbox 616 1001 725 1070; x_wconf 90' lang='lat' dir='ltr'>Christi,</span> <span class='ocrx_word' id='word_1_95' title='bbox 740 1010 896 1059; x_wconf 91' lang='lat' dir='ltr'>etconsue-</span> <span class='ocrx_word' id='word_1_96' title='bbox 948 1003 1067 1076; x_wconf 91' lang='lat' dir='ltr'>seipsum</span> <span class='ocrx_word' id='word_1_97' title='bbox 1078 1013 1172 1062; x_wconf 88' lang='lat' dir='ltr'>antem</span> <span class='ocrx_word' id='word_1_98' title='bbox 1183 1022 1344 1074; x_wconf 84' lang='lat' dir='ltr'>conversus,</span> <span class='ocrx_word' id='word_1_99' title='bbox 1353 1019 1380 1064; x_wconf 93' lang='lat' dir='ltr'>et</span> <span class='ocrx_word' id='word_1_100' title='bbox 1390 1010 1418 1064; x_wconf 89' lang='lat' dir='ltr'>in</span> <span class='ocrx_word' id='word_1_101' title='bbox 1430 1010 1518 1078; x_wconf 88' lang='lat' dir='ltr'>seipse</span> <span class='ocrx_word' id='word_1_102' title='bbox 1529 1010 1614 1082; x_wconf 85' lang='lat' dir='ltr'>magis</span> <span class='ocrx_word' id='word_1_103' title='bbox 1622 1028 1654 1067; x_wconf 86' lang='lat' dir='ltr'>ac</span> <span class='ocrx_word' id='word_1_104' title='bbox 1664 1017 1750 1087; x_wconf 87' lang='lat' dir='ltr'>magis</span> 
     </span>
     <span class='ocr_line' id='line_1_9' title="bbox 91 1073 1750 1159; baseline 0.005 -24"><span class='ocrx_word' id='word_1_105' title='bbox 91 1076 189 1135; x_wconf 88' lang='lat' dir='ltr'>tudine</span> <span class='ocrx_word' id='word_1_106' title='bbox 200 1076 257 1159; x_wconf 86' lang='lat' dir='ltr'>ipsa</span> <span class='ocrx_word' id='word_1_107' title='bbox 274 1075 357 1139; x_wconf 83' lang='lat' dir='ltr'>bona,</span> <span class='ocrx_word' id='word_1_108' title='bbox 372 1083 400 1131; x_wconf 91' lang='lat' dir='ltr'>et</span> <span class='ocrx_word' id='word_1_109' title='bbox 410 1073 587 1130; x_wconf 78' lang='lat' dir='ltr'>delectatione</span> <span class='ocrx_word' id='word_1_110' title='bbox 601 1073 744 1153; x_wconf 82' lang='lat' dir='ltr'>virtutum,</span> <span class='ocrx_word' id='word_1_111' title='bbox 757 1088 819 1144; x_wconf 74' lang='lat' dir='ltr'>quar</span> <span class='ocrx_word' id='word_1_112' title='bbox 839 1077 896 1128; x_wconf 90' lang='lat' dir='ltr'>Do-</span> <span class='ocrx_word' id='word_1_113' title='bbox 951 1073 1148 1146; x_wconf 89' lang='lat' dir='ltr'>intumescens,</span> <span class='ocrx_word' id='word_1_114' title='bbox 1160 1076 1263 1132; x_wconf 89' lang='lat' dir='ltr'>sensim</span> <span class='ocrx_word' id='word_1_115' title='bbox 1276 1093 1308 1132; x_wconf 88' lang='lat' dir='ltr'>ac</span> <span class='ocrx_word' id='word_1_116' title='bbox 1322 1079 1403 1134; x_wconf 91' lang='lat' dir='ltr'>veluti</span> <span class='ocrx_word' id='word_1_117' title='bbox 1415 1079 1579 1151; x_wconf 72' lang='lat' dir='ltr'>pargradns</span> <span class='ocrx_word' id='word_1_118' title='bbox 1590 1082 1624 1137; x_wconf 91' lang='lat' dir='ltr'>ad</span> <span class='ocrx_word' id='word_1_119' title='bbox 1635 1085 1687 1140; x_wconf 91' lang='lat' dir='ltr'>ima</span> <span class='ocrx_word' id='word_1_120' title='bbox 1701 1086 1750 1142; x_wconf 91' lang='lat' dir='ltr'>dc·</span> 
     </span>
     <span class='ocr_line' id='line_1_10' title="bbox 92 1142 1749 1219; baseline 0.005 -15"><span class='ocrx_word' id='word_1_121' title='bbox 92 1147 187 1204; x_wconf 90' lang='lat' dir='ltr'>minus</span> <span class='ocrx_word' id='word_1_122' title='bbox 206 1163 266 1219; x_wconf 81' lang='lat' dir='ltr'>Jam</span> <span class='ocrx_word' id='word_1_123' title='bbox 280 1145 405 1219; x_wconf 88' lang='lat' dir='ltr'>operario</span> <span class='ocrx_word' id='word_1_124' title='bbox 421 1159 471 1201; x_wconf 89' lang='lat' dir='ltr'>suo</span> <span class='ocrx_word' id='word_1_125' title='bbox 490 1143 594 1199; x_wconf 89' lang='lat' dir='ltr'>mundo</span> <span class='ocrx_word' id='word_1_126' title='bbox 607 1158 623 1199; x_wconf 88' lang='lat' dir='ltr'>a</span> <span class='ocrx_word' id='word_1_127' title='bbox 636 1142 706 1200; x_wconf 88' lang='lat' dir='ltr'>vrtiis</span> <span class='ocrx_word' id='word_1_128' title='bbox 720 1152 748 1200; x_wconf 88' lang='lat' dir='ltr'>et</span> <span class='ocrx_word' id='word_1_129' title='bbox 766 1145 893 1215; x_wconf 91' lang='lat' dir='ltr'>peccatis,</span> <span class='ocrx_word' id='word_1_130' title='bbox 944 1145 1057 1210; x_wconf 77' lang='lat' dir='ltr'>¹volutus</span> <span class='ocrx_word' id='word_1_131' title='bbox 1068 1153 1109 1201; x_wconf 90' lang='lat' dir='ltr'>est</span> <span class='ocrx_word' id='word_1_132' title='bbox 1126 1166 1132 1200; x_wconf 93' lang='lat'>:</span> <span class='ocrx_word' id='word_1_133' title='bbox 1149 1147 1241 1217; x_wconf 86' lang='lat' dir='ltr'>sieque</span> <span class='ocrx_word' id='word_1_134' title='bbox 1254 1163 1307 1219; x_wconf 87' lang='lat' dir='ltr'>qua</span> <span class='ocrx_word' id='word_1_135' title='bbox 1320 1150 1464 1205; x_wconf 88' lang='lat' dir='ltr'>ascendere</span> <span class='ocrx_word' id='word_1_136' title='bbox 1490 1147 1594 1215; x_wconf 82' lang='lat' dir='ltr'>debuit,</span> <span class='ocrx_word' id='word_1_137' title='bbox 1611 1162 1749 1212; x_wconf 86' lang='lat' dir='ltr'>retrover-</span> 
     </span>
     <span class='ocr_line' id='line_1_11' title="bbox 92 1214 1752 1299; baseline 0.008 -26"><span class='ocrx_word' id='word_1_138' title='bbox 92 1218 193 1292; x_wconf 84' lang='lat' dir='ltr'>spiritu</span> <span class='ocrx_word' id='word_1_139' title='bbox 206 1225 300 1275; x_wconf 86' lang='lat' dir='ltr'>sancto</span> <span class='ocrx_word' id='word_1_140' title='bbox 314 1216 471 1286; x_wconf 73' lang='lat' dir='ltr'>dignabitur</span> <span class='ocrx_word' id='word_1_141' title='bbox 485 1214 715 1271; x_wconf 78' lang='lat' dir='ltr'>demonstrare.»</span> <span class='ocrx_word' id='word_1_142' title='bbox 947 1229 995 1272; x_wconf 89' lang='lat' dir='ltr'>sus</span> <span class='ocrx_word' id='word_1_143' title='bbox 1017 1231 1081 1273; x_wconf 91' lang='lat' dir='ltr'>cum</span> <span class='ocrx_word' id='word_1_144' title='bbox 1101 1231 1150 1272; x_wconf 92' lang='lat' dir='ltr'>sua</span> <span class='ocrx_word' id='word_1_145' title='bbox 1171 1218 1248 1273; x_wconf 85' lang='lat' dir='ltr'>Scala</span> <span class='ocrx_word' id='word_1_146' title='bbox 1263 1218 1405 1276; x_wconf 84' lang='lat' dir='ltr'>descendit</span> <span class='ocrx_word' id='word_1_147' title='bbox 1419 1220 1445 1275; x_wconf 94' lang='lat' dir='ltr'>in</span> <span class='ocrx_word' id='word_1_148' title='bbox 1465 1216 1624 1275; x_wconf 79' lang='lat' dir='ltr'>barathrum</span> <span class='ocrx_word' id='word_1_149' title='bbox 1647 1240 1654 1276; x_wconf 92' lang='lat'><strong>:</strong></span> <span class='ocrx_word' id='word_1_150' title='bbox 1674 1230 1752 1299; x_wconf 88' lang='lat' dir='ltr'>cujus</span> 
     </span>
     <span class='ocr_line' id='line_1_12' title="bbox 130 1285 1751 1364; baseline 0.006 -18"><span class='ocrx_word' id='word_1_151' title='bbox 130 1291 166 1346; x_wconf 93' lang='lat' dir='ltr'>D.</span> <span class='ocrx_word' id='word_1_152' title='bbox 185 1289 210 1346; x_wconf 88' lang='lat' dir='ltr'><strong>G</strong></span> <span class='ocrx_word' id='word_1_153' title='bbox 259 1289 334 1345; x_wconf 77' lang='lat' dir='ltr'>odas</span> <span class='ocrx_word' id='word_1_154' title='bbox 354 1287 401 1343; x_wconf 90' lang='lat' dir='ltr'>lib.</span> <span class='ocrx_word' id='word_1_155' title='bbox 421 1299 447 1342; x_wconf 88' lang='grc' dir='ltr'>ιι</span> <span class='ocrx_word' id='word_1_156' title='bbox 463 1285 569 1359; x_wconf 83' lang='lat' dir='ltr'>Dialog.</span> <span class='ocrx_word' id='word_1_157' title='bbox 587 1301 648 1357; x_wconf 89' lang='lat' dir='ltr'>cap.</span> <span class='ocrx_word' id='word_1_158' title='bbox 664 1291 698 1343; x_wconf 79' lang='grc'>31</span> <span class='ocrx_word' id='word_1_159' title='bbox 715 1304 721 1339; x_wconf 94' lang='lat'><strong>:</strong></span> <span class='ocrx_word' id='word_1_160' title='bbox 744 1307 757 1333; x_wconf 71' lang='lat' dir='ltr'><strong><em>a</em></strong></span> <span class='ocrx_word' id='word_1_161' title='bbox 772 1285 841 1340; x_wconf 75' lang='lat' dir='ltr'>llaec</span> <span class='ocrx_word' id='word_1_162' title='bbox 854 1293 895 1341; x_wconf 90' lang='lat' dir='ltr'>est</span> <span class='ocrx_word' id='word_1_163' title='bbox 948 1285 1099 1343; x_wconf 89' lang='lat' dir='ltr'>imitatores</span> <span class='ocrx_word' id='word_1_164' title='bbox 1112 1287 1159 1342; x_wconf 87' lang='lat' dir='ltr'>lilii</span> <span class='ocrx_word' id='word_1_165' title='bbox 1169 1289 1304 1360; x_wconf 74' lang='lat' dir='ltr'>superbiat</span> <span class='ocrx_word' id='word_1_166' title='bbox 1314 1290 1396 1347; x_wconf 90' lang='lat' dir='ltr'>simili</span> <span class='ocrx_word' id='word_1_167' title='bbox 1409 1289 1569 1364; x_wconf 81' lang='lat' dir='ltr'>gradatione</span> <span class='ocrx_word' id='word_1_168' title='bbox 1582 1290 1610 1345; x_wconf 90' lang='lat' dir='ltr'>in</span> <span class='ocrx_word' id='word_1_169' title='bbox 1623 1296 1751 1354; x_wconf 90' lang='lat' dir='ltr'>eamdem</span> 
     </span>
     <span class='ocr_line' id='line_1_13' title="bbox 92 1356 1287 1431; baseline 0 -15"><span class='ocrx_word' id='word_1_170' title='bbox 92 1360 146 1429; x_wconf 84' lang='lat' dir='ltr'>ria,</span> <span class='ocrx_word' id='word_1_171' title='bbox 162 1375 216 1431; x_wconf 81' lang='lat' dir='ltr'>qua</span> <span class='ocrx_word' id='word_1_172' title='bbox 251 1361 345 1416; x_wconf 90' lang='lat' dir='ltr'>ilectus</span> <span class='ocrx_word' id='word_1_173' title='bbox 362 1357 481 1414; x_wconf 90' lang='lat' dir='ltr'>Domino</span> <span class='ocrx_word' id='word_1_174' title='bbox 495 1357 596 1414; x_wconf 87' lang='lat' dir='ltr'>coelum</span> <span class='ocrx_word' id='word_1_175' title='bbox 611 1357 774 1413; x_wconf 79' lang='lat' dir='ltr'>Benedictus</span> <span class='ocrx_word' id='word_1_176' title='bbox 796 1370 895 1411; x_wconf 90' lang='lat' dir='ltr'>ascen-</span> <span class='ocrx_word' id='word_1_177' title='bbox 948 1356 1077 1429; x_wconf 83' lang='lat' dir='ltr'>abyssum</span> <span class='ocrx_word' id='word_1_178' title='bbox 1096 1357 1287 1416; x_wconf 89' lang='lat' dir='ltr'>devolvuntur.</span> 
     </span>
     <span class='ocr_line' id='line_1_14' title="bbox 93 1426 1749 1554; baseline 0.004 -64"><span class='ocrx_word' id='word_1_179' title='bbox 93 1430 173 1490; x_wconf 78' lang='lat' dir='ltr'>dir.»</span> <span class='ocrx_word' id='word_1_180' title='bbox 191 1433 225 1486; x_wconf 96' lang='lat' dir='ltr'>D.</span> <span class='ocrx_word' id='word_1_181' title='bbox 240 1429 394 1487; x_wconf 87' lang='lat' dir='ltr'>Bernardus</span> <span class='ocrx_word' id='word_1_182' title='bbox 412 1428 440 1482; x_wconf 91' lang='lat' dir='ltr'>in</span> <span class='ocrx_word' id='word_1_183' title='bbox 459 1435 538 1484; x_wconf 89' lang='lat' dir='ltr'>tract.</span> <span class='ocrx_word' id='word_1_184' title='bbox 559 1427 594 1484; x_wconf 91' lang='lat' dir='ltr'>de</span> <span class='ocrx_word' id='word_1_185' title='bbox 613 1426 893 1508; x_wconf 83' lang='lat' dir='ltr'>gradibushumilita-</span> <span class='ocrx_word' id='word_1_186' title='bbox 983 1431 1044 1498; x_wconf 87' lang='lat' dir='ltr'>lpse</span> <span class='ocrx_word' id='word_1_187' title='bbox 1064 1433 1103 1484; x_wconf 85' lang='lat' dir='ltr'>est</span> <span class='ocrx_word' id='word_1_188' title='bbox 1117 1446 1167 1485; x_wconf 82' lang='lat' dir='ltr'>ren</span> <span class='ocrx_word' id='word_1_189' title='bbox 1178 1446 1259 1554; x_wconf 43' lang='lat' dir='ltr'>sagro</span> <span class='ocrx_word' id='word_1_190' title='bbox 1272 1448 1361 1488; x_wconf 83' lang='lat' dir='ltr'>amnes</span> <span class='ocrx_word' id='word_1_191' title='bbox 1371 1433 1441 1501; x_wconf 70' lang='lat' dir='ltr'>filins</span> <span class='ocrx_word' id='word_1_192' title='bbox 1456 1439 1588 1494; x_wconf 82' lang='lat' dir='ltr'>srrberbirr</span> <span class='ocrx_word' id='word_1_193' title='bbox 1610 1442 1674 1497; x_wconf 87' lang='lat' dir='ltr'>lob.</span> <span class='ocrx_word' id='word_1_194' title='bbox 1686 1456 1749 1497; x_wconf 86' lang='lat' dir='ltr'>xtr.</span> 
     </span>
     <span class='ocr_line' id='line_1_15' title="bbox 93 1497 1749 1581; baseline 0.003 -23"><span class='ocrx_word' id='word_1_195' title='bbox 93 1502 175 1560; x_wconf 82' lang='lat' dir='ltr'>tiss·</span> <span class='ocrx_word' id='word_1_196' title='bbox 190 1502 393 1558; x_wconf 85' lang='lat' dir='ltr'>Humilitasest</span> <span class='ocrx_word' id='word_1_197' title='bbox 409 1499 512 1567; x_wconf 88' lang='lat' dir='ltr'>virtus,</span> <span class='ocrx_word' id='word_1_198' title='bbox 528 1513 582 1568; x_wconf 84' lang='lat' dir='ltr'>qua</span> <span class='ocrx_word' id='word_1_199' title='bbox 596 1498 680 1555; x_wconf 92' lang='lat' dir='ltr'>homo</span> <span class='ocrx_word' id='word_1_200' title='bbox 697 1497 892 1553; x_wconf 80' lang='lat' dir='ltr'>verissinrasui</span> <span class='ocrx_word' id='word_1_201' title='bbox 984 1501 1117 1567; x_wconf 80' lang='lat' dir='ltr'>Qumrrodo</span> <span class='ocrx_word' id='word_1_202' title='bbox 1146 1504 1199 1556; x_wconf 86' lang='lat' dir='ltr'>ceri</span> <span class='ocrx_word' id='word_1_203' title='bbox 1220 1504 1269 1556; x_wconf 87' lang='lat' dir='ltr'>isti</span> <span class='ocrx_word' id='word_1_204' title='bbox 1291 1505 1324 1559; x_wconf 87' lang='lat' dir='ltr'>de</span> <span class='ocrx_word' id='word_1_205' title='bbox 1349 1505 1425 1569; x_wconf 87' lang='lat' dir='ltr'>arelo,</span> <span class='ocrx_word' id='word_1_206' title='bbox 1450 1511 1572 1577; x_wconf 78' lang='lat' dir='ltr'>Lucifer,</span> <span class='ocrx_word' id='word_1_207' title='bbox 1602 1516 1652 1581; x_wconf 75' lang='lat' dir='ltr'>pur·</span> <span class='ocrx_word' id='word_1_208' title='bbox 1669 1528 1749 1566; x_wconf 80' lang='lat' dir='ltr'>ruane</span> 
     </span>
     <span class='ocr_line' id='line_1_16' title="bbox 93 1567 1748 1651; baseline 0.007 -23"><span class='ocrx_word' id='word_1_209' title='bbox 93 1572 234 1646; x_wconf 78' lang='lat' dir='ltr'>agnitione</span> <span class='ocrx_word' id='word_1_210' title='bbox 247 1573 299 1630; x_wconf 90' lang='lat' dir='ltr'>sibi</span> <span class='ocrx_word' id='word_1_211' title='bbox 320 1571 371 1643; x_wconf 89' lang='lat' dir='ltr'>ipsi</span> <span class='ocrx_word' id='word_1_212' title='bbox 385 1569 498 1626; x_wconf 80' lang='lat' dir='ltr'>vilescit.</span> <span class='ocrx_word' id='word_1_213' title='bbox 515 1571 582 1625; x_wconf 88' lang='lat' dir='ltr'>Haec</span> <span class='ocrx_word' id='word_1_214' title='bbox 594 1578 685 1626; x_wconf 89' lang='lat' dir='ltr'>autem</span> <span class='ocrx_word' id='word_1_215' title='bbox 699 1568 825 1625; x_wconf 90' lang='lat' dir='ltr'>convenit</span> <span class='ocrx_word' id='word_1_216' title='bbox 837 1567 892 1633; x_wconf 84' lang='lat' dir='ltr'>his,</span> <span class='ocrx_word' id='word_1_217' title='bbox 947 1572 1099 1626; x_wconf 71' lang='lat' dir='ltr'>oriebaris?</span> <span class='ocrx_word' id='word_1_218' title='bbox 1115 1578 1169 1627; x_wconf 91' lang='lat' dir='ltr'>etc.</span> <span class='ocrx_word' id='word_1_219' title='bbox 1186 1576 1311 1629; x_wconf 81' lang='lat' dir='ltr'>Detracta</span> <span class='ocrx_word' id='word_1_220' title='bbox 1325 1579 1363 1631; x_wconf 85' lang='lat' dir='ltr'>est</span> <span class='ocrx_word' id='word_1_221' title='bbox 1377 1577 1414 1631; x_wconf 85' lang='lat' dir='ltr'>cd</span> <span class='ocrx_word' id='word_1_222' title='bbox 1431 1580 1531 1646; x_wconf 74' lang='lat' dir='ltr'>irrferes</span> <span class='ocrx_word' id='word_1_223' title='bbox 1543 1584 1672 1651; x_wconf 84' lang='lat' dir='ltr'>superbia</span> <span class='ocrx_word' id='word_1_224' title='bbox 1688 1589 1748 1639; x_wconf 84' lang='lat' dir='ltr'>tun.</span> 
     </span>
     <span class='ocr_line' id='line_1_17' title="bbox 93 1638 1077 1727; baseline -0.008 -26"><span class='ocrx_word' id='word_1_225' title='bbox 93 1643 138 1727; x_wconf 72' lang='lat' dir='ltr'>gni</span> <span class='ocrx_word' id='word_1_226' title='bbox 148 1643 355 1701; x_wconf 76' lang='lat' dir='ltr'>ascensionibus</span> <span class='ocrx_word' id='word_1_227' title='bbox 369 1643 397 1698; x_wconf 92' lang='lat' dir='ltr'>in</span> <span class='ocrx_word' id='word_1_228' title='bbox 411 1641 493 1698; x_wconf 88' lang='lat' dir='ltr'>eorde</span> <span class='ocrx_word' id='word_1_229' title='bbox 508 1655 559 1698; x_wconf 89' lang='lat' dir='ltr'>sno</span> <span class='ocrx_word' id='word_1_230' title='bbox 578 1640 731 1713; x_wconf 83' lang='lat' dir='ltr'>dispositis,</span> <span class='ocrx_word' id='word_1_231' title='bbox 748 1638 781 1695; x_wconf 89' lang='lat' dir='ltr'>de</span> <span class='ocrx_word' id='word_1_232' title='bbox 794 1639 893 1696; x_wconf 85' lang='lat' dir='ltr'>virtute</span> <span class='ocrx_word' id='word_1_233' title='bbox 948 1643 997 1696; x_wconf 91' lang='lat' dir='ltr'>lsa.</span> <span class='ocrx_word' id='word_1_234' title='bbox 1012 1656 1077 1697; x_wconf 86' lang='lat' dir='ltr'>xrv.</span> 
     </span>
     <span class='ocr_line' id='line_1_18' title="bbox 93 1709 1749 1792; baseline 0.005 -21"><span class='ocrx_word' id='word_1_235' title='bbox 93 1730 121 1771; x_wconf 93' lang='grc' dir='ltr'>ιιι</span> <span class='ocrx_word' id='word_1_236' title='bbox 136 1716 280 1787; x_wconf 78' lang='lat' dir='ltr'>virtutem„</span> <span class='ocrx_word' id='word_1_237' title='bbox 299 1712 327 1771; x_wconf 95' lang='lat' dir='ltr'>id</span> <span class='ocrx_word' id='word_1_238' title='bbox 341 1720 398 1780; x_wconf 89' lang='lat' dir='ltr'>est,</span> <span class='ocrx_word' id='word_1_239' title='bbox 411 1709 445 1768; x_wconf 93' lang='lat' dir='ltr'>de</span> <span class='ocrx_word' id='word_1_240' title='bbox 458 1710 543 1783; x_wconf 83' lang='lat' dir='ltr'>gradu</span> <span class='ocrx_word' id='word_1_241' title='bbox 566 1710 593 1767; x_wconf 94' lang='lat' dir='ltr'>in</span> <span class='ocrx_word' id='word_1_242' title='bbox 608 1713 721 1784; x_wconf 63' lang='lat' dir='ltr'>gadum</span> <span class='ocrx_word' id='word_1_243' title='bbox 737 1709 892 1781; x_wconf 88' lang='lat' dir='ltr'>proliciunt,</span> <span class='ocrx_word' id='word_1_244' title='bbox 983 1713 1175 1775; x_wconf 53' lang='lat' dir='ltr'>donemutham</span> <span class='ocrx_word' id='word_1_245' title='bbox 1187 1717 1213 1768; x_wconf 86' lang='lat' dir='ltr'>et</span> <span class='ocrx_word' id='word_1_246' title='bbox 1226 1714 1331 1770; x_wconf 80' lang='lat' dir='ltr'>Abirea</span> <span class='ocrx_word' id='word_1_247' title='bbox 1347 1717 1538 1777; x_wconf 81' lang='lat' dir='ltr'>descenderunt</span> <span class='ocrx_word' id='word_1_248' title='bbox 1547 1725 1605 1777; x_wconf 85' lang='lat' dir='ltr'>rivi</span> <span class='ocrx_word' id='word_1_249' title='bbox 1619 1728 1648 1780; x_wconf 83' lang='lat' dir='ltr'>r&#39;rr</span> <span class='ocrx_word' id='word_1_250' title='bbox 1660 1727 1749 1792; x_wconf 75' lang='lat' dir='ltr'>iaeser-</span> 
     </span>
     <span class='ocr_line' id='line_1_19' title="bbox 92 1782 1206 1854; baseline -0.005 -11"><span class='ocrx_word' id='word_1_251' title='bbox 92 1784 182 1843; x_wconf 89' lang='lat' dir='ltr'>denec</span> <span class='ocrx_word' id='word_1_252' title='bbox 201 1785 236 1843; x_wconf 90' lang='lat' dir='ltr'>ad</span> <span class='ocrx_word' id='word_1_253' title='bbox 257 1784 368 1842; x_wconf 88' lang='lat' dir='ltr'>eulmen</span> <span class='ocrx_word' id='word_1_254' title='bbox 387 1782 550 1839; x_wconf 87' lang='lat' dir='ltr'>humilitatis</span> <span class='ocrx_word' id='word_1_255' title='bbox 568 1784 725 1854; x_wconf 89' lang='lat' dir='ltr'>perveniant</span> <span class='ocrx_word' id='word_1_256' title='bbox 748 1783 801 1837; x_wconf 91' lang='lat' dir='ltr'>:in</span> <span class='ocrx_word' id='word_1_257' title='bbox 826 1796 892 1851; x_wconf 85' lang='lat' dir='ltr'>quo,</span> <span class='ocrx_word' id='word_1_258' title='bbox 945 1797 1019 1837; x_wconf 83' lang='lat' dir='ltr'>num.</span> <span class='ocrx_word' id='word_1_259' title='bbox 1039 1785 1124 1838; x_wconf 87' lang='lat' dir='ltr'>Num.</span> <span class='ocrx_word' id='word_1_260' title='bbox 1141 1799 1206 1839; x_wconf 86' lang='lat' dir='ltr'>xvr.</span> 
     </span>
     <span class='ocr_line' id='line_1_20' title="bbox 93 1851 1748 1932; baseline 0.002 -21"><span class='ocrx_word' id='word_1_261' title='bbox 93 1857 210 1914; x_wconf 83' lang='lat' dir='ltr'>velutin</span> <span class='ocrx_word' id='word_1_262' title='bbox 230 1855 312 1924; x_wconf 88' lang='lat' dir='ltr'>Sion,</span> <span class='ocrx_word' id='word_1_263' title='bbox 326 1856 412 1913; x_wconf 88' lang='lat' dir='ltr'>idest</span> <span class='ocrx_word' id='word_1_264' title='bbox 428 1853 456 1909; x_wconf 94' lang='lat' dir='ltr'>in</span> <span class='ocrx_word' id='word_1_265' title='bbox 471 1853 665 1926; x_wconf 75' lang='lat' dir='ltr'>speculatione,</span> <span class='ocrx_word' id='word_1_266' title='bbox 687 1851 778 1925; x_wconf 86' lang='lat' dir='ltr'>positi,</span> <span class='ocrx_word' id='word_1_267' title='bbox 793 1852 891 1908; x_wconf 85' lang='lat' dir='ltr'>verita·</span> <span class='ocrx_word' id='word_1_268' title='bbox 982 1857 1013 1910; x_wconf 79' lang='lat' dir='ltr'>he</span> <span class='ocrx_word' id='word_1_269' title='bbox 1031 1858 1169 1924; x_wconf 85' lang='lat' dir='ltr'>conspectu</span> <span class='ocrx_word' id='word_1_270' title='bbox 1190 1857 1247 1926; x_wconf 79' lang='lat' dir='ltr'>ejus</span> <span class='ocrx_word' id='word_1_271' title='bbox 1259 1857 1354 1913; x_wconf 79' lang='lat' dir='ltr'>caderet</span> <span class='ocrx_word' id='word_1_272' title='bbox 1371 1867 1527 1932; x_wconf 82' lang='lat' dir='ltr'>omnesqui</span> <span class='ocrx_word' id='word_1_273' title='bbox 1541 1866 1703 1921; x_wconf 78' lang='lat' dir='ltr'>descendunt</span> <span class='ocrx_word' id='word_1_274' title='bbox 1720 1869 1748 1921; x_wconf 79' lang='lat' dir='ltr'>hr</span> 
     </span>
     <span class='ocr_line' id='line_1_21' title="bbox 93 1924 1225 1999; baseline -0.003 -15"><span class='ocrx_word' id='word_1_275' title='bbox 93 1934 152 1984; x_wconf 71' lang='lat' dir='ltr'>mm</span> <span class='ocrx_word' id='word_1_276' title='bbox 164 1928 342 1999; x_wconf 81' lang='lat' dir='ltr'>prospiciant.</span> <span class='ocrx_word' id='word_1_277' title='bbox 357 1928 476 1989; x_wconf 80' lang='lat' dir='ltr'>Etenim,</span> <span class='ocrx_word' id='word_1_278' title='bbox 491 1924 587 1996; x_wconf 86' lang='lat' dir='ltr'>inquit,</span> <span class='ocrx_word' id='word_1_279' title='bbox 601 1926 804 1980; x_wconf 82' lang='lat' dir='ltr'>berredictr&#39;errem</span> <span class='ocrx_word' id='word_1_280' title='bbox 817 1924 893 1978; x_wconf 81' lang='lat' dir='ltr'>dabit</span> <span class='ocrx_word' id='word_1_281' title='bbox 947 1929 1054 1980; x_wconf 85' lang='lat' dir='ltr'>terrem.</span> <span class='ocrx_word' id='word_1_282' title='bbox 1072 1925 1144 1980; x_wconf 91' lang='lat' dir='ltr'>Psal.</span> <span class='ocrx_word' id='word_1_283' title='bbox 1159 1941 1225 1981; x_wconf 89' lang='lat' dir='ltr'>xxr.</span> 
     </span>
     <span class='ocr_line' id='line_1_22' title="bbox 93 1993 1746 2071; baseline 0.004 -17"><span class='ocrx_word' id='word_1_284' title='bbox 93 1999 231 2069; x_wconf 76' lang='lat' dir='ltr'>legislator</span> <span class='ocrx_word' id='word_1_285' title='bbox 253 2018 261 2053; x_wconf 90' lang='lat'><strong>:</strong></span> <span class='ocrx_word' id='word_1_286' title='bbox 289 1999 353 2071; x_wconf 90' lang='lat' dir='ltr'>quia</span> <span class='ocrx_word' id='word_1_287' title='bbox 372 1997 419 2071; x_wconf 87' lang='lat' dir='ltr'>qui</span> <span class='ocrx_word' id='word_1_288' title='bbox 437 1995 512 2053; x_wconf 86' lang='lat' dir='ltr'>dedit</span> <span class='ocrx_word' id='word_1_289' title='bbox 538 1996 635 2068; x_wconf 88' lang='lat' dir='ltr'>legem,</span> <span class='ocrx_word' id='word_1_290' title='bbox 648 1995 764 2051; x_wconf 84' lang='lat' dir='ltr'>dabitat</span> <span class='ocrx_word' id='word_1_291' title='bbox 777 1993 892 2050; x_wconf 87' lang='lat' dir='ltr'>benedi·</span> <span class='ocrx_word' id='word_1_292' title='bbox 981 1998 1746 2069; x_wconf 73' lang='lat' dir='ltr'>rl⁷orrnerrietmihipessuperbie:thirecr&#39;dervrrrtomrrrs,</span> 
     </span>
     <span class='ocr_line' id='line_1_23' title="bbox 93 2063 1749 2147; baseline 0.004 -22"><span class='ocrx_word' id='word_1_293' title='bbox 93 2070 216 2125; x_wconf 83' lang='lat' dir='ltr'>ctionem</span> <span class='ocrx_word' id='word_1_294' title='bbox 234 2086 241 2122; x_wconf 69' lang='grc' dir='ltr'><em>τ</em></span> <span class='ocrx_word' id='word_1_295' title='bbox 259 2068 314 2126; x_wconf 89' lang='lat' dir='ltr'>lroc</span> <span class='ocrx_word' id='word_1_296' title='bbox 323 2075 379 2137; x_wconf 78' lang='lat' dir='ltr'>cal,</span> <span class='ocrx_word' id='word_1_297' title='bbox 393 2066 534 2139; x_wconf 84' lang='lat' dir='ltr'>quljussll</span> <span class='ocrx_word' id='word_1_298' title='bbox 548 2065 744 2133; x_wconf 86' lang='lat' dir='ltr'>humilitatem,</span> <span class='ocrx_word' id='word_1_299' title='bbox 763 2063 893 2136; x_wconf 87' lang='lat' dir='ltr'>perducet</span> <span class='ocrx_word' id='word_1_300' title='bbox 946 2069 996 2136; x_wconf 82' lang='lat' dir='ltr'>qrrr&#39;</span> <span class='ocrx_word' id='word_1_301' title='bbox 1009 2071 1154 2137; x_wconf 78' lang='lat' dir='ltr'>eprerorrlrrr</span> <span class='ocrx_word' id='word_1_302' title='bbox 1168 2069 1343 2137; x_wconf 76' lang='lat' dir='ltr'>iuiqrritotcm</span> <span class='ocrx_word' id='word_1_303' title='bbox 1360 2089 1368 2124; x_wconf 90' lang='lat'>:</span> <span class='ocrx_word' id='word_1_304' title='bbox 1384 2076 1494 2143; x_wconf 75' lang='lat' dir='ltr'>enpruIsi</span> <span class='ocrx_word' id='word_1_305' title='bbox 1506 2082 1578 2139; x_wconf 82' lang='lat' dir='ltr'>suut,</span> <span class='ocrx_word' id='word_1_306' title='bbox 1594 2094 1639 2132; x_wconf 82' lang='lat' dir='ltr'>rrec</span> <span class='ocrx_word' id='word_1_307' title='bbox 1653 2084 1749 2147; x_wconf 81' lang='lat' dir='ltr'>potare·</span> 
     </span>
     <span class='ocr_line' id='line_1_24' title="bbox 94 2114 1301 2219; baseline -0.003 -23"><span class='ocrx_word' id='word_1_308' title='bbox 94 2139 132 2196; x_wconf 91' lang='lat' dir='ltr'>ad</span> <span class='ocrx_word' id='word_1_309' title='bbox 144 2139 297 2197; x_wconf 88' lang='lat' dir='ltr'>veritatem.</span> <span class='ocrx_word' id='word_1_310' title='bbox 314 2162 327 2189; x_wconf 79' lang='grc' dir='ltr'>ι</span> <span class='ocrx_word' id='word_1_311' title='bbox 343 2141 378 2195; x_wconf 83' lang='lat' dir='ltr'>Bt</span> <span class='ocrx_word' id='word_1_312' title='bbox 390 2136 462 2194; x_wconf 83' lang='lat' dir='ltr'>inira</span> <span class='ocrx_word' id='word_1_313' title='bbox 480 2155 488 2192; x_wconf 74' lang='grc' dir='ltr'>ε</span> <span class='ocrx_word' id='word_1_314' title='bbox 505 2160 517 2186; x_wconf 72' lang='lat' dir='ltr'>r</span> <span class='ocrx_word' id='word_1_315' title='bbox 533 2138 607 2193; x_wconf 89' lang='lat' dir='ltr'>lianc</span> <span class='ocrx_word' id='word_1_316' title='bbox 625 2137 716 2219; x_wconf 83' lang='lat' dir='ltr'>itaque</span> <span class='ocrx_word' id='word_1_317' title='bbox 728 2138 825 2208; x_wconf 88' lang='lat' dir='ltr'>legem,</span> <span class='ocrx_word' id='word_1_318' title='bbox 840 2152 894 2206; x_wconf 87' lang='lat' dir='ltr'>qua</span> <span class='ocrx_word' id='word_1_319' title='bbox 908 2114 932 2177; x_wconf 81' lang='grc' dir='ltr'>Β</span> <span class='ocrx_word' id='word_1_320' title='bbox 948 2137 1192 2194; x_wconf 65' lang='lat' dir='ltr'>rontemnere.</span> <span class='ocrx_word' id='word_1_321' title='bbox 1206 2153 1301 2194; x_wconf 83' lang='lat' dir='ltr'>xxxv.</span> 
     </span>
     <span class='ocr_line' id='line_1_25' title="bbox 96 2204 1748 2284; baseline 0.004 -18"><span class='ocrx_word' id='word_1_322' title='bbox 96 2210 205 2266; x_wconf 86' lang='lat' dir='ltr'>reditur</span> <span class='ocrx_word' id='word_1_323' title='bbox 228 2209 263 2266; x_wconf 94' lang='lat' dir='ltr'>ad</span> <span class='ocrx_word' id='word_1_324' title='bbox 282 2210 438 2276; x_wconf 92' lang='lat' dir='ltr'>veritatem,</span> <span class='ocrx_word' id='word_1_325' title='bbox 458 2208 553 2265; x_wconf 88' lang='lat' dir='ltr'>beatus</span> <span class='ocrx_word' id='word_1_326' title='bbox 573 2208 737 2264; x_wconf 80' lang='lat' dir='ltr'>Benedictus</span> <span class='ocrx_word' id='word_1_327' title='bbox 760 2223 807 2279; x_wconf 92' lang='lat' dir='ltr'>per</span> <span class='ocrx_word' id='word_1_328' title='bbox 824 2204 896 2262; x_wconf 91' lang='lat' dir='ltr'>duo·</span> <span class='ocrx_word' id='word_1_329' title='bbox 989 2211 1086 2265; x_wconf 83' lang='lat' dir='ltr'>l&#39;crriut</span> <span class='ocrx_word' id='word_1_330' title='bbox 1097 2225 1166 2264; x_wconf 88' lang='lat' dir='ltr'>raers</span> <span class='ocrx_word' id='word_1_331' title='bbox 1177 2224 1258 2278; x_wconf 85' lang='lat' dir='ltr'>super</span> <span class='ocrx_word' id='word_1_332' title='bbox 1271 2211 1340 2274; x_wconf 85' lang='lat' dir='ltr'>illes,</span> <span class='ocrx_word' id='word_1_333' title='bbox 1357 2217 1381 2266; x_wconf 85' lang='lat' dir='ltr'>et</span> <span class='ocrx_word' id='word_1_334' title='bbox 1393 2213 1555 2271; x_wconf 82' lang='lat' dir='ltr'>descendant</span> <span class='ocrx_word' id='word_1_335' title='bbox 1569 2221 1597 2272; x_wconf 87' lang='lat' dir='ltr'>r&#39;rr</span> <span class='ocrx_word' id='word_1_336' title='bbox 1609 2218 1748 2284; x_wconf 77' lang='lat' dir='ltr'>r&#39;rrscrrrrrm</span> 
     </span>
     <span class='ocr_line' id='line_1_26' title="bbox 97 2278 1236 2353; baseline -0.002 -16"><span class='ocrx_word' id='word_1_337' title='bbox 97 2278 191 2337; x_wconf 84' lang='lat' dir='ltr'>decim</span> <span class='ocrx_word' id='word_1_338' title='bbox 211 2279 310 2353; x_wconf 88' lang='lat' dir='ltr'>gradus</span> <span class='ocrx_word' id='word_1_339' title='bbox 320 2279 436 2353; x_wconf 85' lang='lat' dir='ltr'>disponit</span> <span class='ocrx_word' id='word_1_340' title='bbox 452 2301 458 2336; x_wconf 92' lang='lat'>:</span> <span class='ocrx_word' id='word_1_341' title='bbox 475 2288 505 2335; x_wconf 92' lang='lat' dir='ltr'>ut</span> <span class='ocrx_word' id='word_1_342' title='bbox 525 2280 597 2335; x_wconf 88' lang='lat' dir='ltr'>sicut</span> <span class='ocrx_word' id='word_1_343' title='bbox 610 2295 659 2351; x_wconf 91' lang='lat' dir='ltr'>per</span> <span class='ocrx_word' id='word_1_344' title='bbox 673 2279 769 2336; x_wconf 86' lang='lat' dir='ltr'>decern</span> <span class='ocrx_word' id='word_1_345' title='bbox 790 2292 894 2349; x_wconf 80' lang='lat' dir='ltr'>praece-</span> <span class='ocrx_word' id='word_1_346' title='bbox 949 2282 1075 2334; x_wconf 80' lang='lat' dir='ltr'>cinerrtes.</span> <span class='ocrx_word' id='word_1_347' title='bbox 1091 2279 1161 2334; x_wconf 87' lang='lat' dir='ltr'>Psal.</span> <span class='ocrx_word' id='word_1_348' title='bbox 1174 2294 1236 2335; x_wconf 81' lang='grc' dir='ltr'>ιιι.</span> 
     </span>
     <span class='ocr_line' id='line_1_27' title="bbox 93 2348 1711 2478; baseline 0.002 -71"><span class='ocrx_word' id='word_1_349' title='bbox 93 2358 144 2478; x_wconf 62' lang='lat' dir='ltr'>gia</span> <span class='ocrx_word' id='word_1_350' title='bbox 154 2351 222 2434; x_wconf 80' lang='lat' dir='ltr'>legis</span> <span class='ocrx_word' id='word_1_351' title='bbox 241 2366 273 2407; x_wconf 89' lang='lat' dir='ltr'>ae</span> <span class='ocrx_word' id='word_1_352' title='bbox 286 2351 421 2424; x_wconf 84' lang='lat' dir='ltr'>geminam</span> <span class='ocrx_word' id='word_1_353' title='bbox 442 2350 678 2408; x_wconf 86' lang='lat' dir='ltr'>circumcisionem</span> <span class='ocrx_word' id='word_1_354' title='bbox 690 2354 700 2417; x_wconf 91' lang='lat'>(</span> <span class='ocrx_word' id='word_1_355' title='bbox 712 2350 740 2405; x_wconf 91' lang='lat' dir='ltr'>in</span> <span class='ocrx_word' id='word_1_356' title='bbox 755 2364 811 2421; x_wconf 85' lang='lat' dir='ltr'>qno</span> <span class='ocrx_word' id='word_1_357' title='bbox 827 2348 896 2404; x_wconf 91' lang='lat' dir='ltr'>duo-</span> <span class='ocrx_word' id='word_1_358' title='bbox 985 2353 1017 2405; x_wconf 86' lang='lat' dir='ltr'>ln</span> <span class='ocrx_word' id='word_1_359' title='bbox 1029 2352 1089 2419; x_wconf 84' lang='lat' dir='ltr'>ipsa</span> <span class='ocrx_word' id='word_1_360' title='bbox 1103 2353 1213 2405; x_wconf 84' lang='lat' dir='ltr'>initium</span> <span class='ocrx_word' id='word_1_361' title='bbox 1226 2355 1435 2423; x_wconf 83' lang='lat' dir='ltr'>sumpsitemrrr&#39;s</span> <span class='ocrx_word' id='word_1_362' title='bbox 1443 2359 1574 2427; x_wconf 76' lang='lat' dir='ltr'>perditio.</span> <span class='ocrx_word' id='word_1_363' title='bbox 1585 2356 1657 2413; x_wconf 89' lang='lat' dir='ltr'>Tob.</span> <span class='ocrx_word' id='word_1_364' title='bbox 1667 2373 1711 2412; x_wconf 92' lang='lat' dir='ltr'>rv.</span> 
     </span>
     <span class='ocr_line' id='line_1_28' title="bbox 114 2420 1748 2496; baseline 0.003 -19"><span class='ocrx_word' id='word_1_365' title='bbox 114 2421 367 2478; x_wconf 82' lang='lat' dir='ltr'>enarrus‘numeru&#39;s</span> <span class='ocrx_word' id='word_1_366' title='bbox 377 2422 449 2479; x_wconf 87' lang='lat' dir='ltr'>adim</span> <span class='ocrx_word' id='word_1_367' title='bbox 470 2422 540 2478; x_wconf 88' lang='lat' dir='ltr'>letur</span> <span class='ocrx_word' id='word_1_368' title='bbox 551 2425 560 2488; x_wconf 94' lang='lat'>)</span> <span class='ocrx_word' id='word_1_369' title='bbox 573 2420 608 2477; x_wconf 89' lang='lat' dir='ltr'>ad</span> <span class='ocrx_word' id='word_1_370' title='bbox 620 2421 762 2477; x_wconf 87' lang='lat' dir='ltr'>Christum</span> <span class='ocrx_word' id='word_1_371' title='bbox 777 2420 893 2488; x_wconf 86' lang='lat' dir='ltr'>venitur,</span> <span class='ocrx_word' id='word_1_372' title='bbox 985 2425 1021 2478; x_wconf 80' lang='lat' dir='ltr'>Bt</span> <span class='ocrx_word' id='word_1_373' title='bbox 1030 2426 1070 2484; x_wconf 84' lang='lat' dir='ltr'>tar,</span> <span class='ocrx_word' id='word_1_374' title='bbox 1080 2421 1279 2491; x_wconf 83' lang='lat' dir='ltr'>Capharnmrm,</span> <span class='ocrx_word' id='word_1_375' title='bbox 1289 2428 1424 2495; x_wconf 83' lang='lat' dir='ltr'>nrrmqrrr&#39;d</span> <span class='ocrx_word' id='word_1_376' title='bbox 1437 2444 1521 2496; x_wconf 83' lang='lat' dir='ltr'>arsque</span> <span class='ocrx_word' id='word_1_377' title='bbox 1530 2431 1558 2484; x_wconf 86' lang='lat' dir='ltr'>in</span> <span class='ocrx_word' id='word_1_378' title='bbox 1569 2429 1660 2483; x_wconf 85' lang='lat' dir='ltr'>coelrrrrr</span> <span class='ocrx_word' id='word_1_379' title='bbox 1674 2429 1748 2482; x_wconf 74' lang='lat' dir='ltr'>ensal·</span> 
     </span>
     <span class='ocr_line' id='line_1_29' title="bbox 92 2437 1692 2565; baseline 0.003 -18"><span class='ocrx_word' id='word_1_380' title='bbox 92 2491 131 2548; x_wconf 89' lang='lat' dir='ltr'>ita</span> <span class='ocrx_word' id='word_1_381' title='bbox 147 2492 190 2548; x_wconf 87' lang='lat' dir='ltr'>laia</span> <span class='ocrx_word' id='word_1_382' title='bbox 210 2492 357 2550; x_wconf 90' lang='lat' dir='ltr'>duodecim</span> <span class='ocrx_word' id='word_1_383' title='bbox 378 2437 510 2565; x_wconf 47' lang='lat' dir='ltr'>gradibus</span> <span class='ocrx_word' id='word_1_384' title='bbox 529 2492 656 2561; x_wconf 89' lang='lat' dir='ltr'>ascensis,</span> <span class='ocrx_word' id='word_1_385' title='bbox 678 2492 778 2547; x_wconf 87' lang='lat' dir='ltr'>veritas</span> <span class='ocrx_word' id='word_1_386' title='bbox 795 2506 897 2561; x_wconf 85' lang='lat' dir='ltr'>appre-</span> <span class='ocrx_word' id='word_1_387' title='bbox 949 2492 1069 2548; x_wconf 74' lang='lat' dir='ltr'>taber-is?</span> <span class='ocrx_word' id='word_1_388' title='bbox 1081 2494 1214 2563; x_wconf 82' lang='lat' dir='ltr'>usquead</span> <span class='ocrx_word' id='word_1_389' title='bbox 1225 2497 1516 2563; x_wconf 75' lang='lat' dir='ltr'>r&#39;rrfemrrmdescerrdes.</span> <span class='ocrx_word' id='word_1_390' title='bbox 1532 2499 1633 2555; x_wconf 87' lang='lat' dir='ltr'>hlattlr.</span> <span class='ocrx_word' id='word_1_391' title='bbox 1649 2514 1692 2555; x_wconf 88' lang='lat' dir='ltr'>xr.</span> 
     </span>
     <span class='ocr_line' id='line_1_30' title="bbox 91 2560 1747 2646; baseline 0.005 -28"><span class='ocrx_word' id='word_1_392' title='bbox 91 2560 237 2620; x_wconf 87' lang='lat' dir='ltr'>bendatur.</span> <span class='ocrx_word' id='word_1_393' title='bbox 253 2564 324 2621; x_wconf 92' lang='lat' dir='ltr'>lllud</span> <span class='ocrx_word' id='word_1_394' title='bbox 358 2578 448 2636; x_wconf 85' lang='lat' dir='ltr'>unque</span> <span class='ocrx_word' id='word_1_395' title='bbox 469 2562 542 2634; x_wconf 86' lang='lat' dir='ltr'>quod</span> <span class='ocrx_word' id='word_1_396' title='bbox 557 2563 584 2618; x_wconf 89' lang='lat' dir='ltr'>ia</span> <span class='ocrx_word' id='word_1_397' title='bbox 606 2565 678 2619; x_wconf 88' lang='lat' dir='ltr'>scala</span> <span class='ocrx_word' id='word_1_398' title='bbox 698 2563 752 2628; x_wconf 92' lang='lat' dir='ltr'>illa,</span> <span class='ocrx_word' id='word_1_399' title='bbox 779 2576 840 2633; x_wconf 86' lang='lat' dir='ltr'>quan</span> <span class='ocrx_word' id='word_1_400' title='bbox 866 2561 895 2618; x_wconf 89' lang='lat' dir='ltr'>in</span> <span class='ocrx_word' id='word_1_401' title='bbox 985 2566 1022 2619; x_wconf 93' lang='lat' dir='ltr'>D.</span> <span class='ocrx_word' id='word_1_402' title='bbox 1036 2564 1221 2635; x_wconf 80' lang='lat' dir='ltr'>Hieronymus</span> <span class='ocrx_word' id='word_1_403' title='bbox 1234 2566 1312 2646; x_wconf 87' lang='lat' dir='ltr'>epist.</span> <span class='ocrx_word' id='word_1_404' title='bbox 1327 2574 1380 2622; x_wconf 75' lang='lat'>⁴5:</span> <span class='ocrx_word' id='word_1_405' title='bbox 1398 2592 1410 2614; x_wconf 76' lang='grc' dir='ltr'>«ι</span> <span class='ocrx_word' id='word_1_406' title='bbox 1428 2571 1540 2627; x_wconf 89' lang='lat' dir='ltr'>Satanas</span> <span class='ocrx_word' id='word_1_407' title='bbox 1552 2587 1584 2626; x_wconf 93' lang='lat' dir='ltr'>ex</span> <span class='ocrx_word' id='word_1_408' title='bbox 1598 2570 1747 2641; x_wconf 87' lang='lat' dir='ltr'>archange-</span> 
     </span>
     <span class='ocr_line' id='line_1_31' title="bbox 91 2579 1747 2710; baseline 0.004 -22"><span class='ocrx_word' id='word_1_409' title='bbox 91 2640 157 2707; x_wconf 85' lang='lat' dir='ltr'>type</span> <span class='ocrx_word' id='word_1_410' title='bbox 170 2579 429 2691; x_wconf 52' lang='lat' dir='ltr'>humilitatis‘iacob</span> <span class='ocrx_word' id='word_1_411' title='bbox 441 2642 653 2701; x_wconf 89' lang='lat' dir='ltr'>monstrataest,</span> <span class='ocrx_word' id='word_1_412' title='bbox 667 2633 802 2689; x_wconf 89' lang='lat' dir='ltr'>Dominus</span> <span class='ocrx_word' id='word_1_413' title='bbox 815 2632 896 2688; x_wconf 89' lang='lat' dir='ltr'>desu·</span> <span class='ocrx_word' id='word_1_414' title='bbox 950 2633 1002 2689; x_wconf 92' lang='lat' dir='ltr'>lico</span> <span class='ocrx_word' id='word_1_415' title='bbox 1022 2631 1132 2704; x_wconf 83' lang='lat' dir='ltr'>fastigio</span> <span class='ocrx_word' id='word_1_416' title='bbox 1148 2649 1203 2689; x_wconf 92' lang='lat' dir='ltr'>oon</span> <span class='ocrx_word' id='word_1_417' title='bbox 1221 2634 1303 2690; x_wconf 90' lang='lat' dir='ltr'>aham</span> <span class='ocrx_word' id='word_1_418' title='bbox 1323 2637 1359 2692; x_wconf 93' lang='lat' dir='ltr'>oh</span> <span class='ocrx_word' id='word_1_419' title='bbox 1374 2653 1497 2710; x_wconf 89' lang='lat' dir='ltr'>causam,</span> <span class='ocrx_word' id='word_1_420' title='bbox 1512 2642 1563 2696; x_wconf 93' lang='lat' dir='ltr'>nisi</span> <span class='ocrx_word' id='word_1_421' title='bbox 1580 2642 1614 2696; x_wconf 95' lang='lat' dir='ltr'>oh</span> <span class='ocrx_word' id='word_1_422' title='bbox 1635 2650 1747 2697; x_wconf 90' lang='lat' dir='ltr'>contra-</span> 
     </span>
     <span class='ocr_line' id='line_1_32' title="bbox 91 2703 1747 2835; baseline 0.003 -74"><span class='ocrx_word' id='word_1_423' title='bbox 91 2719 140 2777; x_wconf 89' lang='lat' dir='ltr'>per</span> <span class='ocrx_word' id='word_1_424' title='bbox 157 2704 265 2762; x_wconf 86' lang='lat' dir='ltr'>innixus</span> <span class='ocrx_word' id='word_1_425' title='bbox 286 2706 411 2788; x_wconf 89' lang='lat' dir='ltr'>apparuit</span> <span class='ocrx_word' id='word_1_426' title='bbox 431 2726 438 2762; x_wconf 76' lang='grc' dir='ltr'>ι</span> <span class='ocrx_word' id='word_1_427' title='bbox 457 2704 614 2832; x_wconf 60' lang='lat' dir='ltr'>elnidvobis</span> <span class='ocrx_word' id='word_1_428' title='bbox 628 2703 701 2787; x_wconf 84' lang='lat' dir='ltr'>aliud</span> <span class='ocrx_word' id='word_1_429' title='bbox 720 2703 820 2770; x_wconf 90' lang='lat' dir='ltr'>innuit,</span> <span class='ocrx_word' id='word_1_430' title='bbox 841 2703 894 2785; x_wconf 62' lang='lat' dir='ltr'>nisi</span> <span class='ocrx_word' id='word_1_431' title='bbox 950 2704 1019 2786; x_wconf 82' lang='lat' dir='ltr'>riam</span> <span class='ocrx_word' id='word_1_432' title='bbox 1046 2703 1191 2784; x_wconf 81' lang='lat' dir='ltr'>humilitati</span> <span class='ocrx_word' id='word_1_433' title='bbox 1216 2707 1385 2776; x_wconf 87' lang='lat' dir='ltr'>superbiam,</span> <span class='ocrx_word' id='word_1_434' title='bbox 1407 2710 1470 2765; x_wconf 90' lang='lat' dir='ltr'>ruit.</span> <span class='ocrx_word' id='word_1_435' title='bbox 1496 2712 1580 2835; x_wconf 35' lang='lat' dir='ltr'>cuitus</span> <span class='ocrx_word' id='word_1_436' title='bbox 1605 2711 1643 2766; x_wconf 91' lang='lat' dir='ltr'>rei</span> <span class='ocrx_word' id='word_1_437' title='bbox 1666 2727 1747 2766; x_wconf 87' lang='lat' dir='ltr'>causa</span> 
     </span>
     <span class='ocr_line' id='line_1_33' title="bbox 92 2775 1749 2848; baseline 0.001 -16"><span class='ocrx_word' id='word_1_438' title='bbox 92 2776 167 2848; x_wconf 83' lang='lat' dir='ltr'>qued</span> <span class='ocrx_word' id='word_1_439' title='bbox 193 2777 221 2832; x_wconf 93' lang='lat' dir='ltr'>in</span> <span class='ocrx_word' id='word_1_440' title='bbox 246 2777 367 2833; x_wconf 91' lang='lat' dir='ltr'>culmrne</span> <span class='ocrx_word' id='word_1_441' title='bbox 390 2775 549 2833; x_wconf 80' lang='lat' dir='ltr'>huminatio</span> <span class='ocrx_word' id='word_1_442' title='bbox 574 2784 750 2833; x_wconf 90' lang='lat' dir='ltr'>constrturtur</span> <span class='ocrx_word' id='word_1_443' title='bbox 774 2781 895 2845; x_wconf 87' lang='lat' dir='ltr'>cognrtro</span> <span class='ocrx_word' id='word_1_444' title='bbox 949 2777 1089 2845; x_wconf 89' lang='lat' dir='ltr'>Scrrptura</span> <span class='ocrx_word' id='word_1_445' title='bbox 1105 2783 1141 2829; x_wconf 91' lang='lat' dir='ltr'>art</span> <span class='ocrx_word' id='word_1_446' title='bbox 1158 2793 1164 2829; x_wconf 93' lang='lat'>:</span> <span class='ocrx_word' id='word_1_447' title='bbox 1180 2778 1293 2832; x_wconf 86' lang='lat' dir='ltr'>Deussrr</span> <span class='ocrx_word' id='word_1_448' title='bbox 1312 2780 1383 2833; x_wconf 84' lang='lat' dir='ltr'>erbis</span> <span class='ocrx_word' id='word_1_449' title='bbox 1393 2784 1519 2836; x_wconf 84' lang='lat' dir='ltr'>resistit:</span> <span class='ocrx_word' id='word_1_450' title='bbox 1553 2782 1749 2835; x_wconf 84' lang='lat' dir='ltr'>rrmr&#39;lr&#39;hrrsorr-</span> 
     </span>
     <span class='ocr_line' id='line_1_34' title="bbox 92 2846 1740 2919; baseline 0.002 -17"><span class='ocrx_word' id='word_1_451' title='bbox 92 2847 231 2904; x_wconf 81' lang='lat' dir='ltr'>veritatis?</span> <span class='ocrx_word' id='word_1_452' title='bbox 247 2847 648 2919; x_wconf 74' lang='lat' dir='ltr'>»thidem:‹=v&#39;errr·te,inquir</span> <span class='ocrx_word' id='word_1_453' title='bbox 664 2847 796 2903; x_wconf 79' lang='lat' dir='ltr'>Salvator.</span> <span class='ocrx_word' id='word_1_454' title='bbox 813 2846 894 2915; x_wconf 82' lang='lat' dir='ltr'>Quo?</span> <span class='ocrx_word' id='word_1_455' title='bbox 950 2851 1002 2901; x_wconf 84' lang='lat' dir='ltr'>tem</span> <span class='ocrx_word' id='word_1_456' title='bbox 1026 2846 1279 2914; x_wconf 69' lang='lat' dir='ltr'>desperem-rarii</span> <span class='ocrx_word' id='word_1_457' title='bbox 1301 2864 1330 2913; x_wconf 92' lang='lat' dir='ltr'>e,</span> <span class='ocrx_word' id='word_1_458' title='bbox 1358 2848 1452 2918; x_wconf 81' lang='lat' dir='ltr'>frater,</span> <span class='ocrx_word' id='word_1_459' title='bbox 1488 2852 1548 2908; x_wconf 89' lang='lat' dir='ltr'>uale</span> <span class='ocrx_word' id='word_1_460' title='bbox 1565 2851 1668 2906; x_wconf 90' lang='lat' dir='ltr'>malum</span> <span class='ocrx_word' id='word_1_461' title='bbox 1695 2852 1740 2916; x_wconf 92' lang='lat' dir='ltr'>sit,</span> 
     </span>
     <span class='ocr_line' id='line_1_35' title="bbox 92 2913 1747 2995; baseline 0.001 -21"><span class='ocrx_word' id='word_1_462' title='bbox 92 2918 139 2975; x_wconf 81' lang='lat' dir='ltr'>Ad</span> <span class='ocrx_word' id='word_1_463' title='bbox 155 2934 196 2974; x_wconf 88' lang='lat' dir='ltr'>me</span> <span class='ocrx_word' id='word_1_464' title='bbox 208 2919 359 2975; x_wconf 79' lang='lat' dir='ltr'>veritatem.</span> <span class='ocrx_word' id='word_1_465' title='bbox 378 2920 456 2991; x_wconf 83' lang='lat' dir='ltr'>Qua?</span> <span class='ocrx_word' id='word_1_466' title='bbox 473 2920 524 2974; x_wconf 89' lang='lat' dir='ltr'>Per</span> <span class='ocrx_word' id='word_1_467' title='bbox 542 2917 737 2974; x_wconf 90' lang='lat' dir='ltr'>humilitatem.</span> <span class='ocrx_word' id='word_1_468' title='bbox 755 2917 817 2987; x_wconf 86' lang='lat' dir='ltr'>Quo</span> <span class='ocrx_word' id='word_1_469' title='bbox 832 2914 894 2972; x_wconf 89' lang='lat' dir='ltr'>lru-</span> <span class='ocrx_word' id='word_1_470' title='bbox 948 2913 1022 2988; x_wconf 87' lang='lat' dir='ltr'>quod</span> <span class='ocrx_word' id='word_1_471' title='bbox 1036 2915 1221 2973; x_wconf 85' lang='lat' dir='ltr'>adversarium</span> <span class='ocrx_word' id='word_1_472' title='bbox 1240 2916 1320 2975; x_wconf 91' lang='lat' dir='ltr'>habet</span> <span class='ocrx_word' id='word_1_473' title='bbox 1335 2923 1441 2991; x_wconf 84' lang='lat' dir='ltr'>Deum,</span> <span class='ocrx_word' id='word_1_474' title='bbox 1460 2938 1476 2978; x_wconf 92' lang='grc' dir='ltr'>ο</span> <span class='ocrx_word' id='word_1_475' title='bbox 1511 2922 1586 2995; x_wconf 90' lang='lat' dir='ltr'>quod</span> <span class='ocrx_word' id='word_1_476' title='bbox 1605 2922 1634 2977; x_wconf 93' lang='lat' dir='ltr'>in</span> <span class='ocrx_word' id='word_1_477' title='bbox 1660 2925 1747 2976; x_wconf 80' lang='lat' dir='ltr'>Brau-</span> 
     </span>
     <span class='ocr_line' id='line_1_36' title="bbox 93 2987 1748 3064; baseline 0.001 -18"><span class='ocrx_word' id='word_1_478' title='bbox 93 2994 157 3046; x_wconf 81' lang='lat' dir='ltr'>etui</span> <span class='ocrx_word' id='word_1_479' title='bbox 178 2993 235 3059; x_wconf 76' lang='lat' dir='ltr'>Epo</span> <span class='ocrx_word' id='word_1_480' title='bbox 248 3005 293 3045; x_wconf 84' lang='lat' dir='ltr'>vos</span> <span class='ocrx_word' id='word_1_481' title='bbox 309 2993 435 3061; x_wconf 69' lang='lat' dir='ltr'>refluant.</span> <span class='ocrx_word' id='word_1_482' title='bbox 457 2990 511 3047; x_wconf 88' lang='lat' dir='ltr'>Sed</span> <span class='ocrx_word' id='word_1_483' title='bbox 527 3005 589 3061; x_wconf 80' lang='lat' dir='ltr'>quae</span> <span class='ocrx_word' id='word_1_484' title='bbox 605 2998 645 3046; x_wconf 90' lang='lat' dir='ltr'>est</span> <span class='ocrx_word' id='word_1_485' title='bbox 667 2988 789 3056; x_wconf 88' lang='lat' dir='ltr'>relectio,</span> <span class='ocrx_word' id='word_1_486' title='bbox 811 3001 894 3059; x_wconf 86' lang='lat' dir='ltr'>quam</span> <span class='ocrx_word' id='word_1_487' title='bbox 949 2987 1020 3059; x_wconf 84' lang='lat' dir='ltr'>gello</span> <span class='ocrx_word' id='word_1_488' title='bbox 1044 2995 1074 3042; x_wconf 89' lang='lat' dir='ltr'>et</span> <span class='ocrx_word' id='word_1_489' title='bbox 1096 2987 1248 3044; x_wconf 80' lang='lat' dir='ltr'>Plrarisaeus</span> <span class='ocrx_word' id='word_1_490' title='bbox 1271 3005 1401 3064; x_wconf 85' lang='lat' dir='ltr'>arrogans</span> <span class='ocrx_word' id='word_1_491' title='bbox 1427 2993 1578 3064; x_wconf 87' lang='lat' dir='ltr'>spernitur,</span> <span class='ocrx_word' id='word_1_492' title='bbox 1593 3001 1620 3047; x_wconf 91' lang='lat' dir='ltr'>et</span> <span class='ocrx_word' id='word_1_493' title='bbox 1636 2991 1748 3048; x_wconf 91' lang='lat' dir='ltr'>humilis</span> 
     </span>
     <span class='ocr_line' id='line_1_37' title="bbox 92 3057 1238 3132; baseline -0.001 -17"><span class='ocrx_word' id='word_1_494' title='bbox 92 3060 193 3117; x_wconf 82' lang='lat' dir='ltr'>veritas</span> <span class='ocrx_word' id='word_1_495' title='bbox 210 3061 416 3118; x_wconf 87' lang='lat' dir='ltr'>ascendentibus</span> <span class='ocrx_word' id='word_1_496' title='bbox 434 3060 584 3132; x_wconf 91' lang='lat' dir='ltr'>premittit,</span> <span class='ocrx_word' id='word_1_497' title='bbox 604 3059 819 3132; x_wconf 87' lang='lat' dir='ltr'>pervenientibus</span> <span class='ocrx_word' id='word_1_498' title='bbox 833 3057 894 3113; x_wconf 92' lang='lat' dir='ltr'>red·</span> <span class='ocrx_word' id='word_1_499' title='bbox 949 3057 1112 3115; x_wconf 84' lang='lat' dir='ltr'>Publicanos</span> <span class='ocrx_word' id='word_1_500' title='bbox 1122 3059 1238 3116; x_wconf 90' lang='lat' dir='ltr'>auditur.</span> 
     </span>
     <span class='ocr_line' id='line_1_38' title="bbox 92 3128 1745 3205; baseline 0.003 -19"><span class='ocrx_word' id='word_1_501' title='bbox 92 3128 153 3188; x_wconf 81' lang='lat' dir='ltr'>diti</span> <span class='ocrx_word' id='word_1_502' title='bbox 165 3133 207 3187; x_wconf 83' lang='lat' dir='ltr'>rln</span> <span class='ocrx_word' id='word_1_503' title='bbox 220 3129 292 3188; x_wconf 86' lang='lat' dir='ltr'>ierte</span> <span class='ocrx_word' id='word_1_504' title='bbox 305 3132 348 3187; x_wconf 94' lang='lat' dir='ltr'>illa</span> <span class='ocrx_word' id='word_1_505' title='bbox 358 3141 400 3189; x_wconf 92' lang='lat' dir='ltr'>est</span> <span class='ocrx_word' id='word_1_506' title='bbox 409 3131 545 3188; x_wconf 85' lang='lat' dir='ltr'>charitas?</span> <span class='ocrx_word' id='word_1_507' title='bbox 558 3131 601 3188; x_wconf 82' lang='lat' dir='ltr'>sd</span> <span class='ocrx_word' id='word_1_508' title='bbox 613 3131 684 3186; x_wconf 90' lang='lat' dir='ltr'>hanc</span> <span class='ocrx_word' id='word_1_509' title='bbox 693 3131 801 3202; x_wconf 89' lang='lat' dir='ltr'>quippe,</span> <span class='ocrx_word' id='word_1_510' title='bbox 813 3137 843 3184; x_wconf 93' lang='lat' dir='ltr'>ut</span> <span class='ocrx_word' id='word_1_511' title='bbox 856 3129 894 3184; x_wconf 89' lang='lat' dir='ltr'>ait</span> <span class='ocrx_word' id='word_1_512' title='bbox 984 3130 1013 3184; x_wconf 87' lang='lat' dir='ltr'>S.</span> <span class='ocrx_word' id='word_1_513' title='bbox 1026 3131 1193 3202; x_wconf 78' lang='lat' dir='ltr'>Augustinus</span> <span class='ocrx_word' id='word_1_514' title='bbox 1206 3145 1259 3186; x_wconf 87' lang='lat' dir='ltr'>xrv</span> <span class='ocrx_word' id='word_1_515' title='bbox 1268 3129 1302 3186; x_wconf 93' lang='lat' dir='ltr'>de</span> <span class='ocrx_word' id='word_1_516' title='bbox 1316 3131 1430 3188; x_wconf 79' lang='lat' dir='ltr'>Ciuitate</span> <span class='ocrx_word' id='word_1_517' title='bbox 1441 3133 1501 3202; x_wconf 91' lang='lat' dir='ltr'>Dei,</span> <span class='ocrx_word' id='word_1_518' title='bbox 1510 3149 1571 3205; x_wconf 88' lang='lat' dir='ltr'>cap.</span> <span class='ocrx_word' id='word_1_519' title='bbox 1587 3139 1630 3190; x_wconf 88' lang='lat' dir='ltr'>ta.</span> <span class='ocrx_word' id='word_1_520' title='bbox 1640 3158 1652 3183; x_wconf 80' lang='grc' dir='ltr'>ι</span> <span class='ocrx_word' id='word_1_521' title='bbox 1664 3134 1745 3191; x_wconf 81' lang='lat' dir='ltr'>hlalae</span> 
     </span>
     <span class='ocr_line' id='line_1_39' title="bbox 93 3199 1745 3277; baseline 0.002 -21"><span class='ocrx_word' id='word_1_522' title='bbox 93 3199 894 3273; x_wconf 84' lang='lat' dir='ltr'>beatusBenedictus‚ascensisomnibushumilitatisgradi·</span> <span class='ocrx_word' id='word_1_523' title='bbox 947 3199 1094 3255; x_wconf 89' lang='lat' dir='ltr'>voluntatis</span> <span class='ocrx_word' id='word_1_524' title='bbox 1116 3200 1222 3257; x_wconf 91' lang='lat' dir='ltr'>initium</span> <span class='ocrx_word' id='word_1_525' title='bbox 1243 3202 1317 3272; x_wconf 90' lang='lat' dir='ltr'>quod</span> <span class='ocrx_word' id='word_1_526' title='bbox 1341 3204 1428 3273; x_wconf 87' lang='lat' dir='ltr'>potuit</span> <span class='ocrx_word' id='word_1_527' title='bbox 1450 3205 1584 3273; x_wconf 89' lang='lat' dir='ltr'>esse,nisi</span> <span class='ocrx_word' id='word_1_528' title='bbox 1599 3206 1745 3277; x_wconf 85' lang='lat' dir='ltr'>superbia?</span> 
     </span>
     <span class='ocr_line' id='line_1_40' title="bbox 92 3270 1748 3349; baseline 0.002 -22"><span class='ocrx_word' id='word_1_529' title='bbox 92 3271 553 3346; x_wconf 63' lang='lat' dir='ltr'>boemonaetrnsmorperrenier.e</span> <span class='ocrx_word' id='word_1_530' title='bbox 565 3272 686 3328; x_wconf 88' lang='lat' dir='ltr'>ibidem:</span> <span class='ocrx_word' id='word_1_531' title='bbox 698 3270 893 3343; x_wconf 70' lang='lat' dir='ltr'>«Pedcmerge</span> <span class='ocrx_word' id='word_1_532' title='bbox 948 3273 1061 3326; x_wconf 81' lang='lat' dir='ltr'>lrrtrr‘rrm</span> <span class='ocrx_word' id='word_1_533' title='bbox 1085 3274 1154 3325; x_wconf 80' lang='lat' dir='ltr'>enirn</span> <span class='ocrx_word' id='word_1_534' title='bbox 1178 3275 1263 3326; x_wconf 86' lang='lat' dir='ltr'>orrrrris</span> <span class='ocrx_word' id='word_1_535' title='bbox 1279 3277 1382 3342; x_wconf 74' lang='lat' dir='ltr'>precarii</span> <span class='ocrx_word' id='word_1_536' title='bbox 1401 3277 1528 3345; x_wconf 80' lang='lat' dir='ltr'>superbier</span> <span class='ocrx_word' id='word_1_537' title='bbox 1548 3282 1596 3332; x_wconf 82' lang='lat' dir='ltr'>est.</span> <span class='ocrx_word' id='word_1_538' title='bbox 1621 3277 1693 3349; x_wconf 86' lang='lat' dir='ltr'>Quid</span> <span class='ocrx_word' id='word_1_539' title='bbox 1707 3284 1748 3332; x_wconf 86' lang='lat' dir='ltr'>est</span> 
     </span>
     <span class='ocr_line' id='line_1_41' title="bbox 92 3341 1746 3420; baseline 0.003 -23"><span class='ocrx_word' id='word_1_540' title='bbox 92 3343 192 3416; x_wconf 82' lang='lat' dir='ltr'>gratiae</span> <span class='ocrx_word' id='word_1_541' title='bbox 204 3342 308 3401; x_wconf 83' lang='lat' dir='ltr'>fortiter</span> <span class='ocrx_word' id='word_1_542' title='bbox 319 3345 414 3418; x_wconf 85' lang='lat' dir='ltr'>ligens,</span> <span class='ocrx_word' id='word_1_543' title='bbox 430 3352 458 3401; x_wconf 91' lang='lat' dir='ltr'>et</span> <span class='ocrx_word' id='word_1_544' title='bbox 475 3358 569 3399; x_wconf 91' lang='lat' dir='ltr'>meum</span> <span class='ocrx_word' id='word_1_545' title='bbox 584 3343 630 3415; x_wconf 90' lang='lat' dir='ltr'>qui</span> <span class='ocrx_word' id='word_1_546' title='bbox 643 3341 770 3398; x_wconf 82' lang='lat' dir='ltr'>infirmus</span> <span class='ocrx_word' id='word_1_547' title='bbox 782 3349 838 3408; x_wconf 89' lang='lat' dir='ltr'>est,</span> <span class='ocrx_word' id='word_1_548' title='bbox 854 3342 894 3396; x_wconf 89' lang='lat' dir='ltr'>le-</span> <span class='ocrx_word' id='word_1_549' title='bbox 948 3350 1042 3396; x_wconf 89' lang='lat' dir='ltr'>autem</span> <span class='ocrx_word' id='word_1_550' title='bbox 1054 3341 1192 3412; x_wconf 88' lang='lat' dir='ltr'>superbia,</span> <span class='ocrx_word' id='word_1_551' title='bbox 1205 3343 1256 3397; x_wconf 92' lang='lat' dir='ltr'>nisi</span> <span class='ocrx_word' id='word_1_552' title='bbox 1267 3357 1400 3413; x_wconf 73' lang='lat' dir='ltr'>perversae</span> <span class='ocrx_word' id='word_1_553' title='bbox 1413 3346 1580 3402; x_wconf 90' lang='lat' dir='ltr'>celsitudinis</span> <span class='ocrx_word' id='word_1_554' title='bbox 1592 3349 1746 3420; x_wconf 82' lang='lat' dir='ltr'>appetitus?</span> 
     </span>
     <span class='ocr_line' id='line_1_42' title="bbox 92 3410 1748 3487; baseline 0.002 -18"><span class='ocrx_word' id='word_1_555' title='bbox 92 3413 169 3470; x_wconf 88' lang='lat' dir='ltr'>ariter</span> <span class='ocrx_word' id='word_1_556' title='bbox 183 3414 306 3485; x_wconf 89' lang='lat' dir='ltr'>trahens,</span> <span class='ocrx_word' id='word_1_557' title='bbox 328 3431 442 3473; x_wconf 88' lang='lat' dir='ltr'>securus</span> <span class='ocrx_word' id='word_1_558' title='bbox 455 3416 598 3472; x_wconf 88' lang='lat' dir='ltr'>ascendam</span> <span class='ocrx_word' id='word_1_559' title='bbox 614 3429 664 3487; x_wconf 88' lang='lat' dir='ltr'>per</span> <span class='ocrx_word' id='word_1_560' title='bbox 683 3414 785 3469; x_wconf 90' lang='lat' dir='ltr'>scalam</span> <span class='ocrx_word' id='word_1_561' title='bbox 800 3410 894 3467; x_wconf 92' lang='lat' dir='ltr'>humi·</span> <span class='ocrx_word' id='word_1_562' title='bbox 948 3416 1077 3468; x_wconf 84' lang='lat' dir='ltr'>Perverse</span> <span class='ocrx_word' id='word_1_563' title='bbox 1097 3411 1171 3466; x_wconf 90' lang='lat' dir='ltr'>enim</span> <span class='ocrx_word' id='word_1_564' title='bbox 1196 3412 1329 3468; x_wconf 85' lang='lat' dir='ltr'>celsitudo</span> <span class='ocrx_word' id='word_1_565' title='bbox 1354 3422 1404 3481; x_wconf 88' lang='lat' dir='ltr'>est,</span> <span class='ocrx_word' id='word_1_566' title='bbox 1435 3415 1543 3472; x_wconf 90' lang='lat' dir='ltr'>deserto</span> <span class='ocrx_word' id='word_1_567' title='bbox 1558 3433 1590 3473; x_wconf 91' lang='lat' dir='ltr'>eo</span> <span class='ocrx_word' id='word_1_568' title='bbox 1605 3419 1648 3473; x_wconf 92' lang='lat' dir='ltr'>cui</span> <span class='ocrx_word' id='word_1_569' title='bbox 1666 3418 1748 3475; x_wconf 93' lang='lat' dir='ltr'>debet</span> 
     </span>
     <span class='ocr_line' id='line_1_43' title="bbox 92 3481 1746 3559; baseline 0.003 -19"><span class='ocrx_word' id='word_1_570' title='bbox 92 3483 188 3555; x_wconf 88' lang='lat' dir='ltr'>litatis,</span> <span class='ocrx_word' id='word_1_571' title='bbox 213 3485 300 3543; x_wconf 89' lang='lat' dir='ltr'>donee</span> <span class='ocrx_word' id='word_1_572' title='bbox 326 3487 430 3544; x_wconf 90' lang='lat' dir='ltr'>veritati</span> <span class='ocrx_word' id='word_1_573' title='bbox 461 3485 623 3554; x_wconf 85' lang='lat' dir='ltr'>adhaerens,</span> <span class='ocrx_word' id='word_1_574' title='bbox 656 3484 691 3541; x_wconf 92' lang='lat' dir='ltr'>ad</span> <span class='ocrx_word' id='word_1_575' title='bbox 724 3483 894 3541; x_wconf 90' lang='lat' dir='ltr'>latitudinem</span> <span class='ocrx_word' id='word_1_576' title='bbox 911 3488 933 3553; x_wconf 75' lang='lat'>(2</span> <span class='ocrx_word' id='word_1_577' title='bbox 948 3483 1056 3539; x_wconf 88' lang='lat' dir='ltr'>animus</span> <span class='ocrx_word' id='word_1_578' title='bbox 1077 3481 1210 3540; x_wconf 79' lang='lat' dir='ltr'>inlraerere</span> <span class='ocrx_word' id='word_1_579' title='bbox 1231 3483 1380 3554; x_wconf 87' lang='lat' dir='ltr'>principio,</span> <span class='ocrx_word' id='word_1_580' title='bbox 1401 3485 1453 3541; x_wconf 93' lang='lat' dir='ltr'>sibi</span> <span class='ocrx_word' id='word_1_581' title='bbox 1467 3487 1672 3559; x_wconf 87' lang='lat' dir='ltr'>quodammodo</span> <span class='ocrx_word' id='word_1_582' title='bbox 1687 3489 1746 3545; x_wconf 87' lang='lat' dir='ltr'>lieri</span> 
     </span>
     <span class='ocr_line' id='line_1_44' title="bbox 92 3553 1746 3632; baseline 0.002 -20"><span class='ocrx_word' id='word_1_583' title='bbox 92 3562 232 3613; x_wconf 89' lang='lat' dir='ltr'>transeam</span> <span class='ocrx_word' id='word_1_584' title='bbox 247 3556 403 3615; x_wconf 84' lang='lat' dir='ltr'>charitatis.</span> <span class='ocrx_word' id='word_1_585' title='bbox 421 3581 433 3608; x_wconf 76' lang='grc' dir='ltr'>ι</span> <span class='ocrx_word' id='word_1_586' title='bbox 448 3557 571 3629; x_wconf 86' lang='lat' dir='ltr'>Denique</span> <span class='ocrx_word' id='word_1_587' title='bbox 586 3556 699 3614; x_wconf 82' lang='lat' dir='ltr'>inferius</span> <span class='ocrx_word' id='word_1_588' title='bbox 713 3574 741 3609; x_wconf 72' lang='lat'>:-</span> <span class='ocrx_word' id='word_1_589' title='bbox 757 3558 831 3612; x_wconf 90' lang='lat' dir='ltr'>Duas</span> <span class='ocrx_word' id='word_1_590' title='bbox 845 3554 894 3610; x_wconf 91' lang='lat' dir='ltr'>tibi</span> <span class='ocrx_word' id='word_1_591' title='bbox 947 3563 1029 3627; x_wconf 88' lang='lat' dir='ltr'>atque</span> <span class='ocrx_word' id='word_1_592' title='bbox 1042 3568 1099 3609; x_wconf 91' lang='lat' dir='ltr'>esse</span> <span class='ocrx_word' id='word_1_593' title='bbox 1114 3553 1287 3626; x_wconf 89' lang='lat' dir='ltr'>principium.</span> <span class='ocrx_word' id='word_1_594' title='bbox 1307 3556 1368 3611; x_wconf 87' lang='lat' dir='ltr'>Hoc</span> <span class='ocrx_word' id='word_1_595' title='bbox 1384 3555 1425 3625; x_wconf 90' lang='lat' dir='ltr'>lit,</span> <span class='ocrx_word' id='word_1_596' title='bbox 1443 3573 1506 3614; x_wconf 92' lang='lat' dir='ltr'>cum</span> <span class='ocrx_word' id='word_1_597' title='bbox 1520 3558 1572 3614; x_wconf 89' lang='lat' dir='ltr'>sibi</span> <span class='ocrx_word' id='word_1_598' title='bbox 1591 3560 1672 3616; x_wconf 92' lang='lat' dir='ltr'>nimis</span> <span class='ocrx_word' id='word_1_599' title='bbox 1686 3560 1746 3632; x_wconf 89' lang='lat' dir='ltr'>pla-</span> 
     </span>
     <span class='ocr_line' id='line_1_45' title="bbox 96 3625 1748 3701; baseline 0.003 -19"><span class='ocrx_word' id='word_1_600' title='bbox 96 3627 153 3684; x_wconf 76' lang='lat' dir='ltr'>nias</span> <span class='ocrx_word' id='word_1_601' title='bbox 172 3627 278 3685; x_wconf 87' lang='lat' dir='ltr'>videtur</span> <span class='ocrx_word' id='word_1_602' title='bbox 301 3629 389 3685; x_wconf 92' lang='lat' dir='ltr'>David</span> <span class='ocrx_word' id='word_1_603' title='bbox 414 3630 597 3701; x_wconf 89' lang='lat' dir='ltr'>proposuisse,</span> <span class='ocrx_word' id='word_1_604' title='bbox 623 3643 685 3684; x_wconf 90' lang='lat' dir='ltr'>cum</span> <span class='ocrx_word' id='word_1_605' title='bbox 704 3626 773 3683; x_wconf 86' lang='lat' dir='ltr'>dicit</span> <span class='ocrx_word' id='word_1_606' title='bbox 789 3646 795 3682; x_wconf 78' lang='grc' dir='ltr'>ι</span> <span class='ocrx_word' id='word_1_607' title='bbox 815 3629 895 3685; x_wconf 81' lang='lat' dir='ltr'>Viam</span> <span class='ocrx_word' id='word_1_608' title='bbox 948 3634 1000 3682; x_wconf 86' lang='lat' dir='ltr'>cet.</span> <span class='ocrx_word' id='word_1_609' title='bbox 1012 3625 1068 3682; x_wconf 87' lang='lat' dir='ltr'>Sibi</span> <span class='ocrx_word' id='word_1_610' title='bbox 1079 3640 1144 3680; x_wconf 89' lang='lat' dir='ltr'>vero</span> <span class='ocrx_word' id='word_1_611' title='bbox 1159 3625 1193 3680; x_wconf 89' lang='lat' dir='ltr'>ita</span> <span class='ocrx_word' id='word_1_612' title='bbox 1207 3626 1305 3697; x_wconf 89' lang='lat' dir='ltr'>placet,</span> <span class='ocrx_word' id='word_1_613' title='bbox 1320 3641 1382 3683; x_wconf 92' lang='lat' dir='ltr'>cum</span> <span class='ocrx_word' id='word_1_614' title='bbox 1395 3628 1430 3683; x_wconf 91' lang='lat' dir='ltr'>ab</span> <span class='ocrx_word' id='word_1_615' title='bbox 1444 3628 1490 3685; x_wconf 90' lang='lat' dir='ltr'>illo</span> <span class='ocrx_word' id='word_1_616' title='bbox 1500 3630 1573 3686; x_wconf 90' lang='lat' dir='ltr'>bono</span> <span class='ocrx_word' id='word_1_617' title='bbox 1584 3630 1748 3687; x_wconf 89' lang='lat' dir='ltr'>immutabili</span> 
     </span>
     <span class='ocr_line' id='line_1_46' title="bbox 93 3695 1745 3774; baseline 0.003 -22"><span class='ocrx_word' id='word_1_618' title='bbox 93 3699 250 3770; x_wconf 77' lang='lat' dir='ltr'>iniquitatis</span> <span class='ocrx_word' id='word_1_619' title='bbox 256 3717 427 3765; x_wconf 87' lang='lat' dir='ltr'>omooeome,</span> <span class='ocrx_word' id='word_1_620' title='bbox 435 3705 461 3757; x_wconf 86' lang='lat' dir='ltr'>et</span> <span class='ocrx_word' id='word_1_621' title='bbox 470 3701 503 3755; x_wconf 85' lang='lat' dir='ltr'>de</span> <span class='ocrx_word' id='word_1_622' title='bbox 511 3701 568 3771; x_wconf 82' lang='lat' dir='ltr'>lege</span> <span class='ocrx_word' id='word_1_623' title='bbox 574 3706 622 3755; x_wconf 85' lang='lat' dir='ltr'>trra</span> <span class='ocrx_word' id='word_1_624' title='bbox 628 3700 820 3761; x_wconf 78' lang='lat' dir='ltr'>misereremei,</span> <span class='ocrx_word' id='word_1_625' title='bbox 827 3706 893 3762; x_wconf 79' lang='lat' dir='ltr'>etc..</span> <span class='ocrx_word' id='word_1_626' title='bbox 947 3696 1049 3764; x_wconf 85' lang='lat' dir='ltr'>delicit,</span> <span class='ocrx_word' id='word_1_627' title='bbox 1059 3695 1133 3768; x_wconf 92' lang='lat' dir='ltr'>quod</span> <span class='ocrx_word' id='word_1_628' title='bbox 1143 3695 1168 3751; x_wconf 90' lang='lat' dir='ltr'>ei</span> <span class='ocrx_word' id='word_1_629' title='bbox 1180 3698 1267 3769; x_wconf 85' lang='lat' dir='ltr'>magis</span> <span class='ocrx_word' id='word_1_630' title='bbox 1274 3697 1377 3768; x_wconf 89' lang='lat' dir='ltr'>placere</span> <span class='ocrx_word' id='word_1_631' title='bbox 1385 3696 1491 3767; x_wconf 90' lang='lat' dir='ltr'>debuit,</span> <span class='ocrx_word' id='word_1_632' title='bbox 1501 3717 1582 3772; x_wconf 87' lang='lat' dir='ltr'>quam</span> <span class='ocrx_word' id='word_1_633' title='bbox 1592 3701 1649 3774; x_wconf 91' lang='lat' dir='ltr'>ipse</span> <span class='ocrx_word' id='word_1_634' title='bbox 1661 3702 1745 3759; x_wconf 74' lang='lat' dir='ltr'>sibi.»</span> 
     </span>
     <span class='ocr_line' id='line_1_47' title="bbox 95 3767 1746 3843; baseline 0.002 -20"><span class='ocrx_word' id='word_1_635' title='bbox 95 3768 145 3826; x_wconf 87' lang='lat' dir='ltr'>sed</span> <span class='ocrx_word' id='word_1_636' title='bbox 158 3785 239 3827; x_wconf 87' lang='lat' dir='ltr'>uuam</span> <span class='ocrx_word' id='word_1_637' title='bbox 254 3772 362 3828; x_wconf 85' lang='lat' dir='ltr'>noveris</span> <span class='ocrx_word' id='word_1_638' title='bbox 376 3787 446 3840; x_wconf 88' lang='lat' dir='ltr'>esse,</span> <span class='ocrx_word' id='word_1_639' title='bbox 468 3771 555 3843; x_wconf 83' lang='lat' dir='ltr'>ipsam</span> <span class='ocrx_word' id='word_1_640' title='bbox 568 3779 661 3827; x_wconf 90' lang='lat' dir='ltr'>tamen</span> <span class='ocrx_word' id='word_1_641' title='bbox 682 3784 739 3825; x_wconf 88' lang='lat' dir='ltr'>ase</span> <span class='ocrx_word' id='word_1_642' title='bbox 756 3769 893 3825; x_wconf 90' lang='lat' dir='ltr'>diversam</span> <span class='ocrx_word' id='word_1_643' title='bbox 983 3770 1012 3824; x_wconf 89' lang='lat' dir='ltr'>S.</span> <span class='ocrx_word' id='word_1_644' title='bbox 1027 3767 1176 3840; x_wconf 84' lang='lat' dir='ltr'>Gregorius</span> <span class='ocrx_word' id='word_1_645' title='bbox 1190 3767 1235 3823; x_wconf 93' lang='lat' dir='ltr'>lib.</span> <span class='ocrx_word' id='word_1_646' title='bbox 1248 3783 1279 3823; x_wconf 93' lang='lat' dir='ltr'>rv</span> <span class='ocrx_word' id='word_1_647' title='bbox 1295 3769 1388 3824; x_wconf 86' lang='lat' dir='ltr'>lierni.</span> <span class='ocrx_word' id='word_1_648' title='bbox 1405 3785 1465 3842; x_wconf 90' lang='lat' dir='ltr'>cap.</span> <span class='ocrx_word' id='word_1_649' title='bbox 1478 3777 1496 3827; x_wconf 83' lang='grc'>9</span> <span class='ocrx_word' id='word_1_650' title='bbox 1516 3791 1522 3825; x_wconf 80' lang='grc' dir='ltr'>ι</span> <span class='ocrx_word' id='word_1_651' title='bbox 1537 3796 1548 3819; x_wconf 72' lang='grc' dir='ltr'>ι</span> <span class='ocrx_word' id='word_1_652' title='bbox 1565 3776 1639 3829; x_wconf 87' lang='lat' dir='ltr'>Deus</span> <span class='ocrx_word' id='word_1_653' title='bbox 1654 3773 1746 3829; x_wconf 92' lang='lat' dir='ltr'>omni-</span> 
     </span>
     <span class='ocr_line' id='line_1_48' title="bbox 96 3836 1745 3912; baseline 0.002 -18"><span class='ocrx_word' id='word_1_654' title='bbox 96 3847 124 3894; x_wconf 89' lang='lat' dir='ltr'>et</span> <span class='ocrx_word' id='word_1_655' title='bbox 150 3841 264 3898; x_wconf 90' lang='lat' dir='ltr'>diversis</span> <span class='ocrx_word' id='word_1_656' title='bbox 291 3843 452 3899; x_wconf 89' lang='lat' dir='ltr'>nominibus</span> <span class='ocrx_word' id='word_1_657' title='bbox 469 3842 642 3912; x_wconf 90' lang='lat' dir='ltr'>appellatam,</span> <span class='ocrx_word' id='word_1_658' title='bbox 669 3846 716 3895; x_wconf 91' lang='lat' dir='ltr'>aut</span> <span class='ocrx_word' id='word_1_659' title='bbox 743 3839 895 3910; x_wconf 87' lang='lat' dir='ltr'>iniquitatis</span> <span class='ocrx_word' id='word_1_660' title='bbox 946 3838 1122 3909; x_wconf 88' lang='lat' dir='ltr'>potensduas</span> <span class='ocrx_word' id='word_1_661' title='bbox 1145 3836 1180 3892; x_wconf 93' lang='lat' dir='ltr'>ad</span> <span class='ocrx_word' id='word_1_662' title='bbox 1205 3838 1412 3910; x_wconf 85' lang='lat' dir='ltr'>intelligendum</span> <span class='ocrx_word' id='word_1_663' title='bbox 1431 3856 1460 3896; x_wconf 88' lang='lat' dir='ltr'>se</span> <span class='ocrx_word' id='word_1_664' title='bbox 1478 3849 1617 3897; x_wconf 89' lang='lat' dir='ltr'>creaturas</span> <span class='ocrx_word' id='word_1_665' title='bbox 1634 3841 1745 3909; x_wconf 84' lang='lat' dir='ltr'>iecerat,</span> 
     </span>
     <span class='ocr_line' id='line_1_49' title="bbox 114 3907 1745 3982; baseline 0.001 -16"><span class='ocrx_word' id='word_1_666' title='bbox 114 3920 207 3982; x_wconf 86' lang='lat' dir='ltr'>repter</span> <span class='ocrx_word' id='word_1_667' title='bbox 221 3912 433 3978; x_wconf 81' lang='lat' dir='ltr'>descendentes,</span> <span class='ocrx_word' id='word_1_668' title='bbox 460 3918 507 3966; x_wconf 88' lang='lat' dir='ltr'>aut</span> <span class='ocrx_word' id='word_1_669' title='bbox 528 3910 652 3965; x_wconf 88' lang='lat' dir='ltr'>veritatis</span> <span class='ocrx_word' id='word_1_670' title='bbox 671 3916 781 3978; x_wconf 87' lang='lat' dir='ltr'>propter</span> <span class='ocrx_word' id='word_1_671' title='bbox 799 3924 896 3964; x_wconf 87' lang='lat' dir='ltr'>ascen-</span> <span class='ocrx_word' id='word_1_672' title='bbox 948 3908 1097 3982; x_wconf 86' lang='lat' dir='ltr'>angelicam</span> <span class='ocrx_word' id='word_1_673' title='bbox 1122 3907 1258 3977; x_wconf 86' lang='lat' dir='ltr'>videlicet,</span> <span class='ocrx_word' id='word_1_674' title='bbox 1282 3918 1309 3965; x_wconf 90' lang='lat' dir='ltr'>et</span> <span class='ocrx_word' id='word_1_675' title='bbox 1322 3909 1471 3966; x_wconf 88' lang='lat' dir='ltr'>humanam</span> <span class='ocrx_word' id='word_1_676' title='bbox 1497 3920 1667 3981; x_wconf 89' lang='lat' dir='ltr'>:utramque</span> <span class='ocrx_word' id='word_1_677' title='bbox 1682 3927 1745 3967; x_wconf 89' lang='lat' dir='ltr'>vere</span> 
     </span>
     <span class='ocr_line' id='line_1_50' title="bbox 93 3923 1748 4060; baseline 0.001 -23"><span class='ocrx_word' id='word_1_678' title='bbox 93 3923 188 4039; x_wconf 59' lang='lat' dir='ltr'>sentes</span> <span class='ocrx_word' id='word_1_679' title='bbox 205 4000 211 4038; x_wconf 94' lang='lat'>:</span> <span class='ocrx_word' id='word_1_680' title='bbox 228 3983 290 4055; x_wconf 83' lang='lat' dir='ltr'>quia</span> <span class='ocrx_word' id='word_1_681' title='bbox 306 3993 334 4039; x_wconf 90' lang='lat' dir='ltr'>et</span> <span class='ocrx_word' id='word_1_682' title='bbox 348 3982 430 4038; x_wconf 89' lang='lat' dir='ltr'>iidem</span> <span class='ocrx_word' id='word_1_683' title='bbox 446 3978 545 4050; x_wconf 85' lang='lat' dir='ltr'>gradus</span> <span class='ocrx_word' id='word_1_684' title='bbox 564 3985 628 4032; x_wconf 90' lang='lat' dir='ltr'>sunt</span> <span class='ocrx_word' id='word_1_685' title='bbox 646 3977 852 4056; x_wconf 84' lang='lat' dir='ltr'>ascendentium</span> <span class='ocrx_word' id='word_1_686' title='bbox 867 3979 896 4034; x_wconf 93' lang='lat' dir='ltr'>in</span> <span class='ocrx_word' id='word_1_687' title='bbox 949 3980 1072 4051; x_wconf 87' lang='lat' dir='ltr'>superbia</span> <span class='ocrx_word' id='word_1_688' title='bbox 1096 3979 1221 4060; x_wconf 90' lang='lat' dir='ltr'>perculit,</span> <span class='ocrx_word' id='word_1_689' title='bbox 1242 3987 1324 4052; x_wconf 89' lang='lat' dir='ltr'>atque</span> <span class='ocrx_word' id='word_1_690' title='bbox 1342 3982 1376 4036; x_wconf 87' lang='lat' dir='ltr'>ab</span> <span class='ocrx_word' id='word_1_691' title='bbox 1391 3990 1463 4038; x_wconf 89' lang='lat' dir='ltr'>statu</span> <span class='ocrx_word' id='word_1_692' title='bbox 1483 3982 1612 4054; x_wconf 76' lang='lat' dir='ltr'>ingenitae</span> <span class='ocrx_word' id='word_1_693' title='bbox 1635 3982 1748 4038; x_wconf 84' lang='lat' dir='ltr'>rectitu-</span> 
     </span>
     <span class='ocr_line' id='line_1_51' title="bbox 92 4045 1772 4121; baseline -0.006 -14"><span class='ocrx_word' id='word_1_694' title='bbox 92 4051 195 4109; x_wconf 89' lang='lat' dir='ltr'>solium</span> <span class='ocrx_word' id='word_1_695' title='bbox 213 4063 241 4110; x_wconf 92' lang='lat' dir='ltr'>et</span> <span class='ocrx_word' id='word_1_696' title='bbox 264 4050 506 4110; x_wconf 88' lang='lat' dir='ltr'>descendentium·</span> <span class='ocrx_word' id='word_1_697' title='bbox 523 4055 551 4102; x_wconf 92' lang='lat' dir='ltr'>et</span> <span class='ocrx_word' id='word_1_698' title='bbox 567 4045 662 4103; x_wconf 89' lang='lat' dir='ltr'>eadem</span> <span class='ocrx_word' id='word_1_699' title='bbox 685 4061 728 4101; x_wconf 93' lang='lat' dir='ltr'>vra</span> <span class='ocrx_word' id='word_1_700' title='bbox 745 4046 897 4103; x_wconf 87' lang='lat' dir='ltr'>escenden-</span> <span class='ocrx_word' id='word_1_701' title='bbox 949 4047 1021 4105; x_wconf 90' lang='lat' dir='ltr'>dinis</span> <span class='ocrx_word' id='word_1_702' title='bbox 1034 4048 1125 4119; x_wconf 83' lang='lat' dir='ltr'>iregrt.</span> <span class='ocrx_word' id='word_1_703' title='bbox 1143 4073 1156 4098; x_wconf 71' lang='grc' dir='ltr'>ι»</span> <span class='ocrx_word' id='word_1_704' title='bbox 1742 4058 1772 4121; x_wconf 49' lang='grc' dir='ltr'>χ</span> 
     </span>
     <span class='ocr_line' id='line_1_52' title="bbox 91 4087 1747 4192; baseline 0 -15"><span class='ocrx_word' id='word_1_705' title='bbox 91 4121 161 4178; x_wconf 88' lang='lat' dir='ltr'>tium</span> <span class='ocrx_word' id='word_1_706' title='bbox 177 4125 211 4180; x_wconf 91' lang='lat' dir='ltr'>ad</span> <span class='ocrx_word' id='word_1_707' title='bbox 230 4124 370 4178; x_wconf 84' lang='lat' dir='ltr'>civitatem</span> <span class='ocrx_word' id='word_1_708' title='bbox 389 4129 416 4176; x_wconf 91' lang='lat' dir='ltr'>et</span> <span class='ocrx_word' id='word_1_709' title='bbox 430 4087 626 4184; x_wconf 71' lang='lat' dir='ltr'>recedentium,</span> <span class='ocrx_word' id='word_1_710' title='bbox 648 4124 676 4172; x_wconf 89' lang='lat' dir='ltr'>et</span> <span class='ocrx_word' id='word_1_711' title='bbox 689 4131 776 4172; x_wconf 91' lang='lat' dir='ltr'>unum</span> <span class='ocrx_word' id='word_1_712' title='bbox 794 4117 896 4174; x_wconf 90' lang='lat' dir='ltr'>ostium</span> <span class='ocrx_word' id='word_1_713' title='bbox 986 4118 1014 4175; x_wconf 87' lang='lat' dir='ltr'>S.</span> <span class='ocrx_word' id='word_1_714' title='bbox 1029 4118 1185 4174; x_wconf 89' lang='lat' dir='ltr'>Bernardus</span> <span class='ocrx_word' id='word_1_715' title='bbox 1200 4120 1354 4175; x_wconf 87' lang='lat' dir='ltr'>intractata</span> <span class='ocrx_word' id='word_1_716' title='bbox 1365 4119 1398 4176; x_wconf 88' lang='lat' dir='ltr'>de</span> <span class='ocrx_word' id='word_1_717' title='bbox 1411 4122 1539 4192; x_wconf 88' lang='lat' dir='ltr'>gradibus</span> <span class='ocrx_word' id='word_1_718' title='bbox 1553 4120 1724 4177; x_wconf 79' lang='lat' dir='ltr'>numilitatis</span> <span class='ocrx_word' id='word_1_719' title='bbox 1740 4139 1747 4176; x_wconf 78' lang='grc' dir='ltr'>ι</span> 
     </span>
     <span class='ocr_line' id='line_1_53' title="bbox 91 4185 1748 4272; baseline -0.001 -23"><span class='ocrx_word' id='word_1_720' title='bbox 91 4201 136 4249; x_wconf 87' lang='lat' dir='ltr'>est</span> <span class='ocrx_word' id='word_1_721' title='bbox 165 4194 192 4248; x_wconf 93' lang='lat' dir='ltr'>in</span> <span class='ocrx_word' id='word_1_722' title='bbox 213 4192 377 4248; x_wconf 90' lang='lat' dir='ltr'>redientium</span> <span class='ocrx_word' id='word_1_723' title='bbox 410 4190 526 4247; x_wconf 88' lang='lat' dir='ltr'>domum</span> <span class='ocrx_word' id='word_1_724' title='bbox 554 4197 582 4245; x_wconf 92' lang='lat' dir='ltr'>et</span> <span class='ocrx_word' id='word_1_725' title='bbox 608 4185 817 4260; x_wconf 79' lang='lat' dir='ltr'>egredientium.</span> <span class='ocrx_word' id='word_1_726' title='bbox 843 4189 897 4244; x_wconf 88' lang='lat' dir='ltr'>Per</span> <span class='ocrx_word' id='word_1_727' title='bbox 952 4210 965 4237; x_wconf 73' lang='grc' dir='ltr'>ι</span> <span class='ocrx_word' id='word_1_728' title='bbox 985 4191 1137 4258; x_wconf 85' lang='lat' dir='ltr'>Compara,</span> <span class='ocrx_word' id='word_1_729' title='bbox 1158 4188 1181 4242; x_wconf 89' lang='lat' dir='ltr'>si</span> <span class='ocrx_word' id='word_1_730' title='bbox 1203 4189 1253 4255; x_wconf 86' lang='lat' dir='ltr'>vie,</span> <span class='ocrx_word' id='word_1_731' title='bbox 1273 4188 1342 4245; x_wconf 91' lang='lat' dir='ltr'>duos</span> <span class='ocrx_word' id='word_1_732' title='bbox 1364 4191 1468 4272; x_wconf 89' lang='lat' dir='ltr'>primos</span> <span class='ocrx_word' id='word_1_733' title='bbox 1493 4192 1627 4264; x_wconf 79' lang='lat' dir='ltr'>superbire</span> <span class='ocrx_word' id='word_1_734' title='bbox 1649 4191 1748 4263; x_wconf 88' lang='lat' dir='ltr'>gradus</span> 
     </span>
     <span class='ocr_line' id='line_1_54' title="bbox 89 4211 1748 4340; baseline 0 -21"><span class='ocrx_word' id='word_1_735' title='bbox 89 4278 179 4320; x_wconf 87' lang='lat' dir='ltr'>unam</span> <span class='ocrx_word' id='word_1_736' title='bbox 192 4211 310 4333; x_wconf 50' lang='lat' dir='ltr'>denique</span> <span class='ocrx_word' id='word_1_737' title='bbox 331 4261 432 4317; x_wconf 88' lang='lat' dir='ltr'>scalam</span> <span class='ocrx_word' id='word_1_738' title='bbox 445 4258 621 4317; x_wconf 90' lang='lat' dir='ltr'>ascendentes</span> <span class='ocrx_word' id='word_1_739' title='bbox 638 4257 725 4332; x_wconf 85' lang='lat' dir='ltr'>angeli</span> <span class='ocrx_word' id='word_1_740' title='bbox 741 4266 768 4314; x_wconf 89' lang='lat' dir='ltr'>et</span> <span class='ocrx_word' id='word_1_741' title='bbox 780 4257 896 4314; x_wconf 90' lang='lat' dir='ltr'>descen-</span> <span class='ocrx_word' id='word_1_742' title='bbox 949 4258 1085 4340; x_wconf 81' lang='lat' dir='ltr'>supremis</span> <span class='ocrx_word' id='word_1_743' title='bbox 1108 4256 1214 4339; x_wconf 80' lang='lat' dir='ltr'>duobus</span> <span class='ocrx_word' id='word_1_744' title='bbox 1232 4257 1400 4329; x_wconf 86' lang='lat' dir='ltr'>humilitatrs,</span> <span class='ocrx_word' id='word_1_745' title='bbox 1417 4271 1444 4317; x_wconf 90' lang='lat' dir='ltr'>et</span> <span class='ocrx_word' id='word_1_746' title='bbox 1462 4262 1522 4318; x_wconf 89' lang='lat' dir='ltr'>vide</span> <span class='ocrx_word' id='word_1_747' title='bbox 1534 4263 1556 4318; x_wconf 89' lang='lat' dir='ltr'>si</span> <span class='ocrx_word' id='word_1_748' title='bbox 1570 4279 1627 4319; x_wconf 92' lang='lat' dir='ltr'>non</span> <span class='ocrx_word' id='word_1_749' title='bbox 1643 4263 1669 4318; x_wconf 94' lang='lat' dir='ltr'>in</span> <span class='ocrx_word' id='word_1_750' title='bbox 1684 4264 1748 4319; x_wconf 91' lang='lat' dir='ltr'>ulti-</span> 
     </span>
     <span class='ocr_line' id='line_1_55' title="bbox 88 4328 1749 4404; baseline -0.001 -13"><span class='ocrx_word' id='word_1_751' title='bbox 88 4333 192 4391; x_wconf 83' lang='lat' dir='ltr'>dentes</span> <span class='ocrx_word' id='word_1_752' title='bbox 212 4331 297 4387; x_wconf 89' lang='lat' dir='ltr'>Jacob</span> <span class='ocrx_word' id='word_1_753' title='bbox 317 4339 507 4404; x_wconf 89' lang='lat' dir='ltr'>apparuerunt.</span> <span class='ocrx_word' id='word_1_754' title='bbox 527 4331 666 4400; x_wconf 88' lang='lat' dir='ltr'>Quorsum</span> <span class='ocrx_word' id='word_1_755' title='bbox 679 4336 804 4402; x_wconf 89' lang='lat' dir='ltr'>spectant</span> <span class='ocrx_word' id='word_1_756' title='bbox 817 4329 896 4386; x_wconf 84' lang='lat' dir='ltr'>haecl</span> <span class='ocrx_word' id='word_1_757' title='bbox 951 4345 999 4386; x_wconf 92' lang='lat' dir='ltr'>mo</span> <span class='ocrx_word' id='word_1_758' title='bbox 1022 4337 1174 4396; x_wconf 87' lang='lat' dir='ltr'>cuuosrtas,</span> <span class='ocrx_word' id='word_1_759' title='bbox 1201 4328 1229 4384; x_wconf 91' lang='lat' dir='ltr'>in</span> <span class='ocrx_word' id='word_1_760' title='bbox 1252 4331 1402 4400; x_wconf 88' lang='lat' dir='ltr'>penultimo</span> <span class='ocrx_word' id='word_1_761' title='bbox 1425 4332 1518 4389; x_wconf 89' lang='lat' dir='ltr'>levitas</span> <span class='ocrx_word' id='word_1_762' title='bbox 1540 4333 1689 4390; x_wconf 87' lang='lat' dir='ltr'>cohibetur.</span> <span class='ocrx_word' id='word_1_763' title='bbox 1718 4335 1749 4391; x_wconf 90' lang='lat' dir='ltr'>ld</span> 
     </span>
     <span class='ocr_line' id='line_1_56' title="bbox 89 4400 1748 4478; baseline 0.001 -17"><span class='ocrx_word' id='word_1_764' title='bbox 89 4412 122 4461; x_wconf 90' lang='lat' dir='ltr'>ut</span> <span class='ocrx_word' id='word_1_765' title='bbox 147 4402 286 4470; x_wconf 89' lang='lat' dir='ltr'>videlicet,</span> <span class='ocrx_word' id='word_1_766' title='bbox 308 4403 330 4459; x_wconf 89' lang='lat' dir='ltr'>si</span> <span class='ocrx_word' id='word_1_767' title='bbox 350 4404 382 4458; x_wconf 93' lang='lat' dir='ltr'>ad</span> <span class='ocrx_word' id='word_1_768' title='bbox 398 4403 537 4459; x_wconf 89' lang='lat' dir='ltr'>veritatem</span> <span class='ocrx_word' id='word_1_769' title='bbox 552 4401 640 4458; x_wconf 89' lang='lat' dir='ltr'>redire</span> <span class='ocrx_word' id='word_1_770' title='bbox 657 4401 747 4475; x_wconf 84' lang='lat' dir='ltr'>cupis,</span> <span class='ocrx_word' id='word_1_771' title='bbox 768 4416 825 4457; x_wconf 91' lang='lat' dir='ltr'>non</span> <span class='ocrx_word' id='word_1_772' title='bbox 845 4416 894 4456; x_wconf 91' lang='lat' dir='ltr'>ne·</span> <span class='ocrx_word' id='word_1_773' title='bbox 949 4401 1041 4472; x_wconf 90' lang='lat' dir='ltr'>ipsum</span> <span class='ocrx_word' id='word_1_774' title='bbox 1063 4400 1209 4457; x_wconf 84' lang='lat' dir='ltr'>incaeteris</span> <span class='ocrx_word' id='word_1_775' title='bbox 1222 4401 1389 4470; x_wconf 88' lang='lat' dir='ltr'>reperies,si</span> <span class='ocrx_word' id='word_1_776' title='bbox 1410 4404 1571 4461; x_wconf 89' lang='lat' dir='ltr'>alterutrum</span> <span class='ocrx_word' id='word_1_777' title='bbox 1586 4420 1748 4478; x_wconf 89' lang='lat' dir='ltr'>comparen-</span> 
     </span>
     <span class='ocr_line' id='line_1_57' title="bbox 86 4469 1748 4550; baseline 0.002 -19"><span class='ocrx_word' id='word_1_778' title='bbox 86 4486 169 4531; x_wconf 73' lang='lat' dir='ltr'>&#39;eesse</span> <span class='ocrx_word' id='word_1_779' title='bbox 183 4475 220 4529; x_wconf 91' lang='lat' dir='ltr'>sit</span> <span class='ocrx_word' id='word_1_780' title='bbox 236 4475 305 4530; x_wconf 90' lang='lat' dir='ltr'>viam</span> <span class='ocrx_word' id='word_1_781' title='bbox 319 4489 440 4546; x_wconf 87' lang='lat' dir='ltr'>quaerere</span> <span class='ocrx_word' id='word_1_782' title='bbox 455 4488 553 4529; x_wconf 86' lang='lat' dir='ltr'>noram</span> <span class='ocrx_word' id='word_1_783' title='bbox 569 4480 653 4545; x_wconf 83' lang='lat' dir='ltr'>quam</span> <span class='ocrx_word' id='word_1_784' title='bbox 666 4486 722 4528; x_wconf 90' lang='lat' dir='ltr'>non</span> <span class='ocrx_word' id='word_1_785' title='bbox 743 4472 827 4541; x_wconf 91' lang='lat' dir='ltr'>nosti,</span> <span class='ocrx_word' id='word_1_786' title='bbox 847 4472 896 4530; x_wconf 87' lang='lat' dir='ltr'>sed</span> <span class='ocrx_word' id='word_1_787' title='bbox 949 4479 1004 4528; x_wconf 86' lang='lat' dir='ltr'>tur.</span> <span class='ocrx_word' id='word_1_788' title='bbox 1020 4494 1034 4521; x_wconf 77' lang='lat' dir='ltr'>r</span> <span class='ocrx_word' id='word_1_789' title='bbox 1050 4473 1087 4527; x_wconf 85' lang='lat' dir='ltr'>Et</span> <span class='ocrx_word' id='word_1_790' title='bbox 1098 4469 1168 4526; x_wconf 81' lang='lat' dir='ltr'>inira</span> <span class='ocrx_word' id='word_1_791' title='bbox 1183 4489 1190 4526; x_wconf 79' lang='grc' dir='ltr'><em>τ</em></span> <span class='ocrx_word' id='word_1_792' title='bbox 1206 4471 1376 4529; x_wconf 75' lang='lat' dir='ltr'>-Sciendum</span> <span class='ocrx_word' id='word_1_793' title='bbox 1390 4484 1440 4539; x_wconf 88' lang='lat' dir='ltr'>est,</span> <span class='ocrx_word' id='word_1_794' title='bbox 1454 4475 1527 4548; x_wconf 88' lang='lat' dir='ltr'>quod</span> <span class='ocrx_word' id='word_1_795' title='bbox 1542 4492 1637 4534; x_wconf 87' lang='lat' dir='ltr'>omnes</span> <span class='ocrx_word' id='word_1_796' title='bbox 1648 4476 1748 4550; x_wconf 77' lang='lat' dir='ltr'>gradm</span> 
     </span>
     <span class='ocr_line' id='line_1_58' title="bbox 90 4541 1748 4616; baseline 0.002 -15"><span class='ocrx_word' id='word_1_797' title='bbox 90 4552 189 4601; x_wconf 90' lang='lat' dir='ltr'>notam</span> <span class='ocrx_word' id='word_1_798' title='bbox 204 4560 257 4616; x_wconf 86' lang='lat' dir='ltr'>qua</span> <span class='ocrx_word' id='word_1_799' title='bbox 277 4545 439 4602; x_wconf 87' lang='lat' dir='ltr'>descendisti</span> <span class='ocrx_word' id='word_1_800' title='bbox 460 4565 466 4599; x_wconf 90' lang='lat'>:</span> <span class='ocrx_word' id='word_1_801' title='bbox 482 4551 615 4616; x_wconf 86' lang='lat' dir='ltr'>quatenus</span> <span class='ocrx_word' id='word_1_802' title='bbox 629 4543 775 4615; x_wconf 91' lang='lat' dir='ltr'>reciprocis</span> <span class='ocrx_word' id='word_1_803' title='bbox 794 4543 893 4616; x_wconf 85' lang='lat' dir='ltr'>gressi-</span> <span class='ocrx_word' id='word_1_804' title='bbox 948 4557 1018 4614; x_wconf 87' lang='lat' dir='ltr'>ques</span> <span class='ocrx_word' id='word_1_805' title='bbox 1032 4543 1060 4599; x_wconf 92' lang='lat' dir='ltr'>in</span> <span class='ocrx_word' id='word_1_806' title='bbox 1074 4541 1218 4599; x_wconf 86' lang='lat' dir='ltr'>duodecim</span> <span class='ocrx_word' id='word_1_807' title='bbox 1232 4543 1345 4615; x_wconf 90' lang='lat' dir='ltr'>partitus</span> <span class='ocrx_word' id='word_1_808' title='bbox 1357 4560 1427 4615; x_wconf 89' lang='lat' dir='ltr'>sum,</span> <span class='ocrx_word' id='word_1_809' title='bbox 1442 4548 1470 4603; x_wconf 94' lang='lat' dir='ltr'>in</span> <span class='ocrx_word' id='word_1_810' title='bbox 1484 4555 1540 4604; x_wconf 90' lang='lat' dir='ltr'>tres</span> <span class='ocrx_word' id='word_1_811' title='bbox 1557 4548 1748 4604; x_wconf 89' lang='lat' dir='ltr'>tautummodo</span> 
     </span>
     <span class='ocr_line' id='line_1_59' title="bbox 91 4613 1749 4690; baseline 0.002 -20"><span class='ocrx_word' id='word_1_812' title='bbox 91 4613 147 4671; x_wconf 88' lang='lat' dir='ltr'>bus</span> <span class='ocrx_word' id='word_1_813' title='bbox 163 4624 210 4672; x_wconf 92' lang='lat' dir='ltr'>tua</span> <span class='ocrx_word' id='word_1_814' title='bbox 235 4617 293 4687; x_wconf 89' lang='lat' dir='ltr'>ipse</span> <span class='ocrx_word' id='word_1_815' title='bbox 313 4617 424 4690; x_wconf 83' lang='lat' dir='ltr'>vestigia</span> <span class='ocrx_word' id='word_1_816' title='bbox 445 4629 576 4688; x_wconf 89' lang='lat' dir='ltr'>sequens,</span> <span class='ocrx_word' id='word_1_817' title='bbox 595 4629 642 4685; x_wconf 89' lang='lat' dir='ltr'>per</span> <span class='ocrx_word' id='word_1_818' title='bbox 662 4613 772 4670; x_wconf 87' lang='lat' dir='ltr'>eosdem</span> <span class='ocrx_word' id='word_1_819' title='bbox 810 4614 894 4672; x_wconf 87' lang='lat' dir='ltr'>radus</span> <span class='ocrx_word' id='word_1_820' title='bbox 948 4614 1040 4687; x_wconf 78' lang='lat' dir='ltr'>colligi</span> <span class='ocrx_word' id='word_1_821' title='bbox 1061 4623 1174 4686; x_wconf 89' lang='lat' dir='ltr'>possunt</span> <span class='ocrx_word' id='word_1_822' title='bbox 1193 4635 1200 4672; x_wconf 90' lang='lat'>:</span> <span class='ocrx_word' id='word_1_823' title='bbox 1216 4623 1247 4670; x_wconf 91' lang='lat' dir='ltr'>ut</span> <span class='ocrx_word' id='word_1_824' title='bbox 1265 4614 1293 4670; x_wconf 93' lang='lat' dir='ltr'>in</span> <span class='ocrx_word' id='word_1_825' title='bbox 1305 4631 1353 4672; x_wconf 86' lang='lat' dir='ltr'>sex</span> <span class='ocrx_word' id='word_1_826' title='bbox 1368 4618 1556 4689; x_wconf 90' lang='lat' dir='ltr'>superioribus</span> <span class='ocrx_word' id='word_1_827' title='bbox 1574 4627 1749 4687; x_wconf 88' lang='lat' dir='ltr'>contemptus</span> 
     </span>
     <span class='ocr_line' id='line_1_60' title="bbox 93 4629 1748 4759; baseline -0.001 -17"><span class='ocrx_word' id='word_1_828' title='bbox 93 4685 257 4743; x_wconf 87' lang='lat' dir='ltr'>humilitatis</span> <span class='ocrx_word' id='word_1_829' title='bbox 271 4687 416 4754; x_wconf 89' lang='lat' dir='ltr'>ascendas,</span> <span class='ocrx_word' id='word_1_830' title='bbox 431 4701 479 4757; x_wconf 91' lang='lat' dir='ltr'>per</span> <span class='ocrx_word' id='word_1_831' title='bbox 500 4699 570 4756; x_wconf 86' lang='lat' dir='ltr'>quos</span> <span class='ocrx_word' id='word_1_832' title='bbox 583 4683 765 4755; x_wconf 91' lang='lat' dir='ltr'>superbiendo</span> <span class='ocrx_word' id='word_1_833' title='bbox 782 4629 894 4740; x_wconf 48' lang='lat' dir='ltr'>‹femen-</span> <span class='ocrx_word' id='word_1_834' title='bbox 948 4684 1075 4750; x_wconf 84' lang='lat' dir='ltr'>fratrum,</span> <span class='ocrx_word' id='word_1_835' title='bbox 1087 4686 1116 4740; x_wconf 91' lang='lat' dir='ltr'>iu</span> <span class='ocrx_word' id='word_1_836' title='bbox 1127 4692 1247 4758; x_wconf 85' lang='lat' dir='ltr'>quatuor</span> <span class='ocrx_word' id='word_1_837' title='bbox 1254 4687 1431 4757; x_wconf 88' lang='lat' dir='ltr'>sequentibus</span> <span class='ocrx_word' id='word_1_838' title='bbox 1440 4688 1748 4759; x_wconf 83' lang='lat' dir='ltr'>contemptusmagistri</span> 
     </span>
     <span class='ocr_line' id='line_1_61' title="bbox 93 4752 1748 4827; baseline -0.004 -12"><span class='ocrx_word' id='word_1_839' title='bbox 93 4756 175 4815; x_wconf 88' lang='lat' dir='ltr'>daras</span> <span class='ocrx_word' id='word_1_840' title='bbox 191 4776 198 4813; x_wconf 78' lang='lat' dir='ltr'>r</span> <span class='ocrx_word' id='word_1_841' title='bbox 214 4759 251 4814; x_wconf 88' lang='lat' dir='ltr'>ita</span> <span class='ocrx_word' id='word_1_842' title='bbox 266 4767 298 4813; x_wconf 92' lang='lat' dir='ltr'>ut</span> <span class='ocrx_word' id='word_1_843' title='bbox 331 4758 359 4814; x_wconf 92' lang='lat' dir='ltr'>ui</span> <span class='ocrx_word' id='word_1_844' title='bbox 375 4756 553 4815; x_wconf 90' lang='lat' dir='ltr'>duodecimus</span> <span class='ocrx_word' id='word_1_845' title='bbox 566 4755 701 4827; x_wconf 81' lang='lat' dir='ltr'>superbiae</span> <span class='ocrx_word' id='word_1_846' title='bbox 714 4752 767 4811; x_wconf 89' lang='lat' dir='ltr'>luit</span> <span class='ocrx_word' id='word_1_847' title='bbox 779 4754 896 4811; x_wconf 78' lang='lat' dir='ltr'>descen·</span> <span class='ocrx_word' id='word_1_848' title='bbox 950 4755 959 4827; x_wconf 94' lang='lat'>(</span> <span class='ocrx_word' id='word_1_849' title='bbox 974 4755 1000 4813; x_wconf 94' lang='lat' dir='ltr'>id</span> <span class='ocrx_word' id='word_1_850' title='bbox 1012 4758 1237 4827; x_wconf 87' lang='lat' dir='ltr'>estsuperr&#39;omm</span> <span class='ocrx_word' id='word_1_851' title='bbox 1249 4760 1269 4822; x_wconf 87' lang='lat'>),</span> <span class='ocrx_word' id='word_1_852' title='bbox 1284 4757 1313 4811; x_wconf 93' lang='lat' dir='ltr'>in</span> <span class='ocrx_word' id='word_1_853' title='bbox 1323 4755 1430 4813; x_wconf 88' lang='lat' dir='ltr'>duobus</span> <span class='ocrx_word' id='word_1_854' title='bbox 1442 4759 1487 4827; x_wconf 87' lang='lat' dir='ltr'>qui</span> <span class='ocrx_word' id='word_1_855' title='bbox 1502 4765 1605 4811; x_wconf 88' lang='lat' dir='ltr'>restant</span> <span class='ocrx_word' id='word_1_856' title='bbox 1618 4770 1748 4810; x_wconf 86' lang='lat' dir='ltr'>consum-</span> 
     </span>
     <span class='ocr_line' id='line_1_62' title="bbox 93 4775 1749 4927; baseline -0.002 -43"><span class='ocrx_word' id='word_1_857' title='bbox 93 4826 187 4893; x_wconf 87' lang='lat' dir='ltr'>denti,</span> <span class='ocrx_word' id='word_1_858' title='bbox 206 4775 485 4900; x_wconf 57' lang='lat' dir='ltr'>primus‘lrurnihraris</span> <span class='ocrx_word' id='word_1_859' title='bbox 499 4827 534 4883; x_wconf 90' lang='lat' dir='ltr'>sit</span> <span class='ocrx_word' id='word_1_860' title='bbox 542 4823 719 4895; x_wconf 80' lang='lat' dir='ltr'>ascendenti3</span> <span class='ocrx_word' id='word_1_861' title='bbox 734 4825 895 4883; x_wconf 86' lang='lat' dir='ltr'>undecimus</span> <span class='ocrx_word' id='word_1_862' title='bbox 909 4864 935 4927; x_wconf 73' lang='lat' dir='ltr'>D</span> <span class='ocrx_word' id='word_1_863' title='bbox 949 4835 1041 4882; x_wconf 93' lang='lat' dir='ltr'>metur</span> <span class='ocrx_word' id='word_1_864' title='bbox 1054 4834 1229 4897; x_wconf 90' lang='lat' dir='ltr'>contemptus</span> <span class='ocrx_word' id='word_1_865' title='bbox 1250 4826 1311 4880; x_wconf 90' lang='lat' dir='ltr'>Dei.</span> <span class='ocrx_word' id='word_1_866' title='bbox 1330 4849 1342 4874; x_wconf 71' lang='lat' dir='ltr'>r</span> <span class='ocrx_word' id='word_1_867' title='bbox 1356 4827 1480 4895; x_wconf 87' lang='lat' dir='ltr'>Denique</span> <span class='ocrx_word' id='word_1_868' title='bbox 1500 4841 1580 4880; x_wconf 91' lang='lat' dir='ltr'>snum</span> <span class='ocrx_word' id='word_1_869' title='bbox 1601 4824 1674 4880; x_wconf 91' lang='lat' dir='ltr'>hunc</span> <span class='ocrx_word' id='word_1_870' title='bbox 1693 4831 1749 4881; x_wconf 88' lang='lat' dir='ltr'>tra·</span> 
     </span>
     <span class='ocr_line' id='line_1_63' title="bbox 91 4895 1746 4968; baseline -0.002 -13"><span class='ocrx_word' id='word_1_871' title='bbox 91 4897 553 4968; x_wconf 77' lang='lat' dir='ltr'>inveniatursecundus3decimus,</span> <span class='ocrx_word' id='word_1_872' title='bbox 569 4897 682 4963; x_wconf 68' lang='lat' dir='ltr'>tertium</span> <span class='ocrx_word' id='word_1_873' title='bbox 698 4911 800 4965; x_wconf 83' lang='lat' dir='ltr'>uentre,</span> <span class='ocrx_word' id='word_1_874' title='bbox 815 4911 897 4968; x_wconf 90' lang='lat' dir='ltr'>quar·</span> <span class='ocrx_word' id='word_1_875' title='bbox 950 4904 1055 4952; x_wconf 88' lang='lat' dir='ltr'>etatum</span> <span class='ocrx_word' id='word_1_876' title='bbox 1080 4910 1145 4951; x_wconf 89' lang='lat' dir='ltr'>cum</span> <span class='ocrx_word' id='word_1_877' title='bbox 1162 4909 1261 4966; x_wconf 85' lang='lat' dir='ltr'>magna</span> <span class='ocrx_word' id='word_1_878' title='bbox 1287 4895 1327 4949; x_wconf 90' lang='lat' dir='ltr'>sui</span> <span class='ocrx_word' id='word_1_879' title='bbox 1348 4895 1513 4951; x_wconf 90' lang='lat' dir='ltr'>demissione</span> <span class='ocrx_word' id='word_1_880' title='bbox 1536 4903 1564 4951; x_wconf 90' lang='lat' dir='ltr'>et</span> <span class='ocrx_word' id='word_1_881' title='bbox 1584 4895 1746 4953; x_wconf 84' lang='lat' dir='ltr'>ilrrmilitate</span> 
     </span>
     <span class='ocr_line' id='line_1_64' title="bbox 92 4962 1747 5042; baseline -0.001 -16"><span class='ocrx_word' id='word_1_882' title='bbox 92 4977 155 5035; x_wconf 88' lang='lat' dir='ltr'>tus;</span> <span class='ocrx_word' id='word_1_883' title='bbox 183 4979 310 5035; x_wconf 90' lang='lat' dir='ltr'>octavus,</span> <span class='ocrx_word' id='word_1_884' title='bbox 332 4972 458 5042; x_wconf 65' lang='lat' dir='ltr'>quintum</span> <span class='ocrx_word' id='word_1_885' title='bbox 483 4969 630 5041; x_wconf 85' lang='lat' dir='ltr'>septimus,</span> <span class='ocrx_word' id='word_1_886' title='bbox 656 4975 765 5036; x_wconf 64' lang='lat' dir='ltr'>sextum</span> <span class='ocrx_word' id='word_1_887' title='bbox 790 4974 894 5036; x_wconf 83' lang='lat' dir='ltr'>sextus,</span> <span class='ocrx_word' id='word_1_888' title='bbox 950 4967 985 5022; x_wconf 91' lang='lat' dir='ltr'>ita</span> <span class='ocrx_word' id='word_1_889' title='bbox 999 4964 1138 5021; x_wconf 87' lang='lat' dir='ltr'>concludit</span> <span class='ocrx_word' id='word_1_890' title='bbox 1152 4962 1307 5019; x_wconf 87' lang='lat' dir='ltr'>Bernardns</span> <span class='ocrx_word' id='word_1_891' title='bbox 1326 4981 1332 4993; x_wconf 91' lang='lat'><strong>·</strong></span> <span class='ocrx_word' id='word_1_892' title='bbox 1351 4964 1452 5020; x_wconf 75' lang='lat' dir='ltr'>«Dicis</span> <span class='ocrx_word' id='word_1_893' title='bbox 1466 4963 1641 5035; x_wconf 86' lang='lat' dir='ltr'>lorte,lratcr</span> <span class='ocrx_word' id='word_1_894' title='bbox 1655 4967 1747 5024; x_wconf 86' lang='lat' dir='ltr'>Gade-</span> 
     </span>
     <span class='ocr_line' id='line_1_65' title="bbox 92 5034 1747 5115; baseline -0.001 -18"><span class='ocrx_word' id='word_1_895' title='bbox 92 5041 243 5112; x_wconf 70' lang='lat' dir='ltr'>septimum</span> <span class='ocrx_word' id='word_1_896' title='bbox 265 5042 383 5113; x_wconf 82' lang='lat' dir='ltr'>quintus,</span> <span class='ocrx_word' id='word_1_897' title='bbox 407 5050 534 5107; x_wconf 81' lang='lat' dir='ltr'>octavns3</span> <span class='ocrx_word' id='word_1_898' title='bbox 552 5047 678 5111; x_wconf 87' lang='lat' dir='ltr'>quartus,</span> <span class='ocrx_word' id='word_1_899' title='bbox 700 5053 806 5105; x_wconf 80' lang='lat' dir='ltr'>nonus3</span> <span class='ocrx_word' id='word_1_900' title='bbox 841 5046 897 5095; x_wconf 89' lang='lat' dir='ltr'>ter-</span> <span class='ocrx_word' id='word_1_901' title='bbox 949 5036 1029 5100; x_wconf 87' lang='lat' dir='ltr'>iride,</span> <span class='ocrx_word' id='word_1_902' title='bbox 1055 5049 1100 5090; x_wconf 93' lang='lat' dir='ltr'>me</span> <span class='ocrx_word' id='word_1_903' title='bbox 1114 5034 1203 5102; x_wconf 85' lang='lat' dir='ltr'>aliud,</span> <span class='ocrx_word' id='word_1_904' title='bbox 1219 5049 1301 5115; x_wconf 89' lang='lat' dir='ltr'>quam</span> <span class='ocrx_word' id='word_1_905' title='bbox 1320 5042 1350 5091; x_wconf 89' lang='lat' dir='ltr'>tu</span> <span class='ocrx_word' id='word_1_906' title='bbox 1371 5035 1491 5108; x_wconf 87' lang='lat' dir='ltr'>quaesisti</span> <span class='ocrx_word' id='word_1_907' title='bbox 1513 5053 1595 5111; x_wconf 87' lang='lat' dir='ltr'>quam</span> <span class='ocrx_word' id='word_1_908' title='bbox 1614 5038 1670 5110; x_wconf 90' lang='lat' dir='ltr'>ipse</span> <span class='ocrx_word' id='word_1_909' title='bbox 1682 5055 1747 5110; x_wconf 88' lang='lat' dir='ltr'>pro-</span> 
     </span>
     <span class='ocr_line' id='line_1_66' title="bbox 94 5103 1748 5182; baseline -0.001 -15"><span class='ocrx_word' id='word_1_910' title='bbox 94 5111 159 5180; x_wconf 74' lang='lat' dir='ltr'>rius,</span> <span class='ocrx_word' id='word_1_911' title='bbox 178 5111 319 5180; x_wconf 87' lang='lat' dir='ltr'>decimus;</span> <span class='ocrx_word' id='word_1_912' title='bbox 336 5113 481 5178; x_wconf 89' lang='lat' dir='ltr'>secundus,</span> <span class='ocrx_word' id='word_1_913' title='bbox 497 5109 676 5181; x_wconf 62' lang='lat' dir='ltr'>undecimum</span> <span class='ocrx_word' id='word_1_914' title='bbox 699 5109 813 5182; x_wconf 86' lang='lat' dir='ltr'>primus,</span> <span class='ocrx_word' id='word_1_915' title='bbox 826 5107 895 5165; x_wconf 88' lang='lat' dir='ltr'>dao-</span> <span class='ocrx_word' id='word_1_916' title='bbox 950 5105 1027 5173; x_wconf 89' lang='lat' dir='ltr'>misi,</span> <span class='ocrx_word' id='word_1_917' title='bbox 1040 5104 1151 5160; x_wconf 88' lang='lat' dir='ltr'>tandem</span> <span class='ocrx_word' id='word_1_918' title='bbox 1171 5103 1327 5163; x_wconf 89' lang='lat' dir='ltr'>exhrbuisse</span> <span class='ocrx_word' id='word_1_919' title='bbox 1345 5126 1351 5162; x_wconf 95' lang='lat'>:</span> <span class='ocrx_word' id='word_1_920' title='bbox 1371 5123 1435 5163; x_wconf 90' lang='lat' dir='ltr'>oum</span> <span class='ocrx_word' id='word_1_921' title='bbox 1451 5124 1499 5180; x_wconf 91' lang='lat' dir='ltr'>pro</span> <span class='ocrx_word' id='word_1_922' title='bbox 1514 5109 1642 5182; x_wconf 86' lang='lat' dir='ltr'>gradibus</span> <span class='ocrx_word' id='word_1_923' title='bbox 1655 5108 1748 5165; x_wconf 90' lang='lat' dir='ltr'>humi-</span> 
     </span>
    </p>
   </div>
   <div class='ocr_carea' id='block_1_5' title="bbox 93 5174 1749 5304">
    <p class='ocr_par' dir='ltr' id='par_1_5' title="bbox 93 5174 1749 5304">
     <span class='ocr_line' id='line_1_67' title="bbox 93 5174 1749 5304; baseline -0.001 -65"><span class='ocrx_word' id='word_1_924' title='bbox 93 5180 229 5241; x_wconf 90' lang='lat' dir='ltr'>decimus.</span> <span class='ocrx_word' id='word_1_925' title='bbox 252 5184 359 5256; x_wconf 85' lang='lat' dir='ltr'>Quibus</span> <span class='ocrx_word' id='word_1_926' title='bbox 371 5181 508 5266; x_wconf 85' lang='lat' dir='ltr'>superbiae</span> <span class='ocrx_word' id='word_1_927' title='bbox 525 5181 664 5254; x_wconf 85' lang='lat' dir='ltr'>gradibus,</span> <span class='ocrx_word' id='word_1_928' title='bbox 679 5181 708 5236; x_wconf 91' lang='lat' dir='ltr'>in</span> <span class='ocrx_word' id='word_1_929' title='bbox 722 5187 749 5236; x_wconf 91' lang='lat' dir='ltr'>te</span> <span class='ocrx_word' id='word_1_930' title='bbox 766 5179 895 5248; x_wconf 85' lang='lat' dir='ltr'>inventis,</span> <span class='ocrx_word' id='word_1_931' title='bbox 951 5177 1042 5242; x_wconf 88' lang='lat' dir='ltr'>litatis,</span> <span class='ocrx_word' id='word_1_932' title='bbox 1058 5176 1191 5247; x_wconf 86' lang='lat' dir='ltr'>superbiae</span> <span class='ocrx_word' id='word_1_933' title='bbox 1199 5174 1302 5304; x_wconf 45' lang='lat' dir='ltr'>gradus</span> <span class='ocrx_word' id='word_1_934' title='bbox 1313 5177 1405 5234; x_wconf 91' lang='lat' dir='ltr'>videar</span> <span class='ocrx_word' id='word_1_935' title='bbox 1418 5178 1599 5251; x_wconf 89' lang='lat' dir='ltr'>descripsisse.</span> <span class='ocrx_word' id='word_1_936' title='bbox 1616 5179 1661 5237; x_wconf 78' lang='lat' dir='ltr'>Ad</span> <span class='ocrx_word' id='word_1_937' title='bbox 1674 5182 1749 5252; x_wconf 90' lang='lat' dir='ltr'>quod</span> 
     </span>
    </p>
   </div>
   <div class='ocr_carea' id='block_1_6' title="bbox 48 5249 1752 5904">
    <p class='ocr_par' dir='ltr' id='par_1_6' title="bbox 48 5249 1752 5904">
     <span class='ocr_line' id='line_1_68' title="bbox 48 5249 1749 5326; baseline 0.001 -17"><span class='ocrx_word' id='word_1_938' title='bbox 48 5258 56 5273; x_wconf 87' lang='lat'><strong>·</strong></span> <span class='ocrx_word' id='word_1_939' title='bbox 94 5253 183 5311; x_wconf 90' lang='lat' dir='ltr'>immo</span> <span class='ocrx_word' id='word_1_940' title='bbox 210 5255 374 5326; x_wconf 84' lang='lat' dir='ltr'>recognitis,</span> <span class='ocrx_word' id='word_1_941' title='bbox 401 5269 461 5326; x_wconf 74' lang='lat' dir='ltr'>jam</span> <span class='ocrx_word' id='word_1_942' title='bbox 487 5268 543 5309; x_wconf 91' lang='lat' dir='ltr'>non</span> <span class='ocrx_word' id='word_1_943' title='bbox 571 5250 677 5308; x_wconf 86' lang='lat' dir='ltr'>laboras</span> <span class='ocrx_word' id='word_1_944' title='bbox 698 5251 726 5307; x_wconf 92' lang='lat' dir='ltr'>in</span> <span class='ocrx_word' id='word_1_945' title='bbox 745 5249 896 5323; x_wconf 84' lang='lat' dir='ltr'>quaerendo</span> <span class='ocrx_word' id='word_1_946' title='bbox 950 5249 1092 5322; x_wconf 86' lang='lat' dir='ltr'>ego:Non</span> <span class='ocrx_word' id='word_1_947' title='bbox 1110 5249 1187 5320; x_wconf 91' lang='lat' dir='ltr'>potui</span> <span class='ocrx_word' id='word_1_948' title='bbox 1218 5262 1308 5314; x_wconf 86' lang='lat' dir='ltr'>ocare,</span> <span class='ocrx_word' id='word_1_949' title='bbox 1322 5249 1373 5306; x_wconf 89' lang='lat' dir='ltr'>nisi</span> <span class='ocrx_word' id='word_1_950' title='bbox 1389 5250 1462 5322; x_wconf 84' lang='lat' dir='ltr'>quod</span> <span class='ocrx_word' id='word_1_951' title='bbox 1476 5251 1568 5308; x_wconf 89' lang='lat' dir='ltr'>didici.</span> <span class='ocrx_word' id='word_1_952' title='bbox 1583 5252 1749 5321; x_wconf 81' lang='lat' dir='ltr'>Nonputavi</span> 
     </span>
     <span class='ocr_line' id='line_1_69' title="bbox 93 5317 1748 5395; baseline 0.001 -15"><span class='ocrx_word' id='word_1_953' title='bbox 93 5325 168 5384; x_wconf 85' lang='lat' dir='ltr'>riam</span> <span class='ocrx_word' id='word_1_954' title='bbox 181 5325 354 5384; x_wconf 88' lang='lat' dir='ltr'>humilitatis.</span> <span class='ocrx_word' id='word_1_955' title='bbox 373 5350 386 5377; x_wconf 77' lang='grc' dir='ltr'>ι</span> <span class='ocrx_word' id='word_1_956' title='bbox 402 5327 471 5382; x_wconf 71' lang='lat' dir='ltr'>llaec</span> <span class='ocrx_word' id='word_1_957' title='bbox 484 5328 520 5382; x_wconf 88' lang='lat' dir='ltr'>D.</span> <span class='ocrx_word' id='word_1_958' title='bbox 537 5323 701 5381; x_wconf 87' lang='lat' dir='ltr'>Bernardus.</span> <span class='ocrx_word' id='word_1_959' title='bbox 950 5335 1103 5393; x_wconf 87' lang='lat' dir='ltr'>congruum</span> <span class='ocrx_word' id='word_1_960' title='bbox 1126 5335 1171 5376; x_wconf 88' lang='lat' dir='ltr'>me</span> <span class='ocrx_word' id='word_1_961' title='bbox 1192 5317 1348 5377; x_wconf 90' lang='lat' dir='ltr'>describere</span> <span class='ocrx_word' id='word_1_962' title='bbox 1360 5322 1546 5391; x_wconf 85' lang='lat' dir='ltr'>ascensiones,</span> <span class='ocrx_word' id='word_1_963' title='bbox 1561 5323 1607 5395; x_wconf 87' lang='lat' dir='ltr'>qui</span> <span class='ocrx_word' id='word_1_964' title='bbox 1625 5323 1685 5395; x_wconf 90' lang='lat' dir='ltr'>plus</span> <span class='ocrx_word' id='word_1_965' title='bbox 1700 5323 1748 5381; x_wconf 93' lang='lat' dir='ltr'>de·</span> 
     </span>
     <span class='ocr_line' id='line_1_70' title="bbox 951 5390 1749 5466; baseline 0.005 -18"><span class='ocrx_word' id='word_1_966' title='bbox 951 5391 1092 5460; x_wconf 88' lang='lat' dir='ltr'>scendere,</span> <span class='ocrx_word' id='word_1_967' title='bbox 1104 5405 1187 5463; x_wconf 87' lang='lat' dir='ltr'>quam</span> <span class='ocrx_word' id='word_1_968' title='bbox 1196 5390 1341 5448; x_wconf 89' lang='lat' dir='ltr'>ascendere</span> <span class='ocrx_word' id='word_1_969' title='bbox 1351 5392 1424 5448; x_wconf 88' lang='lat' dir='ltr'>nori.</span> <span class='ocrx_word' id='word_1_970' title='bbox 1438 5395 1576 5466; x_wconf 83' lang='lat' dir='ltr'>Propouat</span> <span class='ocrx_word' id='word_1_971' title='bbox 1588 5395 1638 5451; x_wconf 91' lang='lat' dir='ltr'>tibi</span> <span class='ocrx_word' id='word_1_972' title='bbox 1655 5394 1749 5452; x_wconf 90' lang='lat' dir='ltr'>heatus</span> 
     </span>
     <span class='ocr_line' id='line_1_71' title="bbox 950 5460 1748 5538; baseline 0.003 -19"><span class='ocrx_word' id='word_1_973' title='bbox 950 5463 1117 5520; x_wconf 86' lang='lat' dir='ltr'>Benedictus</span> <span class='ocrx_word' id='word_1_974' title='bbox 1169 5462 1236 5519; x_wconf 87' lang='lat' dir='ltr'>edus</span> <span class='ocrx_word' id='word_1_975' title='bbox 1255 5460 1428 5528; x_wconf 87' lang='lat' dir='ltr'>humilitatis,</span> <span class='ocrx_word' id='word_1_976' title='bbox 1450 5479 1521 5535; x_wconf 90' lang='lat' dir='ltr'>quos</span> <span class='ocrx_word' id='word_1_977' title='bbox 1541 5465 1597 5536; x_wconf 91' lang='lat' dir='ltr'>ipse</span> <span class='ocrx_word' id='word_1_978' title='bbox 1619 5467 1694 5538; x_wconf 87' lang='lat' dir='ltr'>prius</span> <span class='ocrx_word' id='word_1_979' title='bbox 1721 5467 1748 5522; x_wconf 92' lang='lat' dir='ltr'>in</span> 
     </span>
     <span class='ocr_line' id='line_1_72' title="bbox 134 5533 1749 5610; baseline -0.001 -16"><span class='ocrx_word' id='word_1_980' title='bbox 134 5538 344 5606; x_wconf 73' lang='lat' dir='ltr'>Animadvertis,</span> <span class='ocrx_word' id='word_1_981' title='bbox 352 5539 445 5607; x_wconf 89' lang='lat' dir='ltr'>credo,</span> <span class='ocrx_word' id='word_1_982' title='bbox 454 5539 539 5596; x_wconf 90' lang='lat' dir='ltr'>lector</span> <span class='ocrx_word' id='word_1_983' title='bbox 547 5537 686 5604; x_wconf 84' lang='lat' dir='ltr'>benevole,</span> <span class='ocrx_word' id='word_1_984' title='bbox 694 5534 795 5593; x_wconf 89' lang='lat' dir='ltr'>scalam</span> <span class='ocrx_word' id='word_1_985' title='bbox 803 5548 898 5606; x_wconf 92' lang='lat' dir='ltr'>super·</span> <span class='ocrx_word' id='word_1_986' title='bbox 951 5533 1033 5590; x_wconf 89' lang='lat' dir='ltr'>corde</span> <span class='ocrx_word' id='word_1_987' title='bbox 1056 5548 1106 5590; x_wconf 89' lang='lat' dir='ltr'>suo</span> <span class='ocrx_word' id='word_1_988' title='bbox 1146 5534 1287 5606; x_wconf 82' lang='lat' dir='ltr'>reposuit:</span> <span class='ocrx_word' id='word_1_989' title='bbox 1337 5534 1434 5606; x_wconf 90' lang='lat' dir='ltr'>cquid</span> <span class='ocrx_word' id='word_1_990' title='bbox 1456 5551 1606 5610; x_wconf 90' lang='lat' dir='ltr'>proponam</span> <span class='ocrx_word' id='word_1_991' title='bbox 1622 5552 1678 5593; x_wconf 91' lang='lat' dir='ltr'>non</span> <span class='ocrx_word' id='word_1_992' title='bbox 1698 5536 1749 5592; x_wconf 88' lang='lat' dir='ltr'>ha·</span> 
     </span>
     <span class='ocr_line' id='line_1_73' title="bbox 96 5604 1748 5683; baseline -0.001 -18"><span class='ocrx_word' id='word_1_993' title='bbox 96 5606 151 5665; x_wconf 72' lang='lat' dir='ltr'>biae</span> <span class='ocrx_word' id='word_1_994' title='bbox 164 5609 296 5668; x_wconf 89' lang='lat' dir='ltr'>inversam</span> <span class='ocrx_word' id='word_1_995' title='bbox 307 5620 336 5668; x_wconf 90' lang='lat' dir='ltr'>et</span> <span class='ocrx_word' id='word_1_996' title='bbox 346 5626 468 5668; x_wconf 89' lang='lat' dir='ltr'>eversam</span> <span class='ocrx_word' id='word_1_997' title='bbox 484 5609 577 5683; x_wconf 89' lang='lat' dir='ltr'>:cujus</span> <span class='ocrx_word' id='word_1_998' title='bbox 589 5607 672 5680; x_wconf 89' lang='lat' dir='ltr'>pedes</span> <span class='ocrx_word' id='word_1_999' title='bbox 682 5607 710 5662; x_wconf 94' lang='lat' dir='ltr'>in</span> <span class='ocrx_word' id='word_1_1000' title='bbox 721 5618 897 5672; x_wconf 76' lang='lat' dir='ltr'>summmea-</span> <span class='ocrx_word' id='word_1_1001' title='bbox 950 5604 1013 5671; x_wconf 87' lang='lat' dir='ltr'>beo,</span> <span class='ocrx_word' id='word_1_1002' title='bbox 1029 5604 1082 5661; x_wconf 92' lang='lat' dir='ltr'>nisi</span> <span class='ocrx_word' id='word_1_1003' title='bbox 1096 5605 1219 5663; x_wconf 88' lang='lat' dir='ltr'>ordinem</span> <span class='ocrx_word' id='word_1_1004' title='bbox 1234 5620 1303 5662; x_wconf 82' lang='lat' dir='ltr'>meae</span> <span class='ocrx_word' id='word_1_1005' title='bbox 1335 5607 1516 5676; x_wconf 74' lang='lat' dir='ltr'>ascensionis3</span> <span class='ocrx_word' id='word_1_1006' title='bbox 1531 5607 1560 5662; x_wconf 91' lang='lat' dir='ltr'>in</span> <span class='ocrx_word' id='word_1_1007' title='bbox 1575 5623 1628 5680; x_wconf 85' lang='lat' dir='ltr'>quo</span> <span class='ocrx_word' id='word_1_1008' title='bbox 1643 5616 1748 5679; x_wconf 89' lang='lat' dir='ltr'>tamen,</span> 
     </span>
     <span class='ocr_line' id='line_1_74' title="bbox 115 5675 1752 5749; baseline 0.001 -13"><span class='ocrx_word' id='word_1_1009' title='bbox 115 5688 146 5736; x_wconf 89' lang='lat' dir='ltr'>ut</span> <span class='ocrx_word' id='word_1_1010' title='bbox 159 5688 186 5737; x_wconf 91' lang='lat' dir='ltr'>et</span> <span class='ocrx_word' id='word_1_1011' title='bbox 205 5697 335 5740; x_wconf 87' lang='lat' dir='ltr'>cacumen</span> <span class='ocrx_word' id='word_1_1012' title='bbox 347 5683 377 5738; x_wconf 93' lang='lat' dir='ltr'>in</span> <span class='ocrx_word' id='word_1_1013' title='bbox 393 5682 449 5738; x_wconf 92' lang='lat' dir='ltr'>iuro</span> <span class='ocrx_word' id='word_1_1014' title='bbox 460 5682 546 5738; x_wconf 89' lang='lat' dir='ltr'>sitnm</span> <span class='ocrx_word' id='word_1_1015' title='bbox 565 5697 573 5735; x_wconf 91' lang='lat'><strong>:</strong></span> <span class='ocrx_word' id='word_1_1016' title='bbox 589 5694 652 5736; x_wconf 91' lang='lat' dir='ltr'>cum</span> <span class='ocrx_word' id='word_1_1017' title='bbox 669 5677 824 5734; x_wconf 89' lang='lat' dir='ltr'>exadverso</span> <span class='ocrx_word' id='word_1_1018' title='bbox 836 5690 898 5732; x_wconf 88' lang='lat' dir='ltr'>sra-</span> <span class='ocrx_word' id='word_1_1019' title='bbox 949 5675 976 5732; x_wconf 86' lang='lat' dir='ltr'>si</span> <span class='ocrx_word' id='word_1_1020' title='bbox 997 5675 1137 5748; x_wconf 89' lang='lat' dir='ltr'>diligenter</span> <span class='ocrx_word' id='word_1_1021' title='bbox 1151 5677 1308 5749; x_wconf 88' lang='lat' dir='ltr'>inspicitur,</span> <span class='ocrx_word' id='word_1_1022' title='bbox 1323 5678 1366 5733; x_wconf 88' lang='lat' dir='ltr'>via</span> <span class='ocrx_word' id='word_1_1023' title='bbox 1390 5676 1503 5734; x_wconf 81' lang='lat' dir='ltr'>forsitan</span> <span class='ocrx_word' id='word_1_1024' title='bbox 1521 5679 1687 5736; x_wconf 90' lang='lat' dir='ltr'>ascensionis</span> <span class='ocrx_word' id='word_1_1025' title='bbox 1708 5696 1752 5737; x_wconf 88' lang='lat' dir='ltr'>re-</span> 
     </span>
     <span class='ocr_line' id='line_1_75' title="bbox 94 5695 1749 5820; baseline -0.004 -11"><span class='ocrx_word' id='word_1_1026' title='bbox 94 5695 152 5809; x_wconf 58' lang='lat' dir='ltr'>ram</span> <span class='ocrx_word' id='word_1_1027' title='bbox 167 5751 328 5811; x_wconf 89' lang='lat' dir='ltr'>humilitatis</span> <span class='ocrx_word' id='word_1_1028' title='bbox 347 5752 437 5810; x_wconf 84' lang='lat' dir='ltr'>videar</span> <span class='ocrx_word' id='word_1_1029' title='bbox 455 5760 590 5820; x_wconf 88' lang='lat' dir='ltr'>erectam,</span> <span class='ocrx_word' id='word_1_1030' title='bbox 603 5750 705 5807; x_wconf 87' lang='lat' dir='ltr'>coelum</span> <span class='ocrx_word' id='word_1_1031' title='bbox 718 5754 898 5820; x_wconf 84' lang='lat' dir='ltr'>spectantem,</span> <span class='ocrx_word' id='word_1_1032' title='bbox 952 5747 1065 5819; x_wconf 88' lang='lat' dir='ltr'>peritur.</span> <span class='ocrx_word' id='word_1_1033' title='bbox 1081 5747 1109 5804; x_wconf 88' lang='lat' dir='ltr'>Si</span> <span class='ocrx_word' id='word_1_1034' title='bbox 1132 5749 1206 5805; x_wconf 90' lang='lat' dir='ltr'>enim</span> <span class='ocrx_word' id='word_1_1035' title='bbox 1221 5748 1271 5805; x_wconf 91' lang='lat' dir='ltr'>tibi</span> <span class='ocrx_word' id='word_1_1036' title='bbox 1293 5750 1413 5805; x_wconf 87' lang='lat' dir='ltr'>Romam</span> <span class='ocrx_word' id='word_1_1037' title='bbox 1439 5747 1558 5806; x_wconf 86' lang='lat' dir='ltr'>tendenti</span> <span class='ocrx_word' id='word_1_1038' title='bbox 1579 5749 1664 5806; x_wconf 91' lang='lat' dir='ltr'>homo</span> <span class='ocrx_word' id='word_1_1039' title='bbox 1687 5748 1749 5804; x_wconf 91' lang='lat' dir='ltr'>inde</span> 
     </span>
     <span class='ocr_line' id='line_1_76' title="bbox 92 5814 1749 5904; baseline -0.007 -22"><span class='ocrx_word' id='word_1_1040' title='bbox 92 5823 186 5883; x_wconf 88' lang='lat' dir='ltr'>immo</span> <span class='ocrx_word' id='word_1_1041' title='bbox 192 5833 221 5884; x_wconf 86' lang='lat' dir='ltr'>et</span> <span class='ocrx_word' id='word_1_1042' title='bbox 227 5833 395 5900; x_wconf 84' lang='lat' dir='ltr'>tangentem.</span> <span class='ocrx_word' id='word_1_1043' title='bbox 403 5824 484 5896; x_wconf 84' lang='lat' dir='ltr'>Quod</span> <span class='ocrx_word' id='word_1_1044' title='bbox 492 5838 550 5883; x_wconf 91' lang='lat' dir='ltr'>non</span> <span class='ocrx_word' id='word_1_1045' title='bbox 557 5830 672 5892; x_wconf 79' lang='lat' dir='ltr'>tentem,</span> <span class='ocrx_word' id='word_1_1046' title='bbox 679 5827 728 5878; x_wconf 90' lang='lat' dir='ltr'>ant</span> <span class='ocrx_word' id='word_1_1047' title='bbox 736 5814 901 5904; x_wconf 56' lang='lat' dir='ltr'>tenuitoiaj</span> <span class='ocrx_word' id='word_1_1048' title='bbox 952 5817 1062 5877; x_wconf 82' lang='lat' dir='ltr'>veniens</span> <span class='ocrx_word' id='word_1_1049' title='bbox 1075 5817 1205 5893; x_wconf 84' lang='lat' dir='ltr'>obviaret,</span> <span class='ocrx_word' id='word_1_1050' title='bbox 1218 5820 1455 5894; x_wconf 67' lang='lat' dir='ltr'>querimoniam,</span> <span class='ocrx_word' id='word_1_1051' title='bbox 1478 5819 1544 5894; x_wconf 85' lang='lat' dir='ltr'>quid</span> <span class='ocrx_word' id='word_1_1052' title='bbox 1558 5819 1654 5878; x_wconf 86' lang='lat' dir='ltr'>melius</span> <span class='ocrx_word' id='word_1_1053' title='bbox 1666 5831 1749 5889; x_wconf 83' lang='lat' dir='ltr'>qnam</span> 
     </span>
    </p>
   </div>
   <div class='ocr_carea' id='block_1_7' title="bbox 355 5445 637 5491">
    <p class='ocr_par' dir='ltr' id='par_1_7' title="bbox 355 5445 637 5491">
     <span class='ocr_line' id='line_1_77' title="bbox 355 5445 637 5491; baseline -0.014 0"><span class='ocrx_word' id='word_1_1054' title='bbox 355 5445 450 5491; x_wconf 74' lang='lat' dir='ltr'>scete</span> <span class='ocrx_word' id='word_1_1055' title='bbox 466 5445 637 5490; x_wconf 74' lang='lat' dir='ltr'>SUPBRBIAE.</span> 
     </span>
    </p>
   </div>
   <div class='ocr_carea' id='block_1_8' title="bbox 0 0 1928 6148">
    <p class='ocr_par' dir='ltr' id='par_1_8' title="bbox 0 0 1928 6148">
     <span class='ocr_line' id='line_1_78' title="bbox 0 0 1928 6148; baseline 0 0"><span class='ocrx_word' id='word_1_1056' title='bbox 0 0 1928 6148; x_wconf 95' lang='lat' dir='ltr'> </span> 
     </span>
    </p>
   </div>
  </div>
 </body>
</html>
