3824 6164
124 232 193 289 ints
664 220 807 277 loannis
824 220 976 277 CASSlANl
995 218 1242 277 consitiones.
1719 223 1787 279 1211

123 372 169 427 epu
183 368 277 427 opnor
289 354 370 417 illud,
390 352 436 409 sed
454 350 527 422 qnod
539 349 646 404 lectitat
663 350 693 403 in
719 349 847 405 membris
860 350 926 403 meis
939 352 967 413 A
980 361 1074 402 amoro
1086 346 1230 419 llagrames
1241 343 1398 403 desiderant
1405 344 1517 417 implere
1531 358 1595 417 quae
1609 344 1734 415 cupiunt,
1753 354 1786 403 ut

119 453 268 521 penatum.
284 447 333 503 Vel
354 443 429 518 quod
442 443 567 515 sequitur
584 444 767 501 :condelector
788 442 928 512 enimtege
979 440 1062 497 etiam
1088 440 1213 513 pervigili
1234 455 1301 497 cura
1327 439 1563 512 opportunitatem
1589 438 1785 497 committendi

123 542 327 601 lldsecnndnm
336 542 491 595 interiorem
499 538 734 604 liominem;uidee
742 542 832 592 antem
841 538 926 593 uliam
980 533 1087 591 sceleris
1110 542 1292 605 aucupentur,
1317 547 1348 589 ac
1362 532 1397 588 dc
1410 530 1560 603 ignominia
1578 538 1671 585 suaet
1689 531 1784 588 erimi-

125 636 209 707 lepem
219 639 247 691 in
261 634 388 689 montiis
396 636 472 695 meis,
483 636 676 703 repnprionteni
684 631 739 700 lapi
751 634 848 687 mentis
861 646 926 686 ineo
979 644 1048 685 num
1062 629 1174 685 cumulo
1194 627 1350 700 gloriantes,
1375 626 1527 682 secundum
1549 626 1716 683 sententiam
1732 626 1786 685 oli-

126 731 151 784 et
164 728 302 796 capricum
315 742 357 781 me
366 726 504 781 ducentem
517 727 546 779 in
569 726 624 793 lege
637 725 751 795 peccati,
765 740 827 794 qnia
842 728 880 779 est
897 726 927 778 iii
978 721 1110 794 jurgantis
1121 720 1245 793 Apostoli
1260 720 1370 791 (Philip.
1386 720 1431 787 ιιι)
1441 717 1553 774 laudem
1567 718 1623 775 sibi
1636 719 1785 791 quamdam

125 820 251 877 memore
262 822 421 887 meisllloin.
436 818 491 890 ιιι)
501 817 673 882 :econtrario
686 815 826 874 evidenter
837 824 927 873 osten·
980 815 1016 873 de
1030 815 1190 872 contusione
1203 815 1374 887 conquirant.
1391 814 1468 885 Quos
1481 812 1567 868 etiam
1576 814 1715 871 ieremias
1729 828 1777 887 pro

125 912 379 987 dantpeeciorum
391 926 514 985 personae
529 911 651 969 limenun
664 924 744 982 posse
759 908 927 966 omnimodis
980 910 1059 983 pheta
1084 925 1139 965 non
1165 910 1255 966 solum
1279 924 1334 965 nou
1353 907 1497 977 nolentes,
1520 921 1573 963 nec
1598 924 1663 965 cum
1695 910 1786 982 requie

126 1009 284 1077 convenire,
296 1006 346 1065 sed
363 1006 556 1078 adsolosquae
574 1006 722 1061 dictasunt
735 1004 928 1075 attinereper-
980 1003 1073 1060 cordis
1098 1012 1127 1059 et
1147 1003 1271 1074 corporis
1293 1002 1458 1074 llagidorum
1479 1014 1529 1056 eos
1551 1002 1666 1059 crimina
1684 1019 1786 1076 perpe-

126 1099 232 1169 sectos,
252 1108 396 1157 eteorum
416 1109 523 1157 tautum
547 1101 594 1172 qui
617 1098 807 1171 apostolorum
830 1098 926 1153 merita
981 1106 1064 1163 trare,
1080 1112 1175 1154 verum
1198 1098 1283 1153 etiarn
1302 1096 1329 1151 in
1343 1103 1450 1152 mutum
1464 1110 1516 1152 eos
1531 1098 1628 1152 asserit
1639 1096 1787 1157 laboriosis

126 1196 344 1267 subsequuntur,
367 1209 518 1265 congruere
539 1192 683 1249 sanedtati.
709 1192 847 1247 t'ncterum
871 1206 928 1261 quo
981 1192 1137 1260 conatibus,
1161 1196 1192 1246 ut
1204 1189 1240 1245 ad
1255 1188 1387 1246 allectum
1404 1202 1502 1244 eorum
1518 1190 1689 1260 perveniant,
1708 1189 1784 1246 desii·

125 1294 204 1359 paeto
228 1301 351 1357 personae
373 1294 547 1357 peccatorum
578 1284 631 1341 lioc
656 1286 755 1356 poterit
783 1285 929 1341 convenire
981 1283 1058 1353 dare,
1070 1292 1127 1339 uta
1142 1282 1232 1339 lethali
1245 1282 1378 1338 scelerum
1389 1280 1514 1353 appetitu
1524 1295 1578 1337 nec
1591 1280 1784 1337 obsistentibiu

126 1378 202 1452 quod
213 1378 301 1435 dicit:
321 1382 380 1437 Non
394 1382 465 1435 enirn
487 1380 559 1448 qnod
575 1381 633 1434 celo
648 1379 753 1441 derium,
767 1380 860 1445 secio3
883 1379 929 1433 sed
981 1377 1072 1433 arduis
1083 1376 1293 1434 difficultatibus
1307 1384 1488 1443 revocentur,
1509 1373 1624 1432 dicens:
1649 1379 1683 1431 171
1692 1378 1784 1446 inipnc

127 1474 199 1542 qued
218 1472 264 1529 odi
279 1474 392 1535 rrurlnne,
405 1474 453 1527 laec
463 1472 598 1542 egelsed
610 1488 661 1528 nec
674 1472 742 1529 illud
754 1472 865 1544 quidem
879 1475 931 1530 :si
981 1480 1090 1543 egerent
1108 1475 1297 1529 intemperant
1313 1474 1417 1543 (terem.
1436 1470 1488 1541 ιι).
1504 1469 1576 1527 Illud
1596 1486 1710 1543 quoque
1726 1472 1784 1545 qun

126 1572 216 1621 entem
228 1567 430 1635 qitodnelelioc
444 1568 602 1636 tricinium
616 1582 832 1638 nonepooperor
847 1568 927 1634 illnd,
983 1564 1082 1621 dixerit
1102 1565 1290 1636 peccatoribus
1314 1562 1459 1619 convenire
1479 1578 1488 1617 τ
1512 1564 1526 1598 ⁵
1545 1566 1640 1633 ltaque
1661 1580 1710 1631 epo
1729 1566 1784 1633 ipse

126 1658 174 1715 sed
184 1660 256 1730 qued
274 1660 380 1717 diiditnt
393 1662 424 1715 in
445 1676 486 1716 me
501 1664 659 1731 peccatam?
669 1661 738 1727 Quis
753 1661 826 1721 euim
840 1658 930 1715 delin-
982 1663 1070 1714 merite
1082 1662 1170 1715 seroie
1181 1661 1233 1729 lepi
1244 1662 1303 1723 liei,
1320 1674 1401 1714 comte
1414 1661 1501 1713 nuum
1513 1659 1567 1727 legi
1574 1660 1681 1727 peccem
1691 1660 1782 1723 (Rom.

127 1752 268 1826 quentium
295 1755 394 1812 nolens
424 1770 453 1811 se
484 1753 624 1811 adulteriis
650 1753 967 1825 iomicationibusqness
985 1758 1051 1825 ιιι),
1068 1772 1138 1828 quos
1154 1772 1204 1812 nec
1224 1764 1316 1813 mente
1330 1770 1381 1811 nee
1400 1756 1552 1811 carnelteo
1570 1754 1674 1809 servire
1693 1754 1783 1809 mani-

127 1847 317 1906 contaminet?
332 1850 401 1921 Quis
415 1848 516 1906 invitus
536 1848 662 1921 proximo
683 1848 780 1905 tendat
801 1846 932 1903 insidias?
985 1836 1087 1907 fesium
1103 1854 1164 1907 est?
1178 1858 1226 1906 aut
1244 1847 1480 1922 quemadmodum
1497 1847 1525 1904 hi
1539 1848 1584 1920 qui
1600 1856 1784 1920 peccantcor·

127 1942 196 2014 Quis
215 1942 363 2001 inevitabili
383 1944 540 2001 necessitate
559 1951 684 2015 cogatur,
710 1950 742 1999 nt
764 1942 831 1998 lalso
853 1941 931 1998 testi·
986 1959 1061 2015 pore,
1084 1953 1176 1999 mente
1196 1946 1318 2000 serviunt
1337 1946 1408 2011 Deo,
1428 1958 1494 2000 cum
1512 1943 1640 1999 vitiorum
1657 1942 1781 1999 tomitem

128 2036 223 2093 monio
248 2037 390 2095 laomiuam
411 2038 562 2110 opprimat,
588 2036 699 2094 furtove
726 2036 854 2107 decipiat,
881 2041 931 2090 aut
985 2054 1048 2094 caro
1064 2032 1098 2093 eii
1119 2036 1202 2094 corde
1218 2038 1370 2110 concipiat;
1393 2046 1422 2094 et
1445 2038 1507 2110 ipse
1532 2044 1631 2094 auctor
1645 2036 1782 2108 utriusqus

128 2127 238 2186 alterius
260 2132 347 2202 spolia
370 2132 552 2203 concupiscat,
575 2131 616 2186 vel
638 2128 797 2202 sanguinem
811 2127 929 2184 laudat?
983 2141 1099 2200 naturae,
1118 2132 1222 2189 iontem
1240 2141 1321 2204 atque
1339 2132 1473 2205 originem
1494 2138 1673 2204 peccatorum
1697 2146 1732 2187 ex
1752 2144 1782 2187 eo

128 2220 300 2288 Quinimmo,
315 2232 346 2279 ut
361 2224 492 2295 seriptum
507 2232 558 2290 est,
574 2232 588 2258 ⁸
604 2224 751 2277 liumurtnin
763 2236 847 2290 peries
860 2220 929 2275 diii-
982 2224 1139 2295 pronuntiet
1151 2226 1297 2279 emanare?
1310 2224 1443 2289 meede,
1459 2222 1587 2293 inquiens
1600 2222 1710 2289 (illeille
1724 2222 1781 2291 ιι),

127 2318 218 2381 penten
235 2316 370 2369 intentum
392 2323 432 2369 est
457 2316 494 2371 eid
517 2320 667 2385 cespititium
689 2334 706 2371 u
717 2317 861 2385 juventute
878 2329 929 2368 sne
978 2319 1125 2389 procedunt
1137 2320 1310 2387 cogitationes
1323 2320 1411 2385 meloe,
1422 2317 1575 2383 adulteria,
1585 2318 1781 2383 teruennenses,

129 2406 205 2477 (tien.
221 2424 267 2466 ιιι
279 2425 321 2465 see
332 2412 472 2482 LXX).ln
484 2420 593 2467 tantum
607 2412 679 2468 enim
694 2426 789 2467 omnes
801 2409 929 2466 vitiorum
982 2413 1069 2478 serta,
1085 2419 1113 2465 et
1133 2418 1233 2467 caetora
1246 2408 1413 2483 hujusmodi.
1435 2408 1628 2479 Quamobrem
1650 2406 1783 2465 evidenter

680 2553 807 2610 ALARDl
825 2554 939 2609 Gaesi
957 2552 1238 2608 COMMENTARIUS.

130 2673 218 2758 lactus
239 2674 329 2758 etalii
347 2675 569 2761 ineumlocuiii,
591 2678 690 2761 etipse
704 2678 871 2751 Augustinus
888 2677 930 2733 Ι.ι
983 2676 1206 2748 concupiscentiae
1236 2674 1438 2757 involuntariis,
1473 2688 1505 2729 ex
1526 2682 1640 2757 peceato
1665 2668 1784 2755 Adarin

131 2744 166 2803 ad
189 2747 395 2820 simplicianum
419 2764 444 2805 c.
474 2756 499 2817 l,
522 2764 567 2820 qui
587 2758 745 2806 existimant
765 2748 931 2821 Apostolum
984 2757 1081 2805 natura
1101 2756 1230 2819 corrupta
1248 2757 1276 2804 et
1291 2754 1380 2802 vitiata
1395 2744 1593 2817 pullulantibus,
1618 2750 1785 2825 quoseuam

131 2831 188 2873 non
202 2818 278 2891 loqui
291 2817 325 2875 de
344 2834 373 2875 se
387 2819 483 2891 suique
496 2820 731 2903 siniilibusjustis
747 2821 795 2876 sed
811 2819 931 2875 induisse
984 2819 1031 2874 viri
1044 2819 1131 2874 sancti
1147 2826 1176 2874 et
1193 2816 1305 2889 perlecti
1327 2816 1355 2872 iu
1369 2817 1422 2872 liae
1434 2816 1482 2870 vita
1501 2814 1680 2885 experiuntur
1693 2822 1783 2867 inviti.

131 2902 278 2960 personam
293 2890 436 2947 liominuni
456 2892 615 2961 impiorum,
631 2908 676 2963 qui
690 2892 780 2947 earnis
800 2890 931 2969 eoncupi—
984 2890 1045 2943 Hoe
1062 2889 1138 2942 enini
1159 2888 1288 2959 estquod
1310 2888 1348 2943 ait
1369 2887 1515 2959 Apostolus
1536 2888 1617 2941 :Non
1639 2884 1715 2955 qiiod
1729 2884 1783 2939 cale

129 2961 232 3015 scentia
246 2960 394 3027 ducuntur,
409 2972 437 3017 et
452 2962 648 3032 pertrahuntur
670 2961 698 3015 in
712 2960 800 3014 multa
814 2958 927 3029 llagitia3
985 2960 1092 3021 tererem,
1112 2960 1159 3014 liec
1175 2975 1239 3028 epm
1262 2959 1324 3031 quia
1342 2958 1405 3015 volo
1422 2973 1479 3014 non
1496 2956 1709 3027 concupiscere,
1730 2968 1783 3009 non

130 3043 192 3096 seu,
207 3030 279 3101 qnod
297 3031 370 3086 ideni
383 3040 435 3096 est,
451 3032 565 3087 voluisse
584 3040 686 3085 statarii
701 3030 810 3084 liumani
824 3028 931 3101 generis
984 3030 1085 3086 sentire
1106 3038 1197 3086 inotus
1219 3029 1460 3102 concupiscentiae,
1474 3026 1549 3098 quod
1563 3036 1660 3083 tamen
1680 3026 1782 3097 assequi

131 3100 183 3154 suli
198 3110 309 3172 peceato
332 3101 473 3156 constituti
497 3116 548 3156 nec
563 3100 739 3173 pergratiam
761 3100 878 3172 reparati
902 3102 930 3154 in
983 3116 1099 3172 nequeo.
1119 3100 1171 3157 Sed
1185 3103 1255 3171 quod
1270 3102 1316 3156 odi
1335 3102 1437 3155 inulam
1449 3096 1781 3171 (seilicetconcupiseere),

131 3168 222 3237 seipso
232 3172 392 3240 exprimere.
405 3172 484 3228 Unde
499 3172 536 3226 ait
550 3190 556 3226 :
572 3174 631 3228 Scio
645 3174 709 3241 quin
724 3173 768 3225 lea
777 3171 930 3241 spiritualis
984 3173 1031 3225 lioe
1050 3173 1132 3238 socio.
1161 3174 1213 3227 lidi
1235 3174 1324 3239 fucere
1350 3186 1378 3227 se
1396 3172 1481 3233 discit,
1501 3170 1591 3241 inquit
1616 3168 1782 3239 Augustinus

132 3242 187 3305 est3
203 3256 248 3309 epo
261 3247 350 3295 autern
363 3242 481 3296 eiriviulis
492 3257 561 3311 sum,
572 3243 750 3297 eeiininduties
765 3243 814 3296 sue
821 3248 928 3312 peceato
984 3243 1052 3313 (tlt.
1066 3250 1158 3298 eontra
1165 3244 1235 3297 dues
1246 3246 1323 3313 epist.
1334 3244 1471 3311 Pelagine.
1483 3258 1542 3311 ovip.
1555 3246 1608 3307 10),
1621 3256 1669 3295 nori
1678 3240 1782 3305 effectu

131 3312 218 3375 (Rom.
243 3322 309 3379 ιιι).
326 3312 374 3370 Cui
389 3313 532 3369 sententiae
556 3312 699 3383 sullragari
715 3312 796 3368 etiam
821 3311 928 3368 videtur
946 3305 968 3368 C
984 3315 1174 3377 consentiendi,
1187 3316 1234 3369 sed
1248 3318 1389 3385 ipsomoln
1399 3312 1614 3383 ceinnpiscendi‘.
1632 3312 1691 3366 lloc
1705 3310 1782 3383 igitur

130 3382 167 3437 D.
181 3382 365 3455 Hieronymus
373 3381 400 3439 in
412 3400 470 3456 cap.
482 3398 519 3440 ιιι
534 3384 667 3451 Danielis,
679 3383 784 3441 ubiait:
796 3384 929 3452 Quomodo
985 3393 1025 3439 est
1042 3386 1156 3452 borium,
1170 3385 1245 3457 quod
1260 3385 1411 3457 Apostolus
1426 3400 1481 3439 nan
1505 3384 1593 3455 potuit
1613 3382 1641 3437 in
1659 3381 1709 3437 liac
1729 3380 1782 3436 vita

130 3452 174 3507 dli
187 3460 240 3509 tres
250 3458 332 3525 prtem
349 3458 377 3507 in
398 3459 507 3521 [carnaea
517 3458 655 3509 constituti
669 3472 703 3511 er
715 3471 826 3525 persono
837 3456 932 3525 pepedi
984 3455 1149 3525 adimplere,
1174 3456 1283 3512 nullum
1306 3456 1409 3511 scilicet
1427 3454 1657 3525 concupiscentiae
1678 3460 1782 3509 motum

131 3524 173 3575 itii
191 3526 369 3591 lupreebuntiti·
381 3541 390 3576 :
402 3527 579 3586 Peccavimus,
591 3532 616 3579 et
630 3528 721 3594 irripere
741 3530 843 3595 egimus
857 3541 930 3580 reee-
985 3526 1118 3607 experiri3
1134 3534 1161 3581 el
1176 3526 1228 3582 lioc
1238 3527 1352 3592 malum,
1365 3525 1441 3599 quod
1463 3540 1494 3581 se
1506 3525 1590 3581 etiam
1605 3524 1745 3579 nolentem
1757 3529 1783 3577 et

132 3592 222 3647 dentes
233 3610 250 3646 u-
260 3598 295 3661 te,
307 3601 375 3657 etc.;
387 3596 425 3648 sie
436 3595 504 3649 illud
514 3596 639 3663 Apostoli
646 3596 850 3665 intelligendum
859 3612 928 3651 esse:
985 3596 1120 3653 odientem
1133 3595 1222 3653 lacere
1236 3596 1367 3665 ailirmat,
1378 3612 1477 3669 nempe
1486 3596 1682 3667 concupiscere
1696 3592 1783 3666 :quod

133 3662 192 3719 lien
210 3666 281 3719 enim
301 3665 373 3735 proed
386 3666 454 3728 italo,
474 3665 521 3720 laec
536 3682 604 3735 upo;
620 3666 667 3721 sed
687 3667 757 3736 qnod
774 3669 844 3736 nolo,
861 3666 930 3721 illnd
984 3668 1034 3722 etsi
1050 3668 1152 3724 malum
1166 3668 1212 3738 sit,
1228 3670 1290 3740 quia
1303 3678 1345 3725 est
1362 3667 1473 3740 quidam
1487 3668 1603 3723 mortius
1621 3674 1650 3721 et
1662 3664 1783 3723 delectus

132 3748 236 3801 operor·¹
257 3740 292 3791 lit
309 3740 405 3791 cetera
429 3752 486 3806 parc
504 3740 532 3791 in
554 3739 643 3793 eoelein
662 3739 716 3793 leco
737 3742 837 3809 scripto
856 3742 929 3792 sant.
984 3747 1090 3795 naturai
1106 3749 1256 3809 eorruptae,
1277 3750 1448 3796 nontamen
1473 3748 1515 3795 est
1534 3736 1639 3808 proprii
1663 3733 1784 3791 nominis

133 3804 235 3861 Verum
268 3808 353 3862 altera
378 3808 513 3879 expositio
540 3809 629 3865 eidem
653 3809 809 3881 Augustino
839 3817 930 3878 postea
985 3817 1137 3889 peceatum,
1151 3810 1173 3864 si
1186 3810 1257 3865 absit
1269 3824 1422 3867 consensus
1434 3807 1559 3875 rationis,
1573 3806 1704 3877 quamvis
1717 3804 1784 3863 suli-

132 3876 219 3948 magis
239 3877 340 3947 placuit
362 3878 380 3931 l.
404 3896 423 3934 ii
447 3882 525 3934 Reti.
545 3895 568 3935 e.
598 3888 622 3943 t,
638 3888 665 3933 ct
689 3879 790 3949 passim
811 3878 930 3933 inlibris
984 3879 1243 3951 indealiApostolo
1259 3890 1370 3938 vocetur
1389 3876 1685 3954 praecatum3quiaest
1703 3892 1782 3933 causa

134 3946 266 4001 adversus
285 3948 445 4017 Pelagianos
475 3966 480 4001 :
504 3964 588 4019 quani
613 3950 695 4003 etiarn
718 3952 752 4003 D.
776 3948 930 4018 Anselmus,
985 3950 1114 4007 etfomes
1133 3953 1291 4023 peceati,nt
1307 3953 1398 4020 docet,
1423 3960 1451 4007 et
1462 3950 1576 4023 explicat
1589 3948 1714 4021 synodus
1727 3946 1780 4003 Tri·

133 4016 256 4071 Tliomas
269 4028 295 4075 et
309 4018 353 4074 alil
367 4020 532 4088 posteriores
556 4020 715 4091 interpretes
729 4021 816 4102 iringis
834 4035 932 4090 appro·
984 4022 1096 4077 dentina
1116 4024 1195 4147 sices.
1212 4030 1240 4091 5,
1256 4027 1284 4077 in
1298 4024 1396 4079 decret.
1413 4025 1447 4078 de
1458 4026 1567 4093 peceato
1580 4020 1707 4089 oripirifit.
1721 4022 1779 4075 l'ro·

134 4085 243 4156 barunt,
258 4100 288 4146 iit
305 4100 331 4145 et
350 4098 443 4145 noster
454 4091 633 4146 hichieonas
644 4110 651 4157 ;
664 4092 707 4147 cui
723 4089 836 4163 proinde
847 4090 932 4146 satius
985 4091 1047 4147 iiide
1062 4109 1115 4163 quo
1158 4094 1192 4147 ali
1205 4097 1338 4166 Apostolo
1357 4094 1549 4166 subjungitur:
1566 4096 1597 4150 Si
1609 4098 1699 4145 nirtern
1716 4090 1782 4159 qnod

135 4168 176 4216 est
194 4176 245 4217 nos
257 4161 398 4219 inliaerere.
416 4164 520 4219 Verum
534 4172 564 4219 ut
579 4162 671 4218 lectori
687 4172 836 4235 utcumque
851 4162 930 4217 satis·
984 4165 1052 4226 celo,
1074 4164 1121 4219 lioe
1133 4180 1193 4235 rigo,
1207 4166 1266 4235 jam
1290 4181 1343 4220 nen
1364 4182 1409 4236 epo
1425 4180 1521 4235 operor
1540 4164 1624 4225 illud,
1644 4164 1691 4217 sed
1714 4160 1781 4231 paud

134 4229 192 4297 liat,
212 4241 240 4287 ct
250 4234 309 4290 liare
324 4235 457 4290 sententia
479 4234 564 4303 magis
580 4234 740 4300 elucidetur,
762 4233 929 4304 responden·
985 4234 1091 4289 liuliitet
1104 4237 1132 4289 iii
1147 4253 1189 4291 ene
1204 4242 1353 4307 peceatum,
1366 4238 1457 4302 idest,
1472 4237 1496 4291 si
1508 4233 1664 4291 secundum
1675 4246 1782 4289 carnem

134 4300 202 4358 dum
215 4314 256 4360 est
270 4305 440 4375 argumentis
454 4308 576 4375 superius
594 4321 608 4360 a
623 4305 765 4361 Germano
780 4305 806 4359 iii
821 4312 929 4359 coutra-
985 4306 1158 4376 concupisco,
1183 4306 1258 4378 quod
1278 4316 1372 4365 tamen
1392 4316 1485 4363 mente
1511 4305 1642 4369 detestor,
1662 4318 1716 4360 non
1741 4310 1780 4357 est

135 4371 207 4453 rium
224 4375 337 4445 objectis
346 4376 570 4445 idolliitpriaced.
578 4393 608 4430 ee
631 4378 758 4446 penult.)
769 4394 775 4429 :
787 4376 929 4442 (termedo,
986 4391 1171 4445 spasmeam,
1187 4377 1316 4449 sedopus
1333 4379 1446 4449 peccati,
1469 4377 1497 4434 id
1518 4385 1572 4445 est,
1588 4374 1777 4445 concupiscen-

133 4444 231 4512 mqiiit.
247 4445 322 4499 berito
336 4446 472 4514 Apostolo,
488 4461 565 4514 picem
633 4463 766 4502 sicininum
777 4450 857 4501 totins
866 4462 929 4515 per·
982 4447 1039 4512 tiro,
1063 4464 1124 4519 quae
1145 4464 1178 4504 eii
1193 4457 1302 4520 peccato
1316 4458 1357 4506 est
1379 4448 1461 4505 etad
1486 4458 1629 4519 peccatum
1657 4444 1777 4502 inclinat.

135 4515 259 4582 sectionis
278 4516 380 4570 cnlrnen
399 4521 500 4570 eertum
519 4521 558 4571 est
575 4520 733 4586 pervertisse,
748 4518 818 4571 illnd
832 4520 930 4585 poterit
985 4520 1021 4573 At
1038 4518 1065 4573 id
1085 4519 1158 4590 quod
1177 4521 1256 4575 tertio
1281 4521 1342 4577 loco
1364 4520 1464 4593 objecit
1485 4521 1650 4580 Germanus,
1674 4516 1779 4595 detege

136 4588 272 4643 conuenire
284 4588 357 4657 enred
371 4586 438 4641 dicit
453 4605 459 4640 ε
476 4590 532 4642 lion
543 4592 615 4641 eriiin
632 4589 703 4657 qued
713 4589 780 4654 celo,
798 4589 870 4654 tucio
884 4588 931 4641 lio-
984 4589 1174 4646 membrorum
1197 4592 1364 4661 captivante,
1386 4608 1434 4647 seu
1450 4592 1590 4664 captivum
1613 4590 1729 4645 ducente
1752 4600 1778 4639 iii

135 4674 200 4713 rium
211 4678 219 4725 ;
231 4660 279 4715 sed
290 4660 363 4730 qued
376 4659 423 4715 odi
432 4660 543 4725 mulum,
554 4660 601 4715 lioc
611 4675 672 4729 erpo.
686 4660 759 4715 lllnd
770 4662 851 4713 etium
860 4659 932 4728 quod
945 4668 970 4731 [)
984 4662 1071 4731 legem
1085 4662 1198 4731 peccati,
1211 4663 1285 4733 quod
1297 4666 1429 4745 Apostolo
1442 4678 1500 4719 non
1513 4662 1615 4718 ridetur
1624 4655 1777 4721 convenire,

134 4732 309 4802 siljnnpitui·
325 4750 332 4785 :
348 4732 379 4788 Si
392 4736 481 4786 antem
502 4732 573 4802 qnod
585 4732 653 4794 nelo,
668 4732 716 4785 lice
730 4746 791 4798 epo.
805 4731 865 4800 jeron
879 4746 932 4784 iton
986 4731 1132 4803 respondet
1154 4736 1187 4787 D.
1212 4739 1381 4804 Augustinus
1398 4734 1578 4805 captivantem
1596 4729 1661 4791 dici,
1675 4728 1705 4783 id
1727 4734 1780 4793 est,

136 4818 289 4872 epooperoi·
310 4804 389 4865 illud,
402 4804 450 4857 sed
462 4804 533 4873 qnod
556 4802 706 4857 habitatin
725 4820 767 4857 me
784 4806 930 4872 pernitiem.
986 4803 1120 4874 captivare
1159 4812 1314 4871 conantem,
1345 4806 1387 4861 vel
1415 4806 1599 4877 captivantem
1631 4796 1780 4855 secundum

137 4876 253 4929 Necnon
273 4877 355 4929 etiarn
374 4876 441 4929 lroe:
457 4875 623 4931 Colideleetoi·
636 4877 706 4929 eiiirn
721 4875 772 4941 legi
785 4876 834 4929 lien
844 4889 934 4929 securi-
987 4890 1111 4941 carnem,
1133 4891 1188 4931 non
1210 4876 1360 4933 secundum
1380 4885 1506 4933 mentem
1527 4876 1600 4945 (tto.
1618 4872 1652 4929 de
1669 4874 1740 4942 Nup.
1761 4872 1782 4923 tt

137 4943 202 4997 dnm
210 4948 364 5001 interiorem
371 4948 520 5015 liciniiiein;
534 4948 610 5003 uideo
619 4951 707 5001 iinleni
717 4946 801 5000 inliniri
811 4947 894 5015 legem
903 4946 934 4999 iii
988 4948 1140 5018 concupisc.
1157 4964 1178 5002 e.
1201 4948 1256 5019 30).
1273 4950 1375 5005 Verum
1389 4948 1449 5005 liaec
1462 4948 1570 5023 plenius
1581 4943 1782 5017 explicabuntur

137 5015 261 5069 menbris
277 5020 341 5071 ineis
351 5022 543 5085 repugnantem
558 5020 610 5086 legi
619 5021 713 5071 inentis
723 5034 797 5084 mere,
811 5022 836 5071 et
846 5018 934 5087 capili·
989 5033 1012 5073 c.
1032 5024 1061 5073 11
1084 5026 1112 5073 et
1124 5020 1308 5089 sequentibus.

136 5102 199 5141 inin
209 5087 638 5157 meducenterninlepempeecntr',
651 5088 935 5158 qiieeestiiirnembris
1024 5091 1181 5161 “vulgatus
1202 5100 1291 5151 tertiis
1311 5108 1318 5146 :
1342 5093 1441 5149 Cierietu
1463 5093 1591 5161 cogitatio
1617 5089 1701 5143 cordis
1723 5082 1783 5153 (ltu-

136 5161 212 5215 met's.
226 5162 257 5215 ln
271 5174 324 5229 prio
337 5162 422 5229 igitur
436 5159 491 5213 liare
503 5175 623 5229 personet
638 5162 787 5230 irpiostolieu
806 5163 935 5229 poterunt
988 5160 1073 5225 marii)
1094 5163 1197 5216 interita
1211 5162 1249 5217 eid
1266 5165 1365 5217 muliirn
1390 5166 1463 5218 oilitlt'
1477 5170 1594 5233 tempere
1616 5162 1715 5229 (times.
1733 5154 1781 5221 vti·-

136 5234 259 5301 conptiiri
267 5236 282 5287 l
294 5232 365 5299 (nite
377 5234 447 5287 enim
461 5235 500 5287 est
510 5232 580 5293 doni,
596 5233 669 5302 pared
683 5233 730 5286 ille
746 5248 800 5285 non
815 5231 935 5299 potuerit
989 5234 1027 5286 Fri
1042 5230 1158 5289 lleliraeo
1168 5241 1258 5289 autem
1271 5238 1455 5304 :Fipmentnni
1465 5235 1554 5290 cordis
1563 5230 1783 5289 numanitiintnni

138 5303 305 5375 adimplere?
324 5307 358 5360 Et
370 5306 529 5365 eeoiitrcrio,
547 5306 615 5373 qiiid
628 5304 699 5358 illud
712 5306 750 5357 est
773 5302 847 5363 muli,
863 5300 936 5370 piied
988 5304 1100 5357 mulum.
1116 5307 1166 5359 Est
1179 5313 1272 5361 autem
1287 5305 1461 5379 hyperbolica
1471 5304 1587 5373 locutio,
1604 5300 1722 5359 adcolas
1733 5310 1787 5353 stt·

137 5376 228 5431 nolens
242 5382 268 5433 et
280 5376 382 5438 odiens,
403 5380 493 5430 tuanen
506 5380 613 5443 cogente
625 5380 725 5429 nature
739 5374 840 5428 incitate
848 5373 937 5427 adrni-
989 5374 1088 5429 leratos
1109 5374 1181 5430 illius
1203 5378 1335 5443 temporis
1358 5376 1514 5442 reicienda,
1537 5386 1569 5432 ut
1594 5384 1625 5431 et
1653 5372 1698 5429 illa
1714 5366 1789 5449 Ptol·-

139 5449 284 5505 scrittild
295 5464 378 5519 quiem
390 5449 563 5517 ueropeeonti
579 5447 659 5515 legem
678 5447 811 5501 electionis
832 5460 889 5511 ons,
907 5446 937 5498 in
989 5445 1078 5501 mistae
1101 5463 1108 5497 ι
1131 5448 1225 5503 Omnes
1247 5450 1454 5511 declinaverant,
1478 5450 1564 5503 simnl
1588 5446 1700 5501 inutiles
1718 5442 1786 5509 faeti

140 5530 193 5584 gito
213 5520 339 5575 Christus
358 5522 487 5577 Domitius
512 5520 681 5588 loquebatur,
704 5520 792 5588 potitii
814 5519 937 5587 captivus
989 5521 1059 5579 sunt,
1076 5524 1127 5573 etc.
1142 5520 1226 5585 (Psoi.
1241 5522 1326 5587 xiii).
1341 5522 1411 5575 Nam
1422 5526 1527 5575 certum
1539 5526 1581 5574 est
1596 5518 1636 5573 ibi
1648 5518 1790 5593 doenum,

141 5584 261 5642 obducit
282 5594 420 5647 llaotenus
438 5591 601 5647 Germanus.
617 5593 657 5647 Ut
676 5598 768 5646 autem
787 5588 829 5644 liis
855 5603 937 5659 argu·
990 5596 1021 5644 ut
1034 5596 1062 5645 ot
1083 5589 1129 5645 liic
1151 5591 1282 5647 Davidem
1299 5598 1327 5647 et
1346 5590 1416 5648 alias
1428 5591 1516 5665 justos
1539 5598 1567 5646 et
1580 5588 1687 5661 probos
1708 5594 1791 5655 exctpt

141 5656 242 5712 mentis
262 5658 378 5716 breviter
398 5663 599 5743 respondeatur
624 5664 699 5731 (nani
719 5660 822 5733 plenior
841 5674 937 5714 eorum
991 5670 1129 5733 oportere.

141 5726 273 5785 discussio
288 5738 316 5785 et
329 5731 471 5801 explicatio
486 5735 519 5789 ab
532 5735 602 5788 iuter
624 5734 726 5787 retibus
745 5729 861 5802 petenda
873 5736 936 5793 eati,
1025 5725 1039 5764 ¹³
1058 5735 1100 5790 Dc
1113 5733 1193 5791 multi
1213 5733 1257 5791 lici
1276 5734 1336 5807 lege
1346 5750 1430 5809 quam
1445 5748 1479 5790 oo
1493 5733 1558 5790 loco
1570 5730 1700 5788 distinxit
1716 5734 1786 5801 Apt-

141 5800 293 5859 notaudum
314 5810 355 5859 est
375 5802 538 5872 Apostolum
557 5818 590 5861 eo
604 5750 657 5859 foci
675 5818 753 5873 agere
766 5800 802 5857 de
817 5800 939 5856 motibus
990 5803 1076 5862 stolus
1089 5804 1169 5863 videi
1202 5804 1277 5865 raad
1290 5822 1349 5881 cap.
1367 5810 1398 5865 lt
1413 5806 1496 5879 liujus
1505 5803 1677 5862 collationis.
