3848 6158
186 197 238 253 roa
857 187 1167 269 ronnntscassmnx
1784 185 1839 239 ros

186 328 242 391 tur,
261 329 289 378 et
303 320 378 378 velut
399 321 509 393 quidam
528 317 777 393 perniciosissimus
796 314 926 388 scopulus
939 321 984 372 tn·
996 316 1024 380 Α
1037 314 1152 371 cationis
1166 319 1264 370 ornatu
1279 309 1403 384 nequivit
1422 307 1561 373 extollere,
1577 305 1708 379 gravitate
1725 304 1840 361 tacitur-

188 415 324 472 mentibns
338 415 420 472 undis
434 415 571 480 obtectus,
595 412 773 485 improvisum
786 425 818 466 ae
833 409 987 467 miserabile
1041 407 1132 464 nitatis
1145 406 1228 464 elidit.
1251 405 1277 462 si
1293 405 1397 478 jejunet
1412 401 1512 476 palam,
1535 401 1620 474 gloria
1633 398 1762 455 vanitatis
1781 396 1855 469 pul·-

189 508 362 582 nauiragium
383 508 503 566 secundo
525 505 714 579 navigantibus
735 511 826 572 rento,
842 503 910 560 dum
929 519 986 561 non
1041 512 1126 559 satur.
1142 502 1168 559 si
1182 500 1250 559 illud
1260 498 1470 582 contemnendae
1483 496 1575 570 gloria
1586 511 1667 552 eausa
1677 493 1841 560 contexerit,

189 613 299 661 caretur
312 619 362 659 nec
376 601 549 675 praevidetur,
564 601 702 671 importat.
1040 595 1138 653 eodem
1160 596 1226 652 vitio
1244 595 1371 652 elabonis
1390 592 1562 650 obtunditur.
1588 593 1630 647 lle
1648 604 1724 646 ranae
1746 587 1842 661 glorlae

500 704 615 761 CAPUT
629 704 676 758 lv.
1041 691 1165 762 contagio
1185 689 1347 755 maculetur,
1366 688 1504 745 orationes
1523 684 1643 758 prolixus
1655 683 1706 740 sub
1720 681 1857 746 fratrum,

192 806 325 874 Quomodo
338 803 483 859 modom
494 803 681 857 monacum„
692 801 797 857 ,pexum
808 806 832 857 ,r
843 803 988 857 assurum
1042 786 1108 843 vitat
1128 783 1264 841 celebrare
1277 791 1437 855 conspectu,
1451 791 1478 837 et
1489 781 1563 853 quod
1575 795 1620 834 eas
1637 778 1754 833 latenter
1765 792 1843 833 exer·

514 877 663 945 impendel·
1041 889 1112 950 seat,
1129 879 1290 949 nullumque
1303 876 1401 933 habeat
1418 875 1561 932 conscium
1579 871 1654 940 facti,
1671 886 1727 927 non
1745 869 1842 944 elingit

223 976 320 1046 ltaque
336 973 376 1030 ria
388 974 463 1048 regia
476 975 612 1032 volentem
627 975 757 1034 incedere
761 992 811 1047 per
822 992 901 1032 anun
908 975 924 1046 j
928 976 991 1032 usti·
1041 974 1150 1031 aculeos
1161 972 1294 1029 vanitatis.

191 1070 246 1132 tin,
259 1085 318 1139 qua
329 1086 346 1124 a
357 1069 462 1125 deutris
472 1075 536 1126 suut
553 1075 578 1126 et
589 1087 607 1125 a
617 1073 746 1135 sinistris,
758 1077 865 1143 oportet
876 1072 989 1142 Aposto·
1354 1066 1474 1122 CAPUT
1494 1066 1528 1121 V.

190 1163 240 1220 lica
256 1163 398 1236 dIsciplina
413 1165 529 1222 transite
542 1181 593 1237 per
614 1167 728 1235 pieriam
743 1170 768 1221 et
782 1166 988 1236 innobilitntem,
1079 1169 1138 1235 Qun
1148 1164 1347 1235 comparatione
1357 1164 1518 1216 monstratae·
1528 1162 1630 1214 nutura
1642 1157 1805 1213 mundantis.

186 1274 239 1328 Pil
251 1259 397 1327 infamiam
409 1261 435 1313 ti
453 1259 549 1315 itiam
560 1260 667 1327 samam
681 1261 717 1325 (ll
734 1260 794 1317 Cti-
812 1259 865 1330 rxl,
879 1267 906 1315 θῑ
917 1265 990 1314 linia
1079 1267 1195 1325 Pulchre
1208 1266 1328 1323 seniores
1342 1264 1428 1322 nostri
1442 1271 1570 1320 naturam
1584 1261 1674 1320 morbi
1687 1261 1771 1334 liujus
1784 1261 1801 1301 ⁴⁸
1814 1261 1841 1318 in

191 1352 317 1410 cautione
345 1353 418 1408 inter
440 1360 580 1410 tumentes
602 1354 786 1410 tentationum
806 1353 915 1423 linctus,
936 1368 991 1425 gu·
1043 1361 1157 1419 modum
1169 1375 1243 1433 uupae
1256 1356 1458 1429 bulborumque
1472 1354 1711 1426 inscribuntque,
1726 1369 1783 1410 uno
1797 1352 1843 1411 de

190 1446 321 1504 belnam
332 1445 505 1516 diissfeliffli,
516 1453 544 1504 θῑ
556 1446 639 1504 flami
651 1447 733 1504 ¹1⁰bi³
745 1446 850 1518 Sillim
865 1446 987 1516 D0mi¹¹b
1043 1455 1169 1514 corbceta
1180 1454 1309 1528 tegmine,
1321 1451 1373 1509 alio
1381 1464 1493 1508 rursum
1502 1447 1678 1505 inveniuntur
1686 1446 1796 1514 induta,
1805 1455 1842 1505 to

190 1539 241 1596 ῑῑθῐ
255 1538 371 1610 difidiffl
391 1538 505 1608 virtutis,
525 1548 556 1596 nt
568 1538 664 1596 deliri
680 1538 799 1611 ¹&dilue
813 1539 835 1594 ⁸5
849 1537 988 1611 paululum
1042 1549 1145 1622 tiesque
1153 1548 1324 1622 reperiuntur
1336 1545 1443 1603 obtecta
1455 1541 1560 1615 quoties
1568 1540 1670 1598 inerint
1682 1540 1839 1613 exspoliata.

190 1633 378 1699 deflectamus,
400 1632 519 1688 sciamus
536 1647 588 1689 nos
602 1632 760 1704 perniciosis
780 1646 844 1688 mox
864 1631 988 1689 cautibus
1347 1649 1467 1705 cqpup
1485 1647 1531 1702 γι,

93 1732 94 1737 ’
190 1724 343 1783 illidendos.
360 1725 478 1797 ldeoque
496 1741 543 1797 per
562 1726 794 1797 sapientissimum
811 1725 1030 1794 Salomonemss
1110 1725 1286 1804 Cenoma„
1299 1742 1451 1799 somnusue,
1466 1740 1653 1809 nummu„
1666 1740 1776 1809 penum,

73 4910 85 4929 ·
193 4915 276 4970 neque

192 1836 364 1877 monemur:
388 1820 616 1878 ‘Nedieertnris
635 1821 672 1876 ad
689 1821 937 1891 metuamusque
953 1823 990 1876 nd
1039 1881 1044 1889 ⁸
1368 1813 1512 1880 exstinqui.

192 1918 332 1972 sinistram
352 1914 485 1986 (Pronub.
500 1918 552 1983 tv),
565 1914 593 1971 id
610 1922 662 1983 est,
677 1929 712 1970 ne
728 1913 779 1971 tibi
795 1914 830 1971 de
844 1915 990 1972 virtutibus
1080 1915 1111 1968 ln
1122 1908 1265 1967 solitudine
1274 1921 1384 1980 quoque
1397 1913 1560 1961 cunctorum
1574 1891 1588 1936 d
1602 1902 1764 1960 mortalium
1778 1918 1841 1960 con-

192 2007 349 2077 biandiaris,
357 2011 388 2064 ‘et
400 2006 516 2065 dexteris
527 2008 695 2065 successibus
706 2023 738 2064 ac
749 2008 937 2081 spiritualibus
949 2024 990 2063 sx-
1043 2009 1127 2066 sortia
1137 2007 1231 2080 gloriae
1243 2019 1326 2062 cansa
1337 2002 1496 2077 ludentem,
1512 2000 1637 2074 persequi
1652 2015 1709 2057 non
1722 1998 1838 2058 desistit.

192 2102 309 2170 tollaris,
328 2117 362 2158 ne
381 2101 527 2159 dellectens
541 2100 577 2158 ad
589 2101 731 2159 sinistrum
752 2103 890 2159 tramitem
909 2100 989 2159 vitio·
1042 2108 1204 2178 Quantoque
1220 2100 1337 2174 amplius
1357 2099 1514 2155 universum
1532 2096 1595 2168 quis
1617 2095 1743 2180 vitaverit
1764 2110 1843 2152 mun·

192 2212 266 2264 rum,
281 2194 432 2252 secundum
451 2196 628 2268 Apostolum,
647 2195 765 2267 gloriam
784 2195 834 2252 tibi
854 2211 888 2253 ex
909 2194 989 2252 eisin
1043 2197 1120 2266 dum,
1140 2203 1218 2253 tanto
1236 2192 1402 2251 eumantius
1421 2192 1578 2250 insectatur.
1594 2189 1689 2246 silium
1706 2187 1782 2262 quod
1796 2203 1843 2262 pa-

192 2298 240 2347 tna
260 2288 421 2347 contusione
441 2289 597 2362 conquiras.
621 2283 728 2347 Nomi
750 2292 794 2346 cui
819 2284 872 2347 snb
898 2289 987 2364 speeie
1043 2289 1218 2347 tientissimus
1244 2287 1279 2345 sit
1303 2285 1392 2360 operis
1412 2301 1444 2342 ac
1466 2283 1577 2352 laboris,
1602 2283 1689 2340 alium
1711 2281 1789 2355 quod
1809 2282 1844 2338 ad

193 2384 339 2440 succincte
356 2381 451 2441 restris
470 2399 501 2439 ac
518 2383 612 2440 nitidae
633 2380 813 2441 cenodoxiam
833 2398 889 2439 non
903 2381 991 2456 potuit
1045 2376 1228 2440 obedientium
1245 2378 1477 2453 promptissimus,
1496 2376 1582 2433 aliurn
1595 2375 1668 2450 quod
1688 2374 1845 2432 bumilitate

194 2476 320 2535 diabolus
332 2491 471 2551 generare,
492 2477 676 2551 prosqualidn
694 2485 721 2535 et
735 2477 835 2535 inculta
849 2494 881 2534 ae
899 2477 991 2534 viliore
1044 2484 1156 2535 ceteros
1189 2472 1393 2547 praeponderet,
1430 2479 1545 2529 conatur
1584 2469 1719 2528 extollere.
1763 2470 1846 2527 Alius

195 2581 311 2629 conatur
322 2571 455 2639 inserere3
472 2586 553 2643 quem
567 2587 623 2627 nou
638 2572 727 2643 potuit
740 2588 789 2645 per
800 2571 934 2628 honorem
949 2568 991 2626 de
1046 2571 1180 2639 scientiae,
1196 2569 1266 2625 nlius
1284 2567 1423 2636 lectionis,
1436 2566 1506 2624 nlius
1520 2565 1670 2639 vigiliarum
1686 2563 1846 2637 prolixitate

190 2665 283 2740 jicere,
302 2665 456 2723 hnmilitate
474 2665 645 2739 supplantat3
662 2666 877 2738 qnemscientiae
891 2672 919 2722 et
934 2664 991 2720 elo·
1043 2674 1173 2724 tentatur.
1201 2667 1257 2720 lloe
1280 2663 1347 2720 alias
1370 2677 1536 2735 quemquam
1566 2659 1608 2716 bic
1634 2659 1766 2729 morbus,
1792 2659 1846 2717 nisi

740 2792 867 2847 xtnnbt
886 2793 997 2855 GAZAEl
1017 2788 1296 2850 COMMENTARIUS.

194 2913 385 2967 monasterium
395 2913 420 2966 et
428 2909 629 2965 multitudinem
638 2911 762 2978 fratrum
772 2924 859 2964 seeum
870 2911 994 2966 buddon-
1046 2915 1119 2971 sunt,
1134 2926 1151 2963 n
1166 2909 1284 2962 sinistris
1296 2910 1359 2961 steret
1372 2906 1505 2973 (Prouerb.
1528 2905 1581 2968 rvi.
1598 2904 1651 2971 Qui
1664 2918 1725 2973 erqo
1738 2905 1846 2973 septen

195 2986 274 3046 tium,
287 2983 431 3052 turbasque
440 2996 531 3036 eorum
542 2982 593 3050 qui
601 2981 712 3035 diuersis
722 2981 894 3048 innuentibus
903 2986 928 3037 et
940 2984 992 3037 im·
1047 2985 1096 3044 est,
1111 2995 1214 3050 semper
1231 2979 1264 3033 de
1278 2980 1373 3046 (utura
1392 2977 1486 3031 scendo
1500 2976 1609 3043 sopitat,
1630 2974 1702 3045 quod
1716 2975 1793 3030 ducit
1806 2976 1846 3030 ad

195 3055 304 3110 mundis
318 3053 460 3125 spiritibus
475 3055 613 3121 occupatos
627 3051 664 3106 ad
677 3065 703 3107 se
722 3052 892 3116 reducebant,
907 3054 947 3107 ita
960 3057 1025 3121 nte
1044 3053 1193 3107 deuterum.
1210 3051 1263 3117 Qrti
1278 3064 1339 3103 nero
1357 3050 1485 3118 insipiens
1502 3051 1550 3130 est,
1571 3047 1604 3100 de
1619 3048 1755 3130 presenti,
1771 3047 1847 3130 qnod

195 3129 268 3182 omni
280 3140 373 3195 penere
387 3124 524 3178 bominum
535 3122 650 3177 solitudo
660 3137 709 3192 per
720 3124 863 3178 circuitum
878 3125 991 3194 replere·
1041 3125 1158 3195 positum
1168 3125 1207 3177 est
1221 3123 1251 3175 in
1260 3122 1383 3175 sinistro.
1399 3122 1462 3187 Qnae
1471 3117 1579 3187 qttrdem
1591 3121 1695 3173 sentus
1706 3117 1777 3172 idern
1785 3118 1848 3187 pbr·

195 3203 256 3265 tur;
269 3197 351 3267 tiebat
364 3194 492 3265 quotidie,
505 3196 531 3248 et
545 3193 697 3249 incredibili
708 3193 840 3249 desiderio
852 3210 991 3250 converso·
1044 3195 1167 3266 iosopbus
1182 3198 1207 3248 et
1218 3196 1298 3264 poeta
1311 3194 1350 3246 nit
1366 3210 1374 3245 ε

195 3271 276 3324 tionis
288 3269 408 3337 unique
417 3263 617 3321 recordabatur.
634 3268 816 3342 Interropatus
826 3282 844 3320 o
855 3267 991 3334 [rutubus

196 3340 263 3409 quid
277 3339 395 3401 baberet,
412 3353 459 3392 eur
474 3351 501 3392 se
516 3338 661 3407 coniceret,
676 3339 717 3392 ait
732 3355 739 3391 :
756 3340 873 3393 Rursum
888 3337 925 3392 ad
938 3354 990 3392 sa·
1106 3346 1224 3402 Dextera,
1238 3355 1295 3403 qnae
1308 3342 1390 3406 anagni
1399 3342 1464 3391 Ditis
1475 3340 1521 3391 sub
1531 3340 1622 3390 moenia
1632 3338 1715 3398 ducit,

196 3412 285 3465 culum
294 3409 500 3478 redii,etrecepi
507 3408 652 3463 mercedem
658 3411 780 3464 encoma
789 3411 920 3464 ettamen.
930 3412 991 3464 lam
1107 3409 1159 3456 Huc
1170 3406 1218 3455 iter
1227 3405 1338 3466 Elysium
1352 3404 1437 3478 nobisr
1450 3408 1475 3477 a!
1485 3403 1678 3476 1oev³m³i0rl¹m

197 3482 312 3535 homines
329 3481 620 3534 Poloestinoeetoicinoe
663 3481 772 3534 seluern
783 3482 991 3535 existimantme
1106 3471 1319 3530 ffliiell‘oessib
1336 3466 1488 3530 ilidlffll)la
1501 3469 1605 3517 Timr&
1614 3468 1700 3515 immi·

198 3550 314 3619 nlimjus
333 3565 386 3604 esse
404 3552 539 3612 memmii,
554 3558 606 3606 etc.
642 3549 721 3606 ubdit
739 3549 835 3605 deinde
853 3550 990 3622 Hierony-

198 3635 260 3676 mus
275 3638 281 3674 :
297 3621 432 3675 Miremur
445 3621 495 3674 alii
505 3622 584 3689 sipnn
598 3636 656 3692 que
670 3623 745 3689 feeit,
759 3623 893 3675 mirentur
904 3622 990 3677 inere·
1044 3623 1199 3678 Firmianus
1218 3637 1320 3691 qrtoque
1339 3624 1429 3676 noster
1447 3622 1475 3675 in
1492 3620 1620 3691 preclaro
1638 3621 1846 3676 instinctionem

196 3691 305 3746 dibilem
315 3692 516 3755 abstinentiam,
527 3695 675 3754 seientiam,
686 3692 882 3759 bismilitnterm
895 3707 942 3761 epo
952 3694 991 3747 ni·
1044 3709 1156 3748 suarum
1167 3709 1243 3763 opere
1257 3695 1341 3759 (Luci.
1359 3693 1378 3746 l.
1391 3706 1423 3747 rx
1438 3708 1459 3746 e.
1475 3698 1490 3747 3
1506 3696 1532 3746 et
1543 3697 1581 3758 t),
1595 3692 1687 3746 littera
1700 3692 1846 3761 Pptbnqo·

197 3763 493 3834 brittonumque
506 3763 742 3832 plerinmillumet
756 3763 991 3818 bonererneaicnre
1044 3768 1107 3820 mee
1120 3766 1251 3826 meminit,
1268 3769 1294 3819 et
1311 3764 1343 3819 de
1358 3763 1462 3818 destris
1479 3779 1510 3817 nc
1525 3764 1653 3824 sinistris,
1674 3762 1721 3816 bea
1736 3766 1787 3823 est,
1810 3764 1848 3817 de

193 3837 321 3906 potuisse.
333 3834 528 3892 concurrebant
536 3835 660 3904 episeepr',
668 3833 828 3904 presbytcri,
839 3835 991 3889 clericorum
1044 3837 1187 3892 uirtutibus
1203 3851 1234 3890 nc
1247 3836 1323 3890 uitiis
1335 3835 1494 3906 planissime
1506 3834 1639 3904 disputet.
1654 3834 1704 3890 Nec
1713 3836 1847 3902 putemus

196 3907 415 3962 etmonnebnrum
424 3920 526 3974 propes,
534 3909 661 3959 matrone
669 3919 770 3974 queque
777 3905 991 3961 Gbristinnorum
1045 3908 1106 3963 buic
1117 3907 1279 3962 sententiolae
1288 3907 1357 3962 illud
1367 3908 1606 3968 minturnensium,
1620 3908 1648 3959 in
1659 3919 1709 3974 quo
1720 3904 1845 3962 dicitur:

195 3978 308 4045 prondis
322 3979 442 4039 tentatio,
463 3975 510 4030 sed
527 3980 553 4030 et
567 3978 688 4045 potentes
702 3977 764 4039 oiri,
786 3979 811 4029 et
823 3975 941 4045 judiees,
960 3981 991 4032 ut
1032 3981 1084 4049 ⁸lle
1102 3978 1215 4034 declines
1234 3981 1264 4033 in
1284 3979 1438 4039 desieram,
1456 3980 1586 4046 usquein
1605 3978 1745 4031 sinistram
1760 3974 1847 4047 (Pro-

198 4051 361 4105 benedictum
377 4048 410 4102 nb
423 4063 452 4103 eo
464 4062 562 4118 partem
574 4046 615 4101 nel
628 4046 712 4101 oleum
724 4049 888 4118 accipet·ent;
903 4048 992 4104 atille
1045 4051 1118 4107 verb.
1135 4053 1185 4119 xv).
1201 4052 1251 4105 Hie
1265 4052 1336 4105 errim
1345 4064 1410 4120 pars
1429 4048 1540 4102 dentem
1555 4064 1604 4118 pro
1617 4048 1681 4102 bono
1693 4049 1845 4116 accipiturp

196 4122 266 4176 nibil
278 4120 364 4184 uliud,
379 4121 434 4175 uisi
443 4118 613 4174 solitudinem
624 4119 817 4181 meditabatur,
833 4126 883 4174 etc.
1045 4123 1157 4177 ibidem
1166 4136 1219 4176 uon
1230 4125 1286 4176 tam
1300 4122 1408 4183 dentre,
1422 4135 1504 4189 quam
1512 4119 1654 4174 declinatio
1664 4119 1784 4174 dentem
1796 4135 1845 4175 ae·

231 4195 243 4223 ³
265 4191 355 4247 Verba
373 4199 465 4248 textus
487 4209 492 4245 :
514 4193 553 4248 Ne
564 4190 677 4246 declines
690 4191 727 4246 nd
746 4191 882 4255 dentrnm,
896 4190 992 4246 netad
1046 4197 1163 4254 uisatur,
1185 4207 1219 4245 ne
1233 4193 1296 4261 piros
1315 4194 1452 4262 sapiemus
1471 4206 1554 4260 quum
1567 4206 1614 4245 nos
1632 4205 1725 4260 sapere
1743 4205 1847 4249 rrecesse

195 4262 346 4314 sinistram.
363 4262 486 4317 Declinat
504 4261 539 4318 ad
555 4261 691 4330 dextram,
709 4261 858 4319 secundnm
871 4268 992 4317 mentem
1046 4267 1105 4318 est:
1122 4265 1187 4332 quin
1196 4264 1308 4317 uirtutes
1322 4265 1351 4317 in
1360 4261 1446 4316 medio
1455 4266 1529 4325 sunt,
1540 4267 1566 4316 et
1574 4264 1698 4317 nimidas
1712 4264 1800 4316 omisis
1813 4264 1846 4318 in

197 4328 334 4410 Auctoris,
346 4329 391 4399 qui
409 4330 444 4410 de
459 4331 602 4411 virtutibus
614 4342 661 4388 ant
674 4333 811 4403 prosperis
823 4331 993 4389 successibus
1043 4335 1109 4388 nitio
1129 4337 1177 4387 est.
1200 4333 1267 4389 Haec
1287 4335 1321 4387 D.
1344 4333 1531 4405 Hieronymus
1550 4332 1584 4389 ad
1604 4332 1677 4389 illius
1699 4333 1845 4391 sementim

196 4398 350 4480 emollitum⁸
362 4397 485 4479 declinat·
497 4400 531 4454 ad
550 4409 697 4479 sinistram,
718 4403 764 4474 qni
779 4402 812 4458 dc
827 4401 943 4474 peccetis
963 4409 990 4457 et
1044 4401 1256 4460 elucidationem
1277 4404 1449 4476 pertinentia.

195 4467 990 4611 libbitlbtliiib'liidiib'tbibtll
1003 4441 1029 4505 Β
1042 4466 1844 4617 ...libentissimiirretentibili

195 4615 254 4670 Nou
267 4610 574 4673 decliuntaddentrnm,
582 4612 632 4680 qui
639 4627 691 4665 non
703 4613 764 4675 sibi,
775 4612 822 4668 sed
830 4617 883 4669 Deo
893 4615 989 4670 tribuit
1042 4617 1495 4688 rumdeiicius,nlterumplorinmre
1532 4616 1844 4676 ietldemadPanlinum

196 4686 264 4740 bona
277 4698 338 4754 qun
352 4685 426 4752 nqit3
443 4698 529 4753 neque
545 4681 582 4736 nd
595 4684 734 4738 sirtistrarn
748 4698 775 4738 se
790 4686 880 4748 uertit,
895 4687 943 4755 qui
957 4686 990 4742 de
1044 4689 1190 4758 (Epistold
1202 4708 1208 4743 :
1220 4691 1406 4745 Humilitatem
1412 4692 1526 4745 uestium
1536 4692 1650 4747 tumenti
1656 4691 1817 4759 enimonen

194 4758 288 4812 diuina
301 4754 470 4824 indulpentin
485 4753 615 4838 peccandi
629 4754 763 4838 licentram
774 4771 826 4810 non
837 4760 987 4826 presumit.
1041 4763 1129 4830 petas.
1143 4762 1179 4815 Et
1190 4761 1253 4817 alibi
1267 4760 1392 4832 (aputu.
1408 4767 1454 4831 13)
1471 4783 1477 4817 :
1492 4762 1613 4818 Sordide
1625 4765 1707 4816 uestes
1718 4777 1769 4816 con
1796 4764 1802 4774 '

153 4878 156 4883 .
194 4832 248 4885 line
260 4826 527 4953 ssfflfflfrmmtn
541 4828 678 4954 atindffi'oe·
688 4842 743 4953 'im'
757 4826 892 4954 adneilu'late
901 4830 931 4884 iu
940 4845 989 4955 ¹eo;
1044 4835 1140 4887 mentes
1153 4833 1260 4916 indicio
1280 4834 1343 4896 sint,
1364 4832 1426 4887 nilis
1454 4835 1544 4917 tunica
1557 4837 1735 4903 eontnnptum
1751 4834 1846 4916 seculi

193 4902 990 5053 sperantemnisiinsirfissitansiiwpitae'ssnyniiiteeotialtis
1042 4903 1542 5045 {igqnqqqiaeegiqsqvqtffiqr&ganemu
1557 4904 1843 5046 hagnoensibencewquqffi

193 5040 251 5095 alus
271 5041 420 5120 scripturae
432 5048 616 5121 sententium
628 5041 986 5127 speciemrepnqnantrbus,
1043 5044 1201 5101 Tertulliani
1216 5046 1245 5101 in
1262 5045 1440 5116 apologetico
1457 5065 1464 5101 ι
1486 5050 1551 5103 Ecce
1568 5048 1708 5102 trettrleutis
1724 5046 1843 5116 pedibus

194 5118 225 5189 ut
235 5117 277 5166 est
292 5109 336 5164 rlla
357 5108 528 5192 Ecclesiastrs
544 5126 565 5167 x
583 5128 590 5165 ε
612 5113 665 5168 Gor
684 5115 816 5184 sepientis
831 5131 862 5169 sn
875 5115 988 5170 enine
1043 5118 1170 5186 llioqenes
1185 5116 1311 5188 superbos
1329 5119 1449 5172 Platonis
1466 5118 1556 5173 iberos
1573 5119 1630 5173 elin
1649 5118 1779 5189 superbia
1791 5117 1842 5172 de·

193 5196 260 5263 ‘dui’
271 5187 323 5235 etc.
335 5183 371 5236 st
379 5197 411 5264 tn
417 5181 561 5264 Ennnqelio
572 5181 681 5265 (Mattb.
693 5187 745 5267 net
755 5188 808 5251 vr),
818 5184 913 5268 inquit,
919 5201 989 5268 pre·
1043 5188 1140 5242 calent.
1814 5256 1822 5268 ,

191 5254 987 5403 tiddbtdttbittbidibiitttdit
1040 5257 1456 5410 ..ididtdiliiit
1478 5258 1842 5387 ..ittiiiitisiti

193 5392 987 5467 betursrnrstramqennmprebereperoutienti,sednltnnm
1040 5401 1095 5457 irre
1128 5400 1191 5466 isse,
1213 5400 1259 5456 ubr
1276 5398 1390 5457 babetur
1414 5404 1488 5457 :Per
1508 5402 1741 5473 dispositionemt
1812 5402 1840 5464 ',

191 5462 326 5548 deutrum.
345 5467 435 5519 iustus
449 5467 519 5520 enim
534 5467 670 5532 sinistram
683 5467 713 5520 in
727 5481 754 5545 se
770 5467 922 5530 nonbnbet,
939 5470 987 5525 sed
1040 5470 1093 5528 dua
1114 5485 1147 5527 us
1171 5469 1334 5528 dictionibus
1363 5473 1510 5529 truncatim
1532 5473 1654 5545 junctis,
1682 5487 1718 5543 qu
1775 5471 1841 5528 'non

191 5538 275 5590 totum
286 5550 317 5589 tn
330 5551 358 5590 eo
370 5534 496 5591 deetnem
509 5540 556 5591 est.
574 5539 673 5591 Etcum
687 5535 912 5605 adjudicandum
925 5539 986 5595 Sol·
1040 5541 1168 5608 ductori,
1190 5541 1238 5599 sed
1256 5542 1434 5615 scriptoribus
1455 5552 1482 5600 et
1503 5543 1678 5618 typographis
1697 5542 1841 5600 ascriben-

190 5610 267 5660 rntor
278 5608 390 5670 uenerit,
403 5609 468 5675 npui
480 5607 590 5663 stabmtt
604 5623 621 5661 a
635 5608 748 5671 deutrus,
763 5608 904 5665 indicere
916 5626 934 5663 a
947 5613 985 5666 si·
1038 5612 1114 5669 dnm.

190 5679 284 5733 nistris
294 5682 372 5762 erunt
383 5677 489 5762 (Metti.
502 5683 585 5762 xxv).
594 5681 630 5734 Et
639 5680 669 5734 in
677 5679 828 5734 Proverbiis
837 5682 982 5739 scribitur:
1073 5672 1165 5742 dVide
1178 5684 1301 5758 exempla
1314 5687 1363 5744 SS.
1377 5686 1503 5758 Antonii,
1514 5686 1675 5757 Hilarionis,
1686 5683 1840 5754 Benedicti,

181 5752 321 5806 mseras
337 5764 396 5807 uras
412 5753 486 5807 nont
500 5753 644 5818 munnam
666 5765 726 5821 qun
747 5754 835 5808 nutem
851 5767 983 5823 peruerse
1038 5754 1110 5828 apud
1124 5771 1189 5814 suos
1203 5766 1338 5815 auctores.
