3848 6158
190 272 243 325 tit
482 272 502 326 Ε
520 270 759 329 COENOBIORUM
778 271 900 329 insili.
920 273 984 329 tiit
1002 275 1048 331 iil.
1066 303 1103 318 -
1121 277 1165 333 DE
1184 277 1322 333 uiuariis
1340 276 1581 359 uutiipuiiius.
1795 287 1847 341 tiu

185 393 327 467 religiosis
339 402 406 451 sunt
417 381 517 454 officiis
528 396 665 470 deputata.
680 399 712 453 ln
725 397 769 456 his
780 398 917 472 siquidem
931 415 993 471 pro
1007 406 1033 468 Α
1050 403 1158 458 tionum
1170 401 1262 459 ollioio
1277 402 1442 460 constitutos
1450 402 1623 462 descendisse
1634 407 1761 475 prim'uas
1770 424 1848 465 com·

187 487 358 545 missionum
376 487 519 561 perfectio,
543 499 572 547 et
589 506 699 549 summa
716 500 821 548 nostrae
837 492 934 550 salutis
951 501 993 550 est
1047 495 1187 566 probatur.
1208 496 1280 550 ham
1303 511 1368 552 cuin
1395 504 1506 569 propter
1526 497 1711 556 elocutionem
1740 500 1847 570 lingua-

183 580 936 657 adimpletaz·floranamqaeiertiarepromissasolim
945 602 993 658 per
1045 603 1120 657 rum,
1140 602 1200 659 qum
1216 588 1252 644 ab
1268 589 1307 645 eis
1328 587 1466 647 infusione
1486 591 1702 663 Spiritussancti
1723 595 1845 666 proliac-

189 679 345 754 propbetas
362 681 483 754 Spiritus
500 690 611 741 sauctus
625 699 709 756 super
727 684 869 756 apostolos
885 683 914 740 in
931 699 993 741 ora·
1045 681 1103 751 bat,
1119 698 1186 754 gens
1204 683 1342 741 incredula
1357 688 1372 740 J
1377 684 1518 743 udaeorum
1533 686 1730 758 obstupescens
1744 689 1847 761 pariter

742 826 871 883 nisani
888 826 1000 882 GAZAEI
1018 823 1297 882 COMMENTARIUS.

185 957 217 1007 et
227 949 392 1020 mysterium
412 947 630 1020 redemptionis,
646 951 725 1007 tertia
740 952 902 1023 mysterium
917 966 995 1009 sane-
1048 959 1233 1016 consecratas,
1245 967 1300 1006 non
1312 952 1453 1010 immerito
1469 953 1504 1009 ab
1515 953 1636 1012 Ecclesia
1649 954 1731 1013 fuisse
1746 956 1846 1015 diiiais

183 1020 307 1077 tissimae
320 1019 473 1076 Trinitatis.
489 1021 584 1077 Primo
603 1023 677 1077 enim
695 1022 829 1078 institutae
839 1030 902 1078 sunt
916 1021 992 1080 borae
1048 1021 1168 1078 oiliciais
1179 1022 1322 1093 specialius
1337 1023 1489 1091 deputatas.

183 1091 341 1158 canonica,
355 1099 386 1147 ut
397 1091 565 1148 beneiieium
582 1092 729 1148 creationis
740 1093 862 1164 quotidie
873 1108 993 1150 mmmc
1083 1098 1094 1126 ⁸
1115 1096 1155 1148 De
1169 1092 1254 1162 horis,
1278 1093 1334 1148 sire
1356 1091 1455 1150 olliciis
1476 1094 1583 1152 diurnis
1598 1105 1719 1165 acturus,
1732 1113 1846 1154 eorum-

187 1176 345 1229 moiemus,
366 1168 394 1218 et
406 1177 456 1233 pro
472 1177 505 1218 eo
522 1176 654 1233 perennes
671 1162 775 1231 laudes,
796 1172 825 1219 et
837 1164 989 1237 gratiarum
1045 1180 1098 1236 que
1110 1165 1253 1236 mysteria,
1273 1164 1330 1219 sive
1344 1164 1465 1220 rationes
1478 1173 1505 1220 et
1521 1167 1737 1239 significationes
1757 1171 1844 1239 expli-

186 1233 314 1290 aetiones
339 1232 478 1290 conditori
496 1248 590 1289 reram
614 1234 741 1290 omnium
765 1233 934 1303 referamus,
957 1245 990 1293 ut
1043 1244 1165 1303 cataras,
1184 1234 1294 1291 atemia
1319 1235 1430 1290 initium
1453 1236 1557 1306 sumit,
1571 1239 1793 1310 omissa'prima,
1808 1241 1844 1295 ob

187 1319 252 1375 pers
272 1303 333 1359 ioue
357 1303 506 1359 ostendunt
534 1303 630 1376 hymni
657 1302 766 1360 feriales
791 1304 984 1377 vesperarum.
1041 1308 1176 1362 rationem
1192 1305 1317 1378 superius
1334 1305 1499 1371 indicatam,
1514 1316 1542 1363 et
1565 1309 1690 1380 sequenti
1708 1326 1768 1380 rap.
1787 1310 1844 1380 ple·

125 1428 128 1433 ,
183 1319 335 1442 (Siliana.
357 1375 403 1430 lib.
425 1374 484 1430 ide
506 1375 565 1429 bon.
588 1376 667 1444 (iper.
684 1392 741 1445 cap.
758 1378 823 1440 13.)Ι
832 1376 896 1433 ldeo
913 1377 987 1433 enim
1043 1377 1106 1433 nius
1120 1377 1309 1449 explicandam
1335 1392 1419 1448 :quar
1438 1377 1549 1448 quidem
1561 1379 1641 1435 tertia
1662 1379 1699 1435 ob
1717 1381 1842 1452 mysterii

187 1453 254 1502 sunt
268 1445 345 1502 lioree
360 1453 464 1516 septem
483 1443 591 1501 diuraae
607 1463 613 1499 :
627 1448 760 1517 quoniam
775 1455 882 1515 septem
893 1447 991 1504 diebus
1044 1447 1206 1521 dignitatem
1218 1456 1245 1504 et
1263 1448 1452 1517 eminentiam,
1466 1450 1549 1522 vulgo
1570 1450 1644 1521 apud
1662 1450 1744 1506 italos
1759 1467 1842 1507 aurea

185 1517 295 1573 meavit
308 1520 383 1573 Deus
396 1517 498 1573 coelum
511 1524 539 1572 et
558 1524 671 1585 terram,
692 1525 720 1573 et
733 1518 827 1574 omnia
843 1533 905 1589 quae
925 1519 989 1576 coeli
1044 1518 1111 1577 bora
1137 1527 1341 1591 nuncupatur:
1370 1519 1479 1576 inJure
1500 1529 1594 1577 autem
1616 1522 1758 1579 canonico
1778 1523 1843 1578 hora

189 1588 299 1645 ambitu
313 1587 497 1643 continentur.
514 1585 737 1644 Additurautem
753 1586 821 1645 bora
834 1598 941 1652 oetaia,
961 1590 990 1646 id
1042 1605 1119 1646 saera
1138 1589 1201 1647 dist.
1231 1597 1266 1646 te
1286 1604 1346 1644 cau.
1368 1591 1432 1657 ult,
1445 1591 1490 1647 ubi
1505 1591 1606 1648 dicitur
1627 1612 1633 1647 :
1655 1609 1707 1648 non
1726 1598 1844 1663 opertere

186 1665 240 1725 est,
266 1656 391 1715 officium
410 1666 589 1727 nocturnum,
610 1673 659 1728 pro
677 1674 724 1730 spe
741 1666 768 1714 et
788 1661 989 1730 exspectatione
1042 1662 1159 1724 ciericos,
1178 1662 1219 1715 rel
1242 1663 1323 1715 lai'eos
1344 1662 1481 1730 reliqiosos
1495 1669 1672 1734 apposueram
1684 1665 1775 1718 horam
1787 1664 1845 1721 ilici

185 1729 412 1798 resurrectionis,
434 1744 496 1801 quae
523 1743 570 1798 per
591 1728 665 1785 diem
688 1738 813 1785 octavam
838 1731 987 1803 signilloari
1043 1735 1152 1787 tertiam
1165 1734 1235 1786 inire
1247 1734 1368 1786 rauea'via
1381 1732 1477 1803 (Apud
1489 1735 1596 1790 Gratia.
1609 1751 1643 1789 ea
1651 1736 1760 1790 marulio
1770 1738 1844 1790 lilar-

186 1800 374 1857 soletznoctu
391 1808 485 1856 autem
505 1799 627 1856 futuram
646 1799 874 1857 resurrectionem
892 1803 990 1859 Domi·
1044 1805 1098 1858 tini
1105 1802 1213 1883 papa).
1228 1803 1311 1858 &cra
1328 1810 1449 1858 autema
1468 1803 1568 1884 pellata
1584 1804 1702 1874 ridetur,
1715 1806 1777 1876 quia
1799 1821 1842 1861 sa·

185 1885 242 1927 nus
261 1871 319 1942 ipsc
338 1871 483 1927 admonuit
503 1872 585 1926 Lucan
608 1886 677 1927 xvii
691 1890 697 1926 ε
713 1875 744 1928 ln
763 1872 812 1926 illa
824 1879 898 1928 iioate
912 1880 990 1930 erunt
1042 1873 1096 1930 cris
1114 1876 1263 1930 Missurum
1284 1872 1427 1929 solemniis
1445 1819 1552 1941 (ficata,
1570 1884 1601 1929 ut
1622 1874 1707 1957 probe
1731 1876 1843 1948 conjicit

185 1942 283 1997 elaoin
301 1943 364 1997 lecto
380 1959 448 2005 unae
463 1957 533 1996 unus
545 1946 706 2006 assumetur,
726 1943 795 1997 alter
812 1944 987 2014 relinquetur,
1041 1944 1121 2000 ioan.
1142 1946 1284 1999 Duranius
1310 1943 1343 1999 de
1360 1943 1471 2000 llitibus
1490 1946 1591 2001 Eccles.
1611 1944 1659 2001 lib.
1678 1961 1716 2002 iii
1739 1961 1798 2016 inp.
1813 1952 1839 2002 e.

187 2020 219 2068 et
228 2012 353 2069 Mattbaei
368 2029 428 2069 xxv
444 2031 451 2066 i
465 2014 556 2083 Media
567 2017 641 2068 nacte
653 2015 751 2068 elamor
759 2016 849 2082 filetus
863 2020 921 2083 est3
935 2032 990 2072 ecee
1043 2015 1130 2086 Hujus
1139 2013 1516 2086 horaetertiaeduopraeeipua
1529 2017 1692 2075 misteriain
1702 2018 1841 2088 Scriptura

183 2099 303 2154 sponsus
316 2087 396 2149 uerit,
416 2086 488 2140 etrite
499 2084 604 2139 omium
619 2087 653 2139 ei.
665 2086 791 2141 Secunda
811 2087 893 2152 ratio,
903 2102 988 2159 eaque
1042 2094 1304 2151 commemorantur,
1317 2092 1371 2143 eta
1384 2085 1512 2142 Patribus
1523 2076 1704 2153 celebrantur,
1720 2102 1840 2158 quorum

183 2153 345 2225 potissima,
358 2171 441 2227 quam
454 2154 573 2211 reddunt
587 2158 693 2221 Patres,
705 2156 841 2223 Clemens,
853 2157 986 2224 Basilius,
1042 2157 1160 2213 alterum
1174 2155 1209 2213 ad
1233 2156 1389 2237 passionom
1409 2155 1509 2213 Christi
1520 2158 1652 2237 pertinet,
1670 2158 1788 2213 alterum
1802 2159 1837 2214 ad

183 2225 357 2291 Cassianus,
369 2233 397 2280 et
420 2225 483 2291 alii,
504 2225 539 2282 ad
566 2225 731 2282 memoriam
747 2227 942 2298 redemptionis
960 2220 1024 2285 etB
1041 2227 1211 2292 missionem,
1224 2241 1280 2282 sive
1291 2225 1440 2282 adventum
1457 2227 1571 2298 Spiritus
1586 2228 1682 2283 saneti.
1696 2230 1737 2283 De
1751 2228 1842 2299 priore

183 2295 374 2366 reparationis
392 2304 494 2353 nostrae
511 2297 734 2353 conservandam.
759 2301 829 2354 Nam
852 2300 987 2371 precipua
1042 2297 1173 2370 mysterio
1186 2301 1220 2354 Ι).
1232 2297 1359 2353 Clemens
1378 2297 1425 2353 lib.
1439 2312 1493 2354 iiiii
1507 2299 1652 2354 Constitui.
1664 2302 1761 2371 Apost.
1776 2315 1838 2370 cap.

184 2365 391 2436 redemptionis
400 2375 512 2433 nostre,
523 2376 550 2423 et
562 2368 697 2439 passionis
711 2369 861 2426 Dominicis
880 2380 986 2443 myste·
1042 2375 1078 2426 tt)
1091 2390 1097 2424 ε
1108 2373 1208 2433 Preces,
1219 2369 1318 2451 iuquit,
1330 2374 1432 2424 restrae
1441 2371 1525 2436 tacite
1534 2371 1599 2425 hara
1613 2373 1702 2433 tatia,
1714 2374 1840 2450 quoniam

183 2436 229 2491 ria
254 2435 299 2492 bis
318 2437 392 2492 boris
410 2453 472 2493 coin
492 2438 545 2495 leta
567 2454 626 2495 esse
645 2447 804 2496 noscuntur.
827 2443 867 2496 De
890 2442 989 2512 quibus
1042 2443 1091 2496 illa
1104 2442 1169 2497 liora
1186 2444 1314 2496 homirius
1324 2442 1481 2495 seutentiam
1492 2442 1577 2496 Pilati
1586 2445 1694 2513 arripit.
1710 2440 1840 2512 idemque

184 2514 297 2563 exstant
311 2507 349 2562 ilii
367 2455 491 2564 uersicuii
503 2511 638 2566 memoria
650 2509 735 2583 digni,
749 2519 777 2565 et
789 2510 982 2582 ajuuioribus,
1042 2513 1141 2568 astruit
1153 2514 1181 2568 S.
1196 2511 1316 2583 lguatius
1326 2510 1405 2580 epist.
1426 2510 1488 2568 8ad
1504 2511 1659 2568 Trallianos
1674 2532 1680 2569 :
1698 2515 1768 2567 liora
1789 2518 1841 2566 ta*-

179 2592 304 2651 quorum
315 2578 402 2651 gratia
421 2595 469 2636 eos
483 2579 585 2650 refero,
596 2581 740 2639 memoriae
750 2582 962 2640 commendandi
977 2604 984 2638 :
1041 2586 1091 2646 tia,
1114 2582 1216 2652 iuquit,
1227 2583 1385 2636 sententiam
1404 2581 1525 2638 Christus
1545 2586 1674 2653 arripite
1692 2584 1790 2639 Pilato.
1807 2584 1837 2638 S.

442 2702 445 2707 .
1040 2652 1208 2709 Athanasius
1227 2651 1274 2707 lib.
1291 2651 1326 2707 de
1338 2652 1500 2723 virginitate
1518 2673 1524 2707 :
1552 2655 1596 2709 Sol
1609 2655 1729 2710 eaorieiis
1748 2655 1840 2711 rideat

230 2742 293 2791 ΗΜ
303 2745 372 2803 guni,
383 2742 493 2806 septenis
506 2745 608 2805 proflog-
621 2757 677 2806 (μω
696 2742 826 2806 psallimus
843 2744 915 2795 hosis
932 2762 937 2772 ·
1041 2725 1139 2779 iibi'tim
1159 2726 1187 2777 'iii
1201 2737 1282 2776 mailli
1299 2727 1347 2776 iiii!-
1371 2741 1379 2776 :
1397 2729 1458 2791 posi
1479 2727 1585 2779 temam
1605 2724 1696 2778 ''Oi'iim
1713 2727 1837 2794 Ρίῗΐίὶυἱῖϋ

231 2804 354 2853 nataliae
369 2805 428 2864 ligat
439 2805 575 2865 christani,
587 2807 631 2869 qui
643 2806 747 2856 crimina
759 2811 856 2878 purgat.
1039 2796 1259 2859 commertiorum·
1269 2795 1394 2861 quoniam
1402 2793 1523 2847 hirehaia
1532 2795 1678 2849 adductum
1689 2802 1728 2849 est
1737 2796 1838 2861 li'qiaan

230 2865 315 2915 Prima
329 2866 406 2929 replet
419 2867 512 2930 spatis,
529 2880 630 2916 causam
642 2867 686 2916 dat
699 2870 782 2921 Tertia
795 2869 890 2919 mortis.
1039 2869 1134 2921 criseis.
1147 2867 1188 2919 lle
1199 2865 1284 2918 altero
1298 2863 1440 2930 misterio,
1451 2863 1525 2934 quod
1540 2863 1585 2919 bic
1595 2862 1709 2935 explieat
1725 2868 1838 2931 Auctor,

231 2929 306 2977 ⁵⁰1¹]
317 2928 386 2977 “uti
399 2929 477 3002 ”elffii
494 2947 500 2976 ³
515 2929 581 2978 '³1⁰⁸
596 2930 649 3042 03⁰⁸
664 2931 732 2979 ΝΟΜ
750 2930 858 3003 bipertit.
1039 2936 1221 2992 Tertullianus
1246 2935 1294 2990 lib.
1320 2923 1354 2990 de
1370 2935 1478 3005 Jejunio
1496 2954 1501 2989 :
1516 2939 1547 2990 lii
1567 2938 1762 2993 eomaieutario.
1784 2934 1838 3004 ait,

231 2992 339 3053 vespera
351 2989 454 3053 deponit
472 2991 590 3042 :tumulo
623 2991 733 3055 ompleta
748 2996 852 3055 reponit.
1044 3011 1129 3071 thcoe,
1144 3012 1168 3061 a
1182 3009 1262 3061 talia
1274 3006 1339 3060 liora
1357 3008 1486 3061 arationis
1506 3007 1715 3068 demonstratur,
1727 3006 1775 3060 suli
1785 3022 1838 3074 qua

1042 3081 1148 3149 Spiritu
1162 3083 1252 3132 saneto
1270 3079 1373 3131 initiali
1387 3093 1437 3147 pro
1456 3078 1534 3132 eli-iis
1547 3078 1722 3132 laedebantur.
1735 3081 1770 3133 D.
1785 3080 1849 3146 Cy·

182 3142 239 3202 Sed
251 3152 281 3200 et
297 3145 417 3201 aliorum
432 3146 631 3204 beneficiorum
651 3157 678 3204 et
694 3150 889 3220 mysteriorum
912 3167 987 3222 repa·
1062 3148 1197 3205 rianusde
1210 3147 1494 3205 OrationeDominiea
1509 3151 1685 3220 :Namsapar
1695 3149 1839 3219 discipulos
1858 3156 1864 3170 ’

182 3215 305 3272 rationis
323 3225 426 3273 nostrae
445 3219 624 3286 memoriam,
639 3228 802 3292 gratamque
823 3237 888 3276 oum
908 3221 987 3279 laude
1041 3165 1107 3276 iiam
1128 3221 1208 3275 tertia
1222 3218 1357 3273 deseendit
1376 3221 1494 3290 Spiritus
1508 3225 1634 3283 sanctus,
1652 3223 1702 3289 qai
1721 3222 1839 3287 qratiam

182 3285 411 3344 recordationem
431 3287 530 3346 iisdem
542 3289 619 3345 boris
632 3290 803 3360 profitemur,
816 3300 880 3361 puta
896 3294 986 3349 lucar·
1039 3292 1251 3361 repromissionis
1264 3290 1394 3358 implerit.
1412 3291 1440 3345 S.
1454 3290 1569 3346 Basilius
1579 3306 1680 3346 sermi
1695 3289 1729 3346 de
1746 3291 1835 3346 instit.

180 3357 323 3425 nationis,
340 3360 485 3423 Naiitatis,
505 3361 744 3427 Resurrectionis,
768 3362 908 3418 missionis
924 3364 985 3434 Spi·
1041 3361 1168 3417 blonacb.
1188 3362 1281 3427 :Quia
1297 3362 1322 3413 at
1340 3362 1460 3429 Spiritus
1482 3364 1569 3415 saneti
1588 3362 1719 3416 adrentus
1733 3364 1839 3417 circiter

182 3429 258 3485 ritus
277 3429 376 3498 saneti,
402 3430 555 3487 vocationis
576 3431 710 3503 gentium,
732 3439 797 3500 etc,
820 3448 882 3504 quae
901 3435 984 3491 certis
1040 3433 1131 3488 haram
1143 3431 1512 3496 dieitertiumfuitsimteu
1522 3435 1772 3502 Aetisaeeepimas:
1785 3449 1837 3503 quo

183 3499 373 3568 temporibus,
396 3501 497 3570 quibus
523 3500 648 3558 officium
668 3503 798 3559 horarum
823 3504 984 3576 respondet,
1040 3509 1155 3574 tempore
1163 3518 1223 3558 cnm
1230 3505 1448 3572 prqiteriuiriam
1459 3504 1533 3557 illam
1544 3505 1697 3573 iniquarum
1706 3507 1838 3573 aspeliam

180 3570 336 3640 contigisse
359 3571 389 3626 in
403 3571 557 3643 Scriptura,
574 3581 602 3629 ct
616 3573 779 3644 antiquitate
789 3585 986 3634 memorantur.
1006 3582 1028 3646 c
1042 3579 1098 3631 rim
1111 3576 1245 3632 Pharisai
1254 3573 1397 3643 ali'scipulos
1408 3575 1562 3637 irriderent,
1577 3578 1682 3644 iieqari‘t
1693 3578 1786 3630 Petrus
1796 3590 1838 3630 eos

182 3642 279 3698 Tertia
295 3642 385 3708 ratio,
404 3651 435 3699 ut
448 3643 622 3699 inhonorem
637 3645 817 3702 sanctissima
828 3647 983 3715 Trinitatis
1043 3648 1126 3703 ebrios
1139 3662 1203 3709 esse,
1214 3646 1306 3714 quiea
1319 3644 1505 3714 loquerentur:
1520 3648 1650 3715 siquidem
1666 3647 1758 3701 haram
1775 3649 1839 3701 Ter-

180 3713 265 3769 tertia
289 3729 401 3786 quaque
420 3715 488 3770 bora
513 3717 604 3771 Deum
625 3714 777 3782 laudemus,
797 3725 825 3774 et
841 3718 984 3776 Trinitatis
1038 3721 1107 3773 tiam
1122 3718 1197 3772 illam
1214 3717 1309 3783 fuisse.
1327 3717 1396 3771 ltem
1412 3716 1440 3771 iii
1453 3716 1565 3788 Regalis
1581 3715 1671 3774 insius
1685 3717 1834 3787 disputatis

184 3783 370 3851 misterium,
396 3784 470 3857 quod
495 3793 598 3842 nostrae
618 3786 680 3843 lidei
700 3795 741 3844 est
757 3786 983 3859 fundamentum,
1039 3788 1169 3859 interrog.
1186 3793 1218 3843 37
1233 3787 1340 3842 :Tertia
1354 3789 1500 3850 eeroboea,
1516 3793 1546 3842 ut
1560 3789 1589 3841 in
1603 3804 1632 3842 ea
1644 3788 1681 3841 ad
1693 3789 1838 3843 onitianein

182 3841 269 3910 trinis
282 3855 369 3926 quibu
403 3871 437 3912 ue
458 3854 535 3911 boris
548 3855 735 3928 profiteamur.
758 3860 985 3917 Haucrationem
1038 3861 1559 3929 stirpatur,irritresqueomuesinanum
1567 3857 1839 3927 miiqi·eqairtui·;lioct

183 3924 360 3984 insinuati).
412 3926 543 4000 yprianus
557 3926 600 3983 bis
615 3928 735 3985 verbis:
766 3934 797 3987 la
821 3933 984 3986 orationihus
1039 3932 1152 3986 discisis
1167 3933 1195 3984 iii
1215 3930 1289 3989 lacis,
1305 3928 1357 3981 alil
1376 3928 1836 3998 iiialiisoperibussiiiloraipati3

180 3997 350 4052 celebrandis
363 3998 515 4053 iamnimus
523 3999 672 4055 obserasse
686 4005 738 4055 tres
750 4016 849 4070 pueros
860 4017 919 4056 cum
928 4007 984 4057 lla·
1039 4003 1121 4069 idque
1137 4017 1167 4056 ea
1179 4016 1217 4063 re,
1231 4002 1262 4054 ai
1274 3998 1409 4054 ‹iilinaiiiti
1420 4000 1485 4053 doni
1498 4001 1627 4068 Spiritus,
1648 3999 1719 4066 quod
1733 3999 1838 4054 eiiuiter

183 4068 267 4129 niele,
279 4068 370 4123 haiam
381 4071 500 4131 tertiam,
510 4076 625 4133 sertam,
637 4086 734 4124 itonam
744 4089 752 4136 ς
763 4075 984 4126 saciuimentosci·
1039 4072 1108 4125 luam
1117 4072 1208 4125 horam
1214 4069 1341 4139 apostolis
1350 4070 1445 4123 datum
1451 4070 1518 4135 fuit,
1529 4084 1592 4130 iuro,
1602 4068 1836 4135 eodemqueanimo

183 4138 252 4192 lieet
275 4140 425 4203 Trinitatis,
440 4155 501 4209 quie
513 4143 542 4194 iri
562 4143 713 4196 rioeissimis
725 4142 885 4210 temporibus
899 4147 987 4196 marii·
1039 4145 1129 4196 miiieti
1146 4142 1224 4194 illum
1240 4144 1407 4200 iniiereulur,
1431 4139 1464 4191 ab
1483 4153 1562 4206 eoque
1578 4142 1681 4206 pelam,
1702 4142 1733 4190 ui
1747 4139 1839 4206 stipsi

184 4209 293 4276 restari
304 4209 401 4267 deleat.
415 4213 485 4268 Nam
499 4215 524 4265 et
531 4215 622 4281 prima
633 4213 698 4267 hora
707 4215 736 4266 ia
751 4215 857 4267 tertiam
870 4215 984 4276 amiens,
1040 4212 1119 4279 diqni
1130 4213 1195 4272 sint,
1203 4209 1657 4278 quisitiretifieatioucmsuscipiant,
1669 4215 1721 4264 ele.
1734 4209 1762 4264 S.
1773 4208 1839 4264 llie-

183 4285 398 4336 consuminatam
407 4296 550 4337 nurerum
564 4285 707 4338 Trinitatis
721 4284 835 4339 ostendit
847 4303 855 4338 i
871 4288 987 4352 Itemque
1043 4296 1176 4352 ronynius
1189 4280 1217 4335 in
1230 4294 1289 4350 eap.
1306 4292 1338 4333 vi
1354 4277 1496 4334 Danielis:
1517 4280 1606 4334 Tertia
1617 4279 1684 4333 liora
1704 4280 1838 4335 descendit

186 4351 233 4406 ad
241 4355 345 4407 sectam
355 4353 864 4424 quartaproeedens,deelaratalteram
873 4357 990 4411 Triiiitu-
1043 4354 1162 4423 Spiritus
1179 4356 1285 4407 satietas
1301 4366 1380 4420 super
1393 4351 1533 4420 Apostolus
1546 4369 1554 4404 ε
1569 4350 1708 4406 Hactenus
1722 4352 1768 4407 SS.
1785 4354 1837 4407 Pa·

186 4427 252 4477 tem.
267 4424 418 4493 thuaado
430 4441 447 4478 a
459 4426 576 4494 septima
589 4441 658 4479 nona
673 4427 828 4495 completur,
838 4441 886 4496 per
900 4430 989 4481 terias
1044 4422 1146 4479 tresde
1167 4421 1270 4493 duplici
1292 4423 1368 4479 borae
1393 4421 1482 4478 tertiae
1501 4421 1633 4494 mysterio
1652 4421 1795 4490 distinete,
1813 4431 1840 4478 et

185 4493 268 4548 boras
282 4495 426 4549 Trinitatis
432 4496 554 4564 perseam
563 4500 722 4551 iiorueraiar
734 4496 809 4567 (Lib.
821 4497 854 4550 de
864 4499 989 4554 Oratione
1044 4492 1192 4564 separatim
1206 4493 1377 4550 disserentes.
1400 4492 1557 4564 Utrumque
1576 4509 1641 4548 iero
1660 4493 1740 4549 simul
1760 4509 1839 4548 coin-

185 4567 329 4621 Duminioa
346 4566 405 4619 sah.
416 4569 496 4635 iiiam
505 4570 523 4633 ).
536 4569 603 4622 llaec
617 4568 779 4637 Cyprianus,
794 4566 916 4623 indicans
928 4568 988 4623 sin·
1042 4567 1136 4638 plenus
1152 4574 1193 4621 est
1207 4564 1340 4621 Rabanus
1350 4563 1392 4620 his
1402 4564 1491 4621 verbis
1506 4585 1511 4615 :
1528 4567 1623 4620 Tertia
1635 4565 1706 4619 lione
1721 4567 1840 4633 asperam

185 4635 264 4707 gulis
274 4634 406 4692 horarum
417 4636 610 4692 ternariistam
620 4627 686 4704 diei,
695 4654 777 4709 quam
788 4639 887 4705 noetis,
900 4641 989 4695 Deum
1044 4638 1103 4691 ideo
1113 4641 1154 4706 fit,
1168 4639 1233 4706 quia
1243 4640 1323 4692 tertii
1335 4637 1400 4690 liora
1413 4637 1514 4692 Christi
1519 4638 1609 4706 passio
1625 4638 1713 4705 rapit,
1727 4652 1783 4690 miii
1792 4651 1840 4704 per

186 4706 317 4777 publice,
338 4714 365 4761 et
383 4707 544 4763 solemniter
558 4708 586 4763 in
600 4709 712 4764 ecelesia
726 4708 849 4777 laudari,
863 4709 897 4765 ad
916 4725 990 4780 mys·
1043 4710 1194 4765 hidensium
1216 4709 1323 4777 linquas
1345 4712 1408 4761 iuno
1425 4709 1555 4762 hominus
1577 4709 1720 4774 cruciarus
1742 4710 1790 4758 esi.
1804 4708 1855 4759 El.

124 4792 128 4803 ·
186 4778 294 4832 terium
321 4778 466 4834 Trinitatis
489 4776 704 4850 designandum,
732 4788 760 4836 et
784 4778 988 4837 honorandum.
1041 4783 1102 4848 past
1120 4783 1334 4834 resurrectionem
1347 4779 1403 4847 ejus
1419 4779 1499 4832 indie
1509 4780 1668 4832 Pciiteeastes
1683 4778 1761 4829 tertia
1777 4774 1842 4827 hara

185 4846 323 4905 solebant
333 4848 408 4904 enim
421 4857 526 4905 veteres
535 4856 627 4906 totum
639 4849 712 4907 diem
729 4851 757 4907 in
769 4860 886 4923 quatuor
899 4860 990 4922 partes
1043 4853 1162 4920 Spiritus
1175 4855 1280 4904 saueius
1294 4864 1372 4918 saper
1390 4849 1519 4917 apostolos
1538 4846 1672 4900 deseendit
1685 4845 1753 4925 (bil.
1762 4859 1789 4924 ,ιι
1809 4845 1842 4925 de

186 4917 336 4986 dividere3
355 4935 474 4991 quarum
497 4935 666 4992 unaquaeque
683 4921 772 4978 tribus
796 4922 872 4978 horis
882 4932 992 4978 consta·
1004 4957 1030 5020 D
1044 4921 1264 4982 hesliiutilerir,
1278 4936 1300 4974 a.
1313 4925 1329 4974 4
1341 4925 1359 4982 )-.
1372 4918 1535 4974 Siuiiliieret
1545 4919 1683 4995 hupertus
1695 4917 1842 4998 Taitiensis

188 4990 253 5056 bat,
267 4989 310 5045 sic
322 4998 349 5046 et
360 4999 470 5047 noctem
483 4992 512 5048 in
526 5000 644 5063 quatuor
656 4993 761 5066 sigillus
780 4991 989 5060 distribuebant,
1045 4992 1091 5046 lib.
1115 5007 1126 5045 i
1144 4990 1178 5045 de.
1197 4990 1281 5045 divin.
1298 4987 1378 5045 oilie.
1394 5003 1454 5057 cap.
1480 4993 1495 5068 ³.
1518 4989 1622 5047 :liora
1644 4995 1741 5057 inquit,
1762 4991 1843 5042 tertia

186 5076 312 5134 quarum
328 5077 498 5133 unaquaeaae
511 5070 568 5118 tres
585 5063 668 5119 boras
689 5063 857 5120 continebat.
875 5066 910 5119 Et
921 5064 992 5119 sieut
1046 5062 1151 5132 duplici
1169 5062 1272 5115 ratione
1299 5058 1419 5130 splendet
1440 5059 1562 5126 irisiqiiis.
1584 5059 1703 5127 illincque
1717 5059 1765 5112 hac
1780 5059 1844 5112 liora

187 5148 223 5188 eii
236 5131 387 5188 duodecim
401 5132 477 5188 boris
495 5133 639 5190 nocturnis
649 5136 730 5191 tertia
745 5149 858 5207 quaeque
873 5134 993 5191 habeba·
1046 5135 1174 5191 humilius
1185 5135 1258 5188 Jesiis
1272 5132 1358 5201 spinis
1372 5133 1519 5192 coronatus,
1542 5133 1566 5183 et
1580 5129 1589 5182 l
1593 5131 1679 5197 inquis
1693 5131 1845 5185 inilieorum

187 5211 238 5260 tur
253 5202 410 5273 potissima,
427 5202 551 5261 videlicet
568 5205 659 5273 tertia,
674 5215 762 5273 serta,
775 5222 866 5269 nona,
886 5214 913 5263 et
925 5205 994 5261 duo-
1047 5206 1250 5272 cruentissimae
1262 5203 1347 5273 irrata
1360 5201 1430 5256 illud
1443 5220 1451 5255 :
1466 5201 1532 5257 Filii
1544 5201 1690 5264 hominum,
1704 5202 1794 5256 ilciiies
1805 5216 1845 5256 ao-

191 5273 313 5342 deeima,
329 5274 358 5330 in
380 5273 480 5345 quibus
496 5284 615 5346 quatuor
632 5276 730 5348 uigiliae
744 5286 886 5332 nocturnae
902 5275 994 5331 termi·
1047 5291 1107 5331 ram
1121 5279 1242 5337 urrannei
1260 5276 1376 5343 sapietur,
1390 5277 1415 5327 et
1428 5273 1520 5341 linqua
1533 5288 1619 5327 earum
1633 5272 1739 5339 qliulius
1754 5277 1846 5326 amitus

190 5345 344 5401 nubantur.
361 5347 403 5402 lta
421 5346 550 5403 etiamen
568 5346 677 5403 diurnis
696 5348 788 5410 tertia,
801 5356 889 5418 serta,
903 5364 993 5414 nona,
1050 5347 1223 5412 (Psalmi).
1239 5345 1379 5406 Videlicet,
1391 5343 1706 5413 qniaPilaiay'uiliaarite,
1716 5345 1792 5398 illum
1804 5347 1847 5412 ier·

194 5423 221 5471 et
235 5415 413 5484 duodecima,
428 5417 487 5473 sive
503 5418 655 5490 vespertina
671 5420 828 5490 plerumque
844 5417 1012 5482 nominari·
1049 5421 1189 5473 moremini
1209 5417 1262 5472 sibi
1280 5431 1421 5471 sennonem
1448 5431 1579 5484 iuquam,
1604 5417 1776 5484 pati'iuuiier
1795 5416 1848 5468 ela-

194 5494 223 5540 et
235 5490 269 5543 ad
284 5488 437 5553 insigniora
455 5504 569 5560 quaeque
583 5489 691 5561 negotia
711 5489 835 5562 deputari
852 5489 995 5556 solebaut3
1049 5489 1148 5544 miindo
1164 5507 1171 5542 :
1187 5488 1314 5556 Ciumfiqe
1337 5489 1457 5555 erueifiqe
1480 5489 1552 5552 (Lae.
1578 5491 1658 5552 iiiii).
1671 5489 1706 5541 El
1727 5488 1847 5555 spiritns

199 5554 314 5628 ideoque
324 5559 490 5632 insigniores
504 5559 674 5616 habebantur
686 5580 694 5629 3
708 5560 782 5633 quod
790 5561 865 5618 diem
883 5561 910 5616 iu
926 5576 998 5630 qua·
1050 5562 1099 5631 qui
1107 5562 1134 5613 in
1143 5561 1322 5615 remissionem
1331 5562 1494 5627 peccatorum
1504 5573 1555 5613 uon
1569 5559 1659 5624 iuerat
1669 5557 1759 5619 italus,
1771 5561 1845 5611 ante·

199 5632 265 5682 tuor
277 5638 366 5700 partes
379 5629 500 5701 aequales
520 5630 683 5698 dividerent,
698 5638 729 5688 ut
742 5632 848 5688 dictiiin
863 5640 913 5688 est.
928 5633 998 5687 Vere
1054 5646 1138 5702 qnam
1152 5634 1226 5687 iesus
1237 5635 1302 5685 esset
1313 5630 1486 5698 qlorifieatus,
1507 5645 1586 5699 saper
1604 5633 1750 5683 iuisceatan
1763 5627 1850 5683 Eeele-

196 5712 268 5770 ergo
283 5702 377 5757 asserit
395 5701 543 5759 Cassianus
553 5701 613 5759 baeo
624 5711 765 5775 tempora,
778 5705 835 5760 sire
848 5702 898 5759 bas
916 5702 998 5758 boras
1051 5705 1120 5759 siaiu
1132 5703 1252 5770 iniqueis
1262 5702 1361 5770 linquis
1371 5702 1533 5767 esitantem,
1544 5704 1569 5754 et
1579 5700 1759 5768 estimplatam
1771 5699 1850 5777 ‹lisci-

197 5772 341 5828 communi
357 5771 504 5830 bominum
519 5789 569 5830 usu
584 5774 715 5844 potiores,
730 5782 757 5830 et
773 5774 936 5847 insigniores
950 5773 999 5829 lia·
1073 5774 1292 5842 alispromissum
1304 5773 1413 5828 Domini
1423 5773 1554 5825 dicauis:
1572 5773 1623 5826 Vas
1633 5770 1851 5836 autarilaptiza-

195 5840 285 5913 bitere
303 5842 355 5901 sed
376 5843 465 5902 niulto
483 5845 572 5919 magis
587 5852 631 5901 tot
644 5845 783 5920 mysteriis
799 5845 1000 5914 illustrasset
1049 5790 1148 5901 {tinini
1157 5844 1262 5915 Spiritu
1270 5846 1359 5900 sanato
1368 5858 1420 5898 uon
1428 5845 1486 5912 post
1499 5841 1596 5897 multos
1606 5841 1652 5894 lios
1662 5839 1863 5907 alestanum,
