<?xml version="1.0" encoding="UTF-8"?>
<!DOCTYPE html PUBLIC "-//W3C//DTD XHTML 1.0 Transitional//EN"
    "http://www.w3.org/TR/xhtml1/DTD/xhtml1-transitional.dtd">
<html xmlns="http://www.w3.org/1999/xhtml" xml:lang="en" lang="en">
 <head>
  <title>
</title>
<meta http-equiv="Content-Type" content="text/html;charset=utf-8" />
  <meta name='ocr-system' content='tesseract 3.04.00' />
  <meta name='ocr-capabilities' content='ocr_page ocr_carea ocr_par ocr_line ocrx_word'/>
</head>
<body>
  <div class='ocr_page' id='page_1' title='image "./patrologiaecurs29unkngoog_0067.png"; bbox 0 0 3848 6158; ppageno 0'>
   <div class='ocr_carea' id='block_1_1' title="bbox 127 266 1783 335">
    <p class='ocr_par' dir='ltr' id='par_1_1' title="bbox 127 266 1783 335">
     <span class='ocr_line' id='line_1_1' title="bbox 127 266 1783 335; baseline 0.001 -9"><span class='ocrx_word' id='word_1_1' title='bbox 127 273 178 328; x_wconf 82' lang='lat' dir='ltr'>tle</span> <span class='ocrx_word' id='word_1_2' title='bbox 517 297 534 335; x_wconf 75' lang='lat'>0</span> <span class='ocrx_word' id='word_1_3' title='bbox 801 267 939 325; x_wconf 72' lang='lat' dir='ltr'>loannis</span> <span class='ocrx_word' id='word_1_4' title='bbox 956 266 1108 325; x_wconf 77' lang='lat' dir='ltr'>cassiani</span> <span class='ocrx_word' id='word_1_5' title='bbox 1729 274 1783 329; x_wconf 77' lang='lat'>¹20</span> 
     </span>
    </p>
   </div>
   <div class='ocr_carea' id='block_1_2' title="bbox 125 392 1787 2802">
    <p class='ocr_par' dir='ltr' id='par_1_2' title="bbox 125 392 1787 2802">
     <span class='ocr_line' id='line_1_2' title="bbox 126 392 1785 469; baseline 0.001 -18"><span class='ocrx_word' id='word_1_6' title='bbox 126 403 155 451; x_wconf 89' lang='lat' dir='ltr'>et</span> <span class='ocrx_word' id='word_1_7' title='bbox 166 392 284 451; x_wconf 90' lang='lat' dir='ltr'>irridens</span> <span class='ocrx_word' id='word_1_8' title='bbox 295 393 398 452; x_wconf 89' lang='lat' dir='ltr'>dioeret</span> <span class='ocrx_word' id='word_1_9' title='bbox 418 409 466 451; x_wconf 85' lang='lat' dir='ltr'>eos</span> <span class='ocrx_word' id='word_1_10' title='bbox 485 400 577 450; x_wconf 87' lang='lat' dir='ltr'>musto</span> <span class='ocrx_word' id='word_1_11' title='bbox 592 392 721 464; x_wconf 90' lang='lat' dir='ltr'>repletos,</span> <span class='ocrx_word' id='word_1_12' title='bbox 734 399 809 448; x_wconf 87' lang='lat' dir='ltr'>stans</span> <span class='ocrx_word' id='word_1_13' title='bbox 827 394 926 449; x_wconf 89' lang='lat' dir='ltr'>Petrus</span> <span class='ocrx_word' id='word_1_14' title='bbox 935 395 963 459; x_wconf 79' lang='grc' dir='ltr'>Α</span> <span class='ocrx_word' id='word_1_15' title='bbox 979 393 1076 456; x_wconf 80' lang='lat' dir='ltr'>umida,</span> <span class='ocrx_word' id='word_1_16' title='bbox 1096 397 1122 449; x_wconf 89' lang='lat' dir='ltr'>et</span> <span class='ocrx_word' id='word_1_17' title='bbox 1140 394 1273 450; x_wconf 85' lang='lat' dir='ltr'>manduca</span> <span class='ocrx_word' id='word_1_18' title='bbox 1287 397 1360 463; x_wconf 80' lang='lat' dir='ltr'>(Act.</span> <span class='ocrx_word' id='word_1_19' title='bbox 1370 399 1412 463; x_wconf 89' lang='lat' dir='ltr'>x).</span> <span class='ocrx_word' id='word_1_20' title='bbox 1426 394 1509 469; x_wconf 86' lang='lat' dir='ltr'>Quod</span> <span class='ocrx_word' id='word_1_21' title='bbox 1522 409 1569 452; x_wconf 84' lang='lat' dir='ltr'>vas</span> <span class='ocrx_word' id='word_1_22' title='bbox 1583 403 1703 468; x_wconf 88' lang='lat' dir='ltr'>quatuor</span> <span class='ocrx_word' id='word_1_23' title='bbox 1725 396 1785 452; x_wconf 92' lang='lat' dir='ltr'>ini-</span> 
     </span>
     <span class='ocr_line' id='line_1_3' title="bbox 128 486 1783 566; baseline 0.002 -22"><span class='ocrx_word' id='word_1_24' title='bbox 128 489 157 544; x_wconf 90' lang='lat' dir='ltr'>in</span> <span class='ocrx_word' id='word_1_25' title='bbox 171 486 265 545; x_wconf 91' lang='lat' dir='ltr'>medio</span> <span class='ocrx_word' id='word_1_26' title='bbox 282 502 378 566; x_wconf 80' lang='lat' dir='ltr'>eorum</span> <span class='ocrx_word' id='word_1_27' title='bbox 391 489 453 545; x_wconf 90' lang='lat' dir='ltr'>ait:</span> <span class='ocrx_word' id='word_1_28' title='bbox 476 490 540 544; x_wconf 84' lang='lat' dir='ltr'>Viri</span> <span class='ocrx_word' id='word_1_29' title='bbox 553 487 683 544; x_wconf 77' lang='lat' dir='ltr'>inaulita</span> <span class='ocrx_word' id='word_1_30' title='bbox 700 490 725 541; x_wconf 85' lang='lat' dir='ltr'>et</span> <span class='ocrx_word' id='word_1_31' title='bbox 736 489 786 556; x_wconf 79' lang='lat' dir='ltr'>pur·</span> <span class='ocrx_word' id='word_1_32' title='bbox 796 487 928 542; x_wconf 76' lang='lat' dir='ltr'>tentatis</span> <span class='ocrx_word' id='word_1_33' title='bbox 981 487 1029 544; x_wconf 90' lang='lat' dir='ltr'>tiis</span> <span class='ocrx_word' id='word_1_34' title='bbox 1042 486 1075 543; x_wconf 90' lang='lat' dir='ltr'>de</span> <span class='ocrx_word' id='word_1_35' title='bbox 1089 488 1161 545; x_wconf 86' lang='lat' dir='ltr'>coelo</span> <span class='ocrx_word' id='word_1_36' title='bbox 1172 490 1365 561; x_wconf 87' lang='lat' dir='ltr'>summissum,</span> <span class='ocrx_word' id='word_1_37' title='bbox 1383 505 1440 547; x_wconf 93' lang='lat' dir='ltr'>non</span> <span class='ocrx_word' id='word_1_38' title='bbox 1459 489 1534 546; x_wconf 88' lang='lat' dir='ltr'>aliud</span> <span class='ocrx_word' id='word_1_39' title='bbox 1552 505 1635 563; x_wconf 88' lang='lat' dir='ltr'>quam</span> <span class='ocrx_word' id='word_1_40' title='bbox 1653 492 1783 564; x_wconf 81' lang='lat' dir='ltr'>Evange-</span> 
     </span>
     <span class='ocr_line' id='line_1_4' title="bbox 126 577 1787 656; baseline 0.001 -18"><span class='ocrx_word' id='word_1_41' title='bbox 126 583 270 638; x_wconf 81' lang='lat' dir='ltr'>Jemsalem</span> <span class='ocrx_word' id='word_1_42' title='bbox 293 582 483 645; x_wconf 75' lang='lat' dir='ltr'>universitas</span> <span class='ocrx_word' id='word_1_43' title='bbox 505 580 578 635; x_wconf 85' lang='lat' dir='ltr'>uobis</span> <span class='ocrx_word' id='word_1_44' title='bbox 600 580 929 642; x_wconf 70' lang='lat' dir='ltr'>:commutationibus</span> <span class='ocrx_word' id='word_1_45' title='bbox 983 577 1052 635; x_wconf 91' lang='lat' dir='ltr'>lium</span> <span class='ocrx_word' id='word_1_46' title='bbox 1071 579 1216 653; x_wconf 85' lang='lat' dir='ltr'>designare</span> <span class='ocrx_word' id='word_1_47' title='bbox 1229 581 1375 640; x_wconf 84' lang='lat' dir='ltr'>manifeste</span> <span class='ocrx_word' id='word_1_48' title='bbox 1399 582 1584 656; x_wconf 73' lang='lat' dir='ltr'><strong>cognoscitur.</strong></span> <span class='ocrx_word' id='word_1_49' title='bbox 1609 581 1689 638; x_wconf 80' lang='lat' dir='ltr'>Licet</span> <span class='ocrx_word' id='word_1_50' title='bbox 1709 581 1787 640; x_wconf 82' lang='lat' dir='ltr'>mim</span> 
     </span>
     <span class='ocr_line' id='line_1_5' title="bbox 125 672 1787 751; baseline 0 -19"><span class='ocrx_word' id='word_1_51' title='bbox 125 678 258 747; x_wconf 83' lang='lat' dir='ltr'>percipite</span> <span class='ocrx_word' id='word_1_52' title='bbox 268 677 348 731; x_wconf 86' lang='lat' dir='ltr'>uerba</span> <span class='ocrx_word' id='word_1_53' title='bbox 356 692 415 730; x_wconf 87' lang='lat' dir='ltr'>mea</span> <span class='ocrx_word' id='word_1_54' title='bbox 429 694 438 730; x_wconf 92' lang='lat'>:</span> <span class='ocrx_word' id='word_1_55' title='bbox 451 678 510 734; x_wconf 88' lang='lat' dir='ltr'>Non</span> <span class='ocrx_word' id='word_1_56' title='bbox 523 676 603 738; x_wconf 83' lang='lat' dir='ltr'>enim,</span> <span class='ocrx_word' id='word_1_57' title='bbox 618 676 687 729; x_wconf 80' lang='lat' dir='ltr'>sinet</span> <span class='ocrx_word' id='word_1_58' title='bbox 700 689 745 730; x_wconf 88' lang='lat' dir='ltr'>uos</span> <span class='ocrx_word' id='word_1_59' title='bbox 755 677 929 739; x_wconf 80' lang='lat' dir='ltr'>eaistimatis,</span> <span class='ocrx_word' id='word_1_60' title='bbox 983 672 1166 746; x_wconf 79' lang='lat' dir='ltr'>quadriformi</span> <span class='ocrx_word' id='word_1_61' title='bbox 1193 676 1428 749; x_wconf 79' lang='lat' dir='ltr'><strong>evangelistarum</strong></span> <span class='ocrx_word' id='word_1_62' title='bbox 1449 676 1607 751; x_wconf 81' lang='lat' dir='ltr'>namatione</span> <span class='ocrx_word' id='word_1_63' title='bbox 1623 674 1787 733; x_wconf 85' lang='lat' dir='ltr'>distinctum</span> 
     </span>
     <span class='ocr_line' id='line_1_6' title="bbox 129 766 1785 842; baseline 0.001 -17"><span class='ocrx_word' id='word_1_64' title='bbox 129 769 509 832; x_wconf 80' lang='lat' dir='ltr'>hicbriisunt,cumsitbora</span> <span class='ocrx_word' id='word_1_65' title='bbox 521 767 685 835; x_wconf 73' lang='lat' dir='ltr'>cimiteriis:</span> <span class='ocrx_word' id='word_1_66' title='bbox 697 767 800 823; x_wconf 76' lang='lat' dir='ltr'>saddoc</span> <span class='ocrx_word' id='word_1_67' title='bbox 812 766 931 837; x_wconf 84' lang='lat' dir='ltr'>estquod</span> <span class='ocrx_word' id='word_1_68' title='bbox 984 775 1101 841; x_wconf 88' lang='lat' dir='ltr'>quatuor</span> <span class='ocrx_word' id='word_1_69' title='bbox 1129 767 1254 826; x_wconf 88' lang='lat' dir='ltr'>rideatur</span> <span class='ocrx_word' id='word_1_70' title='bbox 1271 768 1371 826; x_wconf 90' lang='lat' dir='ltr'>habere</span> <span class='ocrx_word' id='word_1_71' title='bbox 1389 769 1524 842; x_wconf 86' lang='lat' dir='ltr'>principia</span> <span class='ocrx_word' id='word_1_72' title='bbox 1550 788 1558 826; x_wconf 91' lang='lat'>:</span> <span class='ocrx_word' id='word_1_73' title='bbox 1582 784 1669 826; x_wconf 90' lang='lat' dir='ltr'>unum</span> <span class='ocrx_word' id='word_1_74' title='bbox 1688 776 1785 826; x_wconf 86' lang='lat' dir='ltr'>tamen</span> 
     </span>
     <span class='ocr_line' id='line_1_7' title="bbox 130 857 1784 933; baseline -0.002 -14"><span class='ocrx_word' id='word_1_75' title='bbox 130 865 233 919; x_wconf 86' lang='lat' dir='ltr'>dictum</span> <span class='ocrx_word' id='word_1_76' title='bbox 245 867 284 919; x_wconf 86' lang='lat' dir='ltr'>est</span> <span class='ocrx_word' id='word_1_77' title='bbox 301 878 351 933; x_wconf 86' lang='lat' dir='ltr'>per</span> <span class='ocrx_word' id='word_1_78' title='bbox 365 863 524 932; x_wconf 72' lang='lat' dir='ltr'>acquietum</span> <span class='ocrx_word' id='word_1_79' title='bbox 534 862 589 918; x_wconf 86' lang='lat' dir='ltr'>Joel</span> <span class='ocrx_word' id='word_1_80' title='bbox 605 864 663 918; x_wconf 76' lang='lat' dir='ltr'>:Et</span> <span class='ocrx_word' id='word_1_81' title='bbox 674 864 726 917; x_wconf 88' lang='lat' dir='ltr'>erit</span> <span class='ocrx_word' id='word_1_82' title='bbox 739 863 931 917; x_wconf 82' lang='lat' dir='ltr'>innovissimis</span> <span class='ocrx_word' id='word_1_83' title='bbox 984 857 1124 929; x_wconf 80' lang='lat' dir='ltr'>Evangelii</span> <span class='ocrx_word' id='word_1_84' title='bbox 1136 873 1237 931; x_wconf 88' lang='lat' dir='ltr'>corpus</span> <span class='ocrx_word' id='word_1_85' title='bbox 1254 866 1315 927; x_wconf 79' lang='lat' dir='ltr'>est:</span> <span class='ocrx_word' id='word_1_86' title='bbox 1329 859 1451 931; x_wconf 84' lang='lat' dir='ltr'>ejusdem</span> <span class='ocrx_word' id='word_1_87' title='bbox 1467 859 1572 916; x_wconf 88' lang='lat' dir='ltr'>seilicet</span> <span class='ocrx_word' id='word_1_88' title='bbox 1593 857 1694 916; x_wconf 84' lang='lat' dir='ltr'>Christi</span> <span class='ocrx_word' id='word_1_89' title='bbox 1709 860 1784 916; x_wconf 90' lang='lat' dir='ltr'>nati·</span> 
     </span>
     <span class='ocr_line' id='line_1_8' title="bbox 129 953 1787 1027; baseline 0.001 -16"><span class='ocrx_word' id='word_1_90' title='bbox 129 957 231 1018; x_wconf 85' lang='lat' dir='ltr'>diebus,</span> <span class='ocrx_word' id='word_1_91' title='bbox 251 956 320 1009; x_wconf 85' lang='lat' dir='ltr'>dicit</span> <span class='ocrx_word' id='word_1_92' title='bbox 331 957 468 1019; x_wconf 79' lang='lat' dir='ltr'>Dominum,</span> <span class='ocrx_word' id='word_1_93' title='bbox 482 954 629 1024; x_wconf 72' lang='lat' dir='ltr'>astundam</span> <span class='ocrx_word' id='word_1_94' title='bbox 639 955 673 1009; x_wconf 87' lang='lat' dir='ltr'>de</span> <span class='ocrx_word' id='word_1_95' title='bbox 683 956 872 1025; x_wconf 81' lang='lat' dir='ltr'>spiritumeo,</span> <span class='ocrx_word' id='word_1_96' title='bbox 882 969 930 1010; x_wconf 91' lang='lat' dir='ltr'>su-</span> <span class='ocrx_word' id='word_1_97' title='bbox 983 953 1096 1010; x_wconf 85' lang='lat' dir='ltr'>vitatem</span> <span class='ocrx_word' id='word_1_98' title='bbox 1111 954 1214 1026; x_wconf 87' lang='lat' dir='ltr'>pariter</span> <span class='ocrx_word' id='word_1_99' title='bbox 1231 969 1264 1011; x_wconf 87' lang='lat' dir='ltr'>ac</span> <span class='ocrx_word' id='word_1_100' title='bbox 1274 953 1417 1024; x_wconf 78' lang='lat' dir='ltr'>deitatem,</span> <span class='ocrx_word' id='word_1_101' title='bbox 1435 955 1572 1011; x_wconf 88' lang='lat' dir='ltr'>miracula</span> <span class='ocrx_word' id='word_1_102' title='bbox 1586 969 1706 1027; x_wconf 92' lang='lat' dir='ltr'>quoqne,</span> <span class='ocrx_word' id='word_1_103' title='bbox 1720 969 1787 1027; x_wconf 85' lang='lat' dir='ltr'>pas-</span> 
     </span>
     <span class='ocr_line' id='line_1_9' title="bbox 125 1045 1786 1121; baseline 0 -18"><span class='ocrx_word' id='word_1_104' title='bbox 125 1065 174 1120; x_wconf 85' lang='lat' dir='ltr'>per</span> <span class='ocrx_word' id='word_1_105' title='bbox 183 1064 286 1103; x_wconf 88' lang='lat' dir='ltr'>omnem</span> <span class='ocrx_word' id='word_1_106' title='bbox 294 1063 408 1112; x_wconf 80' lang='lat' dir='ltr'>earnem,</span> <span class='ocrx_word' id='word_1_107' title='bbox 420 1052 446 1102; x_wconf 88' lang='lat' dir='ltr'>et</span> <span class='ocrx_word' id='word_1_108' title='bbox 455 1048 653 1119; x_wconf 82' lang='lat' dir='ltr'>prophetabunt</span> <span class='ocrx_word' id='word_1_109' title='bbox 664 1047 718 1117; x_wconf 66' lang='lat' dir='ltr'>tilii</span> <span class='ocrx_word' id='word_1_110' title='bbox 726 1049 818 1111; x_wconf 85' lang='lat' dir='ltr'>uestri,</span> <span class='ocrx_word' id='word_1_111' title='bbox 832 1049 930 1117; x_wconf 69' lang='lat' dir='ltr'>attilia</span> <span class='ocrx_word' id='word_1_112' title='bbox 982 1048 1144 1121; x_wconf 90' lang='lat' dir='ltr'>sionemque</span> <span class='ocrx_word' id='word_1_113' title='bbox 1155 1047 1350 1120; x_wconf 89' lang='lat' dir='ltr'>complectens.</span> <span class='ocrx_word' id='word_1_114' title='bbox 1366 1045 1486 1104; x_wconf 79' lang='lat' dir='ltr'>Pulchre</span> <span class='ocrx_word' id='word_1_115' title='bbox 1496 1055 1590 1105; x_wconf 88' lang='lat' dir='ltr'>autem</span> <span class='ocrx_word' id='word_1_116' title='bbox 1602 1062 1660 1103; x_wconf 89' lang='lat' dir='ltr'>non</span> <span class='ocrx_word' id='word_1_117' title='bbox 1677 1047 1717 1103; x_wconf 91' lang='lat' dir='ltr'>ait</span> <span class='ocrx_word' id='word_1_118' title='bbox 1727 1046 1786 1104; x_wconf 90' lang='lat' dir='ltr'>lin·</span> 
     </span>
     <span class='ocr_line' id='line_1_10' title="bbox 127 1140 1786 1215; baseline 0.001 -17"><span class='ocrx_word' id='word_1_119' title='bbox 127 1147 222 1198; x_wconf 82' lang='lat' dir='ltr'>nestra</span> <span class='ocrx_word' id='word_1_120' title='bbox 230 1161 239 1209; x_wconf 87' lang='lat'>;</span> <span class='ocrx_word' id='word_1_121' title='bbox 254 1146 280 1196; x_wconf 85' lang='lat' dir='ltr'>et</span> <span class='ocrx_word' id='word_1_122' title='bbox 293 1141 404 1211; x_wconf 69' lang='lat' dir='ltr'>iuuenes</span> <span class='ocrx_word' id='word_1_123' title='bbox 418 1143 502 1196; x_wconf 85' lang='lat' dir='ltr'>vestri</span> <span class='ocrx_word' id='word_1_124' title='bbox 522 1142 636 1196; x_wconf 72' lang='lat' dir='ltr'>visiones</span> <span class='ocrx_word' id='word_1_125' title='bbox 649 1140 798 1212; x_wconf 81' lang='lat' dir='ltr'>uidebant,</span> <span class='ocrx_word' id='word_1_126' title='bbox 818 1143 844 1194; x_wconf 85' lang='lat' dir='ltr'>et</span> <span class='ocrx_word' id='word_1_127' title='bbox 856 1155 929 1195; x_wconf 74' lang='lat' dir='ltr'>emm</span> <span class='ocrx_word' id='word_1_128' title='bbox 982 1150 1070 1211; x_wconf 77' lang='lat' dir='ltr'>mum,</span> <span class='ocrx_word' id='word_1_129' title='bbox 1082 1140 1217 1215; x_wconf 84' lang='lat' dir='ltr'>sedquasi</span> <span class='ocrx_word' id='word_1_130' title='bbox 1231 1142 1358 1199; x_wconf 86' lang='lat' dir='ltr'>linteum.</span> <span class='ocrx_word' id='word_1_131' title='bbox 1372 1143 1502 1199; x_wconf 75' lang='lat' dir='ltr'>Linteum</span> <span class='ocrx_word' id='word_1_132' title='bbox 1514 1142 1615 1214; x_wconf 78' lang='lat' dir='ltr'>quippe</span> <span class='ocrx_word' id='word_1_133' title='bbox 1628 1141 1786 1199; x_wconf 76' lang='lat' dir='ltr'>mortifica·</span> 
     </span>
     <span class='ocr_line' id='line_1_11' title="bbox 128 1232 1784 1307; baseline 0 -15"><span class='ocrx_word' id='word_1_134' title='bbox 128 1239 211 1292; x_wconf 87' lang='lat' dir='ltr'>uestri</span> <span class='ocrx_word' id='word_1_135' title='bbox 226 1237 329 1291; x_wconf 84' lang='lat' dir='ltr'>somnia</span> <span class='ocrx_word' id='word_1_136' title='bbox 351 1232 532 1292; x_wconf 75' lang='lat' dir='ltr'>somambunt.</span> <span class='ocrx_word' id='word_1_137' title='bbox 554 1237 590 1292; x_wconf 79' lang='lat' dir='ltr'>nt</span> <span class='ocrx_word' id='word_1_138' title='bbox 615 1235 723 1306; x_wconf 72' lang='lat' dir='ltr'>paridem</span> <span class='ocrx_word' id='word_1_139' title='bbox 741 1249 822 1306; x_wconf 87' lang='lat' dir='ltr'>super</span> <span class='ocrx_word' id='word_1_140' title='bbox 841 1249 929 1290; x_wconf 82' lang='lat' dir='ltr'>seruos</span> <span class='ocrx_word' id='word_1_141' title='bbox 982 1236 1068 1292; x_wconf 89' lang='lat' dir='ltr'>tionis</span> <span class='ocrx_word' id='word_1_142' title='bbox 1087 1233 1222 1293; x_wconf 89' lang='lat' dir='ltr'>indicium</span> <span class='ocrx_word' id='word_1_143' title='bbox 1244 1243 1286 1293; x_wconf 91' lang='lat' dir='ltr'>est</span> <span class='ocrx_word' id='word_1_144' title='bbox 1301 1237 1419 1302; x_wconf 84' lang='lat' dir='ltr'>(Psalm.</span> <span class='ocrx_word' id='word_1_145' title='bbox 1443 1240 1511 1303; x_wconf 83' lang='lat' dir='ltr'>xx).</span> <span class='ocrx_word' id='word_1_146' title='bbox 1531 1234 1671 1305; x_wconf 82' lang='lat' dir='ltr'>Quoniam</span> <span class='ocrx_word' id='word_1_147' title='bbox 1695 1234 1784 1307; x_wconf 86' lang='lat' dir='ltr'>igitur</span> 
     </span>
     <span class='ocr_line' id='line_1_12' title="bbox 129 1326 1783 1401; baseline 0 -15"><span class='ocrx_word' id='word_1_148' title='bbox 129 1345 198 1386; x_wconf 87' lang='lat' dir='ltr'>meos</span> <span class='ocrx_word' id='word_1_149' title='bbox 212 1335 238 1386; x_wconf 90' lang='lat' dir='ltr'>et</span> <span class='ocrx_word' id='word_1_150' title='bbox 251 1345 331 1401; x_wconf 87' lang='lat' dir='ltr'>super</span> <span class='ocrx_word' id='word_1_151' title='bbox 343 1331 457 1385; x_wconf 85' lang='lat' dir='ltr'>ancillas</span> <span class='ocrx_word' id='word_1_152' title='bbox 475 1346 546 1386; x_wconf 86' lang='lat' dir='ltr'>meus</span> <span class='ocrx_word' id='word_1_153' title='bbox 565 1332 594 1384; x_wconf 84' lang='lat' dir='ltr'>in</span> <span class='ocrx_word' id='word_1_154' title='bbox 610 1330 704 1385; x_wconf 83' lang='lat' dir='ltr'>diebus</span> <span class='ocrx_word' id='word_1_155' title='bbox 717 1330 774 1386; x_wconf 80' lang='lat' dir='ltr'>illis</span> <span class='ocrx_word' id='word_1_156' title='bbox 785 1329 929 1397; x_wconf 70' lang='lat' dir='ltr'>effundam</span> <span class='ocrx_word' id='word_1_157' title='bbox 981 1343 1058 1386; x_wconf 90' lang='lat' dir='ltr'>mors</span> <span class='ocrx_word' id='word_1_158' title='bbox 1068 1329 1222 1386; x_wconf 79' lang='lat' dir='ltr'>Dominicae</span> <span class='ocrx_word' id='word_1_159' title='bbox 1231 1329 1367 1401; x_wconf 87' lang='lat' dir='ltr'>passionis</span> <span class='ocrx_word' id='word_1_160' title='bbox 1378 1344 1434 1385; x_wconf 90' lang='lat' dir='ltr'>non</span> <span class='ocrx_word' id='word_1_161' title='bbox 1446 1326 1577 1385; x_wconf 87' lang='lat' dir='ltr'>humanae</span> <span class='ocrx_word' id='word_1_162' title='bbox 1588 1335 1698 1384; x_wconf 87' lang='lat' dir='ltr'>naturae</span> <span class='ocrx_word' id='word_1_163' title='bbox 1710 1327 1783 1401; x_wconf 82' lang='lat' dir='ltr'>lege,</span> 
     </span>
     <span class='ocr_line' id='line_1_13' title="bbox 129 1420 1786 1496; baseline -0.001 -17"><span class='ocrx_word' id='word_1_164' title='bbox 129 1424 162 1479; x_wconf 85' lang='lat' dir='ltr'>de</span> <span class='ocrx_word' id='word_1_165' title='bbox 174 1425 282 1495; x_wconf 83' lang='lat' dir='ltr'>spiritu</span> <span class='ocrx_word' id='word_1_166' title='bbox 302 1439 369 1488; x_wconf 85' lang='lat' dir='ltr'>meo,</span> <span class='ocrx_word' id='word_1_167' title='bbox 389 1428 414 1479; x_wconf 88' lang='lat' dir='ltr'>et</span> <span class='ocrx_word' id='word_1_168' title='bbox 431 1423 630 1494; x_wconf 80' lang='lat' dir='ltr'>prophetabunt</span> <span class='ocrx_word' id='word_1_169' title='bbox 647 1424 727 1488; x_wconf 83' lang='lat' dir='ltr'>(Act.</span> <span class='ocrx_word' id='word_1_170' title='bbox 741 1436 777 1478; x_wconf 87' lang='grc' dir='ltr'>ιι.</span> <span class='ocrx_word' id='word_1_171' title='bbox 791 1422 856 1477; x_wconf 79' lang='lat' dir='ltr'>loct.</span> <span class='ocrx_word' id='word_1_172' title='bbox 875 1424 925 1488; x_wconf 82' lang='lat' dir='ltr'>n).</span> <span class='ocrx_word' id='word_1_173' title='bbox 979 1421 1028 1480; x_wconf 84' lang='lat' dir='ltr'>sed</span> <span class='ocrx_word' id='word_1_174' title='bbox 1048 1423 1166 1496; x_wconf 78' lang='lat' dir='ltr'>propriae</span> <span class='ocrx_word' id='word_1_175' title='bbox 1187 1423 1336 1480; x_wconf 84' lang='lat' dir='ltr'>voluntatis</span> <span class='ocrx_word' id='word_1_176' title='bbox 1353 1422 1464 1480; x_wconf 88' lang='lat' dir='ltr'>subitur</span> <span class='ocrx_word' id='word_1_177' title='bbox 1480 1421 1613 1488; x_wconf 83' lang='lat' dir='ltr'>arbitrio,</span> <span class='ocrx_word' id='word_1_178' title='bbox 1628 1421 1707 1494; x_wconf 88' lang='lat' dir='ltr'>quasi</span> <span class='ocrx_word' id='word_1_179' title='bbox 1729 1420 1786 1478; x_wconf 92' lang='lat' dir='ltr'>lin-</span> 
     </span>
     <span class='ocr_line' id='line_1_14' title="bbox 131 1513 1786 1590; baseline -0.001 -18"><span class='ocrx_word' id='word_1_180' title='bbox 131 1517 200 1590; x_wconf 83' lang='lat' dir='ltr'>Quae</span> <span class='ocrx_word' id='word_1_181' title='bbox 213 1517 306 1573; x_wconf 90' lang='lat' dir='ltr'>omnia</span> <span class='ocrx_word' id='word_1_182' title='bbox 322 1517 391 1572; x_wconf 86' lang='lat' dir='ltr'>nora</span> <span class='ocrx_word' id='word_1_183' title='bbox 407 1517 488 1571; x_wconf 89' lang='lat' dir='ltr'>tertia</span> <span class='ocrx_word' id='word_1_184' title='bbox 502 1515 628 1573; x_wconf 86' lang='lat' dir='ltr'>ridemus</span> <span class='ocrx_word' id='word_1_185' title='bbox 645 1513 768 1587; x_wconf 81' lang='lat' dir='ltr'>impleta,</span> <span class='ocrx_word' id='word_1_186' title='bbox 786 1514 928 1585; x_wconf 79' lang='lat' dir='ltr'>sanctique</span> <span class='ocrx_word' id='word_1_187' title='bbox 979 1522 1056 1573; x_wconf 78' lang='lat' dir='ltr'>mum</span> <span class='ocrx_word' id='word_1_188' title='bbox 1069 1515 1180 1574; x_wconf 91' lang='lat' dir='ltr'>dicitnr.</span> <span class='ocrx_word' id='word_1_189' title='bbox 1194 1519 1322 1575; x_wconf 85' lang='lat' dir='ltr'>Mortuus</span> <span class='ocrx_word' id='word_1_190' title='bbox 1332 1518 1408 1574; x_wconf 87' lang='lat' dir='ltr'>enim</span> <span class='ocrx_word' id='word_1_191' title='bbox 1420 1515 1570 1573; x_wconf 87' lang='lat' dir='ltr'>secundum</span> <span class='ocrx_word' id='word_1_192' title='bbox 1585 1529 1708 1585; x_wconf 89' lang='lat' dir='ltr'>carnem,</span> <span class='ocrx_word' id='word_1_193' title='bbox 1726 1529 1786 1572; x_wconf 91' lang='lat' dir='ltr'>nou</span> 
     </span>
     <span class='ocr_line' id='line_1_15' title="bbox 128 1605 1783 1684; baseline -0.002 -16"><span class='ocrx_word' id='word_1_194' title='bbox 128 1609 247 1682; x_wconf 85' lang='lat' dir='ltr'>Spiritus</span> <span class='ocrx_word' id='word_1_195' title='bbox 260 1608 436 1665; x_wconf 77' lang='lat' dir='ltr'>vaticinatum</span> <span class='ocrx_word' id='word_1_196' title='bbox 448 1624 496 1681; x_wconf 91' lang='lat' dir='ltr'>per</span> <span class='ocrx_word' id='word_1_197' title='bbox 508 1607 653 1681; x_wconf 89' lang='lat' dir='ltr'>prophetas</span> <span class='ocrx_word' id='word_1_198' title='bbox 666 1607 813 1664; x_wconf 86' lang='lat' dir='ltr'>adventum</span> <span class='ocrx_word' id='word_1_199' title='bbox 828 1605 926 1664; x_wconf 92' lang='lat' dir='ltr'>eodem</span> <span class='ocrx_word' id='word_1_200' title='bbox 980 1617 1022 1666; x_wconf 79' lang='lat' dir='ltr'>eet</span> <span class='ocrx_word' id='word_1_201' title='bbox 1036 1608 1189 1668; x_wconf 89' lang='lat' dir='ltr'>secundum</span> <span class='ocrx_word' id='word_1_202' title='bbox 1202 1612 1332 1684; x_wconf 90' lang='lat' dir='ltr'>spiritum</span> <span class='ocrx_word' id='word_1_203' title='bbox 1346 1618 1478 1668; x_wconf 88' lang='lat' dir='ltr'>mortuus</span> <span class='ocrx_word' id='word_1_204' title='bbox 1491 1631 1497 1667; x_wconf 93' lang='lat'>:</span> <span class='ocrx_word' id='word_1_205' title='bbox 1510 1610 1575 1683; x_wconf 91' lang='lat' dir='ltr'>quia</span> <span class='ocrx_word' id='word_1_206' title='bbox 1590 1624 1640 1666; x_wconf 90' lang='lat' dir='ltr'>nec</span> <span class='ocrx_word' id='word_1_207' title='bbox 1651 1607 1783 1665; x_wconf 76' lang='lat' dir='ltr'>derelicta</span> 
     </span>
     <span class='ocr_line' id='line_1_16' title="bbox 130 1701 1787 1815; baseline 0.001 -57"><span class='ocrx_word' id='word_1_208' title='bbox 130 1711 254 1774; x_wconf 90' lang='lat' dir='ltr'>tempore</span> <span class='ocrx_word' id='word_1_209' title='bbox 275 1717 357 1775; x_wconf 86' lang='lat' dir='ltr'>super</span> <span class='ocrx_word' id='word_1_210' title='bbox 380 1702 521 1774; x_wconf 89' lang='lat' dir='ltr'>apostolos</span> <span class='ocrx_word' id='word_1_211' title='bbox 542 1715 712 1758; x_wconf 83' lang='lat' dir='ltr'>commeasse</span> <span class='ocrx_word' id='word_1_212' title='bbox 733 1701 845 1768; x_wconf 84' lang='lat' dir='ltr'>(Goloss.</span> <span class='ocrx_word' id='word_1_213' title='bbox 871 1703 924 1762; x_wconf 87' lang='grc' dir='ltr'><strong>ιι).</strong></span> <span class='ocrx_word' id='word_1_214' title='bbox 947 1711 1026 1815; x_wconf 84' lang='lat' dir='ltr'>Best</span> <span class='ocrx_word' id='word_1_215' title='bbox 1043 1704 1135 1761; x_wconf 87' lang='lat' dir='ltr'>anima</span> <span class='ocrx_word' id='word_1_216' title='bbox 1148 1704 1206 1777; x_wconf 89' lang='lat' dir='ltr'>ejus</span> <span class='ocrx_word' id='word_1_217' title='bbox 1217 1704 1245 1760; x_wconf 93' lang='lat' dir='ltr'>in</span> <span class='ocrx_word' id='word_1_218' title='bbox 1255 1704 1376 1773; x_wconf 80' lang='lat' dir='ltr'>interno,</span> <span class='ocrx_word' id='word_1_219' title='bbox 1390 1718 1441 1761; x_wconf 90' lang='lat' dir='ltr'>uec</span> <span class='ocrx_word' id='word_1_220' title='bbox 1454 1719 1519 1761; x_wconf 88' lang='lat' dir='ltr'>earo</span> <span class='ocrx_word' id='word_1_221' title='bbox 1531 1703 1590 1776; x_wconf 88' lang='lat' dir='ltr'>ejus</span> <span class='ocrx_word' id='word_1_222' title='bbox 1605 1702 1675 1760; x_wconf 81' lang='lat' dir='ltr'>sidit</span> <span class='ocrx_word' id='word_1_223' title='bbox 1687 1717 1787 1760; x_wconf 80' lang='lat' dir='ltr'>eomu-</span> 
     </span>
     <span class='ocr_line' id='line_1_17' title="bbox 129 1793 1785 1869; baseline 0.001 -18"><span class='ocrx_word' id='word_1_224' title='bbox 129 1799 142 1826; x_wconf 76' lang='lat'>⁸</span> <span class='ocrx_word' id='word_1_225' title='bbox 163 1797 238 1851; x_wconf 88' lang='lat' dir='ltr'>Hora</span> <span class='ocrx_word' id='word_1_226' title='bbox 262 1802 355 1850; x_wconf 88' lang='lat' dir='ltr'>autern</span> <span class='ocrx_word' id='word_1_227' title='bbox 376 1803 451 1851; x_wconf 88' lang='lat' dir='ltr'>sexta</span> <span class='ocrx_word' id='word_1_228' title='bbox 472 1793 647 1850; x_wconf 87' lang='lat' dir='ltr'>immaculate</span> <span class='ocrx_word' id='word_1_229' title='bbox 660 1793 766 1862; x_wconf 88' lang='lat' dir='ltr'>hostia,</span> <span class='ocrx_word' id='word_1_230' title='bbox 792 1793 930 1850; x_wconf 85' lang='lat' dir='ltr'>Dominus</span> <span class='ocrx_word' id='word_1_231' title='bbox 983 1797 1117 1869; x_wconf 88' lang='lat' dir='ltr'>ptionem.</span> <span class='ocrx_word' id='word_1_232' title='bbox 1140 1799 1177 1854; x_wconf 88' lang='lat' dir='ltr'>Et</span> <span class='ocrx_word' id='word_1_233' title='bbox 1190 1812 1286 1854; x_wconf 89' lang='lat' dir='ltr'>rursus</span> <span class='ocrx_word' id='word_1_234' title='bbox 1308 1816 1314 1852; x_wconf 92' lang='lat'>:</span> <span class='ocrx_word' id='word_1_235' title='bbox 1338 1799 1419 1856; x_wconf 87' lang='lat' dir='ltr'>Nemo</span> <span class='ocrx_word' id='word_1_236' title='bbox 1438 1797 1561 1868; x_wconf 80' lang='lat' dir='ltr'>(inquit)</span> <span class='ocrx_word' id='word_1_237' title='bbox 1575 1797 1649 1852; x_wconf 86' lang='lat' dir='ltr'>tollet</span> <span class='ocrx_word' id='word_1_238' title='bbox 1661 1797 1785 1852; x_wconf 86' lang='lat' dir='ltr'>enimam</span> 
     </span>
     <span class='ocr_line' id='line_1_18' title="bbox 128 1887 1785 1963; baseline 0.001 -19"><span class='ocrx_word' id='word_1_239' title='bbox 128 1896 223 1944; x_wconf 89' lang='lat' dir='ltr'>noster</span> <span class='ocrx_word' id='word_1_240' title='bbox 236 1896 317 1960; x_wconf 89' lang='lat' dir='ltr'>atquc</span> <span class='ocrx_word' id='word_1_241' title='bbox 329 1887 453 1946; x_wconf 83' lang='lat' dir='ltr'>Salvator</span> <span class='ocrx_word' id='word_1_242' title='bbox 468 1887 577 1944; x_wconf 88' lang='lat' dir='ltr'>oblatus</span> <span class='ocrx_word' id='word_1_243' title='bbox 591 1894 632 1944; x_wconf 91' lang='lat' dir='ltr'>est</span> <span class='ocrx_word' id='word_1_244' title='bbox 657 1887 749 1955; x_wconf 88' lang='lat' dir='ltr'>Patri,</span> <span class='ocrx_word' id='word_1_245' title='bbox 765 1901 941 1960; x_wconf 84' lang='lat' dir='ltr'>crucemque</span> <span class='ocrx_word' id='word_1_246' title='bbox 982 1887 1069 1948; x_wconf 84' lang='lat' dir='ltr'>meam</span> <span class='ocrx_word' id='word_1_247' title='bbox 1079 1908 1096 1946; x_wconf 91' lang='lat' dir='ltr'>a</span> <span class='ocrx_word' id='word_1_248' title='bbox 1107 1907 1168 1960; x_wconf 74' lang='lat' dir='ltr'>me:</span> <span class='ocrx_word' id='word_1_249' title='bbox 1191 1892 1239 1948; x_wconf 89' lang='lat' dir='ltr'>sed</span> <span class='ocrx_word' id='word_1_250' title='bbox 1250 1908 1295 1962; x_wconf 81' lang='lat' dir='ltr'>eqo</span> <span class='ocrx_word' id='word_1_251' title='bbox 1304 1907 1374 1963; x_wconf 90' lang='lat' dir='ltr'>pono</span> <span class='ocrx_word' id='word_1_252' title='bbox 1393 1908 1452 1947; x_wconf 88' lang='lat' dir='ltr'>eam</span> <span class='ocrx_word' id='word_1_253' title='bbox 1473 1893 1613 1962; x_wconf 87' lang='lat' dir='ltr'>ameipso.</span> <span class='ocrx_word' id='word_1_254' title='bbox 1627 1893 1785 1947; x_wconf 86' lang='lat' dir='ltr'>Potestutem</span> 
     </span>
     <span class='ocr_line' id='line_1_19' title="bbox 130 1980 1784 2058; baseline 0.003 -21"><span class='ocrx_word' id='word_1_255' title='bbox 130 1997 179 2054; x_wconf 92' lang='lat' dir='ltr'>pro</span> <span class='ocrx_word' id='word_1_256' title='bbox 199 1983 285 2038; x_wconf 91' lang='lat' dir='ltr'>totius</span> <span class='ocrx_word' id='word_1_257' title='bbox 298 1981 393 2038; x_wconf 90' lang='lat' dir='ltr'>mundi</span> <span class='ocrx_word' id='word_1_258' title='bbox 404 1981 492 2038; x_wconf 86' lang='lat' dir='ltr'>salute</span> <span class='ocrx_word' id='word_1_259' title='bbox 505 1980 692 2038; x_wconf 81' lang='lat' dir='ltr'>conscendens</span> <span class='ocrx_word' id='word_1_260' title='bbox 703 2022 712 2051; x_wconf 88' lang='lat'>‚</span> <span class='ocrx_word' id='word_1_261' title='bbox 723 1980 836 2037; x_wconf 90' lang='lat' dir='ltr'>humani</span> <span class='ocrx_word' id='word_1_262' title='bbox 850 1994 932 2052; x_wconf 87' lang='lat' dir='ltr'>geue-</span> <span class='ocrx_word' id='word_1_263' title='bbox 986 1987 1066 2042; x_wconf 80' lang='lat' dir='ltr'>lobeo</span> <span class='ocrx_word' id='word_1_264' title='bbox 1078 2002 1177 2058; x_wconf 73' lang='lat' dir='ltr'>ponae</span> <span class='ocrx_word' id='word_1_265' title='bbox 1190 2002 1258 2051; x_wconf 90' lang='lat' dir='ltr'>eam,</span> <span class='ocrx_word' id='word_1_266' title='bbox 1271 1991 1296 2043; x_wconf 87' lang='lat' dir='ltr'>et</span> <span class='ocrx_word' id='word_1_267' title='bbox 1305 1990 1462 2057; x_wconf 86' lang='lat' dir='ltr'>potestatem</span> <span class='ocrx_word' id='word_1_268' title='bbox 1474 1988 1571 2042; x_wconf 74' lang='lat' dir='ltr'>dnum</span> <span class='ocrx_word' id='word_1_269' title='bbox 1590 1986 1672 2041; x_wconf 82' lang='lat' dir='ltr'>habeo</span> <span class='ocrx_word' id='word_1_270' title='bbox 1681 2000 1784 2042; x_wconf 76' lang='lat' dir='ltr'>summe</span> 
     </span>
     <span class='ocr_line' id='line_1_20' title="bbox 130 2068 1784 2152; baseline 0.003 -22"><span class='ocrx_word' id='word_1_271' title='bbox 130 2073 167 2131; x_wconf 91' lang='lat' dir='ltr'>ris</span> <span class='ocrx_word' id='word_1_272' title='bbox 175 2080 283 2146; x_wconf 84' lang='lat' dir='ltr'>peccata</span> <span class='ocrx_word' id='word_1_273' title='bbox 299 2073 381 2131; x_wconf 86' lang='lat' dir='ltr'>diluit</span> <span class='ocrx_word' id='word_1_274' title='bbox 397 2094 403 2129; x_wconf 93' lang='lat'>:</span> <span class='ocrx_word' id='word_1_275' title='bbox 417 2081 446 2129; x_wconf 93' lang='lat' dir='ltr'>et</span> <span class='ocrx_word' id='word_1_276' title='bbox 461 2068 641 2146; x_wconf 72' lang='lat' dir='ltr'>bexspolians</span> <span class='ocrx_word' id='word_1_277' title='bbox 652 2074 820 2147; x_wconf 80' lang='lat' dir='ltr'>principatus</span> <span class='ocrx_word' id='word_1_278' title='bbox 838 2088 930 2147; x_wconf 84' lang='lat' dir='ltr'>nepo·</span> <span class='ocrx_word' id='word_1_279' title='bbox 984 2095 1043 2135; x_wconf 87' lang='lat' dir='ltr'>eum</span> <span class='ocrx_word' id='word_1_280' title='bbox 1055 2083 1148 2146; x_wconf 85' lang='lat' dir='ltr'>(Joun.</span> <span class='ocrx_word' id='word_1_281' title='bbox 1168 2083 1225 2146; x_wconf 87' lang='lat' dir='ltr'>x.).</span> <span class='ocrx_word' id='word_1_282' title='bbox 1241 2082 1272 2135; x_wconf 92' lang='lat' dir='ltr'>in</span> <span class='ocrx_word' id='word_1_283' title='bbox 1293 2078 1347 2135; x_wconf 90' lang='lat' dir='ltr'>hoc</span> <span class='ocrx_word' id='word_1_284' title='bbox 1369 2079 1461 2152; x_wconf 92' lang='lat' dir='ltr'>itaque</span> <span class='ocrx_word' id='word_1_285' title='bbox 1482 2079 1696 2152; x_wconf 87' lang='lat' dir='ltr'>Evangeliorum</span> <span class='ocrx_word' id='word_1_286' title='bbox 1718 2093 1784 2135; x_wconf 80' lang='lat' dir='ltr'>ease</span> 
     </span>
     <span class='ocr_line' id='line_1_21' title="bbox 130 2166 1779 2245; baseline 0.004 -23"><span class='ocrx_word' id='word_1_287' title='bbox 130 2175 244 2223; x_wconf 79' lang='lat' dir='ltr'>testates</span> <span class='ocrx_word' id='word_1_288' title='bbox 256 2166 378 2223; x_wconf 83' lang='lat' dir='ltr'>traduxit</span> <span class='ocrx_word' id='word_1_289' title='bbox 390 2167 497 2239; x_wconf 81' lang='lat' dir='ltr'>palam.</span> <span class='ocrx_word' id='word_1_290' title='bbox 511 2168 708 2240; x_wconf 84' lang='lat' dir='ltr'>universosque</span> <span class='ocrx_word' id='word_1_291' title='bbox 719 2183 769 2225; x_wconf 91' lang='lat' dir='ltr'>nos</span> <span class='ocrx_word' id='word_1_292' title='bbox 784 2168 929 2239; x_wconf 88' lang='lat' dir='ltr'>obnoxios,</span> <span class='ocrx_word' id='word_1_293' title='bbox 984 2173 1093 2230; x_wconf 85' lang='lat' dir='ltr'>coeiitus</span> <span class='ocrx_word' id='word_1_294' title='bbox 1104 2171 1255 2245; x_wconf 88' lang='lat' dir='ltr'>destinato,</span> <span class='ocrx_word' id='word_1_295' title='bbox 1280 2171 1308 2229; x_wconf 91' lang='lat' dir='ltr'>id</span> <span class='ocrx_word' id='word_1_296' title='bbox 1324 2180 1385 2240; x_wconf 84' lang='lat' dir='ltr'>est,</span> <span class='ocrx_word' id='word_1_297' title='bbox 1399 2187 1415 2228; x_wconf 88' lang='lat' dir='ltr'>a</span> <span class='ocrx_word' id='word_1_298' title='bbox 1428 2172 1534 2244; x_wconf 89' lang='lat' dir='ltr'>Spiritu</span> <span class='ocrx_word' id='word_1_299' title='bbox 1554 2180 1650 2229; x_wconf 87' lang='lat' dir='ltr'>saneto</span> <span class='ocrx_word' id='word_1_300' title='bbox 1665 2171 1779 2243; x_wconf 89' lang='lat' dir='ltr'>perscri-</span> 
     </span>
     <span class='ocr_line' id='line_1_22' title="bbox 129 2260 1784 2338; baseline 0.002 -22"><span class='ocrx_word' id='word_1_301' title='bbox 129 2268 210 2333; x_wconf 91' lang='lat' dir='ltr'>atque</span> <span class='ocrx_word' id='word_1_302' title='bbox 226 2261 390 2317; x_wconf 73' lang='lat' dir='ltr'>condrictos</span> <span class='ocrx_word' id='word_1_303' title='bbox 418 2260 557 2318; x_wconf 88' lang='lat' dir='ltr'>insolubili</span> <span class='ocrx_word' id='word_1_304' title='bbox 584 2260 758 2336; x_wconf 87' lang='lat' dir='ltr'>ehirographi</span> <span class='ocrx_word' id='word_1_305' title='bbox 781 2260 876 2319; x_wconf 91' lang='lat' dir='ltr'>debito</span> <span class='ocrx_word' id='word_1_306' title='bbox 897 2263 930 2320; x_wconf 92' lang='lat' dir='ltr'>li·</span> <span class='ocrx_word' id='word_1_307' title='bbox 984 2274 1048 2338; x_wconf 90' lang='lat' dir='ltr'>pto,</span> <span class='ocrx_word' id='word_1_308' title='bbox 1061 2273 1264 2338; x_wconf 89' lang='lat' dir='ltr'>emnesgentes</span> <span class='ocrx_word' id='word_1_309' title='bbox 1281 2280 1343 2337; x_wconf 80' lang='lat' dir='ltr'>qnae</span> <span class='ocrx_word' id='word_1_310' title='bbox 1358 2262 1501 2336; x_wconf 90' lang='lat' dir='ltr'>quondam</span> <span class='ocrx_word' id='word_1_311' title='bbox 1515 2273 1591 2322; x_wconf 89' lang='lat' dir='ltr'>extra</span> <span class='ocrx_word' id='word_1_312' title='bbox 1605 2264 1674 2337; x_wconf 91' lang='lat' dir='ltr'>legis</span> <span class='ocrx_word' id='word_1_313' title='bbox 1687 2263 1784 2321; x_wconf 89' lang='lat' dir='ltr'>obser·</span> 
     </span>
     <span class='ocr_line' id='line_1_23' title="bbox 125 2353 1784 2432; baseline 0.001 -21"><span class='ocrx_word' id='word_1_314' title='bbox 125 2353 241 2422; x_wconf 79' lang='lat' dir='ltr'>berault,</span> <span class='ocrx_word' id='word_1_315' title='bbox 256 2353 356 2410; x_wconf 92' lang='lat' dir='ltr'>tollens</span> <span class='ocrx_word' id='word_1_316' title='bbox 373 2354 401 2411; x_wconf 91' lang='lat' dir='ltr'>id</span> <span class='ocrx_word' id='word_1_317' title='bbox 418 2354 454 2412; x_wconf 90' lang='lat' dir='ltr'>de</span> <span class='ocrx_word' id='word_1_318' title='bbox 472 2355 576 2424; x_wconf 88' lang='lat' dir='ltr'>medio,</span> <span class='ocrx_word' id='word_1_319' title='bbox 598 2363 627 2411; x_wconf 91' lang='lat' dir='ltr'>et</span> <span class='ocrx_word' id='word_1_320' title='bbox 645 2356 735 2412; x_wconf 86' lang='lat' dir='ltr'>erucis</span> <span class='ocrx_word' id='word_1_321' title='bbox 748 2370 805 2414; x_wconf 81' lang='lat' dir='ltr'>suae</span> <span class='ocrx_word' id='word_1_322' title='bbox 817 2355 930 2431; x_wconf 84' lang='lat' dir='ltr'>olligens</span> <span class='ocrx_word' id='word_1_323' title='bbox 983 2362 1103 2417; x_wconf 77' lang='lat' dir='ltr'>santiam</span> <span class='ocrx_word' id='word_1_324' title='bbox 1117 2360 1225 2432; x_wconf 84' lang='lat' dir='ltr'>positae,</span> <span class='ocrx_word' id='word_1_325' title='bbox 1239 2358 1411 2416; x_wconf 89' lang='lat' dir='ltr'>habebantur</span> <span class='ocrx_word' id='word_1_326' title='bbox 1423 2357 1587 2425; x_wconf 75' lang='lat' dir='ltr'>immunda,</span> <span class='ocrx_word' id='word_1_327' title='bbox 1605 2374 1653 2431; x_wconf 89' lang='lat' dir='ltr'>per</span> <span class='ocrx_word' id='word_1_328' title='bbox 1666 2356 1784 2414; x_wconf 79' lang='lat' dir='ltr'>meduli-</span> 
     </span>
     <span class='ocr_line' id='line_1_24' title="bbox 129 2446 1780 2520; baseline 0.002 -17"><span class='ocrx_word' id='word_1_329' title='bbox 129 2456 245 2520; x_wconf 82' lang='lat' dir='ltr'>tropaeo.</span> <span class='ocrx_word' id='word_1_330' title='bbox 261 2446 366 2504; x_wconf 86' lang='lat' dir='ltr'>Eadem</span> <span class='ocrx_word' id='word_1_331' title='bbox 381 2464 489 2520; x_wconf 92' lang='lat' dir='ltr'>quoque</span> <span class='ocrx_word' id='word_1_332' title='bbox 500 2448 567 2505; x_wconf 91' lang='lat' dir='ltr'>hora</span> <span class='ocrx_word' id='word_1_333' title='bbox 582 2450 664 2506; x_wconf 92' lang='lat' dir='ltr'>Petro</span> <span class='ocrx_word' id='word_1_334' title='bbox 681 2450 709 2506; x_wconf 92' lang='lat' dir='ltr'>in</span> <span class='ocrx_word' id='word_1_335' title='bbox 724 2465 836 2508; x_wconf 86' lang='lat' dir='ltr'>excessu</span> <span class='ocrx_word' id='word_1_336' title='bbox 849 2466 927 2508; x_wconf 91' lang='lat' dir='ltr'>men·</span> <span class='ocrx_word' id='word_1_337' title='bbox 982 2462 1068 2511; x_wconf 87' lang='lat' dir='ltr'>tutem</span> <span class='ocrx_word' id='word_1_338' title='bbox 1090 2453 1153 2511; x_wconf 90' lang='lat' dir='ltr'>iidei</span> <span class='ocrx_word' id='word_1_339' title='bbox 1166 2451 1347 2520; x_wconf 89' lang='lat' dir='ltr'>eonlluentes,</span> <span class='ocrx_word' id='word_1_340' title='bbox 1361 2461 1393 2508; x_wconf 95' lang='lat' dir='ltr'>ut</span> <span class='ocrx_word' id='word_1_341' title='bbox 1406 2451 1441 2508; x_wconf 91' lang='lat' dir='ltr'>ab</span> <span class='ocrx_word' id='word_1_342' title='bbox 1462 2450 1602 2510; x_wconf 88' lang='lat' dir='ltr'>idolorum</span> <span class='ocrx_word' id='word_1_343' title='bbox 1615 2450 1690 2507; x_wconf 90' lang='lat' dir='ltr'>cultu</span> <span class='ocrx_word' id='word_1_344' title='bbox 1705 2450 1780 2507; x_wconf 88' lang='lat' dir='ltr'>salu·</span> 
     </span>
     <span class='ocr_line' id='line_1_25' title="bbox 129 2540 1784 2615; baseline 0.001 -18"><span class='ocrx_word' id='word_1_345' title='bbox 129 2542 166 2597; x_wconf 91' lang='lat' dir='ltr'>tis</span> <span class='ocrx_word' id='word_1_346' title='bbox 177 2542 285 2598; x_wconf 84' lang='lat' dir='ltr'>vocatio</span> <span class='ocrx_word' id='word_1_347' title='bbox 297 2541 420 2615; x_wconf 87' lang='lat' dir='ltr'>gentium</span> <span class='ocrx_word' id='word_1_348' title='bbox 432 2542 557 2598; x_wconf 91' lang='lat' dir='ltr'>omnium</span> <span class='ocrx_word' id='word_1_349' title='bbox 571 2557 619 2615; x_wconf 89' lang='lat' dir='ltr'>per</span> <span class='ocrx_word' id='word_1_350' title='bbox 631 2543 847 2601; x_wconf 89' lang='lat' dir='ltr'>submissionem</span> <span class='ocrx_word' id='word_1_351' title='bbox 856 2545 929 2602; x_wconf 85' lang='lat' dir='ltr'>vasis</span> <span class='ocrx_word' id='word_1_352' title='bbox 982 2546 1069 2604; x_wconf 84' lang='lat' dir='ltr'>briter</span> <span class='ocrx_word' id='word_1_353' title='bbox 1096 2545 1279 2603; x_wconf 89' lang='lat' dir='ltr'>immolentur</span> <span class='ocrx_word' id='word_1_354' title='bbox 1303 2546 1395 2613; x_wconf 81' lang='lat' dir='ltr'>[Fert.</span> <span class='ocrx_word' id='word_1_355' title='bbox 1421 2542 1611 2614; x_wconf 84' lang='lat' dir='ltr'>avertanturl‚</span> <span class='ocrx_word' id='word_1_356' title='bbox 1639 2550 1722 2614; x_wconf 88' lang='lat' dir='ltr'>atque</span> <span class='ocrx_word' id='word_1_357' title='bbox 1744 2540 1784 2599; x_wconf 91' lang='lat' dir='ltr'>ad</span> 
     </span>
     <span class='ocr_line' id='line_1_26' title="bbox 128 2632 1782 2712; baseline 0.002 -23"><span class='ocrx_word' id='word_1_358' title='bbox 128 2633 286 2706; x_wconf 84' lang='lat' dir='ltr'>Evangelici</span> <span class='ocrx_word' id='word_1_359' title='bbox 300 2632 382 2690; x_wconf 85' lang='lat' dir='ltr'>delati</span> <span class='ocrx_word' id='word_1_360' title='bbox 396 2634 524 2705; x_wconf 86' lang='lat' dir='ltr'>roelitue,</span> <span class='ocrx_word' id='word_1_361' title='bbox 539 2643 567 2691; x_wconf 87' lang='lat' dir='ltr'>et</span> <span class='ocrx_word' id='word_1_362' title='bbox 581 2635 735 2708; x_wconf 85' lang='lat' dir='ltr'>purificatio</span> <span class='ocrx_word' id='word_1_363' title='bbox 745 2638 926 2710; x_wconf 89' lang='lat' dir='ltr'>omnigenum</span> <span class='ocrx_word' id='word_1_364' title='bbox 980 2642 1131 2698; x_wconf 90' lang='lat' dir='ltr'>salutarem</span> <span class='ocrx_word' id='word_1_365' title='bbox 1143 2654 1235 2696; x_wconf 89' lang='lat' dir='ltr'>eseam</span> <span class='ocrx_word' id='word_1_366' title='bbox 1249 2637 1407 2712; x_wconf 84' lang='lat' dir='ltr'>proficiant,</span> <span class='ocrx_word' id='word_1_367' title='bbox 1423 2639 1504 2695; x_wconf 90' lang='lat' dir='ltr'>Petro</span> <span class='ocrx_word' id='word_1_368' title='bbox 1522 2636 1695 2711; x_wconf 85' lang='lat' dir='ltr'>purificante,</span> <span class='ocrx_word' id='word_1_369' title='bbox 1714 2650 1782 2692; x_wconf 85' lang='lat' dir='ltr'>voce</span> 
     </span>
     <span class='ocr_line' id='line_1_27' title="bbox 127 2729 1783 2802; baseline 0.001 -17"><span class='ocrx_word' id='word_1_370' title='bbox 127 2729 311 2786; x_wconf 88' lang='lat' dir='ltr'>animantium</span> <span class='ocrx_word' id='word_1_371' title='bbox 323 2729 352 2785; x_wconf 93' lang='lat' dir='ltr'>in</span> <span class='ocrx_word' id='word_1_372' title='bbox 363 2729 461 2786; x_wconf 92' lang='lat' dir='ltr'>eodem</span> <span class='ocrx_word' id='word_1_373' title='bbox 474 2730 702 2802; x_wconf 88' lang='lat' dir='ltr'>consistentium,</span> <span class='ocrx_word' id='word_1_374' title='bbox 715 2731 805 2789; x_wconf 89' lang='lat' dir='ltr'>delata</span> <span class='ocrx_word' id='word_1_375' title='bbox 817 2733 850 2791; x_wconf 88' lang='lat' dir='ltr'>ad</span> <span class='ocrx_word' id='word_1_376' title='bbox 864 2749 927 2790; x_wconf 91' lang='lat' dir='ltr'>eum</span> <span class='ocrx_word' id='word_1_377' title='bbox 980 2735 1127 2792; x_wconf 87' lang='lat' dir='ltr'>Dominica</span> <span class='ocrx_word' id='word_1_378' title='bbox 1139 2732 1309 2791; x_wconf 83' lang='lat' dir='ltr'>deferuntur.</span> <span class='ocrx_word' id='word_1_379' title='bbox 1330 2736 1342 2766; x_wconf 72' lang='lat'><strong><em>⁶</em></strong></span> <span class='ocrx_word' id='word_1_380' title='bbox 1358 2734 1433 2789; x_wconf 84' lang='lat' dir='ltr'>Hora</span> <span class='ocrx_word' id='word_1_381' title='bbox 1445 2748 1509 2790; x_wconf 84' lang='lat' dir='ltr'>vero</span> <span class='ocrx_word' id='word_1_382' title='bbox 1523 2747 1596 2788; x_wconf 87' lang='lat' dir='ltr'>nona</span> <span class='ocrx_word' id='word_1_383' title='bbox 1614 2729 1720 2788; x_wconf 91' lang='lat' dir='ltr'>inlerna</span> <span class='ocrx_word' id='word_1_384' title='bbox 1735 2745 1783 2802; x_wconf 89' lang='lat' dir='ltr'>pe·</span> 
     </span>
    </p>
   </div>
   <div class='ocr_carea' id='block_1_3' title="bbox 128 2824 1784 2898">
    <p class='ocr_par' dir='ltr' id='par_1_3' title="bbox 128 2824 1784 2898">
     <span class='ocr_line' id='line_1_28' title="bbox 128 2824 1784 2898; baseline 0 -20"><span class='ocrx_word' id='word_1_385' title='bbox 128 2839 194 2880; x_wconf 90' lang='lat' dir='ltr'>xooe</span> <span class='ocrx_word' id='word_1_386' title='bbox 215 2824 346 2881; x_wconf 76' lang='lat' dir='ltr'>diuinitus</span> <span class='ocrx_word' id='word_1_387' title='bbox 365 2825 512 2896; x_wconf 81' lang='lat' dir='ltr'>revelatur,</span> <span class='ocrx_word' id='word_1_388' title='bbox 525 2825 633 2883; x_wconf 89' lang='lat' dir='ltr'>dicente</span> <span class='ocrx_word' id='word_1_389' title='bbox 644 2827 669 2882; x_wconf 94' lang='lat' dir='ltr'>oi</span> <span class='ocrx_word' id='word_1_390' title='bbox 686 2847 693 2883; x_wconf 90' lang='lat'>:</span> <span class='ocrx_word' id='word_1_391' title='bbox 712 2828 812 2898; x_wconf 76' lang='lat' dir='ltr'>Surge,</span> <span class='ocrx_word' id='word_1_392' title='bbox 832 2831 926 2892; x_wconf 81' lang='lat' dir='ltr'>Patre,</span> <span class='ocrx_word' id='word_1_393' title='bbox 980 2836 1103 2896; x_wconf 86' lang='lat' dir='ltr'>netrans,</span> <span class='ocrx_word' id='word_1_394' title='bbox 1118 2824 1321 2884; x_wconf 75' lang='lat' dir='ltr'>inextricabiles</span> <span class='ocrx_word' id='word_1_395' title='bbox 1339 2827 1435 2883; x_wconf 86' lang='lat' dir='ltr'>tartari</span> <span class='ocrx_word' id='word_1_396' title='bbox 1454 2826 1580 2883; x_wconf 84' lang='lat' dir='ltr'>tenebras</span> <span class='ocrx_word' id='word_1_397' title='bbox 1594 2825 1784 2883; x_wconf 73' lang='lat' dir='ltr'>commeatione</span> 
     </span>
    </p>
   </div>
   <div class='ocr_carea' id='block_1_4' title="bbox 673 2987 1233 3047">
    <p class='ocr_par' dir='ltr' id='par_1_4' title="bbox 673 2987 1233 3047">
     <span class='ocr_line' id='line_1_29' title="bbox 673 2987 1233 3047; baseline -0.007 -3"><span class='ocrx_word' id='word_1_398' title='bbox 673 2989 801 3046; x_wconf 77' lang='lat' dir='ltr'>ALARDl</span> <span class='ocrx_word' id='word_1_399' title='bbox 820 2990 936 3047; x_wconf 83' lang='lat' dir='ltr'>GAZAEl</span> <span class='ocrx_word' id='word_1_400' title='bbox 954 2987 1233 3047; x_wconf 75' lang='lat' dir='ltr'>COMMENTdeUS.</span> 
     </span>
    </p>
   </div>
   <div class='ocr_carea' id='block_1_5' title="bbox 128 3133 1786 3638">
    <p class='ocr_par' dir='ltr' id='par_1_5' title="bbox 128 3133 1786 3638">
     <span class='ocr_line' id='line_1_30' title="bbox 163 3133 1785 3214; baseline -0.002 -20"><span class='ocrx_word' id='word_1_401' title='bbox 163 3139 273 3195; x_wconf 73' lang='lat' dir='ltr'>&#39;ilorae</span> <span class='ocrx_word' id='word_1_402' title='bbox 287 3140 377 3196; x_wconf 83' lang='lat' dir='ltr'>Sextae</span> <span class='ocrx_word' id='word_1_403' title='bbox 395 3139 450 3196; x_wconf 94' lang='lat' dir='ltr'>duo</span> <span class='ocrx_word' id='word_1_404' title='bbox 462 3140 607 3212; x_wconf 88' lang='lat' dir='ltr'>peculiaria</span> <span class='ocrx_word' id='word_1_405' title='bbox 620 3142 710 3214; x_wconf 88' lang='lat' dir='ltr'>tangit</span> <span class='ocrx_word' id='word_1_406' title='bbox 730 3150 924 3209; x_wconf 86' lang='lat' dir='ltr'>sacramenta,</span> <span class='ocrx_word' id='word_1_407' title='bbox 940 3147 963 3211; x_wconf 82' lang='lat' dir='ltr'>c</span> <span class='ocrx_word' id='word_1_408' title='bbox 978 3155 1096 3212; x_wconf 85' lang='lat' dir='ltr'>suosque</span> <span class='ocrx_word' id='word_1_409' title='bbox 1104 3147 1229 3211; x_wconf 87' lang='lat' dir='ltr'>posteros</span> <span class='ocrx_word' id='word_1_410' title='bbox 1241 3152 1288 3208; x_wconf 89' lang='lat' dir='ltr'>per</span> <span class='ocrx_word' id='word_1_411' title='bbox 1303 3152 1381 3193; x_wconf 91' lang='lat' dir='ltr'>esum</span> <span class='ocrx_word' id='word_1_412' title='bbox 1401 3135 1467 3207; x_wconf 90' lang='lat' dir='ltr'>ligni</span> <span class='ocrx_word' id='word_1_413' title='bbox 1483 3135 1571 3201; x_wconf 82' lang='lat' dir='ltr'>vetiti,</span> <span class='ocrx_word' id='word_1_414' title='bbox 1592 3133 1680 3189; x_wconf 77' lang='lat' dir='ltr'>Adam</span> <span class='ocrx_word' id='word_1_415' title='bbox 1698 3140 1785 3190; x_wconf 84' lang='lat' dir='ltr'>aeter-</span> 
     </span>
     <span class='ocr_line' id='line_1_31' title="bbox 129 3203 1776 3283; baseline -0.002 -19"><span class='ocrx_word' id='word_1_416' title='bbox 129 3209 186 3264; x_wconf 84' lang='lat' dir='ltr'>sive</span> <span class='ocrx_word' id='word_1_417' title='bbox 197 3210 339 3283; x_wconf 76' lang='lat' dir='ltr'>mysteria,</span> <span class='ocrx_word' id='word_1_418' title='bbox 352 3212 467 3267; x_wconf 87' lang='lat' dir='ltr'>alterum</span> <span class='ocrx_word' id='word_1_419' title='bbox 483 3212 579 3268; x_wconf 89' lang='lat' dir='ltr'>itidem</span> <span class='ocrx_word' id='word_1_420' title='bbox 592 3212 626 3270; x_wconf 93' lang='lat' dir='ltr'>ad</span> <span class='ocrx_word' id='word_1_421' title='bbox 638 3213 796 3269; x_wconf 87' lang='lat' dir='ltr'>Passionem</span> <span class='ocrx_word' id='word_1_422' title='bbox 813 3213 926 3269; x_wconf 85' lang='lat' dir='ltr'>Domini</span> <span class='ocrx_word' id='word_1_423' title='bbox 979 3228 1024 3269; x_wconf 83' lang='lat' dir='ltr'>nae</span> <span class='ocrx_word' id='word_1_424' title='bbox 1038 3211 1122 3268; x_wconf 91' lang='lat' dir='ltr'>morti</span> <span class='ocrx_word' id='word_1_425' title='bbox 1145 3209 1300 3266; x_wconf 89' lang='lat' dir='ltr'>reddiderat</span> <span class='ocrx_word' id='word_1_426' title='bbox 1314 3208 1459 3275; x_wconf 90' lang='lat' dir='ltr'>obnoxios,</span> <span class='ocrx_word' id='word_1_427' title='bbox 1477 3207 1555 3279; x_wconf 87' lang='lat' dir='ltr'>juxta</span> <span class='ocrx_word' id='word_1_428' title='bbox 1573 3203 1727 3273; x_wconf 90' lang='lat' dir='ltr'>decretum,</span> <span class='ocrx_word' id='word_1_429' title='bbox 1746 3213 1776 3261; x_wconf 92' lang='lat' dir='ltr'>et</span> 
     </span>
     <span class='ocr_line' id='line_1_32' title="bbox 129 3276 1786 3358; baseline -0.003 -24"><span class='ocrx_word' id='word_1_430' title='bbox 129 3288 273 3351; x_wconf 85' lang='lat' dir='ltr'>spectans,</span> <span class='ocrx_word' id='word_1_431' title='bbox 295 3282 411 3339; x_wconf 89' lang='lat' dir='ltr'>alterurn</span> <span class='ocrx_word' id='word_1_432' title='bbox 435 3282 469 3338; x_wconf 90' lang='lat' dir='ltr'>ad</span> <span class='ocrx_word' id='word_1_433' title='bbox 496 3285 669 3340; x_wconf 86' lang='lat' dir='ltr'>vocationem</span> <span class='ocrx_word' id='word_1_434' title='bbox 696 3285 821 3358; x_wconf 91' lang='lat' dir='ltr'>gentium</span> <span class='ocrx_word' id='word_1_435' title='bbox 847 3288 927 3341; x_wconf 84' lang='lat' dir='ltr'>Petro</span> <span class='ocrx_word' id='word_1_436' title='bbox 981 3282 1150 3340; x_wconf 88' lang='lat' dir='ltr'>sententiam</span> <span class='ocrx_word' id='word_1_437' title='bbox 1170 3279 1222 3336; x_wconf 91' lang='lat' dir='ltr'>Dei</span> <span class='ocrx_word' id='word_1_438' title='bbox 1234 3278 1351 3336; x_wconf 85' lang='lat' dir='ltr'>dicentis</span> <span class='ocrx_word' id='word_1_439' title='bbox 1365 3298 1371 3334; x_wconf 94' lang='lat'>:</span> <span class='ocrx_word' id='word_1_440' title='bbox 1386 3278 1629 3346; x_wconf 64' lang='lat' dir='ltr'>mraaxmquclora</span> <span class='ocrx_word' id='word_1_441' title='bbox 1641 3276 1786 3330; x_wconf 84' lang='lat' dir='ltr'>comederi-</span> 
     </span>
     <span class='ocr_line' id='line_1_33' title="bbox 128 3346 1783 3434; baseline -0.003 -27"><span class='ocrx_word' id='word_1_442' title='bbox 128 3351 252 3423; x_wconf 89' lang='lat' dir='ltr'>apoetoio</span> <span class='ocrx_word' id='word_1_443' title='bbox 279 3367 329 3434; x_wconf 87' lang='lat' dir='ltr'>per</span> <span class='ocrx_word' id='word_1_444' title='bbox 348 3369 395 3409; x_wconf 83' lang='lat' dir='ltr'>vas</span> <span class='ocrx_word' id='word_1_445' title='bbox 412 3368 426 3407; x_wconf 90' lang='lat' dir='ltr'>e</span> <span class='ocrx_word' id='word_1_446' title='bbox 445 3353 514 3410; x_wconf 86' lang='lat' dir='ltr'>coeio</span> <span class='ocrx_word' id='word_1_447' title='bbox 532 3353 697 3423; x_wconf 83' lang='lat' dir='ltr'>demissum,</span> <span class='ocrx_word' id='word_1_448' title='bbox 739 3354 829 3411; x_wconf 88' lang='lat' dir='ltr'>lenum</span> <span class='ocrx_word' id='word_1_449' title='bbox 848 3354 927 3411; x_wconf 93' lang='lat' dir='ltr'>omni</span> <span class='ocrx_word' id='word_1_450' title='bbox 982 3358 1029 3418; x_wconf 86' lang='lat' dir='ltr'>tis,</span> <span class='ocrx_word' id='word_1_451' title='bbox 1043 3357 1126 3409; x_wconf 88' lang='lat' dir='ltr'>morte</span> <span class='ocrx_word' id='word_1_452' title='bbox 1141 3353 1294 3407; x_wconf 76' lang='lat' dir='ltr'>moriemini</span> <span class='ocrx_word' id='word_1_453' title='bbox 1307 3352 1382 3410; x_wconf 81' lang='lat' dir='ltr'>(dm.</span> <span class='ocrx_word' id='word_1_454' title='bbox 1396 3358 1441 3413; x_wconf 83' lang='grc' dir='ltr'><strong>ιι).</strong></span> <span class='ocrx_word' id='word_1_455' title='bbox 1452 3347 1607 3406; x_wconf 87' lang='lat' dir='ltr'>Tradueere</span> <span class='ocrx_word' id='word_1_456' title='bbox 1619 3354 1712 3401; x_wconf 90' lang='lat' dir='ltr'>autem</span> <span class='ocrx_word' id='word_1_457' title='bbox 1728 3346 1783 3402; x_wconf 89' lang='lat' dir='ltr'>hoe</span> 
     </span>
     <span class='ocr_line' id='line_1_34' title="bbox 128 3417 1782 3495; baseline -0.002 -19"><span class='ocrx_word' id='word_1_458' title='bbox 128 3436 228 3493; x_wconf 77' lang='lat' dir='ltr'>genere</span> <span class='ocrx_word' id='word_1_459' title='bbox 247 3424 408 3479; x_wconf 83' lang='lat' dir='ltr'>animalium</span> <span class='ocrx_word' id='word_1_460' title='bbox 430 3424 636 3492; x_wconf 89' lang='lat' dir='ltr'>adumbratam,</span> <span class='ocrx_word' id='word_1_461' title='bbox 659 3435 687 3482; x_wconf 90' lang='lat' dir='ltr'>ct</span> <span class='ocrx_word' id='word_1_462' title='bbox 726 3427 925 3482; x_wconf 88' lang='lat' dir='ltr'>enuntiatam:</span> <span class='ocrx_word' id='word_1_463' title='bbox 982 3425 1043 3481; x_wconf 90' lang='lat' dir='ltr'>loeo</span> <span class='ocrx_word' id='word_1_464' title='bbox 1061 3438 1111 3495; x_wconf 90' lang='lat' dir='ltr'>pro</span> <span class='ocrx_word' id='word_1_465' title='bbox 1133 3421 1248 3478; x_wconf 83' lang='lat' dir='ltr'>infamia</span> <span class='ocrx_word' id='word_1_466' title='bbox 1269 3420 1394 3487; x_wconf 84' lang='lat' dir='ltr'>allicere,</span> <span class='ocrx_word' id='word_1_467' title='bbox 1415 3428 1442 3475; x_wconf 90' lang='lat' dir='ltr'>et</span> <span class='ocrx_word' id='word_1_468' title='bbox 1464 3420 1538 3476; x_wconf 85' lang='lat' dir='ltr'>velut</span> <span class='ocrx_word' id='word_1_469' title='bbox 1561 3417 1729 3488; x_wconf 91' lang='lat' dir='ltr'>exemplum,</span> <span class='ocrx_word' id='word_1_470' title='bbox 1754 3423 1782 3472; x_wconf 90' lang='lat' dir='ltr'>et</span> 
     </span>
     <span class='ocr_line' id='line_1_35' title="bbox 129 3485 1783 3569; baseline -0.003 -22"><span class='ocrx_word' id='word_1_471' title='bbox 129 3507 248 3563; x_wconf 91' lang='lat' dir='ltr'>quorum</span> <span class='ocrx_word' id='word_1_472' title='bbox 272 3502 419 3564; x_wconf 89' lang='lat' dir='ltr'>utrumque</span> <span class='ocrx_word' id='word_1_473' title='bbox 438 3495 522 3551; x_wconf 88' lang='lat' dir='ltr'>etiam</span> <span class='ocrx_word' id='word_1_474' title='bbox 547 3512 562 3552; x_wconf 94' lang='lat' dir='ltr'>a</span> <span class='ocrx_word' id='word_1_475' title='bbox 588 3495 716 3552; x_wconf 87' lang='lat' dir='ltr'>Patribus</span> <span class='ocrx_word' id='word_1_476' title='bbox 733 3497 876 3563; x_wconf 89' lang='lat' dir='ltr'>astruitur,</span> <span class='ocrx_word' id='word_1_477' title='bbox 900 3505 929 3552; x_wconf 93' lang='lat' dir='ltr'>et</span> <span class='ocrx_word' id='word_1_478' title='bbox 982 3493 1173 3567; x_wconf 88' lang='lat' dir='ltr'>spectaculum</span> <span class='ocrx_word' id='word_1_479' title='bbox 1185 3489 1604 3563; x_wconf 89' lang='lat' dir='ltr'>omnibusproponcresumitur</span> <span class='ocrx_word' id='word_1_480' title='bbox 1619 3507 1630 3569; x_wconf 85' lang='lat'>:¹</span> <span class='ocrx_word' id='word_1_481' title='bbox 1642 3485 1783 3568; x_wconf 84' lang='lat' dir='ltr'>quomodo</span> 
     </span>
     <span class='ocr_line' id='line_1_36' title="bbox 129 3561 1784 3638; baseline -0.003 -21"><span class='ocrx_word' id='word_1_482' title='bbox 129 3563 349 3631; x_wconf 86' lang='lat' dir='ltr'>commendatur,</span> <span class='ocrx_word' id='word_1_483' title='bbox 363 3564 460 3621; x_wconf 88' lang='lat' dir='ltr'>iisdem</span> <span class='ocrx_word' id='word_1_484' title='bbox 474 3565 541 3622; x_wconf 91' lang='lat' dir='ltr'>locis</span> <span class='ocrx_word' id='word_1_485' title='bbox 550 3581 632 3638; x_wconf 91' lang='lat' dir='ltr'>supra</span> <span class='ocrx_word' id='word_1_486' title='bbox 643 3568 734 3623; x_wconf 86' lang='lat' dir='ltr'>citatis</span> <span class='ocrx_word' id='word_1_487' title='bbox 748 3584 756 3621; x_wconf 75' lang='grc' dir='ltr'><em>τ</em></span> <span class='ocrx_word' id='word_1_488' title='bbox 770 3567 818 3623; x_wconf 92' lang='lat' dir='ltr'>ubi</span> <span class='ocrx_word' id='word_1_489' title='bbox 832 3581 929 3623; x_wconf 89' lang='lat' dir='ltr'>omnes</span> <span class='ocrx_word' id='word_1_490' title='bbox 984 3566 1012 3621; x_wconf 94' lang='lat' dir='ltr'>in</span> <span class='ocrx_word' id='word_1_491' title='bbox 1028 3563 1176 3634; x_wconf 88' lang='lat' dir='ltr'>triumphis</span> <span class='ocrx_word' id='word_1_492' title='bbox 1187 3578 1235 3633; x_wconf 90' lang='lat' dir='ltr'>per</span> <span class='ocrx_word' id='word_1_493' title='bbox 1250 3561 1346 3618; x_wconf 89' lang='lat' dir='ltr'>urbem</span> <span class='ocrx_word' id='word_1_494' title='bbox 1362 3561 1548 3632; x_wconf 77' lang='lat' dir='ltr'>circumagere</span> <span class='ocrx_word' id='word_1_495' title='bbox 1559 3566 1681 3630; x_wconf 80' lang='lat' dir='ltr'>captiuos</span> <span class='ocrx_word' id='word_1_496' title='bbox 1696 3565 1784 3612; x_wconf 82' lang='lat' dir='ltr'>eroto-</span> 
     </span>
    </p>
   </div>
   <div class='ocr_carea' id='block_1_6' title="bbox 28 3627 1781 3694">
    <p class='ocr_par' dir='ltr' id='par_1_6' title="bbox 28 3627 1781 3694">
     <span class='ocr_line' id='line_1_37' title="bbox 28 3627 1781 3694; baseline -0.003 -5"><span class='ocrx_word' id='word_1_497' title='bbox 28 3627 36 3642; x_wconf 70' lang='grc'><em>“</em></span> <span class='ocrx_word' id='word_1_498' title='bbox 130 3634 317 3691; x_wconf 90' lang='lat' dir='ltr'>indubitanter</span> <span class='ocrx_word' id='word_1_499' title='bbox 327 3635 617 3693; x_wconf 76' lang='lat' dir='ltr'>aidemantChristum</span> <span class='ocrx_word' id='word_1_500' title='bbox 630 3637 701 3693; x_wconf 89' lang='lat' dir='ltr'>eirca</span> <span class='ocrx_word' id='word_1_501' title='bbox 712 3636 928 3694; x_wconf 88' lang='lat' dir='ltr'>horameextem</span> <span class='ocrx_word' id='word_1_502' title='bbox 982 3651 1027 3693; x_wconf 90' lang='lat' dir='ltr'>res</span> <span class='ocrx_word' id='word_1_503' title='bbox 1045 3635 1156 3692; x_wconf 90' lang='lat' dir='ltr'>solent:</span> <span class='ocrx_word' id='word_1_504' title='bbox 1176 3634 1213 3689; x_wconf 90' lang='lat' dir='ltr'>ita</span> <span class='ocrx_word' id='word_1_505' title='bbox 1231 3632 1459 3690; x_wconf 84' lang='lat' dir='ltr'>Christusxietor</span> <span class='ocrx_word' id='word_1_506' title='bbox 1481 3632 1508 3686; x_wconf 92' lang='lat' dir='ltr'>in</span> <span class='ocrx_word' id='word_1_507' title='bbox 1530 3645 1612 3687; x_wconf 88' lang='lat' dir='ltr'>eruce</span> <span class='ocrx_word' id='word_1_508' title='bbox 1631 3627 1781 3684; x_wconf 89' lang='lat' dir='ltr'>diabolicis</span> 
     </span>
    </p>
   </div>
   <div class='ocr_carea' id='block_1_7' title="bbox 96 3698 1824 5902">
    <p class='ocr_par' dir='ltr' id='par_1_7' title="bbox 96 3698 1824 5902">
     <span class='ocr_line' id='line_1_38' title="bbox 129 3698 1784 3782; baseline -0.003 -23"><span class='ocrx_word' id='word_1_509' title='bbox 129 3704 432 3762; x_wconf 78' lang='lat' dir='ltr'>fnissecrueifixumtin</span> <span class='ocrx_word' id='word_1_510' title='bbox 443 3706 695 3779; x_wconf 86' lang='lat' dir='ltr'>eujusmemoriam</span> <span class='ocrx_word' id='word_1_511' title='bbox 706 3706 929 3766; x_wconf 81' lang='lat' dir='ltr'>ofliciumSextae</span> <span class='ocrx_word' id='word_1_512' title='bbox 982 3703 1165 3778; x_wconf 82' lang='lat' dir='ltr'>potestatibus</span> <span class='ocrx_word' id='word_1_513' title='bbox 1178 3703 1266 3776; x_wconf 89' lang='lat' dir='ltr'>spolia</span> <span class='ocrx_word' id='word_1_514' title='bbox 1280 3702 1409 3770; x_wconf 88' lang='lat' dir='ltr'>detraxit,</span> <span class='ocrx_word' id='word_1_515' title='bbox 1424 3710 1453 3758; x_wconf 91' lang='lat' dir='ltr'>et</span> <span class='ocrx_word' id='word_1_516' title='bbox 1468 3702 1495 3756; x_wconf 93' lang='lat' dir='ltr'>in</span> <span class='ocrx_word' id='word_1_517' title='bbox 1510 3701 1658 3782; x_wconf 81' lang='lat' dir='ltr'>semetipso</span> <span class='ocrx_word' id='word_1_518' title='bbox 1673 3698 1708 3756; x_wconf 91' lang='lat' dir='ltr'>de</span> <span class='ocrx_word' id='word_1_519' title='bbox 1726 3698 1784 3754; x_wconf 90' lang='lat' dir='ltr'>illie</span> 
     </span>
     <span class='ocr_line' id='line_1_39' title="bbox 128 3769 1784 3852; baseline -0.004 -21"><span class='ocrx_word' id='word_1_520' title='bbox 128 3776 213 3832; x_wconf 87' lang='lat' dir='ltr'>inerit</span> <span class='ocrx_word' id='word_1_521' title='bbox 227 3776 392 3833; x_wconf 83' lang='lat' dir='ltr'>instinxtum.</span> <span class='ocrx_word' id='word_1_522' title='bbox 408 3780 480 3833; x_wconf 87' lang='lat' dir='ltr'>Nem</span> <span class='ocrx_word' id='word_1_523' title='bbox 496 3777 563 3833; x_wconf 91' lang='lat' dir='ltr'>illud</span> <span class='ocrx_word' id='word_1_524' title='bbox 585 3780 681 3852; x_wconf 91' lang='lat' dir='ltr'>plane,</span> <span class='ocrx_word' id='word_1_525' title='bbox 693 3787 722 3835; x_wconf 90' lang='lat' dir='ltr'>et</span> <span class='ocrx_word' id='word_1_526' title='bbox 738 3788 830 3850; x_wconf 87' lang='lat' dir='ltr'>aperte</span> <span class='ocrx_word' id='word_1_527' title='bbox 845 3778 929 3835; x_wconf 85' lang='lat' dir='ltr'>refert</span> <span class='ocrx_word' id='word_1_528' title='bbox 982 3776 1155 3848; x_wconf 88' lang='lat' dir='ltr'>triumphum</span> <span class='ocrx_word' id='word_1_529' title='bbox 1179 3790 1273 3847; x_wconf 89' lang='lat' dir='ltr'>agens,</span> <span class='ocrx_word' id='word_1_530' title='bbox 1296 3774 1479 3834; x_wconf 81' lang='lat' dir='ltr'>confidenter,</span> <span class='ocrx_word' id='word_1_531' title='bbox 1493 3781 1520 3828; x_wconf 90' lang='lat' dir='ltr'>et</span> <span class='ocrx_word' id='word_1_532' title='bbox 1535 3773 1625 3843; x_wconf 90' lang='lat' dir='ltr'>palam</span> <span class='ocrx_word' id='word_1_533' title='bbox 1640 3769 1701 3825; x_wconf 78' lang='lat' dir='ltr'>ilios</span> <span class='ocrx_word' id='word_1_534' title='bbox 1723 3778 1784 3825; x_wconf 61' lang='lat' dir='ltr'>tra⁴</span> 
     </span>
     <span class='ocr_line' id='line_1_40' title="bbox 128 3843 1780 3922; baseline -0.003 -22"><span class='ocrx_word' id='word_1_535' title='bbox 128 3847 248 3904; x_wconf 90' lang='lat' dir='ltr'>Joannes</span> <span class='ocrx_word' id='word_1_536' title='bbox 262 3849 425 3921; x_wconf 88' lang='lat' dir='ltr'>evangelista</span> <span class='ocrx_word' id='word_1_537' title='bbox 445 3864 504 3921; x_wconf 12' lang='lat' dir='ltr'>capg.</span> <span class='ocrx_word' id='word_1_538' title='bbox 525 3865 582 3906; x_wconf 81' lang='lat' dir='ltr'>xxx</span> <span class='ocrx_word' id='word_1_539' title='bbox 609 3854 706 3914; x_wconf 71' lang='lat' dir='ltr'>:Erat</span> <span class='ocrx_word' id='word_1_540' title='bbox 727 3849 827 3921; x_wconf 87' lang='lat' dir='ltr'>inquit,</span> <span class='ocrx_word' id='word_1_541' title='bbox 840 3854 928 3906; x_wconf 87' lang='lat' dir='ltr'>Para·</span> <span class='ocrx_word' id='word_1_542' title='bbox 982 3848 1078 3916; x_wconf 90' lang='lat' dir='ltr'>duxit,</span> <span class='ocrx_word' id='word_1_543' title='bbox 1095 3845 1281 3919; x_wconf 79' lang='lat' dir='ltr'>ignominiose</span> <span class='ocrx_word' id='word_1_544' title='bbox 1301 3852 1444 3915; x_wconf 90' lang='lat' dir='ltr'>superatos</span> <span class='ocrx_word' id='word_1_545' title='bbox 1463 3843 1593 3898; x_wconf 88' lang='lat' dir='ltr'>omnibus</span> <span class='ocrx_word' id='word_1_546' title='bbox 1614 3848 1780 3922; x_wconf 85' lang='lat' dir='ltr'>ostentans:</span> 
     </span>
     <span class='ocr_line' id='line_1_41' title="bbox 127 3914 1784 3990; baseline -0.005 -17"><span class='ocrx_word' id='word_1_547' title='bbox 127 3934 198 3974; x_wconf 80' lang='lat' dir='ltr'>scere</span> <span class='ocrx_word' id='word_1_548' title='bbox 211 3919 328 3983; x_wconf 80' lang='lat' dir='ltr'>Pascha,</span> <span class='ocrx_word' id='word_1_549' title='bbox 340 3921 405 3975; x_wconf 82' lang='lat' dir='ltr'>bora</span> <span class='ocrx_word' id='word_1_550' title='bbox 424 3922 613 3990; x_wconf 73' lang='lat' dir='ltr'>permiserim:</span> <span class='ocrx_word' id='word_1_551' title='bbox 633 3925 658 3975; x_wconf 84' lang='lat' dir='ltr'>et</span> <span class='ocrx_word' id='word_1_552' title='bbox 677 3921 753 3976; x_wconf 69' lang='lat' dir='ltr'>drmit</span> <span class='ocrx_word' id='word_1_553' title='bbox 761 3922 866 3977; x_wconf 79' lang='lat' dir='ltr'>Pilatum</span> <span class='ocrx_word' id='word_1_554' title='bbox 878 3925 928 3976; x_wconf 83' lang='lat' dir='ltr'>Ju-</span> <span class='ocrx_word' id='word_1_555' title='bbox 983 3919 1114 3987; x_wconf 77' lang='lat' dir='ltr'>Quomodo</span> <span class='ocrx_word' id='word_1_556' title='bbox 1128 3917 1310 3988; x_wconf 81' lang='lat' dir='ltr'>superioribus</span> <span class='ocrx_word' id='word_1_557' title='bbox 1324 3918 1392 3969; x_wconf 87' lang='lat' dir='ltr'>euni</span> <span class='ocrx_word' id='word_1_558' title='bbox 1408 3916 1480 3969; x_wconf 87' lang='lat' dir='ltr'>uolut</span> <span class='ocrx_word' id='word_1_559' title='bbox 1504 3914 1651 3984; x_wconf 77' lang='lat' dir='ltr'>tropheum</span> <span class='ocrx_word' id='word_1_560' title='bbox 1666 3927 1784 3967; x_wconf 73' lang='lat' dir='ltr'>mmm-</span> 
     </span>
     <span class='ocr_line' id='line_1_42' title="bbox 129 3985 1782 4068; baseline -0.004 -25"><span class='ocrx_word' id='word_1_561' title='bbox 129 3991 197 4044; x_wconf 83' lang='lat' dir='ltr'>dais</span> <span class='ocrx_word' id='word_1_562' title='bbox 213 4009 221 4044; x_wconf 94' lang='lat'>:</span> <span class='ocrx_word' id='word_1_563' title='bbox 241 3994 307 4047; x_wconf 85' lang='lat' dir='ltr'>Eece</span> <span class='ocrx_word' id='word_1_564' title='bbox 328 4007 377 4046; x_wconf 83' lang='lat' dir='ltr'>rec</span> <span class='ocrx_word' id='word_1_565' title='bbox 390 3997 484 4046; x_wconf 76' lang='lat' dir='ltr'>cestu.</span> <span class='ocrx_word' id='word_1_566' title='bbox 499 3992 547 4048; x_wconf 87' lang='lat' dir='ltr'>illi</span> <span class='ocrx_word' id='word_1_567' title='bbox 559 3997 648 4046; x_wconf 87' lang='lat' dir='ltr'>autem</span> <span class='ocrx_word' id='word_1_568' title='bbox 660 3992 830 4046; x_wconf 85' lang='lat' dir='ltr'>clamabunt:</span> <span class='ocrx_word' id='word_1_569' title='bbox 846 3993 926 4055; x_wconf 79' lang='lat' dir='ltr'>Tolle,</span> <span class='ocrx_word' id='word_1_570' title='bbox 981 3994 1056 4047; x_wconf 81' lang='lat' dir='ltr'>uenit</span> <span class='ocrx_word' id='word_1_571' title='bbox 1070 3992 1225 4060; x_wconf 86' lang='lat' dir='ltr'>imperator,</span> <span class='ocrx_word' id='word_1_572' title='bbox 1240 3992 1266 4043; x_wconf 89' lang='lat' dir='ltr'>et</span> <span class='ocrx_word' id='word_1_573' title='bbox 1272 3987 1381 4068; x_wconf 83' lang='lat' dir='ltr'>populis</span> <span class='ocrx_word' id='word_1_574' title='bbox 1395 3988 1537 4040; x_wconf 84' lang='lat' dir='ltr'>ostentauit</span> <span class='ocrx_word' id='word_1_575' title='bbox 1546 3986 1637 4065; x_wconf 82' lang='lat' dir='ltr'>ducem</span> <span class='ocrx_word' id='word_1_576' title='bbox 1644 3985 1782 4064; x_wconf 75' lang='lat' dir='ltr'>saconia,</span> 
     </span>
     <span class='ocr_line' id='line_1_43' title="bbox 127 4055 1783 4134; baseline -0.005 -18"><span class='ocrx_word' id='word_1_577' title='bbox 127 4061 200 4124; x_wconf 85' lang='lat' dir='ltr'>tolle,</span> <span class='ocrx_word' id='word_1_578' title='bbox 214 4064 337 4131; x_wconf 69' lang='lat' dir='ltr'>crucifige</span> <span class='ocrx_word' id='word_1_579' title='bbox 351 4079 419 4117; x_wconf 84' lang='lat' dir='ltr'>mm.</span> <span class='ocrx_word' id='word_1_580' title='bbox 435 4064 469 4118; x_wconf 87' lang='lat' dir='ltr'>Et</span> <span class='ocrx_word' id='word_1_581' title='bbox 479 4063 560 4131; x_wconf 90' lang='lat' dir='ltr'>paulo</span> <span class='ocrx_word' id='word_1_582' title='bbox 572 4071 633 4134; x_wconf 90' lang='lat' dir='ltr'>post</span> <span class='ocrx_word' id='word_1_583' title='bbox 650 4079 657 4116; x_wconf 92' lang='lat'>:</span> <span class='ocrx_word' id='word_1_584' title='bbox 672 4065 744 4118; x_wconf 81' lang='lat' dir='ltr'>iimc</span> <span class='ocrx_word' id='word_1_585' title='bbox 755 4064 861 4118; x_wconf 85' lang='lat' dir='ltr'>dimisit</span> <span class='ocrx_word' id='word_1_586' title='bbox 870 4078 929 4118; x_wconf 83' lang='lat' dir='ltr'>eum</span> <span class='ocrx_word' id='word_1_587' title='bbox 981 4066 1007 4116; x_wconf 88' lang='lat' dir='ltr'>at</span> <span class='ocrx_word' id='word_1_588' title='bbox 1030 4062 1235 4131; x_wconf 75' lang='lat' dir='ltr'>lantgravium,</span> <span class='ocrx_word' id='word_1_589' title='bbox 1257 4066 1297 4114; x_wconf 84' lang='lat' dir='ltr'>art</span> <span class='ocrx_word' id='word_1_590' title='bbox 1319 4057 1444 4114; x_wconf 74' lang='lat' dir='ltr'>Adamus</span> <span class='ocrx_word' id='word_1_591' title='bbox 1464 4055 1593 4122; x_wconf 85' lang='lat' dir='ltr'>Sashout,</span> <span class='ocrx_word' id='word_1_592' title='bbox 1618 4068 1730 4125; x_wconf 87' lang='lat' dir='ltr'>rnsxgnx,</span> <span class='ocrx_word' id='word_1_593' title='bbox 1754 4061 1783 4108; x_wconf 88' lang='lat' dir='ltr'>et</span> 
     </span>
     <span class='ocr_line' id='line_1_44' title="bbox 126 4127 1718 4206; baseline 0.001 -23"><span class='ocrx_word' id='word_1_594' title='bbox 126 4132 195 4194; x_wconf 79' lang='lat' dir='ltr'>illis,</span> <span class='ocrx_word' id='word_1_595' title='bbox 208 4136 455 4203; x_wconf 71' lang='lat' dir='ltr'>utcmeifiqeretur.</span> <span class='ocrx_word' id='word_1_596' title='bbox 475 4134 565 4202; x_wconf 89' lang='lat' dir='ltr'>Quam</span> <span class='ocrx_word' id='word_1_597' title='bbox 584 4134 748 4191; x_wconf 89' lang='lat' dir='ltr'>sententiam</span> <span class='ocrx_word' id='word_1_598' title='bbox 761 4141 860 4206; x_wconf 80' lang='lat' dir='ltr'>prater</span> <span class='ocrx_word' id='word_1_599' title='bbox 883 4150 928 4189; x_wconf 92' lang='lat' dir='ltr'>su·</span> <span class='ocrx_word' id='word_1_600' title='bbox 981 4141 1049 4189; x_wconf 94' lang='lat' dir='ltr'>noto</span> <span class='ocrx_word' id='word_1_601' title='bbox 1064 4131 1193 4187; x_wconf 88' lang='lat' dir='ltr'>omnibus</span> <span class='ocrx_word' id='word_1_602' title='bbox 1207 4127 1343 4200; x_wconf 87' lang='lat' dir='ltr'>exemplo.</span> <span class='ocrx_word' id='word_1_603' title='bbox 1713 4193 1718 4205; x_wconf 37' lang='grc' dir='ltr'>Ι</span> 
     </span>
     <span class='ocr_line' id='line_1_45' title="bbox 127 4196 1784 4277; baseline -0.002 -23"><span class='ocrx_word' id='word_1_604' title='bbox 127 4202 268 4271; x_wconf 89' lang='lat' dir='ltr'>pradiotos</span> <span class='ocrx_word' id='word_1_605' title='bbox 280 4213 414 4270; x_wconf 89' lang='lat' dir='ltr'>auctores,</span> <span class='ocrx_word' id='word_1_606' title='bbox 428 4214 456 4260; x_wconf 91' lang='lat' dir='ltr'>et</span> <span class='ocrx_word' id='word_1_607' title='bbox 469 4213 594 4261; x_wconf 89' lang='lat' dir='ltr'>nostrum</span> <span class='ocrx_word' id='word_1_608' title='bbox 610 4204 655 4260; x_wconf 91' lang='lat' dir='ltr'>hic</span> <span class='ocrx_word' id='word_1_609' title='bbox 669 4204 927 4271; x_wconf 71' lang='lat' dir='ltr'>Cassianumalios·</span> <span class='ocrx_word' id='word_1_610' title='bbox 1017 4206 1029 4235; x_wconf 77' lang='lat'><strong>⁰</strong></span> <span class='ocrx_word' id='word_1_611' title='bbox 1051 4205 1095 4259; x_wconf 90' lang='lat' dir='ltr'>De</span> <span class='ocrx_word' id='word_1_612' title='bbox 1118 4201 1184 4256; x_wconf 90' lang='lat' dir='ltr'>hora</span> <span class='ocrx_word' id='word_1_613' title='bbox 1199 4215 1271 4255; x_wconf 93' lang='lat' dir='ltr'>nona</span> <span class='ocrx_word' id='word_1_614' title='bbox 1292 4207 1349 4255; x_wconf 87' lang='lat' dir='ltr'>tres</span> <span class='ocrx_word' id='word_1_615' title='bbox 1368 4196 1451 4255; x_wconf 82' lang='lat' dir='ltr'>alieri</span> <span class='ocrx_word' id='word_1_616' title='bbox 1473 4196 1614 4263; x_wconf 87' lang='lat' dir='ltr'>rationes,</span> <span class='ocrx_word' id='word_1_617' title='bbox 1636 4210 1697 4277; x_wconf 36' lang='lat' dir='ltr'>cur.</span> <span class='ocrx_word' id='word_1_618' title='bbox 1711 4201 1784 4276; x_wconf 76' lang='lat' dir='ltr'>mter</span> 
     </span>
     <span class='ocr_line' id='line_1_46' title="bbox 129 4267 1785 4346; baseline -0.001 -23"><span class='ocrx_word' id='word_1_619' title='bbox 129 4283 183 4340; x_wconf 90' lang='lat' dir='ltr'>que</span> <span class='ocrx_word' id='word_1_620' title='bbox 195 4270 365 4336; x_wconf 86' lang='lat' dir='ltr'>innumeros,</span> <span class='ocrx_word' id='word_1_621' title='bbox 374 4276 494 4329; x_wconf 85' lang='lat' dir='ltr'>Ecclesia</span> <span class='ocrx_word' id='word_1_622' title='bbox 513 4276 541 4329; x_wconf 94' lang='lat' dir='ltr'>in</span> <span class='ocrx_word' id='word_1_623' title='bbox 552 4277 641 4331; x_wconf 89' lang='lat' dir='ltr'>crucis</span> <span class='ocrx_word' id='word_1_624' title='bbox 655 4275 758 4341; x_wconf 82' lang='lat' dir='ltr'>officio,</span> <span class='ocrx_word' id='word_1_625' title='bbox 767 4284 794 4332; x_wconf 92' lang='lat' dir='ltr'>et</span> <span class='ocrx_word' id='word_1_626' title='bbox 801 4274 926 4346; x_wconf 84' lang='lat' dir='ltr'>precibus</span> <span class='ocrx_word' id='word_1_627' title='bbox 981 4272 1065 4329; x_wconf 89' lang='lat' dir='ltr'>horas</span> <span class='ocrx_word' id='word_1_628' title='bbox 1079 4272 1227 4327; x_wconf 88' lang='lat' dir='ltr'>canonicas</span> <span class='ocrx_word' id='word_1_629' title='bbox 1245 4271 1382 4336; x_wconf 89' lang='lat' dir='ltr'>instituta,</span> <span class='ocrx_word' id='word_1_630' title='bbox 1399 4277 1426 4324; x_wconf 90' lang='lat' dir='ltr'>et</span> <span class='ocrx_word' id='word_1_631' title='bbox 1443 4267 1535 4325; x_wconf 82' lang='lat' dir='ltr'>officio</span> <span class='ocrx_word' id='word_1_632' title='bbox 1550 4267 1732 4322; x_wconf 77' lang='lat' dir='ltr'>eeclesiastico</span> <span class='ocrx_word' id='word_1_633' title='bbox 1746 4273 1785 4321; x_wconf 89' lang='lat' dir='ltr'>srt</span> 
     </span>
     <span class='ocr_line' id='line_1_47' title="bbox 130 4337 1780 4417; baseline -0.002 -23"><span class='ocrx_word' id='word_1_634' title='bbox 130 4337 293 4406; x_wconf 85' lang='lat' dir='ltr'>confirmat(</span> <span class='ocrx_word' id='word_1_635' title='bbox 302 4343 453 4397; x_wconf 80' lang='lat' dir='ltr'>Vichoun.</span> <span class='ocrx_word' id='word_1_636' title='bbox 465 4347 670 4399; x_wconf 81' lang='lat' dir='ltr'>Durantumuoi</span> <span class='ocrx_word' id='word_1_637' title='bbox 678 4350 787 4416; x_wconf 72' lang='lat' dir='ltr'>sumu).</span> <span class='ocrx_word' id='word_1_638' title='bbox 800 4347 926 4402; x_wconf 76' lang='lat' dir='ltr'>alterum</span> <span class='ocrx_word' id='word_1_639' title='bbox 980 4344 1125 4399; x_wconf 86' lang='lat' dir='ltr'>illustrata.</span> <span class='ocrx_word' id='word_1_640' title='bbox 1137 4341 1260 4396; x_wconf 84' lang='lat' dir='ltr'>Primum</span> <span class='ocrx_word' id='word_1_641' title='bbox 1269 4340 1305 4396; x_wconf 93' lang='lat' dir='ltr'>ob</span> <span class='ocrx_word' id='word_1_642' title='bbox 1319 4341 1484 4396; x_wconf 90' lang='lat' dir='ltr'>memoriam</span> <span class='ocrx_word' id='word_1_643' title='bbox 1495 4337 1690 4394; x_wconf 76' lang='lat' dir='ltr'>sacratissima:</span> <span class='ocrx_word' id='word_1_644' title='bbox 1698 4350 1780 4417; x_wconf 72' lang='lat' dir='ltr'>mor-</span> 
     </span>
     <span class='ocr_line' id='line_1_48' title="bbox 130 4405 1785 4487; baseline -0.001 -24"><span class='ocrx_word' id='word_1_645' title='bbox 130 4409 214 4466; x_wconf 89' lang='lat' dir='ltr'>etiam</span> <span class='ocrx_word' id='word_1_646' title='bbox 228 4411 390 4482; x_wconf 88' lang='lat' dir='ltr'>mysterium</span> <span class='ocrx_word' id='word_1_647' title='bbox 403 4413 431 4466; x_wconf 92' lang='lat' dir='ltr'>in</span> <span class='ocrx_word' id='word_1_648' title='bbox 445 4414 588 4469; x_wconf 82' lang='lat' dir='ltr'>vocatione</span> <span class='ocrx_word' id='word_1_649' title='bbox 598 4415 733 4485; x_wconf 88' lang='lat' dir='ltr'>gentium,</span> <span class='ocrx_word' id='word_1_650' title='bbox 744 4415 818 4487; x_wconf 93' lang='lat' dir='ltr'>quod</span> <span class='ocrx_word' id='word_1_651' title='bbox 830 4417 861 4470; x_wconf 89' lang='lat' dir='ltr'>B.</span> <span class='ocrx_word' id='word_1_652' title='bbox 878 4418 928 4471; x_wconf 87' lang='lat' dir='ltr'>Pe-</span> <span class='ocrx_word' id='word_1_653' title='bbox 980 4414 1017 4470; x_wconf 90' lang='lat' dir='ltr'>tis</span> <span class='ocrx_word' id='word_1_654' title='bbox 1030 4412 1143 4479; x_wconf 89' lang='lat' dir='ltr'>Christi,</span> <span class='ocrx_word' id='word_1_655' title='bbox 1161 4420 1188 4467; x_wconf 91' lang='lat' dir='ltr'>et</span> <span class='ocrx_word' id='word_1_656' title='bbox 1202 4411 1349 4468; x_wconf 89' lang='lat' dir='ltr'>descensus</span> <span class='ocrx_word' id='word_1_657' title='bbox 1363 4411 1421 4482; x_wconf 90' lang='lat' dir='ltr'>ejus</span> <span class='ocrx_word' id='word_1_658' title='bbox 1436 4410 1471 4466; x_wconf 90' lang='lat' dir='ltr'>ad</span> <span class='ocrx_word' id='word_1_659' title='bbox 1486 4408 1597 4465; x_wconf 79' lang='lat' dir='ltr'>inferos.</span> <span class='ocrx_word' id='word_1_660' title='bbox 1614 4409 1686 4463; x_wconf 86' lang='lat' dir='ltr'>Nam</span> <span class='ocrx_word' id='word_1_661' title='bbox 1701 4405 1785 4463; x_wconf 79' lang='lat' dir='ltr'>Chri·</span> 
     </span>
     <span class='ocr_line' id='line_1_49' title="bbox 129 4480 1780 4553; baseline 0 -19"><span class='ocrx_word' id='word_1_662' title='bbox 129 4487 174 4535; x_wconf 86' lang='lat' dir='ltr'>tro</span> <span class='ocrx_word' id='word_1_663' title='bbox 190 4480 217 4535; x_wconf 89' lang='lat' dir='ltr'>in</span> <span class='ocrx_word' id='word_1_664' title='bbox 233 4495 344 4538; x_wconf 85' lang='lat' dir='ltr'>excessu</span> <span class='ocrx_word' id='word_1_665' title='bbox 358 4482 459 4540; x_wconf 91' lang='lat' dir='ltr'>mentis</span> <span class='ocrx_word' id='word_1_666' title='bbox 473 4483 563 4553; x_wconf 93' lang='lat' dir='ltr'>posito</span> <span class='ocrx_word' id='word_1_667' title='bbox 580 4483 647 4539; x_wconf 89' lang='lat' dir='ltr'>hora</span> <span class='ocrx_word' id='word_1_668' title='bbox 666 4493 740 4541; x_wconf 87' lang='lat' dir='ltr'>sexta</span> <span class='ocrx_word' id='word_1_669' title='bbox 753 4484 926 4542; x_wconf 86' lang='lat' dir='ltr'>demonstra·</span> <span class='ocrx_word' id='word_1_670' title='bbox 980 4493 1054 4539; x_wconf 91' lang='lat' dir='ltr'>stum</span> <span class='ocrx_word' id='word_1_671' title='bbox 1070 4483 1137 4539; x_wconf 86' lang='lat' dir='ltr'>hora</span> <span class='ocrx_word' id='word_1_672' title='bbox 1148 4497 1219 4538; x_wconf 87' lang='lat' dir='ltr'>nona</span> <span class='ocrx_word' id='word_1_673' title='bbox 1232 4482 1259 4537; x_wconf 93' lang='lat' dir='ltr'>in</span> <span class='ocrx_word' id='word_1_674' title='bbox 1275 4497 1357 4538; x_wconf 88' lang='lat' dir='ltr'>eruce</span> <span class='ocrx_word' id='word_1_675' title='bbox 1366 4482 1518 4552; x_wconf 87' lang='lat' dir='ltr'>exspirasse</span> <span class='ocrx_word' id='word_1_676' title='bbox 1534 4486 1671 4536; x_wconf 89' lang='lat' dir='ltr'>testantur</span> <span class='ocrx_word' id='word_1_677' title='bbox 1680 4492 1780 4534; x_wconf 86' lang='lat' dir='ltr'>omnes</span> 
     </span>
     <span class='ocr_line' id='line_1_50' title="bbox 130 4524 1786 4682; baseline -0.001 -77"><span class='ocrx_word' id='word_1_678' title='bbox 130 4559 191 4632; x_wconf 83' lang='lat' dir='ltr'>tum</span> <span class='ocrx_word' id='word_1_679' title='bbox 202 4559 253 4618; x_wconf 84' lang='lat' dir='ltr'>est,</span> <span class='ocrx_word' id='word_1_680' title='bbox 266 4553 373 4626; x_wconf 88' lang='lat' dir='ltr'>egregie</span> <span class='ocrx_word' id='word_1_681' title='bbox 385 4552 437 4608; x_wconf 89' lang='lat' dir='ltr'>hoe</span> <span class='ocrx_word' id='word_1_682' title='bbox 458 4555 518 4609; x_wconf 89' lang='lat' dir='ltr'>loco</span> <span class='ocrx_word' id='word_1_683' title='bbox 531 4554 681 4626; x_wconf 88' lang='lat' dir='ltr'>explicatur</span> <span class='ocrx_word' id='word_1_684' title='bbox 706 4571 712 4607; x_wconf 93' lang='lat'>:</span> <span class='ocrx_word' id='word_1_685' title='bbox 732 4557 775 4611; x_wconf 93' lang='lat' dir='ltr'>cui</span> <span class='ocrx_word' id='word_1_686' title='bbox 796 4564 823 4611; x_wconf 85' lang='lat' dir='ltr'>et</span> <span class='ocrx_word' id='word_1_687' title='bbox 840 4555 925 4613; x_wconf 87' lang='lat' dir='ltr'>iidem</span> <span class='ocrx_word' id='word_1_688' title='bbox 943 4524 1168 4682; x_wconf 49' lang='lat' dir='ltr'>Deranyetisrm</span> <span class='ocrx_word' id='word_1_689' title='bbox 1184 4551 1337 4624; x_wconf 91' lang='lat' dir='ltr'>eademque</span> <span class='ocrx_word' id='word_1_690' title='bbox 1351 4552 1409 4633; x_wconf 72' lang='lat' dir='ltr'>eius</span> <span class='ocrx_word' id='word_1_691' title='bbox 1424 4552 1547 4608; x_wconf 89' lang='lat' dir='ltr'>animam</span> <span class='ocrx_word' id='word_1_692' title='bbox 1564 4551 1598 4607; x_wconf 92' lang='lat' dir='ltr'>ad</span> <span class='ocrx_word' id='word_1_693' title='bbox 1619 4548 1721 4604; x_wconf 82' lang='lat' dir='ltr'>interos</span> <span class='ocrx_word' id='word_1_694' title='bbox 1734 4546 1786 4604; x_wconf 86' lang='lat' dir='ltr'>de·</span> 
     </span>
     <span class='ocr_line' id='line_1_51' title="bbox 130 4621 1782 4695; baseline -0.001 -18"><span class='ocrx_word' id='word_1_695' title='bbox 130 4622 313 4693; x_wconf 81' lang='lat' dir='ltr'>astxpnlautur</span> <span class='ocrx_word' id='word_1_696' title='bbox 333 4624 485 4695; x_wconf 85' lang='lat' dir='ltr'>Cyprianus</span> <span class='ocrx_word' id='word_1_697' title='bbox 503 4624 536 4681; x_wconf 93' lang='lat' dir='ltr'>de</span> <span class='ocrx_word' id='word_1_698' title='bbox 555 4633 625 4681; x_wconf 88' lang='lat' dir='ltr'>orat.</span> <span class='ocrx_word' id='word_1_699' title='bbox 642 4625 790 4682; x_wconf 86' lang='lat' dir='ltr'>Dominica</span> <span class='ocrx_word' id='word_1_700' title='bbox 813 4647 819 4681; x_wconf 92' lang='lat'>:</span> <span class='ocrx_word' id='word_1_701' title='bbox 838 4630 924 4691; x_wconf 85' lang='lat' dir='ltr'>Horu,</span> <span class='ocrx_word' id='word_1_702' title='bbox 980 4641 1042 4682; x_wconf 88' lang='lat' dir='ltr'>scen</span> <span class='ocrx_word' id='word_1_703' title='bbox 1064 4627 1128 4691; x_wconf 83' lang='lat' dir='ltr'>isse,</span> <span class='ocrx_word' id='word_1_704' title='bbox 1148 4633 1178 4680; x_wconf 91' lang='lat' dir='ltr'>ut</span> <span class='ocrx_word' id='word_1_705' title='bbox 1191 4624 1287 4680; x_wconf 89' lang='lat' dir='ltr'>Patres</span> <span class='ocrx_word' id='word_1_706' title='bbox 1300 4622 1364 4680; x_wconf 89' lang='lat' dir='ltr'>inde</span> <span class='ocrx_word' id='word_1_707' title='bbox 1378 4621 1516 4686; x_wconf 79' lang='lat' dir='ltr'>liberaret,</span> <span class='ocrx_word' id='word_1_708' title='bbox 1527 4629 1656 4678; x_wconf 90' lang='lat' dir='ltr'>constans</span> <span class='ocrx_word' id='word_1_709' title='bbox 1670 4628 1712 4676; x_wconf 90' lang='lat' dir='ltr'>est</span> <span class='ocrx_word' id='word_1_710' title='bbox 1727 4621 1782 4676; x_wconf 83' lang='lat' dir='ltr'>Ec·</span> 
     </span>
     <span class='ocr_line' id='line_1_52' title="bbox 130 4689 1781 4769; baseline -0.001 -20"><span class='ocrx_word' id='word_1_711' title='bbox 130 4693 229 4765; x_wconf 91' lang='lat' dir='ltr'>inquit,</span> <span class='ocrx_word' id='word_1_712' title='bbox 249 4700 327 4751; x_wconf 81' lang='lat' dir='ltr'>scuta</span> <span class='ocrx_word' id='word_1_713' title='bbox 345 4700 439 4752; x_wconf 82' lang='lat' dir='ltr'>Petrus</span> <span class='ocrx_word' id='word_1_714' title='bbox 460 4699 489 4751; x_wconf 85' lang='lat' dir='ltr'>in</span> <span class='ocrx_word' id='word_1_715' title='bbox 513 4701 610 4751; x_wconf 88' lang='lat' dir='ltr'>tectum</span> <span class='ocrx_word' id='word_1_716' title='bbox 635 4700 757 4767; x_wconf 86' lang='lat' dir='ltr'>superius</span> <span class='ocrx_word' id='word_1_717' title='bbox 772 4699 924 4762; x_wconf 82' lang='lat' dir='ltr'>ascendens,</span> <span class='ocrx_word' id='word_1_718' title='bbox 981 4698 1070 4769; x_wconf 83' lang='lat' dir='ltr'>clesiae</span> <span class='ocrx_word' id='word_1_719' title='bbox 1091 4695 1213 4752; x_wconf 78' lang='lat' dir='ltr'>mnditia.</span> <span class='ocrx_word' id='word_1_720' title='bbox 1231 4698 1272 4751; x_wconf 87' lang='lat' dir='ltr'>ita</span> <span class='ocrx_word' id='word_1_721' title='bbox 1293 4710 1327 4751; x_wconf 89' lang='lat' dir='ltr'>ex</span> <span class='ocrx_word' id='word_1_722' title='bbox 1348 4693 1481 4751; x_wconf 89' lang='lat' dir='ltr'>sententia</span> <span class='ocrx_word' id='word_1_723' title='bbox 1497 4697 1530 4749; x_wconf 90' lang='lat' dir='ltr'>B.</span> <span class='ocrx_word' id='word_1_724' title='bbox 1546 4691 1696 4749; x_wconf 86' lang='lat' dir='ltr'>Clementis</span> <span class='ocrx_word' id='word_1_725' title='bbox 1712 4689 1781 4747; x_wconf 87' lang='lat' dir='ltr'>bora</span> 
     </span>
     <span class='ocr_line' id='line_1_53' title="bbox 127 4763 1785 4838; baseline -0.002 -18"><span class='ocrx_word' id='word_1_726' title='bbox 127 4769 329 4838; x_wconf 79' lang='lat' dir='ltr'>signoparitar,</span> <span class='ocrx_word' id='word_1_727' title='bbox 343 4773 439 4823; x_wconf 86' lang='lat' dir='ltr'>etuoca</span> <span class='ocrx_word' id='word_1_728' title='bbox 458 4770 509 4822; x_wconf 83' lang='lat' dir='ltr'>Dei</span> <span class='ocrx_word' id='word_1_729' title='bbox 520 4770 650 4823; x_wconf 75' lang='lat' dir='ltr'>mmeritis</span> <span class='ocrx_word' id='word_1_730' title='bbox 666 4772 811 4824; x_wconf 74' lang='lat' dir='ltr'>insomnes</span> <span class='ocrx_word' id='word_1_731' title='bbox 832 4774 880 4832; x_wconf 86' lang='lat' dir='ltr'>est,</span> <span class='ocrx_word' id='word_1_732' title='bbox 895 4775 927 4824; x_wconf 89' lang='lat' dir='ltr'>ut</span> <span class='ocrx_word' id='word_1_733' title='bbox 979 4784 1054 4824; x_wconf 88' lang='lat' dir='ltr'>nona</span> <span class='ocrx_word' id='word_1_734' title='bbox 1082 4782 1178 4838; x_wconf 89' lang='lat' dir='ltr'>preces</span> <span class='ocrx_word' id='word_1_735' title='bbox 1197 4765 1333 4834; x_wconf 85' lang='lat' dir='ltr'>lecimus,</span> <span class='ocrx_word' id='word_1_736' title='bbox 1355 4765 1429 4838; x_wconf 91' lang='lat' dir='ltr'>quod</span> <span class='ocrx_word' id='word_1_737' title='bbox 1449 4772 1510 4820; x_wconf 89' lang='lat' dir='ltr'>tum</span> <span class='ocrx_word' id='word_1_738' title='bbox 1531 4763 1625 4820; x_wconf 91' lang='lat' dir='ltr'>omnia</span> <span class='ocrx_word' id='word_1_739' title='bbox 1648 4767 1725 4817; x_wconf 84' lang='lat' dir='ltr'>mota</span> <span class='ocrx_word' id='word_1_740' title='bbox 1755 4769 1785 4817; x_wconf 88' lang='lat' dir='ltr'>et</span> 
     </span>
     <span class='ocr_line' id='line_1_54' title="bbox 128 4832 1782 4915; baseline -0.002 -25"><span class='ocrx_word' id='word_1_741' title='bbox 128 4853 217 4892; x_wconf 87' lang='lat' dir='ltr'>omnes</span> <span class='ocrx_word' id='word_1_742' title='bbox 236 4840 273 4894; x_wconf 91' lang='lat' dir='ltr'>ud</span> <span class='ocrx_word' id='word_1_743' title='bbox 290 4842 407 4908; x_wconf 79' lang='lat' dir='ltr'>qratiam</span> <span class='ocrx_word' id='word_1_744' title='bbox 422 4840 519 4894; x_wconf 88' lang='lat' dir='ltr'>solutis</span> <span class='ocrx_word' id='word_1_745' title='bbox 539 4839 777 4903; x_wconf 67' lang='lat' dir='ltr'>admittentem</span> <span class='ocrx_word' id='word_1_746' title='bbox 789 4841 822 4895; x_wconf 85' lang='lat' dir='ltr'>cte</span> <span class='ocrx_word' id='word_1_747' title='bbox 833 4856 926 4895; x_wconf 78' lang='lat' dir='ltr'>anun-</span> <span class='ocrx_word' id='word_1_748' title='bbox 980 4837 1141 4895; x_wconf 81' lang='lat' dir='ltr'>tremefacta</span> <span class='ocrx_word' id='word_1_749' title='bbox 1157 4845 1221 4893; x_wconf 92' lang='lat' dir='ltr'>sunt</span> <span class='ocrx_word' id='word_1_750' title='bbox 1242 4838 1364 4893; x_wconf 90' lang='lat' dir='ltr'>Domino</span> <span class='ocrx_word' id='word_1_751' title='bbox 1382 4834 1513 4891; x_wconf 86' lang='lat' dir='ltr'>crucifixo</span> <span class='ocrx_word' id='word_1_752' title='bbox 1531 4855 1537 4891; x_wconf 92' lang='lat'>:</span> <span class='ocrx_word' id='word_1_753' title='bbox 1554 4835 1618 4906; x_wconf 91' lang='lat' dir='ltr'>quia</span> <span class='ocrx_word' id='word_1_754' title='bbox 1635 4832 1782 4915; x_wconf 81' lang='lat' dir='ltr'>horrerent</span> 
     </span>
     <span class='ocr_line' id='line_1_55' title="bbox 129 4903 1785 4984; baseline 0 -26"><span class='ocrx_word' id='word_1_755' title='bbox 129 4909 229 4964; x_wconf 79' lang='lat' dir='ltr'>‹laxtdis</span> <span class='ocrx_word' id='word_1_756' title='bbox 242 4911 385 4979; x_wconf 79' lang='lat' dir='ltr'>gentilibus</span> <span class='ocrx_word' id='word_1_757' title='bbox 403 4914 466 4965; x_wconf 85' lang='lat' dir='ltr'>anic</span> <span class='ocrx_word' id='word_1_758' title='bbox 478 4912 622 4965; x_wconf 83' lang='lat' dir='ltr'>dubitaret.</span> <span class='ocrx_word' id='word_1_759' title='bbox 642 4913 678 4966; x_wconf 88' lang='lat' dir='ltr'>Et</span> <span class='ocrx_word' id='word_1_760' title='bbox 695 4912 724 4966; x_wconf 91' lang='lat' dir='ltr'>S.</span> <span class='ocrx_word' id='word_1_761' title='bbox 740 4911 926 4984; x_wconf 84' lang='lat' dir='ltr'>Hieronymus</span> <span class='ocrx_word' id='word_1_762' title='bbox 980 4909 1126 4966; x_wconf 87' lang='lat' dir='ltr'>audaciam</span> <span class='ocrx_word' id='word_1_763' title='bbox 1134 4907 1464 4980; x_wconf 74' lang='lat' dir='ltr'>impiorumludaeorum</span> <span class='ocrx_word' id='word_1_764' title='bbox 1476 4904 1710 4962; x_wconf 86' lang='lat' dir='ltr'>etoentnmelxam</span> <span class='ocrx_word' id='word_1_765' title='bbox 1720 4903 1785 4958; x_wconf 91' lang='lat' dir='ltr'>Do·</span> 
     </span>
     <span class='ocr_line' id='line_1_56' title="bbox 128 4975 1783 5050; baseline -0.001 -20"><span class='ocrx_word' id='word_1_766' title='bbox 128 4977 158 5031; x_wconf 91' lang='lat' dir='ltr'>in</span> <span class='ocrx_word' id='word_1_767' title='bbox 171 4993 230 5048; x_wconf 89' lang='lat' dir='ltr'>cap.</span> <span class='ocrx_word' id='word_1_768' title='bbox 249 4994 280 5035; x_wconf 87' lang='lat' dir='ltr'>vr</span> <span class='ocrx_word' id='word_1_769' title='bbox 294 4982 437 5040; x_wconf 72' lang='lat' dir='ltr'>Danielis:</span> <span class='ocrx_word' id='word_1_770' title='bbox 454 4984 546 5045; x_wconf 78' lang='lat' dir='ltr'>Secta,</span> <span class='ocrx_word' id='word_1_771' title='bbox 571 4981 627 5049; x_wconf 87' lang='lat' dir='ltr'>ait,</span> <span class='ocrx_word' id='word_1_772' title='bbox 641 4983 728 5037; x_wconf 81' lang='lat' dir='ltr'>ooleru</span> <span class='ocrx_word' id='word_1_773' title='bbox 740 4985 832 5038; x_wconf 85' lang='lat' dir='ltr'>Petrus</span> <span class='ocrx_word' id='word_1_774' title='bbox 846 4998 925 5037; x_wconf 87' lang='lat' dir='ltr'>come·</span> <span class='ocrx_word' id='word_1_775' title='bbox 980 4981 1051 5037; x_wconf 90' lang='lat' dir='ltr'>mini</span> <span class='ocrx_word' id='word_1_776' title='bbox 1065 4979 1137 5036; x_wconf 80' lang='lat' dir='ltr'>terre</span> <span class='ocrx_word' id='word_1_777' title='bbox 1149 4995 1206 5035; x_wconf 93' lang='lat' dir='ltr'>non</span> <span class='ocrx_word' id='word_1_778' title='bbox 1222 4986 1345 5050; x_wconf 89' lang='lat' dir='ltr'>possent.</span> <span class='ocrx_word' id='word_1_779' title='bbox 1362 4977 1546 5034; x_wconf 89' lang='lat' dir='ltr'>Tertullianus</span> <span class='ocrx_word' id='word_1_780' title='bbox 1559 4975 1607 5031; x_wconf 93' lang='lat' dir='ltr'>ubi</span> <span class='ocrx_word' id='word_1_781' title='bbox 1620 4989 1702 5046; x_wconf 88' lang='lat' dir='ltr'>supra</span> <span class='ocrx_word' id='word_1_782' title='bbox 1719 4991 1726 5028; x_wconf 77' lang='grc' dir='ltr'><strong>ι</strong></span> <span class='ocrx_word' id='word_1_783' title='bbox 1751 4977 1783 5030; x_wconf 86' lang='lat' dir='ltr'>ln</span> 
     </span>
     <span class='ocr_line' id='line_1_57' title="bbox 128 5044 1784 5132; baseline -0.001 -32"><span class='ocrx_word' id='word_1_784' title='bbox 128 5048 203 5110; x_wconf 86' lang='lat' dir='ltr'>dere,</span> <span class='ocrx_word' id='word_1_785' title='bbox 223 5050 260 5103; x_wconf 89' lang='lat' dir='ltr'>ud</span> <span class='ocrx_word' id='word_1_786' title='bbox 273 5055 418 5105; x_wconf 79' lang='lat' dir='ltr'>mationem</span> <span class='ocrx_word' id='word_1_787' title='bbox 437 5054 558 5108; x_wconf 81' lang='lat' dir='ltr'>ascendit</span> <span class='ocrx_word' id='word_1_788' title='bbox 571 5054 601 5106; x_wconf 85' lang='lat' dir='ltr'>iu</span> <span class='ocrx_word' id='word_1_789' title='bbox 620 5054 788 5108; x_wconf 76' lang='lat' dir='ltr'>cenaculum.</span> <span class='ocrx_word' id='word_1_790' title='bbox 808 5056 850 5108; x_wconf 93' lang='lat' dir='ltr'>De</span> <span class='ocrx_word' id='word_1_791' title='bbox 864 5052 927 5108; x_wconf 88' lang='lat' dir='ltr'>aliis</span> <span class='ocrx_word' id='word_1_792' title='bbox 980 5067 1038 5106; x_wconf 75' lang='lat' dir='ltr'>eone</span> <span class='ocrx_word' id='word_1_793' title='bbox 1052 5065 1136 5121; x_wconf 89' lang='lat' dir='ltr'>usque</span> <span class='ocrx_word' id='word_1_794' title='bbox 1150 5051 1242 5105; x_wconf 70' lang='lat' dir='ltr'>mm</span> <span class='ocrx_word' id='word_1_795' title='bbox 1256 5051 1411 5105; x_wconf 86' lang='lat' dir='ltr'>celebranda</span> <span class='ocrx_word' id='word_1_796' title='bbox 1422 5064 1548 5132; x_wconf 76' lang='lat' dir='ltr'>pressero</span> <span class='ocrx_word' id='word_1_797' title='bbox 1562 5052 1601 5102; x_wconf 87' lang='lat' dir='ltr'>est</span> <span class='ocrx_word' id='word_1_798' title='bbox 1612 5045 1648 5118; x_wconf 78' lang='lat' dir='ltr'>lid</span> <span class='ocrx_word' id='word_1_799' title='bbox 1660 5053 1712 5112; x_wconf 81' lang='lat' dir='ltr'>est,</span> <span class='ocrx_word' id='word_1_800' title='bbox 1721 5044 1784 5100; x_wconf 82' lang='lat' dir='ltr'>abs</span> 
     </span>
     <span class='ocr_line' id='line_1_58' title="bbox 128 5116 1781 5196; baseline -0.001 -24"><span class='ocrx_word' id='word_1_801' title='bbox 128 5116 205 5173; x_wconf 82' lang='lat' dir='ltr'>borae</span> <span class='ocrx_word' id='word_1_802' title='bbox 217 5127 303 5175; x_wconf 77' lang='lat' dir='ltr'>sexta:</span> <span class='ocrx_word' id='word_1_803' title='bbox 317 5136 346 5175; x_wconf 90' lang='lat' dir='ltr'>m</span> <span class='ocrx_word' id='word_1_804' title='bbox 366 5122 458 5176; x_wconf 72' lang='lat' dir='ltr'>steriis</span> <span class='ocrx_word' id='word_1_805' title='bbox 469 5124 530 5179; x_wconf 80' lang='lat' dir='ltr'>vide</span> <span class='ocrx_word' id='word_1_806' title='bbox 547 5123 625 5194; x_wconf 89' lang='lat' dir='ltr'>plura</span> <span class='ocrx_word' id='word_1_807' title='bbox 646 5122 719 5194; x_wconf 89' lang='lat' dir='ltr'>apud</span> <span class='ocrx_word' id='word_1_808' title='bbox 731 5131 866 5193; x_wconf 87' lang='lat' dir='ltr'>auctores,</span> <span class='ocrx_word' id='word_1_809' title='bbox 877 5123 925 5196; x_wconf 91' lang='lat' dir='ltr'>qui</span> <span class='ocrx_word' id='word_1_810' title='bbox 980 5122 1109 5190; x_wconf 89' lang='lat' dir='ltr'>tinentia,</span> <span class='ocrx_word' id='word_1_811' title='bbox 1124 5120 1182 5176; x_wconf 87' lang='lat' dir='ltr'>sive</span> <span class='ocrx_word' id='word_1_812' title='bbox 1196 5119 1309 5176; x_wconf 85' lang='lat' dir='ltr'>afflictio</span> <span class='ocrx_word' id='word_1_813' title='bbox 1325 5120 1436 5176; x_wconf 88' lang='lat' dir='ltr'>Dominx</span> <span class='ocrx_word' id='word_1_814' title='bbox 1449 5117 1635 5184; x_wconf 83' lang='lat' dir='ltr'>observanda)</span> <span class='ocrx_word' id='word_1_815' title='bbox 1651 5119 1681 5171; x_wconf 88' lang='lat' dir='ltr'>in</span> <span class='ocrx_word' id='word_1_816' title='bbox 1692 5132 1748 5186; x_wconf 80' lang='lat' dir='ltr'>qum</span> <span class='ocrx_word' id='word_1_817' title='bbox 1763 5133 1781 5170; x_wconf 89' lang='lat' dir='ltr'>a</span> 
     </span>
     <span class='ocr_line' id='line_1_59' title="bbox 128 5137 1785 5270; baseline -0.001 -27"><span class='ocrx_word' id='word_1_818' title='bbox 128 5187 163 5243; x_wconf 87' lang='lat' dir='ltr'>de</span> <span class='ocrx_word' id='word_1_819' title='bbox 179 5189 280 5246; x_wconf 84' lang='lat' dir='ltr'>ciliciis</span> <span class='ocrx_word' id='word_1_820' title='bbox 297 5137 486 5247; x_wconf 48' lang='lat' dir='ltr'>eccdsiastieis</span> <span class='ocrx_word' id='word_1_821' title='bbox 501 5201 631 5249; x_wconf 86' lang='lat' dir='ltr'>tractant.</span> <span class='ocrx_word' id='word_1_822' title='bbox 979 5197 1057 5248; x_wconf 82' lang='lat' dir='ltr'>senta</span> <span class='ocrx_word' id='word_1_823' title='bbox 1071 5191 1271 5248; x_wconf 84' lang='lat' dir='ltr'>contenebratus</span> <span class='ocrx_word' id='word_1_824' title='bbox 1285 5191 1373 5255; x_wconf 79' lang='lat' dir='ltr'>mois,</span> <span class='ocrx_word' id='word_1_825' title='bbox 1390 5192 1653 5268; x_wconf 80' lang='lat' dir='ltr'>defunctoDomino,</span> <span class='ocrx_word' id='word_1_826' title='bbox 1671 5187 1785 5270; x_wconf 76' lang='lat' dir='ltr'>lugubre</span> 
     </span>
     <span class='ocr_line' id='line_1_60' title="bbox 165 5252 1781 5333; baseline -0.002 -17"><span class='ocrx_word' id='word_1_827' title='bbox 165 5252 179 5290; x_wconf 76' lang='lat'>¹³</span> <span class='ocrx_word' id='word_1_828' title='bbox 202 5260 290 5316; x_wconf 88' lang='lat' dir='ltr'>Verba</span> <span class='ocrx_word' id='word_1_829' title='bbox 315 5261 443 5332; x_wconf 72' lang='lat' dir='ltr'>Apostoli</span> <span class='ocrx_word' id='word_1_830' title='bbox 465 5262 501 5319; x_wconf 91' lang='lat' dir='ltr'>ad</span> <span class='ocrx_word' id='word_1_831' title='bbox 526 5263 704 5320; x_wconf 76' lang='lat' dir='ltr'>colossenses</span> <span class='ocrx_word' id='word_1_832' title='bbox 729 5281 735 5318; x_wconf 93' lang='lat'>:</span> <span class='ocrx_word' id='word_1_833' title='bbox 757 5267 926 5321; x_wconf 80' lang='lat' dir='ltr'>Etruscum</span> <span class='ocrx_word' id='word_1_834' title='bbox 980 5265 1046 5332; x_wconf 71' lang='lat' dir='ltr'>feeit</span> <span class='ocrx_word' id='word_1_835' title='bbox 1060 5264 1233 5333; x_wconf 67' lang='lat' dir='ltr'>officiumne</span> <span class='ocrx_word' id='word_1_836' title='bbox 1247 5259 1781 5329; x_wconf 76' lang='lat' dir='ltr'>tunaetnosreoertamuradyueuudrta-</span> 
     </span>
     <span class='ocr_line' id='line_1_61' title="bbox 128 5329 1780 5405; baseline -0.001 -22"><span class='ocrx_word' id='word_1_837' title='bbox 128 5334 232 5386; x_wconf 83' lang='lat' dir='ltr'>marteri</span> <span class='ocrx_word' id='word_1_838' title='bbox 241 5334 330 5387; x_wconf 85' lang='lat' dir='ltr'>essetis</span> <span class='ocrx_word' id='word_1_839' title='bbox 344 5335 373 5386; x_wconf 86' lang='lat' dir='ltr'>in</span> <span class='ocrx_word' id='word_1_840' title='bbox 384 5333 498 5397; x_wconf 83' lang='lat' dir='ltr'>delictis,</span> <span class='ocrx_word' id='word_1_841' title='bbox 519 5338 545 5388; x_wconf 87' lang='lat' dir='ltr'>et</span> <span class='ocrx_word' id='word_1_842' title='bbox 560 5336 694 5405; x_wconf 69' lang='lat' dir='ltr'>praeputio</span> <span class='ocrx_word' id='word_1_843' title='bbox 713 5337 801 5389; x_wconf 85' lang='lat' dir='ltr'>camis</span> <span class='ocrx_word' id='word_1_844' title='bbox 820 5339 925 5399; x_wconf 58' lang='lat' dir='ltr'>trustra,</span> <span class='ocrx_word' id='word_1_845' title='bbox 980 5339 1042 5397; x_wconf 83' lang='lat' dir='ltr'>tera,</span> <span class='ocrx_word' id='word_1_846' title='bbox 1058 5350 1118 5390; x_wconf 88' lang='lat' dir='ltr'>cum</span> <span class='ocrx_word' id='word_1_847' title='bbox 1128 5338 1153 5388; x_wconf 83' lang='lat' dir='ltr'>et</span> <span class='ocrx_word' id='word_1_848' title='bbox 1162 5333 1277 5388; x_wconf 89' lang='lat' dir='ltr'>mundns</span> <span class='ocrx_word' id='word_1_849' title='bbox 1288 5334 1552 5402; x_wconf 80' lang='lat' dir='ltr'>reecpitcloritatcm.</span> <span class='ocrx_word' id='word_1_850' title='bbox 1565 5333 1592 5386; x_wconf 88' lang='lat' dir='ltr'>S.</span> <span class='ocrx_word' id='word_1_851' title='bbox 1606 5329 1780 5402; x_wconf 88' lang='lat' dir='ltr'>Cyprianus:</span> 
     </span>
     <span class='ocr_line' id='line_1_62' title="bbox 127 5402 1781 5475; baseline -0.001 -20"><span class='ocrx_word' id='word_1_852' title='bbox 127 5405 322 5472; x_wconf 67' lang='lat' dir='ltr'>muctabitcauit</span> <span class='ocrx_word' id='word_1_853' title='bbox 343 5419 402 5457; x_wconf 81' lang='lat' dir='ltr'>mm</span> <span class='ocrx_word' id='word_1_854' title='bbox 425 5404 481 5467; x_wconf 83' lang='lat' dir='ltr'>illo,</span> <span class='ocrx_word' id='word_1_855' title='bbox 497 5406 600 5459; x_wconf 80' lang='lat' dir='ltr'>donares</span> <span class='ocrx_word' id='word_1_856' title='bbox 613 5406 686 5459; x_wconf 87' lang='lat' dir='ltr'>uobis</span> <span class='ocrx_word' id='word_1_857' title='bbox 697 5407 787 5461; x_wconf 78' lang='lat' dir='ltr'>omnm</span> <span class='ocrx_word' id='word_1_858' title='bbox 809 5406 924 5468; x_wconf 85' lang='lat' dir='ltr'>delicta,</span> <span class='ocrx_word' id='word_1_859' title='bbox 981 5410 1017 5462; x_wconf 74' lang='lat' dir='ltr'>Et</span> <span class='ocrx_word' id='word_1_860' title='bbox 1034 5407 1171 5466; x_wconf 84' lang='lat' dir='ltr'>Dominus,</span> <span class='ocrx_word' id='word_1_861' title='bbox 1185 5403 1283 5475; x_wconf 86' lang='lat' dir='ltr'>inquit,</span> <span class='ocrx_word' id='word_1_862' title='bbox 1295 5404 1447 5459; x_wconf 80' lang='lat' dir='ltr'>boraseata</span> <span class='ocrx_word' id='word_1_863' title='bbox 1460 5406 1614 5472; x_wconf 76' lang='lat' dir='ltr'>munificus,</span> <span class='ocrx_word' id='word_1_864' title='bbox 1630 5402 1668 5455; x_wconf 86' lang='lat' dir='ltr'>ad</span> <span class='ocrx_word' id='word_1_865' title='bbox 1680 5415 1781 5454; x_wconf 72' lang='lat' dir='ltr'>:ronam</span> 
     </span>
     <span class='ocr_line' id='line_1_63' title="bbox 128 5473 1780 5547; baseline -0.001 -21"><span class='ocrx_word' id='word_1_866' title='bbox 128 5473 218 5528; x_wconf 83' lang='lat' dir='ltr'>dolens</span> <span class='ocrx_word' id='word_1_867' title='bbox 230 5474 301 5543; x_wconf 83' lang='lat' dir='ltr'>quod</span> <span class='ocrx_word' id='word_1_868' title='bbox 312 5473 439 5528; x_wconf 73' lang='lat' dir='ltr'>odonna</span> <span class='ocrx_word' id='word_1_869' title='bbox 450 5490 496 5530; x_wconf 86' lang='lat' dir='ltr'>uos</span> <span class='ocrx_word' id='word_1_870' title='bbox 510 5479 577 5539; x_wconf 85' lang='lat' dir='ltr'>erut,</span> <span class='ocrx_word' id='word_1_871' title='bbox 590 5476 795 5545; x_wconf 76' lang='lat' dir='ltr'>chirographum</span> <span class='ocrx_word' id='word_1_872' title='bbox 812 5476 921 5539; x_wconf 79' lang='lat' dir='ltr'>demeti,</span> <span class='ocrx_word' id='word_1_873' title='bbox 974 5481 1083 5547; x_wconf 86' lang='lat' dir='ltr'>peccata</span> <span class='ocrx_word' id='word_1_874' title='bbox 1100 5479 1192 5530; x_wconf 89' lang='lat' dir='ltr'>nostra</span> <span class='ocrx_word' id='word_1_875' title='bbox 1205 5476 1389 5544; x_wconf 78' lang='lat' dir='ltr'>sanguineum</span> <span class='ocrx_word' id='word_1_876' title='bbox 1406 5474 1502 5537; x_wconf 87' lang='lat' dir='ltr'>abluit,</span> <span class='ocrx_word' id='word_1_877' title='bbox 1518 5478 1543 5529; x_wconf 90' lang='lat' dir='ltr'>et</span> <span class='ocrx_word' id='word_1_878' title='bbox 1556 5478 1586 5528; x_wconf 91' lang='lat' dir='ltr'>ut</span> <span class='ocrx_word' id='word_1_879' title='bbox 1596 5473 1736 5532; x_wconf 80' lang='lat' dir='ltr'>redimere,</span> <span class='ocrx_word' id='word_1_880' title='bbox 1752 5475 1780 5525; x_wconf 87' lang='lat' dir='ltr'>et</span> 
     </span>
     <span class='ocr_line' id='line_1_64' title="bbox 127 5544 1784 5616; baseline -0.001 -19"><span class='ocrx_word' id='word_1_881' title='bbox 127 5544 199 5613; x_wconf 84' lang='lat' dir='ltr'>quod</span> <span class='ocrx_word' id='word_1_882' title='bbox 210 5549 268 5599; x_wconf 86' lang='lat' dir='ltr'>erat</span> <span class='ocrx_word' id='word_1_883' title='bbox 281 5547 442 5599; x_wconf 84' lang='lat' dir='ltr'>cmtrarium</span> <span class='ocrx_word' id='word_1_884' title='bbox 455 5547 539 5610; x_wconf 85' lang='lat' dir='ltr'>nobis,</span> <span class='ocrx_word' id='word_1_885' title='bbox 558 5551 584 5601; x_wconf 89' lang='lat' dir='ltr'>et</span> <span class='ocrx_word' id='word_1_886' title='bbox 596 5549 685 5616; x_wconf 82' lang='lat' dir='ltr'>ipsum</span> <span class='ocrx_word' id='word_1_887' title='bbox 704 5547 768 5600; x_wconf 84' lang='lat' dir='ltr'>tulit</span> <span class='ocrx_word' id='word_1_888' title='bbox 780 5547 813 5601; x_wconf 87' lang='lat' dir='ltr'>de</span> <span class='ocrx_word' id='word_1_889' title='bbox 825 5546 923 5610; x_wconf 80' lang='lat' dir='ltr'>madro,</span> <span class='ocrx_word' id='word_1_890' title='bbox 976 5549 1113 5616; x_wconf 66' lang='lat' dir='ltr'>vivificare</span> <span class='ocrx_word' id='word_1_891' title='bbox 1130 5561 1177 5601; x_wconf 89' lang='lat' dir='ltr'>nos</span> <span class='ocrx_word' id='word_1_892' title='bbox 1192 5549 1297 5615; x_wconf 85' lang='lat' dir='ltr'>posset,</span> <span class='ocrx_word' id='word_1_893' title='bbox 1322 5550 1386 5600; x_wconf 88' lang='lat' dir='ltr'>tunc</span> <span class='ocrx_word' id='word_1_894' title='bbox 1403 5547 1543 5600; x_wconf 85' lang='lat' dir='ltr'>uictoriam</span> <span class='ocrx_word' id='word_1_895' title='bbox 1563 5559 1641 5599; x_wconf 76' lang='lat' dir='ltr'>surum</span> <span class='ocrx_word' id='word_1_896' title='bbox 1652 5544 1784 5614; x_wconf 81' lang='lat' dir='ltr'>passione</span> 
     </span>
     <span class='ocr_line' id='line_1_65' title="bbox 127 5613 1824 5689; baseline -0.001 -22"><span class='ocrx_word' id='word_1_897' title='bbox 127 5614 241 5683; x_wconf 65' lang='lat' dir='ltr'>affigam</span> <span class='ocrx_word' id='word_1_898' title='bbox 256 5615 326 5669; x_wconf 84' lang='lat' dir='ltr'>illud</span> <span class='ocrx_word' id='word_1_899' title='bbox 341 5618 431 5679; x_wconf 82' lang='lat' dir='ltr'>eruci,</span> <span class='ocrx_word' id='word_1_900' title='bbox 444 5620 469 5671; x_wconf 89' lang='lat' dir='ltr'>et</span> <span class='ocrx_word' id='word_1_901' title='bbox 489 5617 643 5686; x_wconf 73' lang='lat' dir='ltr'>exspolians</span> <span class='ocrx_word' id='word_1_902' title='bbox 652 5618 823 5687; x_wconf 71' lang='lat' dir='ltr'>prircipum</span> <span class='ocrx_word' id='word_1_903' title='bbox 836 5621 863 5672; x_wconf 86' lang='lat' dir='ltr'>et</span> <span class='ocrx_word' id='word_1_904' title='bbox 875 5632 925 5687; x_wconf 87' lang='lat' dir='ltr'>po-</span> <span class='ocrx_word' id='word_1_905' title='bbox 974 5619 1100 5689; x_wconf 72' lang='lat' dir='ltr'>persecit.</span> <span class='ocrx_word' id='word_1_906' title='bbox 1116 5617 1144 5672; x_wconf 87' lang='lat' dir='ltr'>S.</span> <span class='ocrx_word' id='word_1_907' title='bbox 1161 5617 1332 5672; x_wconf 79' lang='lat' dir='ltr'>Athanasius</span> <span class='ocrx_word' id='word_1_908' title='bbox 1348 5635 1354 5670; x_wconf 97' lang='lat'>:</span> <span class='ocrx_word' id='word_1_909' title='bbox 1370 5619 1446 5673; x_wconf 87' lang='lat' dir='ltr'>Noua</span> <span class='ocrx_word' id='word_1_910' title='bbox 1456 5616 1521 5670; x_wconf 83' lang='lat' dir='ltr'>hura</span> <span class='ocrx_word' id='word_1_911' title='bbox 1538 5630 1646 5670; x_wconf 83' lang='lat' dir='ltr'>rursum</span> <span class='ocrx_word' id='word_1_912' title='bbox 1661 5616 1690 5668; x_wconf 88' lang='lat' dir='ltr'>in</span> <span class='ocrx_word' id='word_1_913' title='bbox 1705 5613 1780 5681; x_wconf 71' lang='lat' dir='ltr'>hyra</span> <span class='ocrx_word' id='word_1_914' title='bbox 1810 5677 1824 5687; x_wconf 44' lang='grc'><em>·</em></span> 
     </span>
     <span class='ocr_line' id='line_1_66' title="bbox 96 5685 1778 5768; baseline -0.001 -29"><span class='ocrx_word' id='word_1_915' title='bbox 96 5703 101 5719; x_wconf 85' lang='grc'><em>·</em></span> <span class='ocrx_word' id='word_1_916' title='bbox 127 5689 245 5751; x_wconf 85' lang='lat' dir='ltr'>testatas,</span> <span class='ocrx_word' id='word_1_917' title='bbox 261 5686 387 5741; x_wconf 74' lang='lat' dir='ltr'>haduait</span> <span class='ocrx_word' id='word_1_918' title='bbox 399 5688 557 5757; x_wconf 71' lang='lat' dir='ltr'>confidentior</span> <span class='ocrx_word' id='word_1_919' title='bbox 566 5689 668 5768; x_wconf 61' lang='lat' dir='ltr'>putans</span> <span class='ocrx_word' id='word_1_920' title='bbox 681 5688 851 5757; x_wconf 80' lang='lat' dir='ltr'>triumphans</span> <span class='ocrx_word' id='word_1_921' title='bbox 866 5689 926 5744; x_wconf 84' lang='lat' dir='ltr'>illos</span> <span class='ocrx_word' id='word_1_922' title='bbox 976 5691 1029 5751; x_wconf 84' lang='lat' dir='ltr'>nis,</span> <span class='ocrx_word' id='word_1_923' title='bbox 1041 5692 1067 5743; x_wconf 90' lang='lat' dir='ltr'>et</span> <span class='ocrx_word' id='word_1_924' title='bbox 1080 5688 1317 5757; x_wconf 74' lang='lat' dir='ltr'>plurificutionihus</span> <span class='ocrx_word' id='word_1_925' title='bbox 1336 5690 1398 5749; x_wconf 77' lang='lat' dir='ltr'>ais,</span> <span class='ocrx_word' id='word_1_926' title='bbox 1415 5703 1473 5741; x_wconf 87' lang='lat' dir='ltr'>cum</span> <span class='ocrx_word' id='word_1_927' title='bbox 1487 5688 1620 5755; x_wconf 70' lang='lat' dir='ltr'>decumus,</span> <span class='ocrx_word' id='word_1_928' title='bbox 1632 5689 1658 5740; x_wconf 89' lang='lat' dir='ltr'>et</span> <span class='ocrx_word' id='word_1_929' title='bbox 1672 5685 1778 5751; x_wconf 72' lang='lat' dir='ltr'>conses-</span> 
     </span>
     <span class='ocr_line' id='line_1_67' title="bbox 127 5747 1778 5840; baseline -0.002 -28"><span class='ocrx_word' id='word_1_930' title='bbox 127 5756 158 5812; x_wconf 86' lang='lat' dir='ltr'>iu</span> <span class='ocrx_word' id='word_1_931' title='bbox 172 5758 497 5828; x_wconf 80' lang='lat' dir='ltr'>sanatipso(Goloss.11).</span> <span class='ocrx_word' id='word_1_932' title='bbox 521 5756 577 5814; x_wconf 87' lang='lat' dir='ltr'>be</span> <span class='ocrx_word' id='word_1_933' title='bbox 600 5758 673 5813; x_wconf 86' lang='lat' dir='ltr'>chiro</span> <span class='ocrx_word' id='word_1_934' title='bbox 706 5747 807 5840; x_wconf 73' lang='lat' dir='ltr'>siphum</span> <span class='ocrx_word' id='word_1_935' title='bbox 829 5759 929 5814; x_wconf 82' lang='lat' dir='ltr'>decreti</span> <span class='ocrx_word' id='word_1_936' title='bbox 977 5760 1051 5813; x_wconf 82' lang='lat' dir='ltr'>siem</span> <span class='ocrx_word' id='word_1_937' title='bbox 1070 5763 1236 5828; x_wconf 83' lang='lat' dir='ltr'>peecatorum</span> <span class='ocrx_word' id='word_1_938' title='bbox 1251 5763 1373 5821; x_wconf 76' lang='lat' dir='ltr'>mmmm,</span> <span class='ocrx_word' id='word_1_939' title='bbox 1389 5760 1440 5812; x_wconf 85' lang='lat' dir='ltr'>Deo</span> <span class='ocrx_word' id='word_1_940' title='bbox 1453 5757 1629 5828; x_wconf 82' lang='lat' dir='ltr'>supplicabis,</span> <span class='ocrx_word' id='word_1_941' title='bbox 1649 5757 1778 5824; x_wconf 87' lang='lat' dir='ltr'>quoniam</span> 
     </span>
     <span class='ocr_line' id='line_1_68' title="bbox 128 5828 1775 5902; baseline -0.001 -21"><span class='ocrx_word' id='word_1_942' title='bbox 128 5837 209 5886; x_wconf 79' lang='lat' dir='ltr'>uocat</span> <span class='ocrx_word' id='word_1_943' title='bbox 222 5828 371 5902; x_wconf 80' lang='lat' dir='ltr'>Apostolos</span> <span class='ocrx_word' id='word_1_944' title='bbox 382 5837 490 5886; x_wconf 89' lang='lat' dir='ltr'>reatum</span> <span class='ocrx_word' id='word_1_945' title='bbox 501 5829 591 5897; x_wconf 90' lang='lat' dir='ltr'>ilium,</span> <span class='ocrx_word' id='word_1_946' title='bbox 600 5828 657 5885; x_wconf 85' lang='lat' dir='ltr'>sive</span> <span class='ocrx_word' id='word_1_947' title='bbox 689 5828 807 5897; x_wconf 79' lang='lat' dir='ltr'>ebitum,</span> <span class='ocrx_word' id='word_1_948' title='bbox 819 5843 874 5901; x_wconf 91' lang='lat' dir='ltr'>quo</span> <span class='ocrx_word' id='word_1_949' title='bbox 885 5844 926 5896; x_wconf 84' lang='lat' dir='ltr'>se,</span> <span class='ocrx_word' id='word_1_950' title='bbox 978 5831 1032 5885; x_wconf 81' lang='lat' dir='ltr'>tae.</span> <span class='ocrx_word' id='word_1_951' title='bbox 1040 5830 1108 5884; x_wconf 79' lang='lat' dir='ltr'>hora</span> <span class='ocrx_word' id='word_1_952' title='bbox 1120 5831 1247 5885; x_wconf 69' lang='lat' dir='ltr'>Dominus</span> <span class='ocrx_word' id='word_1_953' title='bbox 1257 5832 1370 5886; x_wconf 78' lang='lat' dir='ltr'>moruce</span> <span class='ocrx_word' id='word_1_954' title='bbox 1377 5829 1496 5900; x_wconf 86' lang='lat' dir='ltr'>pendens</span> <span class='ocrx_word' id='word_1_955' title='bbox 1504 5828 1627 5884; x_wconf 83' lang='lat' dir='ltr'>reddidit</span> <span class='ocrx_word' id='word_1_956' title='bbox 1636 5828 1775 5897; x_wconf 71' lang='lat' dir='ltr'>spiritum</span> 
     </span>
    </p>
   </div>
   <div class='ocr_carea' id='block_1_8' title="bbox 0 0 1928 6148">
    <p class='ocr_par' dir='ltr' id='par_1_8' title="bbox 0 0 1928 6148">
     <span class='ocr_line' id='line_1_69' title="bbox 0 0 1928 6148; baseline 0 0"><span class='ocrx_word' id='word_1_957' title='bbox 0 0 1928 6148; x_wconf 95' lang='lat' dir='ltr'> </span> 
     </span>
    </p>
   </div>
  </div>
 </body>
</html>
