3848 6158
32 1992 41 2005 .
125 1945 196 2003 solet
209 1946 293 2002 etiam
312 1961 344 2001 cx
361 1946 522 2002 necessitate
537 1945 718 2017 descendere,
733 1949 781 2005 sed
794 1964 829 2004 ne
841 1950 929 2022 ipsam

129 283 184 336 225
382 280 427 335 DE
445 279 685 338 coenuutuuuu
704 282 826 338 lustru.
846 284 909 339 litt.
931 286 965 340 V.
983 313 1020 329 ···
1037 288 1082 343 DE
1100 288 1237 346 SPllll'lU
1256 292 1536 353 oasuuluuuGtAE.
1733 306 1786 363 226

126 404 190 461 bilis
215 419 281 460 cum
301 402 489 463 moderatione
506 405 667 478 quotidiana
692 407 824 476 relectio,
848 425 932 482 quam
946 414 972 477 Α
986 412 1054 469 lium
1068 413 1198 471 vitiorum
1207 414 1324 474 fomites
1338 418 1469 477 radicitus
1482 421 1642 480 excidantur
1657 445 1664 482 ι
1678 427 1713 483 de
1725 430 1789 501 pui-

128 512 178 570 per
200 495 343 552 intenalla
357 495 477 553 arduum
499 497 667 583 longumque
684 498 832 573 jejunium.
851 502 933 559 Norit
986 502 1040 560 bus
1057 505 1198 578 sigillatim
1223 506 1360 565 distinctis
1381 510 1480 568 libellis
1497 527 1549 570 suo
1569 514 1644 585 loco,
1669 517 1788 578 donante

128 587 313 646 immoderato
342 589 432 646 inedia
457 605 514 646 non
538 589 623 648 modo
646 593 746 650 mentis
765 593 933 654 labefactare
987 599 1125 665 Domino,
1139 598 1316 658 disseremus.
1341 605 1499 661 lluncsero
1513 609 1685 680 propodtum
1706 613 1788 672 nobis

126 683 332 748 constantiam,
347 682 395 740 sed
415 684 499 740 etiam
520 685 681 742 orationum
699 684 852 745 eldcaciam
866 688 932 747 red-
985 699 1027 747 est
1047 691 1081 748 de
1103 694 1309 768 gastrimargia,
1335 695 1428 764 idest,
1452 699 1524 770 gulae
1543 703 1786 777 concupimus,

126 780 192 837 dere
203 777 365 836 lassitudine
374 779 498 851 corporis
512 788 680 836 enervatam.
985 794 1081 843 contra
1095 803 1179 860 quam
1192 789 1273 846 nolis
1289 790 1395 861 primus
1408 792 1554 851 condictus
1565 804 1621 866 est,
1637 797 1785 871 disputare.

439 903 560 960 CAPUT
583 906 621 960 x.
987 882 1170 953 'Numquam
1192 881 1274 953 lglltu
1294 884 1394 956 poterit
1415 885 1539 943 ardentis
1557 892 1788 963 concupiscentis
1895 917 1903 928 ·

127 1020 175 1078 M
187 1016 395 1074 mmmmm
405 1021 502 1074 mm
516 1024 541 1074 e,
553 1023 669 1088 cmm
679 1022 838 1089 pamm,
848 1021 932 1078 abm-
985 973 1267 1082 stimulos-inhibere,
1284 978 1409 1082 puisquis
1421 978 1553 1038 desideria
1566 983 1637 1055 gulae
1651 984 1788 1045 relrenare

234 1091 354 1144 rentiam
377 1089 496 1143 cicorum
516 1105 570 1143 ,ψη
591 1104 670 1159 poss,
687 1090 822 1160 sufficere·
985 1076 1146 1139 nequirent.
1167 1069 1310 1126 lnterrons
1331 1070 1449 1129 bominis
1471 1076 1584 1132 castitas
1601 1077 1710 1136 virtutis
1733 1077 1788 1137 bu-

982 1158 1029 1230 jas
1059 1161 1301 1219 consummatione
1322 1162 1496 1222 discernitur.
1523 1170 1684 1243 Numquam
1712 1174 1787 1231 enim

984 1253 1149 1311 robustioris
1173 1255 1282 1312 aemulis
1308 1257 1449 1314 colluctari
1470 1275 1549 1330 posse
1573 1263 1698 1319 conlidas
1721 1281 1785 1323 eum

985 1362 1066 1420 quem
1088 1348 1117 1404 in
1140 1349 1239 1405 leviore
1252 1350 1383 1408 conllictu
1411 1355 1586 1425 conspexeris
1603 1356 1637 1412 ab
1653 1357 1788 1416 inlirmio-

162 1203 209 1262 Ad
223 1203 410 1277 integritatem
421 1202 522 1259 mentis
537 1211 566 1259 et
574 1205 699 1278 corporis
712 1206 931 1265 conservandam

126 1297 291 1354 abstinentia
312 1296 439 1353 ciborum
465 1294 523 1351 sola
545 1310 602 1353 non
624 1298 743 1369 sufficit,
758 1299 811 1356 nisi
831 1300 932 1358 luerint

127 1399 234 1495 mesa-³
248 1405 360 1493 quoqu-⁰
374 1389 488 1493 ymmo!
507 1389 611 1494 afflim·ae
628 1391 791 1495 conjugata
808 1393 932 1498 Humili·
984 1440 1060 1497 ribus
1074 1442 1339 1516 potuisscsuperari.
1356 1439 1552 1503 ”cunctarum
1566 1463 1631 1504 nam
1716 1452 1752 1508 irt
1771 1483 1787 1495 .

127 1491 171 1540 tas
193 1492 277 1556 rgrtru
302 1490 429 1555 primitus
452 1480 618 1539 obedientiae
646 1491 763 1553 uirtute,
791 1493 818 1540 et
840 1484 933 1543 cordis
1631 1465 1714 1521 (luel
1753 1468 1770 1508 [Ι

125 1575 313 1645 contritione,
336 1575 515 1647 corporisque
536 1572 700 1648 latigatmne
729 1576 860 1635 discenda
879 1587 930 1636 eet.
984 1541 1044 1590 tum
1059 1550 1113 1591 ¹¹³⁸
1128 1543 1228 1641 ΜΨ
1249 1544 1308 1605 ⁰⁸⁸⁹
1328 1537 1392 1642 “fet
1406 1537 1435 1594 5¹¹
1457 1540 1558 1645 ’ΨΜ
1578 1541 1662 1599 di'idl
1682 1544 1787 1616 ΜΗ

124 1669 312 1726 Pecuniam
334 1682 391 1724 „on
410 1666 502 1724 ,opum
523 1666 635 1725 vitanda
653 1677 696 1726 ω
715 1671 866 1741 ΝΜΟ,
882 1670 932 1729 Μ
984 1627 1154 1684 etrocabula
1168 1630 1329 1698 rideantur3
1348 1638 1422 1687 sicut
1442 1648 1502 1688 auri
1522 1648 1632 1706 quoqne
1645 1651 1699 1691 una
1718 1637 1785 1694 sub.

125 1763 209 1819 etiam
237 1760 405 1818 desiderium
432 1775 528 1817 earum
553 1761 684 1819 radicitus
709 1761 930 1837 exstirpandum.
984 1720 1084 1776 Μὴ
1098 1728 1154 1788 ‘⁸¹’
1172 1721 1236 1778 ”⁰⁰¹
1255 1737 1304 1794 W
1322 1723 1409 1779 'num'
1430 1725 1785 1803 '⁸¹5³W0m011fliumssll·

126 1856 189 1910 Non
201 1854 277 1910 enim
291 1868 338 1910 eas
356 1851 459 1910 suffici,
471 1869 526 1910 non
545 1854 659 1922 habere,
679 1856 754 1928 quod
769 1829 968 1931 plerumquess
984 1827 1049 1916 nera
1071 1827 1122 1882 pro
1150 1813 1287 1869 artilicnm
1312 1814 1435 1871 rideatur
1456 1817 1565 1889 ingenio
1590 1834 1627 1923 ac.
1646 1820 1786 1880 voluntate

983 1902 1120 1960 distructa.
1146 1906 1241 1977 ltaque
1259 1907 1390 1963 onullam
1412 1907 1532 1980 perfecte
1554 1911 1695 1982 possidere
1716 1931 1784 1985 pro-

983 1998 1102 2066 babitur,
1114 1997 1237 2071 quisquis
1250 1995 1335 2055 elisus
1348 2001 1377 2056 in
1395 2015 1490 2056 earum
1506 2012 1582 2074 parte
1601 2004 1783 2077 dignoscitur.

127 2039 256 2110 paridem,
277 2039 299 2094 si
315 2037 387 2095 lorte
402 2038 503 2095 oblatae
521 2038 641 2107 luerint,
667 2040 786 2097 habendi
810 2043 929 2114 recipere
983 2093 1045 2164 Quo
1067 2091 1142 2147 enim
1157 2091 1242 2148 modo
1266 2090 1414 2164 flamme,
1433 2102 1519 2151 Μ,
1539 2099 1782 2169 concupjmmiae,

128 2130 309 2187 voluntatem.
325 2128 577 2187 lraeconterendus
590 2139 632 2187 est
646 2131 734 2202 luror,
747 2133 866 2190 tristitiae
880 2150 929 2191 su·
1021 2183 1028 2195 ,
1182 2182 1188 2194 ,
1238 2183 1243 2194 ,
1295 2184 1301 2195 ,
1478 2185 1484 2198 ‚
1628 2190 1633 2200 ‚

129 2222 251 2295 peranda
276 2223 407 2291 deinum
431 2221 599 2289 cenodoxia,
622 2223 651 2281 id
672 2233 728 2290 est,
752 2241 821 2282 vana
842 2227 928 2299 gloria
982 2197 1028 2254 qur
1040 2198 1095 2238 non
1110 2183 1168 2238 sola
1181 2191 1356 2255 instigatione
1376 2200 1515 2257 corporis,
1531 2186 1579 2241 sed
1597 2195 1682 2244 otram
1705 2206 1784 2247 men-

130 2314 341 2378 contemuenda,
355 2315 489 2386 superbiae
503 2315 650 2373 calcandus
662 2325 704 2373 est
715 2318 801 2375 lastus
829 2319 929 2376 mentis
981 2270 1028 2375 tis.
1038 2271 1104 2327 Vim)
1127 2269 1344 2374 Qoendunzur'
1364 2274 1530 2376 {minum
1550 2274 1704 2377 ⁰¹⁰df³⁰d¹¹⁸
1724 2287 1783 2347 δι’

125 2421 238 2478 quoque
255 2406 342 2478 ipsius
360 2407 500 2464 imbues
519 2407 636 2480 samque
658 2362 928 2467 discursas’assiuaa
981 2377 1028 2434 qur
1043 2360 1212 2418 aculeosrrae
1224 2361 1315 2418 cordis
1327 2363 1413 2420 solius
1427 2372 1633 2437 intemperentia
1653 2382 1784 2438 prorum·

126 2498 177 2554 Dei
194 2499 328 2555 memoria
354 2499 520 2556 relrenandi.
546 2501 695 2573 Totiesque
717 2501 801 2558 nobis
826 2511 869 2560 est
893 2503 928 2561 nd
982 2455 1294 2529 pentamstigmmn
1309 2457 1418 2528 mlum
1433 2462 1622 2531 mmmmm
1637 2461 1722 2518 ”¹⁰⁶⁰
1736 2479 1786 2534 Μ’

124 2591 387 2663 contemplationem
401 2594 454 2651 Del
470 2593 576 2650 lubrica
592 2594 683 2651 cordis
697 2595 783 2652 nostri
797 2611 926 2671 pervapa-
981 2546 1081 2605 mndu⁸
1105 2557 1147 2606 m
1169 2564 1260 2606 ⁰³¹⁰„
1284 2565 1438 2622 mumque
1460 2551 1629 2610 'mmmm
1654 2555 1783 2614 mmmm

85 2688 92 2700 '
125 2686 166 2740 tio
181 2683 347 2751 reducenda,
361 2684 469 2756 quoties
485 2684 595 2742 subtilis
608 2685 696 2743 honis
709 2686 745 2743 ab
760 2686 814 2744 boc
826 2687 928 2744 intuitu
980 2639 1132 2774 ”fndmf
1152 2657 1199 2713 qm
1218 2643 1352 2713 mperb'ae
1367 2653 1465 2700 mmm
1484 2645 1601 2717 “mpla
1622 2663 1677 2704 ⁰⁰⁰
1697 2649 1785 2753 quim

126 2785 249 2834 meatem
264 2777 401 2849 captivare
413 2786 581 2849 pertentans,
595 2779 750 2836 recessibus
763 2781 850 2836 nostri
864 2795 928 2837 cor·
981 2747 1116 2789 ‘mmm'
1141 2736 1196 2789 lut
1209 2733 1447 2806 quemadmfflum
1462 2736 1612 2796 md‘fldffl
1636 2750 1678 2797 ⁰⁸¹
1697 2757 1785 2800 ΙΜ-

125 2871 167 2926 ‘¹¹³
180 2873 501 2943 lrrel¹⁸⁶¹¹²(V²'‘²⁸J⁰‘¹⁷²·
514 2873 677 2929 mmmm
692 2873 781 2943 ‘’md'‘
794 2879 927 2941 um·
981 2919 1228 2991 concupiscentiam
1252 2920 1404 2978 lorinsecus
1430 2923 1525 2992 sitam,
1552 2932 1633 2997 atque
1655 2942 1669 2981 a
1690 2936 1784 2984 nostra

428 2987 550 3044 CAPUT
572 2989 626 3043 ΧῙ·
981 3011 1132 3070 substantia
1144 3012 1273 3083 alienam,
1287 3028 1344 3071 non
1355 3014 1440 3071 saluit
1453 3014 1601 3072 abdicare?
1614 3019 1676 3088 Qua
1690 3028 1783 3076 autem

126 3104 357 3174 Concupisccnlius
375 3104 465 3187 cumis
480 3119 535 3187 non
549 3106 702 3187 easiinpni,
716 3106 842 3160 tricicum
856 3108 930 3162 omiti
981 3106 1089 3163 ratione
1111 3105 1215 3163 bellum
1238 3107 1329 3164 carnis
1352 3115 1379 3163 et
1400 3107 1500 3165 animae
1517 3109 1718 3182 triumphabit,
1735 3113 1784 3186 qui

337 3179 532 3245 militiam
549 3179 686 3232 mmm·
943 3197 1096 3268 cidoneus
1110 3212 1166 3253 non
1179 3196 1230 3253 luit
1248 3198 1376 3256 morbum
1391 3215 1487 3257 curare
1504 3200 1641 3258 tristitiae?
1662 3202 1784 3271 Quanta·

165 3289 337 3360 Impossibile
354 3304 473 3363 namque
484 3299 526 3346 est
544 3291 681 3364 exstingui
700 3291 786 3364 ignita
801 3293 924 3365 corporis
981 3290 1046 3346 libet
1058 3289 1124 3346 urbs
1137 3289 1307 3346 sublimitate
1319 3307 1464 3347 muromm
1477 3301 1505 3348 et
1516 3293 1669 3350 clausarum
1690 3305 1784 3367 porta-

127 3382 281 3451 incentira,
297 3381 459 3455 priusquam
480 3389 642 3449 caeterorum
665 3398 775 3456 quoquc
794 3383 927 3458 principa·
981 3400 1043 3441 rum
1057 3382 1186 3440 lirmitate
1198 3383 1350 3452 muniatur,
1364 3373 1378 3416 ⁴
1391 3386 1538 3457 postemlre
1552 3388 1642 3457 unius,
1656 3391 1784 3462 quamuis

677 3509 806 3565 ulauul
825 3510 938 3567 Geumi
957 3508 1237 3566 COMMENTARIUS.

126 3632 180 3687 lius
186 3636 226 3687 est
237 3633 359 3702 quotidie
366 3648 480 3703 mirum,
493 3649 576 3703 pacm
588 3649 653 3690 roro
662 3637 728 3689 sot-is
741 3649 854 3690 mamere.
867 3637 928 3691 Plu·
983 3635 1067 3691 dncm
1082 3634 1250 3706 generalem,
1263 3649 1361 3706 nempe
1370 3633 1490 3692 bominis
1503 3637 1713 3720 perlectionem,
1728 3638 1785 3696 siue

125 3705 175 3757 rin
187 3703 238 3755 illo
252 3706 353 3773 optino
371 3708 420 3766 est.
438 3708 605 3773 pucsernim
617 3705 754 3760 descmdit
765 3709 795 3759 in
809 3711 927 3769 terrum,
983 3706 1142 3778 perlemam,
1158 3714 1189 3762 ut
1204 3713 1283 3762 votat
1297 3712 1410 3767 Auctor.
1427 3707 1509 3762 animi
1524 3718 1552 3764 et
1570 3710 1695 3780 corporis
1710 3710 1782 3766 iute-

125 3773 232 3828 suditus
244 3778 271 3827 ct
281 3775 382 3829 nimius
396 3775 480 3828 sinder
493 3776 522 3828 in
535 3791 652 3846 preceps
667 3791 734 3830 oran
742 3777 883 3831 subeant.
897 3779 930 3832 ut
1017 3780 1111 3833 itatem
1126 3784 1258 3848 spectant.
1281 3776 1333 3832 Sed
1348 3776 1382 3832 de
1395 3779 1564 3835 connexione
1584 3780 1717 3834 virtutum
1742 3781 1783 3834 ui-

126 3858 224 3899 rursus
238 3843 286 3899 lib.
302 3858 325 3898 ιι
339 3843 367 3897 in
382 3844 558 3900 lucinianum
573 3847 682 3912 :Oricia
696 3846 785 3916 inquit
792 3847 930 3916 jes'um'um
1014 3888 1017 3897 .
1032 3862 1095 3919 ques
1107 3855 1269 3919 seqrruntur.

127 3919 182 3975 esi.
204 3919 254 3968 aut
268 3915 357 3983 qualis
370 3916 419 3968 illo
432 3918 538 3982 resectio
551 3917 775 3986 posticiariam,
797 3933 857 3971 cum
868 3919 928 3999 pri·
1017 3921 1029 3951 ⁰
1054 3922 1183 3986 Perfecto,
1207 3918 1314 3989 inquit,
1334 3919 1481 3989 possidere.
1510 3921 1582 3974 Nam
1605 3916 1640 3973 de
1660 3917 1784 3988 perlectis

126 3986 218 4039 dianas
232 3985 318 4054 epulis
329 3985 519 4053 distendimur,
530 3990 556 4039 ct
568 3990 662 4054 poitur
671 3990 790 4040 noenum
799 3987 930 4043 mediato·
982 3988 1145 4054 virtutibus,
1162 4004 1209 4043 seu
1230 3987 1350 4058 perfecte
1365 3987 1466 4044 babitis
1483 3996 1511 4044 et
1528 3987 1663 4060 possessis
1683 3987 1785 4043 intelli·

126 4057 330 4124 mumefiieitur
338 4055 512 4117 latrinarum,
523 4056 931 4125 dumpueuolumusprolrbaoris
982 4058 1103 4129 gendum
1123 4058 1286 4114 illud-vetus
1304 4066 1331 4112 et
1353 4059 1493 4128 vulgatum
1513 4058 1640 4124 axioma,
1663 4060 1785 4115 Virtutes

127 4127 473 4195 irredr'tesumompuorrerc
485 4130 931 4206 toniumcoromusquontumoia
983 4143 1070 4183 omnes
1090 4143 1144 4183 csse
1161 4143 1308 4189 eonnccos,
1328 4141 1382 4195 quo
1396 4128 1530 4198 respicere
1546 4127 1654 4182 ridetur
1676 4127 1785 4182 Cassia-

128 4197 243 4251 nltrrias
252 4198 308 4251 diei
319 4212 372 4250 noa
383 4198 498 4266 dipcroi.
510 4200 665 4265 ltuqrtenon
674 4200 731 4251 lom
737 4197 874 4267 jejunium
883 4213 931 4267 op
982 4211 1046 4252 nus.
1062 4197 1108 4253 Sic
1120 4197 1194 4252 enim
1206 4197 1307 4252 docent
1321 4198 1416 4250 Patres
1432 4199 1475 4261 (S.
1496 4198 1586 4253 Tuon.
1605 4203 1673 4262 1-2,
1688 4215 1716 4268 p.
1732 4203 1784 4265 65,

126 4268 286 4337 preliandum
302 4271 356 4330 est,
372 4284 456 4337 poam
469 4268 582 4337 empulo
598 4273 622 4322 ei
641 4270 753 4334 fetens,
769 4283 801 4322 oc
818 4268 930 4323 molesto
983 4283 1010 4321 u.
1028 4275 1037 4322 l
1052 4286 1060 4335 ;
1074 4269 1183 4322 Hieron.
1201 4267 1247 4322 lib.
1266 4270 1385 4322 trorrtru
1400 4268 1512 4337 Pelopia
1537 4271 1675 4338 depost,
1701 4271 1780 4339 epist.

128 4339 252 4406 dr'pcstio.
355 4366 358 4371 ·
984 4339 1040 4408 29),
1056 4338 1206 4420 interquos
1216 4339 1251 4392 D.
1262 4337 1411 4409 Gregorius
1422 4337 1469 4393 lib.
1483 4353 1554 4395 xxti
1568 4338 1736 4410 litoralcap.
1750 4348 1760 4396 l
1776 4359 1783 4396 :

165 4417 178 4443 ⁸
191 4409 265 4463 scita
280 4407 435 4480 sententia,
458 4424 514 4465 non
529 4408 636 4464 ratione
659 4415 787 4477 tantum,
806 4406 855 4464 red
875 4422 928 4465 usu
988 4412 1057 4473 ilino,
1071 4409 1169 4478 inpurt,
1181 4410 1268 4464 eirtrrs
1277 4410 1334 4463 sinc
1347 4410 1411 4463 aliis
1421 4415 1469 4465 out
1481 4411 1559 4465 nullo
1572 4415 1620 4472 est,
1632 4414 1680 4465 not
1689 4413 1786 4481 imper-

125 4479 321 4550 comprobata3
336 4480 381 4536 cui
396 4479 496 4534 similis
513 4480 557 4535 illa
578 4482 613 4534 D.
629 4478 812 4552 Hieronymi:
832 4482 930 4535 Venter
984 4480 1067 4547 tecto.
1085 4483 1119 4536 o't
1132 4482 1202 4535 mim
1217 4480 1250 4535 dc
1266 4482 1365 4551 primis
1387 4486 1504 4550 qualitor·
1521 4483 1665 4536 virtutibus
1678 4482 1783 4551 loquor,

126 4552 192 4603 ebro
201 4555 319 4605 estuans
328 4552 411 4618 focile
420 4551 562 4620 manumet
572 4552 600 4604 in
610 4549 757 4604 libidinem.
767 4553 802 4605 lit
811 4550 927 4621 Epistol.
982 4552 1140 4620 prudentio,
1152 4553 1343 4621 temperantia,
1357 4554 1492 4619 fortitudo
1500 4553 1700 4622 muliereculis
1709 4557 1786 4608 tortio

127 4624 165 4674 ²2
178 4620 213 4674 ad
227 4621 403 4676 Eustochium
421 4638 428 4674 ι
442 4621 589 4682 Pudicitia,
601 4622 656 4674 nisi
661 4635 711 4689 per
721 4623 927 4684 abstinentiam,
980 4625 1108 4692 periectas
1121 4626 1195 4683 sirit,
1208 4627 1310 4691 priuato
1319 4624 1436 4677 trierssim
1447 4624 1720 4692 sibimctconjanotae3
1731 4625 1786 4677 dis-

126 4695 190 4745 tata
204 4702 321 4746 amnon
333 4694 429 4762 polest.
444 4693 506 4748 Sine
518 4692 611 4748 Cerere
622 4695 648 4745 et
659 4692 760 4746 Boccbo
772 4693 859 4760 rripet
875 4695 928 4748 Ve-
978 4693 1073 4762 jainata
1086 4698 1177 4748 auten
1187 4696 1314 4762 perfecie
1327 4707 1381 4747 esse
1394 4708 1565 4764 nequaquam
1574 4697 1702 4762 possum,
1718 4695 1784 4760 quic

125 4776 188 4815 nris.
203 4762 327 4832 luemque
340 4763 392 4817 alia
416 4761 538 4818 Cassiani
560 4761 657 4817 Collat.
673 4767 690 4816 5
704 4776 765 4831 cap.
791 4768 824 4816 tu
849 4778 856 4815 :
872 4764 927 4820 Gu-
981 4779 1029 4818 nec
1036 4764 1184 4833 prudentio
1192 4778 1257 4817 aero
1265 4767 1313 4830 esi,
1324 4765 1349 4816 si
1350 4763 1438 4831 justo,
1449 4769 1598 4832 immorans
1607 4766 1633 4815 ct
1641 4763 1723 4825 soriis
1731 4778 1784 4816 nort

126 4834 295 4901 strimurpic
311 4833 456 4900 summotis)
473 4833 611 4902 pectilia-ri
622 4834 751 4887 consortio
769 4832 927 4899 sceleratus.
982 4839 1035 4899 cair
1045 4849 1091 4888 nec
1100 4834 1222 4902 perlecto
1231 4835 1420 4902 temperantia,
1434 4831 1707 4900 queror·tis‚justoei
1716 4847 1786 4899 pru·

125 4905 198 4958 Item
206 4903 338 4958 Climacbi
350 4904 455 4986 (drudo
467 4904 506 4971 ll)
518 4921 524 4956 ι
537 4903 684 4969 Quiverttri
690 4903 755 4956 dum
764 4903 928 5026 obsequitur,
944 4923 970 4986 D
985 4905 1050 4958 dms
1061 4909 1160 4957 amnesi
1169 4921 1176 4967 ;
1186 4918 1233 4955 noc
1241 4903 1497 4969 fortitudointepru,
1509 4916 1568 4969 pure
1574 4901 1706 4969 perderis
1717 4906 1785 4956 tun·

125 4975 316 5041 fornicationis
336 4975 576 5099 Zaratumnincere
590 4975 664 5034 otili,
678 4974 702 5027 is
718 4975 744 5026 ci
762 4975 826 5027 simi
836 4975 857 5027 is
872 4979 927 5038 est,
983 4989 1085 5043 perans
1093 4973 1200 5041 olineto
1208 4987 1261 5025 non
1270 4976 1450 5034 esirneouero
1457 4972 1576 5040 justitia,
1585 4972 1783 5041 praependens,

126 5047 179 5114 qui
190 5046 245 5098 oleo
259 5046 336 5098 insen
366 5061 412 5098 um
424 5048 579 5113 celinquere
592 5045 702 5098 nititur.
984 5045 1103 5110 sortisti
1118 5046 1269 5111 temperans
1282 5057 1333 5096 non
1345 5046 1392 5096 eri.

163 5107 612 5186 Ι’[1ιιι,ιιοιιιιι)ιιιι,ιιιιιοιιιιιι
632 5121 689 5180 est,
700 5113 747 5170 sed
760 5113 931 5171 connexione
1019 5101 1032 5145 d
1055 5115 1228 5168 Posmrutam
1250 5127 1300 5183 pro
1323 5112 1439 5182 postico,
1455 5120 1503 5168 aut
1517 5114 1667 5184 posticulo,
1688 5116 1740 5183 vel,
1760 5115 1784 5173 ei

126 5193 155 5240 ct
167 5194 265 5241 mutuo
284 5186 403 5256 quadam
421 5184 639 5256 conspiratione,
663 5192 691 5240 et
702 5200 857 5250 concursu,
871 5184 929 5240 sire
984 5183 1083 5251 maris,
1100 5182 1250 5254 posteriore
1266 5193 1343 5253 porta
1363 5184 1405 5238 rel
1425 5185 1550 5254 portula,
1575 5186 1690 5256 positam
1707 5194 1784 5258 puto.

126 5255 315 5320 cobaercntia,
333 5265 365 5312 ut
375 5272 406 5312 ιι
422 5256 648 5312 antecedentibus
661 5263 688 5311 et
702 5253 930 5326 consequentibus
983 5257 1019 5310 Et
1039 5255 1110 5311 enim
1135 5262 1213 5336 porta
1232 5254 1339 5325 proprie
1359 5254 1450 5310 aditus
1463 5255 1557 5321 urbis,
1571 5257 1702 5323 civitatis,
1717 5257 1785 5313 alte·

126 5335 203 5397 patet
217 5346 224 5382 ε
240 5327 479 5398 quemadmodum
489 5330 551 5382 Act.
563 5341 595 5382 rr
612 5327 816 5382 :Multitudinis
827 5324 932 5380 creden·
986 5326 1076 5382 riusre
1092 5325 1162 5388 loci,
1182 5323 1253 5380 uallo
1268 5323 1395 5398 lassaque
1416 5326 1528 5381 muniti.
1543 5328 1624 5383 Unde
1642 5327 1784 5383 diminuti-

126 5400 197 5452 tium
211 5403 272 5453 erut
290 5414 334 5453 oor
350 5414 434 5453 anum
448 5400 577 5452 etunimc
591 5408 657 5453 unu.
674 5399 746 5453 llum
761 5411 859 5452 omnes
874 5394 932 5452 rir-
986 5411 1050 5452 rum
1072 5395 1178 5468 portula
1200 5395 1240 5450 rel
1256 5398 1407 5467 posterula,
1429 5397 1506 5468 quasi
1533 5399 1667 5468 posterior
1689 5407 1784 5469 porta;

127 5475 202 5525 tutes
216 5485 248 5525 se
270 5476 368 5524 mutuo
391 5469 499 5539 iurant,
522 5475 550 5522 et
573 5476 703 5525 mutuum
723 5467 775 5523 sibi
799 5475 933 5538 praestant
986 5467 1141 5540 cujusmodi
1162 5466 1283 5522 minores
1297 5476 1383 5537 portae
1402 5470 1429 5523 in
1450 5468 1612 5539 quibusdam
1628 5469 1734 5540 oppidis
1748 5469 1786 5524 vi·

130 5539 291 5607 subsidium,
307 5538 374 5595 dum
388 5553 559 5610 unaquaeque
572 5537 699 5608 quaedam
712 5539 828 5594 aliarum
845 5539 932 5609 impe·
985 5547 1093 5602 suatur,
1116 5553 1178 5609 qrrae
1197 5538 1280 5593 certis
1299 5538 1443 5594 dumtaxat
1461 5539 1653 5596 occasionibus
1671 5547 1718 5595 aut
1737 5552 1786 5595 ne·

131 5607 254 5666 dimeuta
271 5609 414 5681 propellit,
432 5609 508 5664 verbi
529 5609 628 5681 pratia,
644 5609 807 5665 abstinentia
824 5617 933 5679 tempe-
986 5609 1158 5665 cessitatibus
1172 5608 1332 5679 aperiuntur
1350 5631 1356 5666 ;
1374 5609 1578 5682 quibustamen
1596 5610 1728 5682 contingit
1742 5610 1787 5664 in-

131 5688 174 5735 rat
186 5683 277 5754 gulam
298 5701 305 5736 ι
327 5679 400 5737 unde
418 5680 497 5751 Juvat
510 5677 577 5735 alias
599 5679 714 5736 virtutes

128 5748 193 5818 lam,
208 5762 258 5808 aut
273 5751 380 5807 rabone
391 5752 478 5824 gulae,
493 5750 618 5823 impediri
632 5758 680 5807 aut
694 5696 791 5807 violari
809 5758 929 5823 possent.
951 5763 954 5769 ·
985 5759 1012 5806 et
1026 5753 1210 5807 recentiorum
1223 5758 1382 5821 temporum
1399 5697 1505 5822 boulido
1520 5759 1641 5816 constat,
1657 5760 1685 5807 et
1699 5751 1742 5806 bic
1753 5746 1789 5801 ab

128 5822 164 5878 Et
177 5823 216 5879 ita
230 5823 265 5880 de
285 5822 402 5880 caeteris.
417 5824 522 5879 Omnes
543 5820 626 5878 ctiam
643 5836 732 5878 unum
746 5820 931 5894 eumdemque
985 5824 1106 5878 Auctore
1119 5822 1282 5878 insinuatur.
1298 5823 1443 5892 Perperam
1457 5835 1522 5878 rero
1535 5830 1562 5877 et
1571 5835 1668 5892 parum
1684 5827 1756 5874 attea

756 5695 799 5736 ιιι
819 5695 866 5751 per
884 5694 933 5752 gu·
985 5679 1094 5736 terdum
1117 5679 1200 5736 urbes
1219 5680 1296 5750 prodi
1318 5686 1345 5735 et
1366 5696 1396 5737 ca
1418 5681 1444 5746 i,
1460 5689 1491 5735 ut
1513 5681 1646 5753 exenaplis
1665 5691 1786 5736 veterum

983 2834 1039 2881 tam
1062 2827 1137 2882 carni
1154 2826 1293 2883 luxuriam
1318 2830 1506 2897 conculcasse,
1532 2833 1578 2904 qui
1605 2836 1784 2904 pecuniarum
1867 2859 1871 2867 ·
