3848 6158
109 270 162 324 lta
398 271 443 326 DE
462 271 703 343 COENOBIORUM
720 276 843 333 lussit.
863 276 927 333 [dli.
947 276 1004 334 llll.
1023 306 1059 318 -
1077 277 1121 333 DE
1140 276 1274 336 SPIRITU
1294 280 1487 338 SUPERBlAE.

107 395 240 458 voluntas
252 408 287 456 ac
303 395 435 467 placentia
450 399 510 454 Deo
529 414 704 474 consurgere,
728 400 908 460 fundamenta
926 407 952 469 Α
986 433 993 455 t

107 488 172 562 ejus
185 507 243 549 non
252 489 404 549 secundum
418 498 521 548 nostrae
536 491 656 550 libidinis
665 495 847 564 voluntatem,
862 494 912 553 sed
1236 464 1357 521 CAPUT
1370 466 1496 522 ΧΧΧῙῙ·

106 584 262 642 secundum
284 583 465 641 districtionis
485 584 653 689 Euangeliou
676 586 852 661 disciplinam
867 587 911 661 ja·
968 610 1568 682 Quomododepopupaggoeomnpumvgrputum
1581 619 1767 689 ,umbram

107 693 171 735 cere
192 677 357 736 festinemus
376 696 383 735 ε
404 693 465 750 quae
484 677 535 735 aha
550 694 609 736 esse
623 696 678 737 uon
691 690 817 754 possunt,
829 697 913 755 quam
1098 707 1189 746 reram
1202 692 1379 750 humilitatem
1383 698 1469 765 possit
1483 698 1632 765 ecstiuqui.

107 774 194 832 timor
208 775 260 832 Dei
273 782 356 847 atque
364 772 519 841 humilitas,
534 789 596 846 quae
610 774 643 832 dc
656 776 864 834 mansuetudine
884 786 913 836 et

107 867 202 926 cordis
215 869 391 941 simplicitate
407 867 558 926 deseendit.
573 869 721 928 llumilitas
737 886 800 928 rero
820 871 911 928 nulla·
1002 878 1175 951 Quapropter
1187 878 1288 935 athleta
1302 879 1415 946 Christi,
1426 881 1473 952 qui
1488 879 1636 952 spiritaiem
1651 864 1766 953 agonem

106 971 190 1022 tenus
207 963 307 1036 poterit
318 964 449 1036 absque·
469 961 592 1020 nuditate
605 964 740 1036 conquiri.
757 966 815 1034 Qua
829 981 910 1037 pere·
967 969 1085 1043 legitime
1101 979 1210 1028 certans
1224 986 1240 1027 a
1255 973 1375 1028 Domino
1400 973 1536 1029 desiderat
1546 973 1682 1041 coronari,
1697 973 1766 1031 hanc

106 1057 244 1131 grinanta,
257 1073 309 1116 nec
328 1055 495 1114 obedientiae
511 1058 626 1125 bonum,
644 1072 694 1113 uec
709 1059 846 1130 patientiae
861 1076 911 1117 ro·
964 1079 1073 1137 quoque
1094 1064 1293 1121 ferocissimam
1309 1063 1436 1131 bestiam,
1448 1074 1478 1121 ut
1487 1065 1685 1122 devoratricem
1695 1082 1765 1122 cun·

106 1152 172 1222 bur,
191 1168 243 1211 neo
262 1150 479 1209 mansuetudinis
497 1151 693 1223 tranquillitas,
712 1168 762 1210 nec
778 1169 910 1211 consum·
964 1165 1070 1213 ciarum
1081 1158 1223 1226 virtutum,
1244 1156 1411 1214 omnimodis
1423 1157 1533 1215 festinet
1551 1168 1561 1193 ⁰
1576 1160 1763 1232 exstinguere:

106 1246 194 1305 matio
211 1246 353 1303 charitatis
370 1243 504 1302 ullatenus
519 1236 622 1318 poterit
639 1247 805 1320 apprehendi
829 1248 910 1306 :sine
964 1259 1054 1307 certus
1068 1250 1143 1322 quod
1164 1250 1214 1307 hac
1235 1251 1262 1305 in
1282 1266 1333 1307 suo
1356 1260 1466 1323 pectore
1485 1259 1689 1321 commorante,
1708 1269 1763 1309 non

105 1343 207 1418 quibus
221 1357 268 1399 cor
284 1349 414 1398 nostrum
425 1339 613 1397 habitaculum
631 1342 747 1413 Spiritus
758 1343 844 1400 sancti
859 1358 908 1416 pe-
964 1343 1053 1400 solum
1075 1344 1231 1418 omnigenis
1245 1344 1320 1402 uitiis
1342 1359 1435 1403 carere
1457 1360 1515 1400 non
1540 1346 1641 1418 possit,
1668 1360 1764 1400 verum

105 1437 181 1494 nitus
196 1451 255 1494 esse
268 1451 325 1494 non
338 1435 450 1508 poterit,
463 1434 499 1491 ita
515 1436 711 1506 pronuntiante
723 1437 843 1493 Domino
857 1454 905 1510 per
963 1440 1057 1507 etiam,
1070 1438 1167 1511 siquid
1180 1438 1288 1496 virtutus
1306 1439 1406 1496 habere
1421 1439 1555 1506 videatur,
1567 1438 1649 1510 hujus
1660 1453 1764 1496 veneno

105 1528 268 1603 prophetam
294 1531 384 1594 (lsaiae
406 1519 531 1595 artur),b
552 1529 640 1598 Super
653 1544 732 1598 quem
756 1532 905 1599 requiescet
962 1530 1099 1603 depereat.
1121 1533 1203 1589 Nullo
1218 1534 1293 1590 enim
1305 1533 1390 1591 modo
1404 1534 1504 1605 poterit
1519 1534 1650 1589 inanima
1669 1542 1764 1589 nostra

104 1625 314 1696 Spiitmmuu,
328 1625 384 1679 nisi
396 1638 477 1694 super
486 1623 624 1686 tamdem,
635 1629 661 1679 et
669 1626 801 1693 quietum,
814 1628 839 1679 et
853 1627 905 1680 trc·
959 1626 1094 1683 rirtutum
1119 1634 1256 1685 structura
1281 1616 1495 1700 consurgere,d
1516 1628 1568 1683 nisi
1590 1630 1666 1699 prius
1688 1630 1762 1699 jacta

103 1721 217 1773 mentem
228 1717 310 1772 amba
324 1719 404 1772 mec?
416 1715 472 1772 sire
491 1716 643 1773 secundum
660 1717 826 1789 exemplaria
840 1731 902 1789 quae
959 1717 1061 1776 inerint
1070 1735 1141 1776 rerao
1150 1719 1316 1778 humilitatis
1328 1723 1356 1777 in
1366 1721 1448 1778 corde
1467 1729 1562 1778 nostro
1573 1719 1761 1789 fundamenta,

103 1809 267 1867 Hebraicam
278 1809 436 1882 exprimunt
445 1809 587 1865 veritatem
601 1810 654 1865 :ad
663 1826 741 1880 quem
748 1811 901 1881 respiciam,
918 1828 943 1892 B
958 1827 1021 1885 quae
1046 1812 1355 1872 firmissime-collocata
1379 1815 1555 1887 perlectionis
1576 1825 1604 1871 et
1622 1815 1762 1873 charitatis

103 1905 199 1960 uisicd
213 1905 422 1976 pauperculum,
432 1910 457 1961 et
471 1906 614 1961 contribam
629 1906 740 1975 spiritu,
756 1910 780 1960 et
791 1909 904 1962 hemen-
960 1908 1069 1964 culmen
1089 1908 1194 1964 valeant
1204 1911 1339 1966 sustinere
1360 1930 1366 1966 :
1383 1909 1546 1977 itascilicet,
1568 1918 1609 1982 ut,
1626 1908 1762 1983 quemad-

106 2002 160 2057 tem
172 2000 255 2056 rerba
267 2003 344 2055 mea?
959 2000 1073 2057 modum
1084 2000 1214 2069 diximus,
1229 2006 1240 2034 ⁸
1257 2003 1369 2074 primun
1388 2002 1517 2059 iratribus
1531 2003 1634 2059 nortus
1646 2002 1758 2059 humili·

655 2115 781 2171 autaut
800 2116 912 2172 Grtzml
931 2115 1210 2173 couuuutnltttJS.

103 2216 180 2273 attali
201 2230 282 2287 posse
295 2215 416 2289 intelligi,
431 2214 535 2272 direrm
554 2222 648 2272 tamen
663 2217 777 2274 ratione.
791 2219 903 2274 Seruilis
954 2220 1057 2302 nequit.
1072 2220 1223 2276 llumilitas
1240 2235 1306 2276 voro
1322 2219 1457 2275 inlluxum
1471 2219 1551 2276 illam
1565 2217 1692 2281 attrahit,
1708 2234 1757 2274 ex-

106 2288 451 2344 enimtimorideodicitur
464 2290 901 2360 initiumsapientia,quiaprae·
956 2290 1021 2361 cipit
1041 2299 1069 2346 et
1088 2291 1191 2362 colligit
1210 2291 1291 2348 Unde
1311 2294 1345 2346 D.
1362 2291 1532 2362 Augustinus
1555 2305 1639 2346 serm.
1663 2294 1697 2343 27
1723 2286 1759 2344 dc

100 2363 187 2430 parat
201 2359 286 2413 locum
305 2361 453 2428 saptentiae,
469 2363 495 2413 ct
511 2359 586 2413 ducit
600 2359 637 2412 ad
652 2362 831 2430 sapientiamr
854 2360 903 2415 scd
956 2361 1055 2418 Verbis
1071 2362 1198 2418 Domini:
1216 2364 1458 2432 Gariannonum
1471 2362 1649 2416 humilitatem
1662 2361 1757 2425 callis,-

102 2445 156 2484 non
173 2432 294 2483 retrudet
303 2431 332 2483 in
343 2445 382 2484 ea.
394 2431 470 2500 sape
483 2446 599 2499 namque
609 2431 844 2501 initiumalicujtcs
854 2431 901 2485 di·
956 2432 1103 2488 dcnatatde
1113 2434 1360 2502 terroribuseollisq
1370 2443 1491 2490 etserm.
1500 2438 1549 2488 tat
1561 2431 1595 2487 de
1603 2434 1752 2500 Tempore:

102 2500 357 2570 cituraiiquid,uon
365 2501 594 2571 quodquidquam
600 2501 902 2557 habeatcommuneeum
957 2504 1064 2566 Videte,
1080 2504 1178 2576 inquit,
1190 2521 1318 2577 maqnum
1331 2506 1509 2559 miraculum:
1521 2505 1592 2559 altus
1604 2508 1643 2558 est
1659 2506 1729 2557 Deus
1746 2520 1754 2556 r

103 2587 131 2626 eo
146 2571 223 2641 cujus
235 2573 347 2626 initium
360 2572 471 2634 dicitur,
484 2573 531 2626 sed
550 2574 616 2642 quia
635 2589 715 2628 causa
728 2575 765 2628 sit
779 2573 837 2643 ejus
853 2589 903 2628 en·
955 2576 1036 2642 eripis
1049 2579 1084 2637 te,
1094 2580 1119 2630 et
1128 2577 1227 2644 sapito
1237 2582 1262 2630 te
1270 2597 1278 2641 ;
1290 2576 1417 2631 humilias
1428 2580 1462 2637 te,
1476 2579 1502 2629 et
1513 2575 1649 2629 deseendit
1661 2574 1752 2627 adte:

102 2644 226 2705 trirtseca,
236 2643 277 2697 rel
288 2642 466 2706 inductivum,
477 2658 530 2712 qreo
537 2643 671 2698 meditate
677 2645 746 2698 iilud
750 2647 899 2714 porricitur,
955 2645 1186 2714 quarehoclquia
1195 2648 1312 2702 excelsus
1322 2648 1463 2708 Dominus,
1473 2650 1499 2700 et
1507 2646 1622 2700 humilia
1632 2646 1752 2713 respicit,

102 2714 354 2783 cujusinitiumest.
366 2715 512 2770 Siccinum
524 2714 648 2768 libidinis
660 2717 777 2781 somesct
789 2716 901 2769 anitium
955 2719 986 2768 ut
1000 2715 1122 2781 attollat;
1137 2717 1205 2779 alta,
1224 2717 1254 2770 id
1273 2721 1323 2783 est,
1340 2717 1456 2786 superba
1477 2717 1510 2770 dc
1528 2717 1603 2784 iouqe
1626 2715 1758 2782 cognoscit

103 2785 215 2847 dicitur,
230 2799 285 2839 uon
299 2785 372 2855 quod
390 2786 481 2854 ipsum
494 2786 530 2839 sit
545 2784 654 2911 αἱίὲυῑά
668 2786 701 2839 de
715 2785 839 2848 libidine,
854 2786 900 2841 sed
955 2786 1037 2850 (Psal.
1054 2790 1202 2849 cxxxvul,
1214 2790 1244 2841 ut
1262 2788 1406 2858 deprimat.

103 2859 169 2925 quia
180 2856 357 2926 provocaturi
368 2856 517 2911 libidinem.
534 2857 580 2912 Ua
601 2863 658 2911 eet
678 2855 713 2912 de
727 2854 781 2912 hoc
800 2855 899 2912 timore
990 2856 1046 2911 “ld
1057 2864 1108 2923 est,
1126 2855 1530 2924 abdicatione,renuntiatione
1550 2863 1577 2911 et
1596 2861 1754 2924 contemptu

103 2926 267 2982 sententiam
282 2926 355 2981 illam
372 2927 584 2982 proverbiorum
598 2927 711 2997 exponit
724 2930 759 2983 D.
781 2926 899 2983 Basilius
954 2941 1049 2981 rerum
1074 2926 1202 2982 omnium
1228 2928 1434 3000 temporalium,
1457 2935 1489 2984 ut
1506 2926 1572 2983 alias
1588 2926 1693 2982 dictum
1715 2933 1758 2981 est

103 2997 131 3051 in
150 2997 250 3066 psalm.
272 3012 361 3053 xxxu
380 3004 409 3053 et
422 2997 590 3070 Augustinus
611 3006 719 3054 tractat.
734 3004 751 3055 9
769 2998 797 3052 in
813 2998 897 3080 Epist.
955 2997 1022 3068 (tib.
1037 3012 1094 3054 vu.
1115 3001 1203 3058 insti.

102 3069 203 3124 loann.
216 3071 256 3123 De
272 3068 369 3124 eodem
391 3083 500 3140 quoquc
515 3068 618 3124 dictum
633 3077 674 3125 est
690 3069 726 3124 ab
739 3069 896 3125 Ecclesiast.
989 3061 1097 3139 bApud
1112 3071 1147 3123 D.
1172 3069 1372 3141 Hieronymum
1387 3085 1420 3126 ex
1444 3067 1580 3124 Hebraiea
1595 3067 1707 3122 veritate
1719 3065 1756 3122 ita

100 3138 183 3210 juxta
199 3137 305 3195 concilii
323 3137 476 3195 Tridentini
488 3139 569 3208 (Sess.
584 3154 631 3207 vr,
644 3155 703 3209 cap.
720 3144 737 3194 6
751 3144 777 3194 et
790 3155 849 3210 cap.
869 3144 897 3208 8)
953 3136 1058 3209 legitur
1074 3157 1080 3192 ε
1094 3141 1226 3209 Adquern
1239 3143 1393 3210 respiciam,
1408 3139 1719 3208 nisiadpauperculum,
1731 3142 1758 3192 et

103 3208 316 3265 declarationem
345 3227 352 3264 :
383 3212 473 3266 ll’mor·
496 3212 605 3266 Domini
629 3210 740 3279 expellit
764 3215 903 3290 peceatum
958 3212 1104 3265 contritum
1118 3214 1229 3280 spiritu,
1246 3215 1271 3266 et
1290 3216 1445 3266 trementem
1460 3224 1590 3266 sermones
1606 3224 1676 3263 meos
1693 3212 1755 3277 (lsa.

103 3280 216 3347 (Baetes.
232 3280 264 3351 xl.
278 3278 506 3337 Eteodemetiam
521 3287 626 3350 spectat
638 3279 706 3335 illud
720 3282 901 3337 lsaraexxrr:
957 3293 1031 3335 txvt
1042 3285 1064 3346 l)
1081 3280 1220 3351 quomoda
1237 3281 1317 3336 etiam
1337 3281 1365 3335 in
1382 3281 1497 3352 Vulgata
1516 3277 1635 3335 editione
1647 3279 1754 3351 legitur.

101 3354 130 3408 Α
142 3354 237 3406 timore
250 3355 303 3415 tuo,
314 3354 435 3415 Dormne,
451 3353 625 3421 concepimus,
642 3355 667 3405 et
676 3352 832 3421 peperimus
843 3353 903 3419 spi
957 3352 998 3405 Ex
1019 3351 1191 3422 Septuaginta
1211 3366 1275 3406 rero
1300 3350 1372 3406 idem
1397 3353 1581 3420 Hieronymus
1601 3350 1638 3404 ita
1653 3349 1753 3405 vertit:

103 3425 191 3477 ritum
198 3423 305 3477 saltatis.
318 3426 398 3478 Porro
409 3425 490 3478 timor
499 3427 618 3486 retractus,
625 3437 671 3477 scu
679 3421 783 3490 filialis,
794 3423 902 3485 initium
955 3422 1082 3490 desuper
1093 3437 1169 3490 quem
1180 3424 1331 3492 respiciam,
1344 3424 1401 3476 ur'si
1410 3423 1549 3483 humilem,
1561 3425 1586 3475 et
1595 3423 1755 3502 quieturuet

104 3494 208 3549 dicitur
217 3496 367 3564 sapientia,
380 3494 842 3565 sr'cutprimussapientrireffectus,
858 3494 900 3547 ait
955 3497 1110 3547 trementem
1124 3508 1254 3547 sermones
1269 3496 1358 3547 meos?
1372 3493 1476 3549 Citatur
1489 3501 1583 3548 tamen
1597 3494 1755 3561 trequentes

103 3566 130 3620 S.
148 3563 278 3621 Thomas.
295 3567 360 3622 Cum
374 3568 444 3621 enim
454 3566 490 3620 ad
504 3567 667 3635 sapientiam
678 3566 815 3635 pertineat
827 3564 899 3634 quod
919 3541 941 3604 C
955 3578 970 3618 a
984 3562 1110 3619 Patribus
1125 3563 1177 3620 sub
1191 3563 1243 3620 illis
1263 3563 1372 3620 verbis:
1397 3566 1485 3634 Super
1505 3578 1582 3633 quem
1608 3565 1756 3632 requiescet

106 3636 287 3691 humananita
294 3636 431 3705 requietae
437 3637 707 3707 secundumfrationes
713 3636 831 3698 diuinas,
839 3636 902 3692 ltine
954 3637 1068 3704 spiritus
1076 3651 1160 3698 meus,
1169 3643 1220 3691 etc.
1231 3634 1320 3705 (Grep.
1333 3636 1380 3691 lib.
1389 3651 1415 3692 r.
1425 3635 1520 3692 lloral.
1532 3650 1553 3689 c.
1565 3639 1595 3689 al
1606 3634 1753 3702 ,bernard

105 3710 209 3776 aprortet
220 3722 324 3763 sumere
332 3710 505 3778 principium,
514 3714 547 3764 ut
557 3710 633 3764 homo
643 3713 727 3764 Deum
734 3711 899 3772 revereatur,
955 3707 1046 3761 homil.
1065 3712 1077 3761 1
1092 3722 1173 3777 super
1187 3710 1284 3762 Museo
1297 3707 1355 3777 est).

106 3782 133 3832 et
150 3792 178 3833 se
189 3780 214 3832 ei
230 3779 368 3847 subjiciat.
392 3781 436 3835 Sic
449 3782 520 3835 enim
534 3781 759 3860 solisequenteriu
779 3779 901 3835 omnibus
989 3777 1098 3834 ⁶D.Gr
1131 3777 1516 3834 orirrslib.xxrvllloraliuur:
1530 3778 1644 3837 Vitium,
1655 3775 1753 3845 inquit,

105 3850 248 3904 secundum
262 3854 346 3905 Deum
357 3851 535 3918 repulabitur.
550 3851 650 3904 Merito
664 3864 731 3904 cro
755 3848 900 3905 Cassianus
954 3849 1115 3918 superbiero
1153 3850 1214 3918 ipsa
1229 3851 1394 3905 monadica
1407 3847 1551 3904 recaredum
1573 3851 1626 3909 est;
1650 3849 1681 3897 ut
1694 3862 1753 3898 curn

105 3917 152 3974 lib.
178 3935 207 3975 rv
229 3922 327 3976 harum
346 3919 551 3974 institutionum
576 3917 663 3986 capite
679 3865 776 3972 uiiimo
798 3917 864 3972 dixit
891 3939 898 3976 ι
955 3918 1755 3994 latenteroritur,tunctipilanterohscr'udatur,'ncprouectu

104 3991 273 4061 Principium
297 3994 394 4044 nostra
419 3989 517 4042 salutis
541 3987 733 4055 sapientiaque
757 3987 902 4041 secundum
953 3991 1051 4055 aequat,
1065 4005 1099 4043 ne
1112 4004 1164 4043 usu
1178 3991 1326 4044 roboretur.
1342 3989 1453 4057 Difficile
1468 3991 1538 4043 enaim
1558 3989 1587 4040 in
1602 4001 1630 4039 se
1642 3999 1756 4054 qrnsque

103 4061 273 4131 Scripturas,
288 4064 368 4114 timor
380 4058 490 4113 Domini
496 4059 535 4110 est
546 4055 678 4126 (Proceri.
693 4057 747 4121 rx).
761 4056 799 4108 De
809 4057 903 4113 timore
954 4058 1286 4128 interieratamsuperbiam
1298 4060 1480 4130 deprehendit,
1490 4060 1556 4127 quia
1567 4058 1696 4110 stimuum
1707 4055 1754 4109 hoc

105 4135 216 4187 Domini
237 4132 359 4184 nascitur
373 4129 539 4196 compunctio
557 4126 696 4181 salutaris.
720 4128 759 4181 Dc
772 4139 902 4195 compnn-
953 4126 1754 4198 uitiumquantomapispatimur,tantominusaidemus.Sic

102 4204 189 4257 ctione
201 4201 290 4255 cordis
301 4197 420 4267 procedit
429 4199 636 4261 abrenuntiatio,
652 4197 682 4251 id
695 4196 903 4262 asturienses
955 4198 1056 4267 quippe
1069 4199 1098 4250 in
1108 4201 1193 4251 merite
1206 4199 1342 4267 superbia,
1353 4201 1423 4252 sicut
1436 4201 1465 4251 in
1477 4197 1560 4251 oculis
1583 4196 1670 4263 car-liqo
1680 4211 1753 4263 parre-

101 4276 272 4338 eontemptus
283 4270 400 4322 omnium
410 4269 583 4336 facultatum,
595 4274 645 4324 etc.
658 4270 698 4323 De
708 4268 793 4323 altero
806 4266 905 4343 funda„
955 4271 1045 4322 ratur.
1055 4268 1111 4335 Quo
1120 4283 1148 4322 se
1161 4268 1303 4322 haclutius
1312 4269 1422 4331 dilatat,
1436 4283 1464 4322 co
1472 4267 1651 4322 uehementius
1664 4267 1753 4321 lunren

101 4349 213 4405 merita,
228 4355 326 4410 nenrpe
340 4339 499 4402 humililate,
513 4342 548 4395 D.
571 4338 726 4395 Bernardus
739 4338 809 4405 (tib.
831 4354 851 4394 v
868 4340 902 4396 de
954 4342 1092 4407 angustat.
1103 4340 1246 4408 Paulisper
1258 4354 1319 4407 erqo
1328 4341 1408 4395 elatio
1417 4342 1445 4393 in
1453 4340 1608 4409 precordiis
1617 4340 1752 4400 aeserta

103 4411 219 4473 carnal,
235 4413 264 4464 iu
275 4414 336 4479 hnc)
359 4430 366 4464 :
383 4412 532 4475 Virtutum,
543 4411 640 4482 inquit,
653 4411 748 4466 bonum
763 4409 901 4481 quoddam
954 4411 1156 4465 armsecastius
1167 4411 1567 4482 earaedencoppressameuus
1578 4410 1753 4476 oculumfun·

103 4499 136 4537 ac
148 4482 456 4548 stabilcsundanteniam
466 4488 504 4537 cst
515 4482 665 4537 humilitas.
675 4483 710 4537 Et
721 4483 755 4536 D.
767 4483 900 4554 Augusti-
954 4481 1028 4535 ditus
1042 4482 1145 4537 claudit
1159 4501 1167 4536 ε
1182 4486 1213 4537 ut
1226 4483 1347 4552 captiuus
1360 4485 1466 4537 animus
1480 4487 1490 4537 t
1530 4499 1574 4537 arn
1591 4482 1715 4536 elationis
1726 4485 1752 4536 et

103 4568 157 4608 nus
171 4553 217 4607 lib.
232 4553 321 4623 primo
334 4553 368 4609 de
380 4553 476 4608 Verbis
491 4552 615 4617 Domini,
629 4558 777 4607 sermio:
795 4553 899 4622 capitas
950 4555 1015 4622 pati
1022 4555 1120 4623 possit,
1131 4557 1157 4607 et
1171 4558 1259 4609 tar-meu
1272 4555 1345 4623 quod
1353 4557 1461 4625 patitur
1472 4556 1502 4608 r'
1518 4569 1563 4608 erc
1575 4569 1627 4607 nou
1634 4554 1730 4622 possit.

104 4639 234 4693 mquam
244 4625 538 4690 fabricamcoustruere
550 4624 735 4678 celsitudinis?
749 4624 899 4689 Detuuda-
988 4612 1003 4655 ἆ
1022 4624 1099 4679 ldem
1114 4624 1161 4680 lib.
1179 4640 1213 4681 tv
1238 4640 1298 4695 cap.
1321 4632 1364 4681 18.
1391 4624 1562 4697 Augustinus
1576 4622 1613 4678 ad
1636 4623 1751 4677 Diosco-

106 4701 193 4749 mento
208 4698 285 4764 prius
297 4697 384 4764 capita
404 4696 566 4749 humilitatis
584 4701 631 4748 set
643 4692 714 4748 inira
730 4711 736 4746 :
756 4696 812 4749 Hoc
831 4697 861 4749 in
875 4698 901 4750 te
953 4707 1020 4750 rum
1031 4698 1109 4754 :Nisi
1122 4695 1358 4751 humilitasomnia
1371 4711 1543 4766 quaecumque
1553 4695 1749 4757 benefacimus,

104 4766 169 4831 fode
182 4767 390 4832 franehrmentum
400 4766 572 4826 hirmiiitatis,
583 4768 610 4829 et
620 4765 757 4834 peruenias
770 4764 810 4818 ad
819 4764 899 4830 fasti·
954 4769 1153 4835 etpraecessetit
1164 4771 1189 4822 et
1208 4771 1344 4821 comecuta
1358 4768 1455 4834 suerii,
1471 4771 1496 4817 et
1515 4763 1653 4839 proposita
1666 4774 1749 4839 quam

102 4838 179 4905 qiam
188 4837 335 4892 charitatis.
353 4837 462 4893 Dicitur
471 4845 563 4891 auteur
577 4837 615 4900 (S.
625 4835 715 4890 Titum.
728 4837 788 4897 Η,
799 4850 826 4904 q.
839 4840 902 4904 ibt,
953 4836 1118 4903 intueamur,
1130 4841 1156 4890 ct
1169 4839 1296 4905 apposita
1310 4838 1355 4889 eui
1366 4837 1565 4895 adhereamus,
1585 4834 1611 4883 ct
1623 4833 1750 4897 imposita

102 4924 131 4961 a.
148 4911 176 4969 5,
190 4907 226 4960 ad
240 4910 277 4975 2),
295 4907 433 4963 humilitas
453 4906 662 4963 fundamentum
684 4904 824 4968 virtutum,
841 4920 897 4962 non
913 4915 939 4978 1)
953 4909 1210 4975 quarepriutamur3
1219 4906 1281 4973 jam
1292 4905 1369 4958 nobis
1378 4904 1510 4971 deuliqrro
1523 4899 1588 4954 bano
1597 4901 1669 4967 fiscia
1680 4915 1751 4967 patc-

102 4977 215 5048 quidem
227 4977 326 5033 directe
345 4987 372 5033 et
388 4977 568 5050 principaliter
591 4976 641 5043 (sic
664 4975 736 5031 enim
755 4974 813 5030 sola
830 4974 897 5033 fides
953 4977 1077 5032 dantibus
1090 4979 1174 5028 totum
1184 4977 1326 5043 retorquet
1345 4973 1378 5028 de
1400 4989 1482 5027 mareu
1504 4971 1637 5041 nepertia.
1654 4973 1751 5040 iterque

104 5057 146 5104 est
164 5048 415 5120 supernaturalium
438 5048 567 5103 virtutum
590 5045 897 5115 tundamentum,1uxta
951 5048 1022 5103 sicut
1035 5046 1127 5099 rhetor
1140 5045 1388 5113 illemdiiissimus,
1400 5060 1459 5099 eum
1473 5046 1655 5112 interroqatus
1668 5047 1744 5106 esset,

104 5117 173 5174 illud
188 5119 314 5190 Apostoli
327 5137 333 5173 :
348 5120 460 5176 Credere
481 5121 551 5174 euim
565 5121 669 5199 oportet
683 5117 848 5172 accedentem
862 5117 899 5172 ad
952 5116 1021 5187 quid
1035 5117 1061 5170 ei
1064 5117 1184 5185 primum
1195 5115 1331 5170 rideretur
1348 5117 1377 5170 in
1391 5116 1548 5186 eloquentia
1557 5112 1749 5184 preceptisob·

103 5192 198 5257 Dauum
221 5193 288 5260 quia
314 5193 362 5254 est,
391 5195 468 5255 etc),
491 5190 539 5246 sed
566 5187 734 5270 dtspositire,
761 5195 898 5259 quatenus
952 5189 1057 5243 seruari
1068 5190 1195 5256 oportere,
1202 5189 1446 5256 pronuntiationem
1456 5184 1749 5254 dieiturrespondisse,·

55 5325 59 5329 ,
102 5260 239 5316 nimirum
251 5261 513 5316 removetrirtutum
521 5260 760 5331 impedimentum,
770 5258 844 5329 quod
856 5266 900 5315 est
953 5274 1012 5315 cum
1027 5262 1193 5328 quareretur
1205 5258 1405 5327 quirisccundo,
1421 5258 1541 5313 camdem
1551 5257 1749 5327 pronuntiatio·

104 5330 242 5401 superbia,
265 5331 409 5403 redditque
435 5332 577 5386 hominem
606 5333 665 5386 Deo
689 5327 842 5396 subditum,
868 5343 901 5384 ac
953 5346 1026 5396 nem,
1043 5330 1112 5399 quid
1124 5331 1210 5394 tertio,
1229 5329 1300 5382 nihil
1311 5328 1481 5399 aliudquam
1497 5328 1615 5383 earndem
1628 5343 1750 5398 pronun·

106 5410 232 5471 paratum
249 5401 284 5458 ad
296 5402 354 5474 ejus
371 5402 464 5475 gratiae
482 5402 617 5459 inlluxum
642 5399 839 5471 recipiendum,
855 5400 901 5472 qui
955 5403 1094 5456 irationem
1104 5401 1217 5456 dachse.
1227 5401 1303 5456 Sicsi
1313 5401 1501 5469 interrogares,
1509 5402 1646 5470 etquoties
1665 5402 1747 5453 inter-

107 5478 149 5550 est
162 5471 291 5529 virtutum
310 5489 414 5540 semen,
425 5472 501 5545 origo
513 5482 539 5530 et
547 5472 727 5530 conservatio.
742 5474 899 5544 Utrumque
953 5487 1062 5541 roqarcs
1076 5472 1109 5526 de
1117 5472 1261 5542 praeceptis
1279 5471 1439 5528 Christiana
1453 5472 1602 5540 religionis,
1617 5471 1689 5523 nihil
1706 5484 1748 5533 me

105 5540 231 5598 insinuat.
240 5548 274 5601 D.
283 5544 411 5611 lacobus,
422 5543 488 5601 dum
501 5544 552 5601 ait:
564 5549 634 5602 Deus
648 5544 770 5614 superbis
782 5545 896 5607 resistit,
951 5542 1030 5599 aliud
1048 5543 1217 5613 respondere,
1233 5544 1290 5597 nisi
1301 5542 1481 5598 humilitatem
1497 5542 1600 5604 liberet,
1617 5541 1669 5594 etsi
1677 5540 1749 5604 forte

104 5611 252 5672 humilibus
261 5622 351 5671 auten
364 5616 413 5671 dat
427 5618 554 5686 qratiam.
568 5617 639 5671 Nam
652 5614 673 5670 si
688 5618 764 5671 Deus
779 5614 832 5670 illis
851 5629 898 5670 re·
951 5615 1008 5670 alia
1018 5613 1251 5669 dieereneeessitus
1264 5600 1385 5683 cogeret?

101 5682 193 5750 sistit3
214 5701 268 5742 nou
288 5702 353 5759 ergo
376 5686 423 5743 dat
449 5687 502 5742 illis
528 5687 656 5760 gratiam.
675 5685 793 5758 lmpedit
813 5684 895 5757 igitur
984 5683 1087 5741 eCirca
1109 5683 1284 5741 huaclocum
1299 5699 1354 5740 non
1374 5699 1496 5756 possum,
1516 5680 1583 5755 quin
1602 5695 1651 5761 pro
1666 5692 1749 5734 coro-

99 5755 229 5827 superbia
241 5757 375 5815 inlluxum
395 5757 495 5816 dirinae
515 5758 619 5830 gratia,
649 5764 676 5812 et
697 5763 896 5828 consequenter
948 5754 1013 5812 nide
1028 5752 1108 5826 hujus
1123 5763 1256 5812 tractatus
1269 5754 1304 5812 de
1320 5753 1476 5812 humilitate
1488 5762 1516 5810 et
1527 5750 1666 5823 superbia,
1677 5760 1747 5825 prm·

99 5826 236 5885 virtutum
248 5829 381 5898 studium,
397 5828 470 5902 quod
481 5829 540 5887 siue
551 5828 650 5886 anulio
662 5827 758 5900 gratiae
769 5834 895 5885 constare
947 5833 990 5884 ter
1012 5824 1088 5883 illam
1108 5826 1288 5900 paradonem
1312 5836 1340 5884 et
1359 5823 1581 5886 distributionem
1603 5816 1749 5875 duodecim
