3848 6158
127 272 178 327 587
667 257 807 316 toaauts
825 256 977 312 cassium
995 249 1241 311 culusitanus
1733 249 1793 304 588.

128 396 207 454 bonis
228 407 435 466 nonnumquam
449 389 549 447 studiis
563 385 658 454 dediti,
675 383 774 440 callida
783 382 934 438 subtilitate
947 384 973 447 Α
987 389 1016 435 ut
1031 374 1228 451 perseuerantia
1243 378 1349 437 nostra,
1366 369 1406 427 rel
1418 369 1518 425 mentis
1530 368 1685 425 constantia
1694 376 1722 425 et
1736 370 1787 426 de-

127 500 248 549 mentem
264 497 389 546 nostram
410 483 565 541 adversario
588 485 763 551 penetrante,
786 475 826 532 vel
852 476 932 549 igno-
985 472 1113 531 siderium
1130 465 1339 540 comprobetur,
1360 477 1467 536 quaque
1491 461 1640 517 intentione
1653 461 1748 518 cordis
1761 472 1788 520 et

127 595 219 642 rantes
252 582 285 639 ab
308 578 420 653 optimis
455 572 651 631 intentionibus
678 568 864 628 abstrahimur
890 569 931 625 vel
985 565 1143 622 orationum
1169 559 1295 617 instanlia
1322 556 1493 613 deserentem
1522 569 1573 610 aas
1601 554 1788 612 visitationem

985 658 1072 716 sancti
1094 656 1212 729 Spiritus
1223 652 1406 726 requiramus,
1420 646 1612 704 manifestetur
1630 646 1658 702 in
1679 647 1761 706 nobis
1779 669 1792 706 :⁴

444 760 565 816 CAPUT
578 759 625 815 lv.
985 769 1017 808 ac
1029 750 1129 824 pariter
1139 754 1318 821 agnoscentes
1337 751 1439 817 quanto
1459 741 1554 797 labore
1567 740 1701 796 amissum
1715 741 1789 800 istud

166 866 241 935 Quod
255 864 463 935 dispensationis
477 862 713 933 acprobationatis
727 860 778 915 Dei
789 857 892 928 duplea
984 844 1104 918 spiritale
1134 841 1265 916 gaudium
1287 847 1315 895 et
1340 836 1463 910 puritatis
1479 835 1572 892 laetitia
1598 835 1789 907 conquiratur,

458 948 540 989 causa
556 935 603 989 sil·
984 938 1127 997 sollicitius
1138 938 1278 992 inventam
1300 931 1454 996 custodire,
1477 946 1509 988 ac
1534 939 1627 987 tenere
1657 930 1793 990 intentius

165 1052 178 1079 ⁸
198 1040 415 1115 Dispensationis
435 1048 541 1108 autem,
568 1037 609 1094 rel
634 1037 805 1110 probationis
818 1033 931 1090 Domini
984 1033 1151 1091 studeamus.
1177 1024 1389 1098 Quodammodo
1403 1025 1479 1082 enim
1494 1022 1674 1097 negligentius
1692 1033 1793 1082 custo·

131 1137 231 1210 duplex
245 1151 326 1193 causa
338 1142 381 1191 est
395 1153 401 1190 :
417 1126 432 1166 b
445 1133 543 1205 prima,
556 1139 587 1188 ut
602 1130 737 1203 paulisper
750 1129 786 1186 ab
798 1130 857 1200 ipso
880 1126 931 1183 de·
985 1127 1037 1184 diri
1055 1126 1140 1195 solet,
1155 1121 1290 1197 quidquid
1308 1118 1428 1177 creditur
1450 1117 1530 1175 iacile
1552 1134 1632 1191 posse
1657 1119 1798 1192 reparari..

131 1231 229 1297 relicti,
241 1238 268 1285 et
280 1227 380 1283 mentis
394 1234 495 1282 nostrae
508 1224 647 1281 humiliter
657 1222 794 1278 intuentes
812 1219 930 1276 irrflrmi-
1104 1207 1113 1217 “
1299 1223 1421 1281 CAPUT
1432 1223 1466 1276 v.

130 1330 227 1391 tatem,
251 1329 278 1375 θῑ
296 1334 470 1391 nequaquam
493 1332 575 1390 ⁵⁰90?
605 1314 774 1387 diffidenti
813 1313 932 1386 Ρῦῑῑῑὸῑθ
987 1324 1195 1392 Quodstudium
1210 1321 1384 1377 etindustria
1397 1319 1572 1374 nostrarrilrii
1584 1320 1642 1373 sine
1655 1319 1801 1389 adjutorio

130 1414 232 1485 cordis,
245 1428 306 1486 quae
326 1413 407 1469 nobis
420 1411 491 1467 illius
506 1418 548 1466 est
562 1408 715 1465 visitatione
742 1407 853 1474 donata,
867 1405 933 1463 nul·
1281 1394 1331 1448 Dii
1341 1391 1501 1462 imiimi·
1678 1401 1684 1412 '
1860 1481 1862 1485 Ι

130 1509 236 1564 latenas
250 1506 425 1573 extollamur,
438 1502 639 1574 probantesque
655 1515 707 1556 nos
719 1501 753 1555 ab
769 1499 865 1555 eodem
883 1497 934 1555 de·
1023 1499 1076 1553 Per
1087 1511 1148 1570 quae
1162 1495 1303 1553 euidenter
1320 1492 1465 1566 probatur,
1479 1492 1595 1564 gratiam
1614 1491 1664 1548 Dei
1684 1507 1718 1547 ao
1736 1492 1797 1549 mi·

132 1599 251 1663 relictos,
269 1596 418 1669 gemitibus
434 1593 534 1652 nostris
548 1601 576 1650 et
589 1592 726 1649 industria
743 1592 819 1648 illum
833 1590 935 1647 laetitiae
989 1588 1166 1647 sericordiam
1193 1603 1301 1661 semper
1315 1586 1421 1657 operari
1437 1586 1465 1641 in
1486 1584 1567 1640 nobis
1587 1598 1696 1657 eaquae
1720 1583 1802 1642 bona·

131 1708 163 1748 ac
171 1690 298 1763 puritatis
307 1697 409 1744 statum
415 1702 574 1759 recuperare
586 1701 642 1742 noo
652 1685 934 1756 posseintelligamus,
989 1691 1062 1740 sunt.
1078 1685 1135 1754 Qua
1147 1681 1297 1744 deserente,
1310 1679 1378 1736 nibil
1392 1679 1484 1735 valere
1498 1676 1619 1733 studium
1631 1677 1795 1746 laborantis,

132 1793 160 1842 et
173 1784 340 1857 praeteritam
354 1781 445 1838 cordis
463 1780 631 1838 alacritatem
642 1794 699 1835 non
718 1786 814 1835 nostro
830 1777 935 1844 studio,
951 1782 1017 1852 Bet
1042 1774 1242 1846 quantumlibet
1275 1773 1360 1829 animi
1397 1771 1508 1827 nitentis
1539 1771 1698 1827 industriam
1730 1771 1796 1828 sine

132 1877 261 1934 sedillius
273 1874 428 1948 dignatione
450 1872 530 1930 uobis
547 1871 632 1928 luisse
651 1869 791 1938 collatam,
816 1878 845 1927 et
863 1885 936 1941 prae-
989 1869 1071 1942 ipsius
1091 1870 1190 1926 iterum
1204 1867 1341 1940 adjutorio
1354 1874 1454 1922 statum
1475 1864 1614 1937 pristinum
1628 1879 1794 1935 recuperare

132 1981 238 2031 sentem
251 1970 286 2027 de
300 1971 384 2041 ipsius
397 1982 507 2025 rursum
525 1965 613 2040 gratia
627 1973 653 2021 et
668 1963 868 2021 illuminatione
876 1979 935 2019 esse
989 1978 1043 2018 uon
1058 1980 1146 2035 posse,
1161 1962 1280 2033 illudque
1291 1960 1392 2033 jugiter
1405 1960 1434 2014 in
1453 1959 1535 2015 uobis
1549 1956 1660 2029 impleri,
1670 1973 1727 2012 non
1741 1973 1799 2011 aa·

134 2063 308 2138 pascendam.
327 2065 339 2095 ⁰
358 2059 484 2117 Secunda
500 2073 563 2115 vero
585 2056 757 2130 probationis
776 2064 819 2112 ost
841 2071 935 2127 causa,
990 2056 1078 2118 lentis.
1094 2073 1178 2127 neque
1198 2055 1343 2122 currentis,
1357 2052 1405 2108 sed
1425 2054 1574 2107 miserentis
1588 2055 1627 2106 est
1641 2053 1690 2106 tlei
1702 2053 1798 2117 (Ram.

597 2244 601 2250 -
682 2204 813 2260 aarum
831 2202 1244 2260 GAZAEICOMMENTARlUS.

132 2330 213 2389 dorsa
225 2330 362 2386 ludebant.
385 2331 452 2385 Haec
465 2344 528 2385 cum
543 2328 655 2384 uidisset
667 2330 696 2385 S.
713 2331 757 2383 lla
768 2328 859 2397 arius,
871 2344 935 2399 gra-
988 2329 1161 2390 credidimus,
1174 2331 1279 2397 repente
1296 2329 1394 2382 intima
1405 2327 1557 2392 applausione
1576 2327 1728 2377 vastamur.
1743 2324 1804 2380 Sea

131 2401 200 2458 riter
213 2400 355 2473 ingemuit,
368 2408 394 2456 et
403 2401 535 2482 lacrymas
548 2398 727 2469 profundens,
737 2398 771 2455 ad
785 2399 934 2454 Dominum
989 2403 1078 2453 tamen
1091 2398 1208 2468 eirasdem
1228 2399 1383 2464 cartusiens
1394 2397 1522 2453 discimus
1533 2410 1567 2448 ne
1578 2394 1683 2448 cimbris
1695 2396 1798 2448 nostris

133 2471 203 2529 dixit
220 2497 226 2528 ;
242 2472 368 2544 llespice,
384 2475 514 2538 Domine,
527 2486 562 2526 ne
573 2471 663 2536 sileas,
680 2485 769 2541 neque
789 2470 932 2538 mitigeris,
987 2475 1079 2525 nostm
1090 2470 1201 2523 marsilia
1212 2464 1800 2533 tribuamusrettantomaturiusadqmoi-

133 2546 220 2609 Deus,
236 2543 283 2601 sed
306 2558 432 2615 exsurge,
453 2552 481 2598 et
505 2542 695 2613 dispergantur
711 2541 815 2597 inimici
830 2541 881 2608 tui,
909 2548 936 2597 et
988 2545 1071 2596 tatem
1084 2541 1284 2609 restringimur,
1300 2543 1400 2609 quauta
1413 2539 1533 2592 adilane
1563 2539 1645 2606 quasi
1664 2538 1799 2592 amasam

134 2615 240 2697 fugiant
252 2631 267 2670 a
283 2612 352 2670 facie
365 2624 423 2680 tua,
437 2622 490 2669 etc.
504 2614 570 2669 Post
586 2612 741 2668 orationem
755 2621 859 2679 autem,
871 2627 934 2667 exa·
987 2613 1115 2667 redimus.
1135 2610 1292 2679 Aliquando
1307 2611 1373 2664 dum
1390 2625 1490 2678 mapna
1501 2622 1548 2662 nos
1557 2610 1625 2662 scire
1636 2607 1801 2676 qaudam,

134 2689 272 2742 mirandae
293 2684 411 2741 veritatis
431 2683 527 2757 gratia,
550 2683 665 2739 seorsim
690 2682 809 2738 caeratis
822 2681 936 2755 singulis
986 2683 1132 2752 repentinae
1153 2683 1313 2750 ipnerantioe
1327 2682 1442 2735 cecitate
1461 2681 1632 2750 torpescimus
1654 2697 1663 2732 ε
1684 2678 1733 2733 sed
1745 2693 1802 2749 quo

131 2758 285 2829 quibusque
306 2756 453 2821 fratribus,
477 2754 591 2826 inquirit
605 2754 638 2810 ab
652 2755 691 2809 eis
716 2754 739 2810 si
754 2754 780 2809 in
802 2754 934 2820 oratione,
988 2754 1142 2822 ipnorantia
1164 2753 1262 2807 mentis
1275 2751 1406 2806 oculisad
1418 2755 1579 2804 momentum
1599 2749 1749 2812 clauditur,
1768 2763 1801 2804 eo

130 2831 178 2886 vel
189 2828 345 2887 aellilicaudi
358 2825 536 2899 cogitationes
544 2825 696 2887 habuerint,
712 2825 752 2878 rel
764 2825 816 2879 iter
827 2824 933 2896 agendi,
985 2830 1048 2895 post
1060 2824 1098 2877 od
1108 2825 1249 2877 scantiam
1258 2826 1348 2877 uatus
1360 2825 1498 2892 aperimr;
1509 2826 1540 2875 at
1552 2823 1682 2875 nimi-raam
1689 2819 1800 2889 popello

130 2898 173 2955 rel
187 2899 237 2953 alin
254 2900 371 2959 diversa,
386 2911 447 2968 quae
461 2895 607 2965 uuicuique
624 2910 671 2964 per
682 2894 823 2949 daemones
839 2894 934 2962 imagi·
989 2895 1178 2950 macoemtatis
1188 2894 1320 2956 eruditas,
1333 2896 1496 2963 seireipsum
1506 2908 1524 2946 a
1533 2908 1586 2962 qua
1594 2892 1703 2954 mame
1715 2893 1801 2946 sciat.

131 2976 196 3023 nata
219 2968 331 3023 viderat.
348 2971 381 3021 at
401 2965 499 3037 singuli
514 2980 610 3018 eorum
632 2966 668 3017 ita
687 2963 887 3018 confitebantur
904 2963 934 3019 in
988 2968 1055 3021 Haec
1065 2974 1091 3018 et
1104 2964 1157 3020 alia
1167 2966 1203 3019 D.
1219 2964 1376 3034 Gregorius.
1391 2965 1443 3020 Sed
1455 2975 1482 3018 et
1500 2966 1534 3016 l).
1552 2963 1707 3017 Berrrardus
1719 2960 1799 3017 idem

131 3036 214 3112 eorde
227 3052 277 3091 suo
299 3039 334 3090 ira
347 3035 430 3090 luisse
444 3034 621 3105 cogitationes
644 3033 715 3088 sicut
735 3034 778 3087 ille
792 3034 931 3105 arguebat.
989 3045 1180 3107 argumentum
1203 3034 1391 3106 copiosissime
1414 3042 1556 3089 tractans:
1578 3033 1723 3102 Superbia,
1750 3031 1801 3087 in·

57 3105 61 3111 '
129 3108 168 3160 Et
188 3115 253 3160 lunc
276 3106 441 3160 intellectum
464 3103 597 3175 estquod
622 3118 718 3159 omues
740 3103 795 3160 illae
816 3120 892 3162 variae
908 3113 936 3162 ιι
989 3110 1049 3171 quit
1061 3107 1160 3176 (Serra.
1171 3107 1205 3162 54
1216 3109 1246 3160 in
1259 3107 1388 3170 Cantica),
1412 3107 1522 3159 inuerrta
1531 3108 1618 3166 inme,
1631 3105 1799 3160 etllominus

129 3174 276 3255 supertluae
287 3173 473 3247 cogitatianes,
489 3189 557 3246 quas
571 3174 612 3229 vel
627 3175 796 3246 psalmarum
811 3176 850 3229 vel
866 3192 930 3232 ora·
948 3196 970 3259 ρ
985 3179 1130 3235 destinauit
1139 3180 1245 3232 iniroa
1254 3193 1327 3232 serua
1337 3193 1394 3232 saa.
1408 3179 1537 3232 Hinaista
1552 3176 1683 3231 sterilitas
1695 3177 1800 3229 aninam

130 3250 240 3301 uanum
266 3255 390 3315 tempore
405 3245 590 3318 unusquisque
611 3243 639 3299 iu
655 3247 739 3301 corde
762 3247 932 3318 conceperit,
986 3265 1060 3312 mea,
1072 3254 1096 3304 ιι
1106 3249 1252 3305 amotam
1262 3250 1364 3318 inopia,
1377 3263 1459 3317 quam
1468 3249 1569 3316 patiar.
1583 3248 1641 3303 Non
1651 3247 1801 3316 compungi

132 3313 257 3373 illusione
272 3329 299 3372 et
317 3315 446 3372 instinctu
458 3317 616 3372 daemonum
636 3315 701 3371 liant
712 3337 720 3386 3
733 3317 769 3372 ab
784 3318 933 3375 bisantem
986 3322 1024 3376 ad
1038 3321 1171 3389 lacrymas
1186 3335 1261 3390 queo,
1273 3319 1545 3389 nansapitpsalmus,
1559 3333 1611 3371 uon
1625 3316 1799 3384 leperelibet,

83 3401 87 3407 ·
130 3387 177 3459 qui
191 3388 265 3442 omni
286 3388 408 3445 custodia
422 3402 471 3442 cor
483 3403 562 3442 suum
575 3396 695 3454 servant,
710 3389 772 3444 tetri
782 3405 785 3410 ·
795 3391 934 3460 repellua-
986 3408 1041 3447 nan
1049 3407 1126 3446 orare
1136 3391 1257 3452 delcetat,
1268 3392 1453 3445 meditationes
1460 3389 1553 3444 solitas
1562 3404 1613 3442 non
1623 3389 1740 3452 aimonio,-
1749 3387 1802 3442 ubi

131 3465 176 3514 tur
197 3458 502 3530 AEtlriopes.Deoeoim
517 3458 661 3529 conjuncta
687 3470 816 3522 menaea
835 3461 935 3532 inipso
988 3459 1677 3530 estillainebriatiospiritustubimentisserenitas,
1691 3463 1800 3526 ripau-

132 3530 265 3601 praecipue
286 3538 409 3600 tenrpore
423 3529 555 3584 orationis
574 3529 685 3597 intenta,
710 3529 778 3584 nibil
801 3531 933 3597 alienum,
988 3533 1075 3593 dium,
1091 3537 1117 3586 ιι
1128 3547 1188 3601 poa
1202 3533 1232 3583 in
1246 3533 1353 3600 Spiritu
1367 3534 1482 3586 saneto?
1498 3536 1529 3585 lit
1543 3529 1612 3585 intra
1625 3547 1632 3580 ·.
1645 3530 1802 3596 Argumen-

80 3617 83 3623 ’
130 3599 200 3657 ιιίΙιίΙ
217 3600 384 3672 superfluum
408 3599 511 3670 recipit.
536 3599 665 3654 Haecilri.
691 3599 796 3655 Similia
811 3600 935 3669 exempla
988 3600 1491 3672 arm,inquirsnperttaasrpraatio
1504 3600 1800 3671 pratia.0uamquarn

130 3680 240 3727 exstant
258 3672 286 3728 iu
300 3673 358 3727 Vita
369 3673 396 3728 S.
418 3670 529 3725 Antonii
541 3668 613 3742 apud
630 3669 818 3736 Athanasium,
829 3670 857 3725 iu
870 3671 934 3727 Vita
989 3671 1127 3728 interdum
1135 3671 1308 3728 subtrabitur
1318 3676 1422 3742 pratia,
1438 3675 1494 3727 sice
1504 3671 1662 3732 retrahitur,
1679 3686 1734 3724 non
1742 3686 1800 3740 pro

130 3742 278 3798 Hilarionis
295 3744 365 3812 apud
389 3744 422 3797 D.
440 3741 650 3812 Hieronymum,
667 3742 785 3811 itemque
797 3741 848 3796 alia
863 3742 936 3813 apud
987 3741 1260 3814 superbiaquajam
1274 3748 1322 3805 est,
1336 3744 1383 3798 sed
1397 3759 1458 3813 qua
1468 3743 1675 3810 futuroestm'si
1682 3741 1798 3795 subtra-

130 3815 163 3870 D.
180 3813 345 3880 Gregorium
360 3814 405 3869 lib.
422 3828 446 3869 11
455 3811 526 3868 nial.
544 3827 603 3892 cap.
618 3817 646 3877 4,
662 3821 688 3867 ιι
699 3812 773 3882 apud
784 3812 934 3869 Caesarium
988 3815 1079 3869 batur.
1101 3814 1188 3869 Habes
1206 3813 1288 3882 liujus
1301 3815 1342 3869 rei
1355 3815 1462 3868 euidens
1477 3814 1665 3868 documentum
1679 3813 1708 3864 in
1718 3811 1798 3881 Apo-

131 3885 306 3942 Cistcrciens.
323 3885 369 3941 lib.
387 3901 402 3932 v
416 3882 450 3938 de
465 3883 603 3938 llliraculrs
619 3898 677 3953 cap.
693 3887 720 3936 5.
988 3886 1065 3948 stolo,
1080 3887 1129 3956 qui
1140 3885 1263 3939 stimulos
1277 3887 1365 3940 earnis
1379 3900 1435 3940 sua
1450 3885 1725 3949 sustinueramus,
1741 3897 1797 3937 nan

166 3957 224 4012 ⁸ld
247 3965 304 4018 est,
330 3953 508 4026 providentiae
530 3952 648 4020 divinae,
671 3967 732 4025 quaa
751 3953 831 4010 tertia
854 3969 935 4011 causa
989 3959 1055 4028 quia
1068 3957 1249 4018 retolleretur,
1262 3956 1309 4011 sed
1326 3972 1359 4011 ne
1382 3956 1564 4010 extolleretur.
1589 3954 1642 4010 Sed
1658 3956 1713 4008 siue
1734 3953 1799 4023 jaare

131 4026 261 4153 wisifffis
278 4023 654 4152 desolationisspplerirpiseseslt
669 4025 846 4154 ,qffiifnm'g'
913 4096 919 4109 ·
989 4031 1117 4153 eaa'tsteruagt,
1143 4029 1198 4152 nive
1215 4028 1342 4151 nereidum,
1358 4028 1484 4096 superbia
1498 4031 1798 4095 tamensempercausa

225 4112 552 4153 anccausamsrrrars
623 4111 795 4152 aarausex
838 4114 847 4153 ι
898 4112 936 4152 sr-
989 4113 1067 4154 errs
1115 4113 1196 4152 raca
1226 4113 1314 4152 raia.

130 4169 205 4225 tione
222 4178 250 4224 et
269 4113 540 4238 probationepdivina
557 4168 748 4238 provenientis,
763 4112 937 4241 elegansrffiet
1025 4179 1036 4204 ⁶
1064 4173 1092 4222 lu
1116 4184 1165 4224 suo
1187 4114 1225 4221 ιι9
1236 4168 1354 4223 aliorum
1375 4166 1563 4236 experimento
1585 4166 1733 4223 cotrbrmat
1757 4168 1796 4223 D.

130 4239 240 4308 copiose
262 4241 377 4305 explicat
399 4243 433 4294 D.
454 4240 611 4312 Gregorius,
634 4239 692 4295 lraec
712 4239 780 4295 inter
803 4241 853 4294 alia
868 4237 934 4294 scri·
989 4238 1144 4296 Bernartius
1158 4240 1290 4305 (Serrano
1304 4241 1331 4292 in
1348 4240 1467 4304 Cantica]
1483 4258 1492 4294 ε
1508 4239 1611 4306 Quibus
1624 4240 1799 4294 studiamest

129 4308 313 4370 beusteten
339 4310 434 4362 Maral.
460 4324 519 4376 cap.
538 4314 582 4373 aa)
599 4328 605 4361 :
623 4313 667 4364 Fit
684 4315 717 4363 ut
738 4309 885 4379 aliquando
908 4323 937 4363 se
988 4310 1089 4379 inqult,
1102 4325 1190 4371 orare,
1203 4312 1360 4379 {requenter
1370 4312 1476 4379 raperti
1487 4315 1549 4365 suut
1559 4309 1633 4379 quod
1644 4310 1800 4380 disasape

131 4378 186 4431 bae
208 4379 301 4444 pratia
315 4379 421 4430 utiliter
440 4378 594 4437 subtraant,
610 4383 635 4430 ιι
668 4383 824 4435 trasumenti
840 4380 933 4442 menti,
991 4380 1067 4434 eorde
1081 4379 1170 4448 tepida
1184 4385 1209 4434 ιι
1219 4381 1297 4434 arido
1306 4381 1454 4436 accedimus
1464 4381 1502 4435 ad
1512 4380 1611 4440 altare,
1622 4382 1799 4435 oratianitn·

131 4454 264 4526 mantum
287 4447 316 4498 in
335 4460 362 4498 se
386 4447 548 4514 infirmetur,
562 4452 617 4526 ost.
657 4451 688 4501 it.
706 4452 778 4503 tune
792 4453 862 4504 enim
875 4463 935 4503 uere
989 4450 1153 4515 cumbimus;
1172 4452 1377 4518 persistentibus
1399 4457 1488 4507 autem
1509 4457 1615 4521 repente
1634 4450 1800 4517 infunditis·

130 4529 307 4585 cognoscamus
322 4515 388 4596 bona
402 4519 491 4570 nostra
506 4514 578 4568 unde
591 4521 656 4582 arat,
670 4519 776 4584 qrrando
790 4519 937 4588 inaquosi
990 4523 1091 4591 pratea,
1100 4524 1360 4591 piaquesmtpectus,
1376 4523 1460 4592 replet
1469 4525 1570 4578 adema
1582 4523 1727 4577 inundatio
1763 4523 1770 4534 '
1786 4550 1798 4562 ·

130 4585 279 4641 amittenda
290 4590 428 4648 sentimus,
445 4587 510 4655 prtia
526 4586 628 4639 atrabis
638 4590 742 4642 seruari
751 4604 803 4642 rum
812 4580 971 4658 possenti)
991 4595 1072 4655 tatis;
1087 4598 1113 4648 et
1135 4595 1160 4647 si
1182 4595 1217 4647 sit
1231 4596 1280 4663 qui
1300 4598 1416 4664 premat,
1433 4594 1474 4650 lac
1490 4598 1620 4662 conceptae
1647 4594 1724 4648 dulce
1746 4595 1799 4650 inis

130 4659 177 4715 Ad
190 4658 237 4714 baa
251 4660 344 4726 itaque
356 4657 516 4712 intimanda
527 4657 690 4713 humilitatis
704 4662 934 4729 magisteriumfit
987 4664 1102 4718 ubertim
1120 4664 1236 4731 suadere
1253 4680 1306 4718 raon
1329 4666 1483 4720 tardabunt.
1501 4666 1576 4718 laem
1603 4664 1670 4719 alibi
1687 4671 1800 4736 (nempe

127 4731 288 4802 plerumque
301 4734 332 4784 ut
341 4730 468 4785 irruentis
476 4731 634 4784 tentationis
645 4731 768 4797 articulo,
782 4735 860 4785 tanta
869 4732 934 4787 stul·
987 4736 1063 4792 serm
1082 4737 1127 4789 22.
1143 4737 1173 4789 in
1185 4736 1303 4799 Cantica)
1319 4735 1347 4790 in
1369 4735 1503 4807 ejusmodi
1516 4735 1651 4789 ansietate.
1664 4733 1800 4792 consutu-

131 4805 196 4858 titia
210 4804 371 4872 sapientiam
385 4807 504 4858 nostram
515 4801 609 4868 (emat,
625 4805 657 4854 ut
667 4802 861 4857 turbatameas
871 4819 935 4873 qua·
988 4806 1033 4869 tis,
1049 4806 1100 4860 lroc
1118 4807 1219 4873 praebet
1235 4807 1378 4862 consilium
1394 4828 1399 4863 :
1416 4809 1448 4863 Si
1468 4811 1493 4862 te
1507 4811 1622 4876 torpore,
1636 4806 1744 4869 acedia,
1758 4805 1801 4862 asi

131 4874 193 4927 liter
202 4874 281 4926 rmrlis
290 4874 490 4929 imminentibus
503 4872 601 4935 obviat,
613 4873 655 4928 uel
663 4878 755 4928 contra
766 4877 935 4930 tentationem
989 4877 1069 4932 tedia
1082 4879 1160 4946 affici
1168 4879 1260 4939 sentis,
1272 4878 1341 4932 nolis
1347 4884 1489 4948 propterea
1502 4877 1640 4946 diffidere,
1661 4883 1712 4932 aut
1724 4877 1799 4932 desi·

131 4943 261 5012 quaneodo
274 4958 301 4997 se
312 4950 455 5012 praeparet,
468 4947 580 5012 maeret.
600 4943 654 5001 Sed
670 4946 720 5000 trac
729 4948 791 5016 ipsa
814 4947 936 5002 stultitia
989 4953 1057 5003 stere
1069 4948 1186 5003 astudia
1199 4950 1355 5016 spiritualir
1369 4950 1417 5005 sed
1420 4950 1543 5019 jurantis
1558 4951 1666 5018 require
1675 4963 1798 5011 monum

131 5029 174 5069 aar
179 5014 328 5085 prudenter
336 5013 818 5083 emrditur,qutbundeadmamcatrrm
825 5019 934 5088 desipit,
991 5020 1067 5074 trabi
1080 5025 1105 5074 ιι
1114 5020 1251 5074 obsecrans
1260 5035 1363 5090 sponsa
1383 5021 1519 5090 eaernplar
1530 5020 1612 5074 donec
1624 5021 1801 5074 dermasusci·

131 5087 413 5155 capostueriusquaet
430 5085 830 5159 numitiussapitretsapientia
859 5091 939 5159 quasi
991 5095 1064 5145 tante
1085 5096 1176 5160 pratia
1191 5092 1282 5157 luctus
1303 5094 1455 5162 promptior
1466 5091 1636 5160 alacriorque
1645 5104 1751 5152 curras,
1774 5094 1801 5146 ιι

132 5157 204 5210 unde
213 5158 357 5217 amittitur,
363 5155 425 5209 inde
432 5156 694 5224 emtiuspossidetur.
707 5160 864 5229 Aliquando
871 5161 937 5214 dum
990 5161 1086 5217 duas:
1107 5163 1182 5216 Viam
1197 5161 1385 5216 materiatarum
1399 5167 1505 5217 tuarum
1516 5164 1632 5224 cucurri,
1647 5178 1709 5216 eum
1721 5161 1802 5215 dila·

131 5225 259 5280 sublimia
272 5226 443 5294 intelligendo
462 5227 616 5281 iactatione
629 5243 656 5283 se
674 5231 781 5283 animus
794 5232 886 5298 erepit,
905 5232 934 5284 ira
986 5234 1056 5288 iusti
1073 5247 1118 5287 eor
1140 5248 1236 5287 meam.
1257 5232 1301 5289 Sie
1319 5237 1408 5287 autem
1432 5234 1564 5303 quamdiu
1589 5233 1666 5287 adesi
1692 5233 1806 5300 pratia,

129 5295 280 5378 rebusimis
292 5301 318 5351 et
330 5297 427 5352 vilibus
436 5299 514 5366 praui
522 5298 678 5354 hebetudine
688 5302 828 5369 ptqres‘eit,
841 5305 872 5354 ut
881 5300 937 5354 sibi
989 5301 1120 5358 delectme
1132 5306 1162 5357 in
1182 5319 1222 5366 ea,
1246 5307 1277 5358 ut
1291 5319 1344 5358 non
1366 5309 1391 5359 te
1411 5306 1548 5359 caisames
1563 5303 1663 5359 dmrmn
1675 5303 1802 5370 ueijure

131 5369 213 5421 raam
226 5372 333 5436 reperite
349 5370 402 5420 imo
418 5369 510 5422 clausa
531 5368 633 5430 uideat,
648 5373 697 5438 qui
713 5371 814 5439 peruia
829 5384 935 5426 summa
985 5374 1162 5441 ¹lrameditario
1184 5375 1337 5443 possidere,
1363 5376 1404 5429 ita
1426 5375 1552 5430 uidelicet
1575 5386 1682 5430 secturus
1700 5371 1735 5425 de
1756 5388 1799 5438 eo,

129 5439 299 5507 penetrabat.
313 5439 366 5494 Sed
385 5438 440 5493 trac
454 5441 514 5508 ipsa
537 5439 666 5494 hebetudo
680 5441 845 5494 intellectum
859 5442 935 5499 nobis
989 5445 1073 5515 quusi
1089 5459 1238 5514 numquam
1251 5445 1362 5516 perdere
1372 5448 1521 5516 passisrne
1541 5446 1628 5501 subito
1648 5458 1709 5498 aum
1721 5443 1802 5509 forto

130 5509 195 5563 dum
218 5510 362 5572 subtrabit,
383 5513 573 5579 sematrquia
587 5510 652 5565 dum
665 5511 702 5564 ad
715 5515 876 5566 muneratum
894 5529 936 5568 ear
988 5518 1135 5570 retraaerit
1160 5532 1286 5578 manum,
1310 5517 1479 5572 subtronerit
1501 5517 1622 5579 doraum,
1647 5519 1678 5570 tu
1704 5516 1800 5571 anone

131 5579 268 5642 humiliat,
288 5583 378 5634 uerius
401 5580 439 5634 ad
453 5581 583 5635 sublimia
592 5580 769 5650 intelligenda
782 5584 930 5652 mrrtirmat.
989 5586 1123 5655 concidas,
1150 5594 1175 5642 et
1197 5591 1302 5644 tristior
1325 5604 1406 5658 quam
1417 5594 1530 5659 oportet,
1554 5592 1613 5658 pas.
1631 5590 1701 5656 uma
1711 5588 1743 5640 ili
1754 5585 1799 5642 dit

130 5651 289 5720 Aliquando
297 5651 361 5705 dum
370 5656 516 5706 caeretanus
527 5667 603 5720 apere
612 5651 931 5724 conaliiprauitatepau·
988 5660 1163 5715 uirtutistua
1176 5659 1233 5714 nali
1249 5675 1304 5714 esse
1319 5674 1437 5726 securus,
1457 5661 1545 5714 clama
1569 5659 1608 5714 ud
1639 5663 1798 5716 Ιιιιιιιιιιιιι

130 5722 233 5785 demus,
241 5721 370 5851 pulsante
383 5737 469 5776 cause
479 5723 634 5804 emergentis
642 5723 766 5791 articulo,
775 5729 931 5796 praecipita·
985 5729 1119 5799 Propheta
1136 5747 1142 5784 :
1170 5731 1236 5787 Cum
1250 5731 1379 5798 defecerit
1391 5732 1478 5788 siriae
1489 5746 1557 5795 mea,
1573 5746 1608 5786 ne
1621 5730 1799 5800 derelinquas

258 5797 297 5849 itu
308 5796 442 5864 rapimur,
451 5797 477 5848 ιι
484 5808 530 5862 qur
539 5806 692 5863 rraaseraper
698 5794 826 5864 disposite
832 5800 934 5853 vicisse
986 5815 1028 5856 me
1043 5801 1124 5872 (Psal.
1139 5805 1220 5868 aas).

127 676 212 733 inviti.

130 5796 239 5852 tunesu
