3848 6158
128 221 180 278 Dii
375 223 421 278 DE
439 222 680 282 COENOBIORUD
700 225 826 284 INSTIT.
845 227 911 284 ΠΒ.
933 229 966 284 V.
985 256 1021 272 -
1039 231 1084 287 ol:
1102 231 1236 291 spriritu
1255 236 1538 294 castelliensis.
1730 245 1783 302 242

127 345 270 420 Quidquid
291 355 384 404 autem
408 357 484 406 extra
506 349 731 407 consuetudinem
754 352 930 424 presumitur
942 359 969 423 Α
984 357 1176 427 pronuntiant;
1198 375 1292 416 verum
1313 368 1448 432 quantum
1470 361 1530 419 lieri
1552 371 1653 435 potest,
1676 368 1784 442 contegi

127 459 266 516 usumque
285 459 477 515 communem,
500 457 530 505 ut
550 450 676 508 vanitatis
695 458 723 507 ei
740 450 834 524 gloriis
851 459 933 524 atque
987 445 1088 518 pariter
1100 456 1129 503 et
1141 448 1283 506 abscondi.
1302 450 1523 509 adventantibus
1542 462 1635 511 autem
1653 453 1784 515 iratribus
1868 462 1874 472 '

126 538 323 597 ostentationis
337 541 436 598 morbo
450 540 596 613 pollutum,
610 544 802 616 antiquissima
823 554 932 618 pauuni
986 541 1073 614 magis
1087 543 1269 600 humanitatis
1282 560 1315 601 ac
1332 544 1486 603 dilectionis
1501 545 1595 605 offerri
1614 547 1714 606 debere
1727 530 1797 609 vir-¹

125 630 241 690 traditio
252 633 377 702 notavit;
391 648 441 689 nec
453 651 619 708 quemquam
637 652 671 693 es
691 636 734 694 bis
747 655 818 710 quos
831 639 931 698 merito
984 642 1084 706 tutem,
1099 653 1181 708 quam
1193 639 1369 697 wfltiflffltiae
1380 641 1591 711 diifflififflffii
1608 652 1635 702 0¹
1649 644 1785 717 (Ιΰθῑῐᾶῑῑ-

126 727 250 785 scientim
269 742 303 784 ac
328 724 502 785 discretionis
523 729 653 788 enituisse
675 732 862 804 pervidimus.
888 735 930 792 vel
983 730 1011 786 ni
1034 732 1167 804 propositi
1191 733 1309 806 rigorem
1330 735 1501 794 manifestari
1524 737 1694 809 probabilius
1717 754 1784 799 osa·

126 835 196 894 quos
208 819 244 877 ad
259 818 425 877 imitandum
439 820 525 892 gratia
537 822 639 880 Christi
657 824 732 882 velut
746 825 930 898 splendidissi·
984 833 1109 893 suerunt,
1129 840 1180 883 uec
1199 826 1266 900 quid
1286 828 1411 886 voluntas
1428 829 1588 903 utilitasque
1607 840 1713 900 nostra,
1734 847 1784 891 seu

126 932 175 974 ma
200 913 347 971 luminaria
370 915 501 973 omnibus
524 917 691 990 praelocavit,
713 934 761 976 esu
786 921 862 994 panis
883 923 929 994 qui
983 916 1110 976 desiderii
1134 919 1217 977 ardor
1235 930 1372 994 exposcat,
1392 922 1549 992 attendereq
1568 922 1618 981 sed
1637 924 1712 998 quod
1730 924 1784 985 ad-

125 1011 199 1087 appp
212 1027 262 1070 ρος
276 1012 338 1069 vilis
354 1011 474 1069 bamque
490 1028 523 1070 pe
534 1012 629 1084 facilis,
648 1016 813 1074 absumis„
824 1034 929 1092 wgno.
983 1012 1117 1069 venientis
1136 1014 1260 1086 requies,
1276 1016 1317 1071 vel
1334 1014 1479 1073 infirmitas
1492 1016 1592 1090 erigit,
1607 1033 1782 1092 praeponoro,

125 1107 233 1178 simum
249 1122 300 1165 uec
313 1122 410 1164 eorum
426 1109 584 1181 quempiam
596 1110 643 1182 qui
657 1109 727 1168 lianc
740 1112 865 1185 regulam
879 1112 927 1172 de·
982 1113 1010 1162 et
1023 1113 1162 1180 gratanter
1176 1107 1299 1179 implero·

124 1200 273 1269 elidentes,
290 1201 478 1273 pretermisso
498 1201 577 1273 panis
596 1217 663 1271 usu,
681 1202 868 1277 leguminum,
885 1207 926 1264 vel
1246 1250 1377 1308 ‚CAPUT
1395 1252 1493 1308 XXIV

125 1295 301 1360 olerum,seu
312 1309 459 1368 pomorum
467 1294 644 1353 resectionem
652 1299 928 1368 sectatisunt,¹inter
1247 1294 1256 1323 ⁸
1497 1292 1504 1306 ’

124 1388 335 1462 probatissimos
355 1387 479 1445 habitum
493 1389 642 1462 aliquando
661 1393 864 1465 conspeximus,
877 1392 927 1453 sed
981 1371 1058 1439 Qum
1076 1373 1106 1427 ²⁶²²
1124 1374 1240 1442 AEwpw
1259 1373 1446 1456 fndfffemssef'
1462 1373 1579 1454 ”mimus
1592 1374 1642 1456 §²²⁶
1664 1373 1782 1430 “dmm

99 1460 106 1471 ⁰
124 1495 161 1537 ne
174 1479 347 1538 discretionis
360 1479 470 1553 quidem
489 1489 537 1538 aut
557 1481 677 1540 scientiar
695 1485 813 1557 gratiam
827 1501 927 1544 conse-
1137 1449 1230 1499 ”mm
1248 1446 1315 1499 ³⁰Iv²
1331 1445 1492 1514 mmmmm
1505 1460 1624 1514 mum

123 1581 231 1632 cutum.
256 1574 321 1631 Nan
341 1573 432 1632 solum
452 1574 525 1633 enim
545 1577 654 1634 caeteris
681 1577 826 1635 inusitatas
851 1594 928 1643 escas
1017 1571 1122 1636 b(iiiiii
1141 1578 1175 1637 de
1188 1579 1275 1653 Spriae
1294 1579 1417 1653 partibus
1434 1581 1576 1638 seniorum
1594 1581 1662 1639 scita
1676 1580 1782 1641 discere

124 1675 252 1741 expetere
263 1667 435 1725 monachum
448 1683 504 1724 non
518 1667 617 1727 debere
631 1670 791 1740 decernunt,
805 1687 842 1729 ne
855 1657 928 1731 vide·
981 1671 1139 1743 cupientes,
1160 1673 1269 1748 AEgypti
1293 1674 1462 1746 pmvinciim
1484 1674 1662 1747 petissemus,
1687 1674 1782 1749 ibique

118 1757 188 1817 iicet
202 1776 301 1818 cursus
320 1762 378 1833 ejus
396 1760 513 1817 velutin
533 1763 678 1837 propatulo
693 1765 799 1821 cunctis
814 1767 963 1838 sapori-B
980 1773 1055 1822 tanta
1075 1765 1168 1823 cordis
1187 1766 1328 1823 alacritate
1349 1782 1402 1825 nos
1422 1768 1527 1841 suscipi
1554 1768 1730 1837 miraremur,
1747 1775 1782 1825 ut

123 1863 180 1925 tus,
194 1854 284 1913 inanis
304 1854 394 1913 iactus
411 1871 443 1913 ae
461 1872 563 1914 vacuus
582 1857 743 1917 cenodoxiae
757 1860 856 1918 morbo
873 1858 925 1919 de-
977 1858 1056 1915 nulla
1075 1873 1196 1931 prorsus.
1217 1859 1288 1916 sicut
1307 1857 1450 1918 fueramus
1471 1862 1500 1918 in
1517 1859 1659 1918 Palestinae
1680 1874 1781 1917 mont-

124 1959 226 2024 percat,
241 1949 290 2007 sed
308 1966 343 2009 nc
355 1951 443 2023 ipsam
457 1965 568 2023 quoque
580 1944 749 2024 jeJuiiiorum
764 1953 925 2026 castigatio-
977 1952 1070 2010 storiis
1081 1951 1211 2018 instituti,
1223 1968 1309 2025 usque
1320 1951 1356 2010 ad
1367 1954 1549 2026 praestitutam
1555 1954 1655 2028 jejunii
1669 1953 1778 2024 boram,

123 2059 190 2102 nem
210 2059 392 2103 communem
409 2045 539 2117 cuiquam
553 2044 634 2102 facile
654 2045 777 2119 patelieri
796 2055 925 2118 oportere
978 2045 1137 2104 relectionis
1149 2047 1243 2120 regula
1260 2056 1427 2117 servaretur,
1442 2047 1490 2104 sed
1507 2058 1518 2086 ⁰
1533 2047 1636 2121 absque
1648 2047 1779 2120 legitimis

668 2189 795 2246 lassor
813 2191 927 2248 GAZAEI
945 2190 1226 2248 COMMENTARIUS.

163 2319 177 2348 ²
191 2315 238 2373 Sic
248 2316 331 2374 abbas
343 2319 450 2392 ldoym
462 2317 560 2375 Collat.
576 2323 602 2374 a.
617 2334 677 2391 cap.
694 2323 726 2377 tt
743 2338 750 2374 :
766 2323 924 2378 Dbcudeii-
977 2338 1086 2395 uespera
1103 2325 1233 2381 Dmniiiivs
1249 2323 1351 2378 Pescla
1365 2336 1423 2377 crim
1435 2320 1575 2391 decipulis
1592 2317 1777 2381 meduwaie,

125 2391 176 2450 tes,
191 2387 292 2459 inquit,
306 2391 490 2454 mntoimti‘cs,
505 2390 531 2445 id
545 2398 587 2446 est
597 2389 788 2456 abstinentias,
802 2392 923 2448 driierso·
976 2397 1027 2465 qiri‘
1036 2397 1099 2464 finis
1110 2398 1150 2448 est
1157 2394 1215 2462 ejiis
1224 2394 1280 2448 diei
1291 2409 1375 2465 quam
1383 2407 1508 2448 commiss
1517 2394 1642 2461 quiritem
1652 2389 1777 2456 sabbam

122 2474 194 2521 nrm,
211 2461 263 2528 qui
277 2461 321 2514 vel
331 2462 394 2516 soli's
408 2461 595 2530 leguminibus,
616 2463 658 2516 ecl
675 2462 791 2516 oleribirs
805 2468 922 2527 teritum,
977 2466 1073 2522 dende
1088 2465 1207 2520 budius
1218 2469 1258 2520 est
1271 2480 1303 2519 eu
1317 2469 1392 2520 pecte
1404 2463 1533 2534 qirujam
1544 2463 1697 2517 adiectam
1711 2459 1777 2515 sob-

121 2530 164 2584 oel
178 2532 268 2600 poitii‘s
281 2533 367 2586 uitam
375 2532 481 2601 jupiter
497 2535 618 2601 ear'qerit,
637 2547 806 2603 proposuere
819 2535 923 2590 cunctis
979 2537 1046 2599 bati,
1057 2536 1310 2607 qiudiespassibais
1318 2535 1376 2605 ejus
1383 2537 1547 2600 manifestus
1556 2532 1777 2603 sepeliebat.

123 2599 178 2654 i'lli's
188 2603 359 2668 rejectiones
372 2603 455 2658 solius
465 2605 558 2673 pacis,
574 2610 627 2658 etc.
977 2608 1013 2662 Et
1024 2608 1107 2677 paulo
1119 2615 1182 2677 post
1197 2621 1204 2656 :
1217 2609 1315 2661 Passus
1327 2611 1367 2661 est
1378 2608 1515 2668 Dominus,
1535 2604 1608 2675 quod
1621 2603 1711 2658 aulius
1723 2616 1777 2657 orie

155 2664 237 2727 ¹’Sic
256 2686 340 2743 saepe,
359 2680 388 2729 et
410 2674 532 2744 pluribus
550 2673 578 2728 in
597 2673 675 2740 locis,
692 2671 740 2730 abi
755 2688 784 2730 se
804 2671 924 2732 ostendit
979 2678 1060 2758 bipit,
1076 2681 1155 2732 seete
1170 2678 1304 2732 subbati.-
1321 2681 1487 2747 quapropter
1500 2679 1527 2730 et
1541 2677 1603 2745 ipsa
1616 2679 1694 2729 secte
1707 2675 1778 2728 recte
1877 2715 1883 2721 .

122 2741 201 2814 prius
213 2743 243 2798 in
258 2743 356 2814 Syrie,
375 2744 433 2800 sive
455 2744 610 2801 Palestioae
633 2745 808 2801 monasteriis
829 2758 922 2801 ieris·
972 2747 1079 2818 jeremia
1091 2747 1258 2816 emutatus:
1266 2746 1374 2816 ‚jejumo
1388 2750 1487 2817 quippe
1501 2745 1682 2801 bumilitatem
1695 2744 1776 2812 siqui

120 2820 194 2881 tum,
210 2828 294 2884 quam
307 2814 342 2871 ad
355 2815 464 2888 AEgypti
479 2814 640 2872 solitudines
653 2815 885 2887 proficisceretur.
976 2822 1068 2888 mant.
1091 2821 1158 2874 ilice
1181 2817 1362 2889 Augustinus.
1388 2820 1423 2872 lit
1447 2817 1561 2887 quidem
1584 2814 1619 2896 ab
1646 2813 1726 2895 icitia
1748 2819 1777 2869 et

157 2886 170 2917 ⁰
188 2887 251 2941 lloc
267 2893 320 2950 est,
337 2887 459 2957 exceptis
474 2885 585 2958 jejuniis
605 2894 710 2957 quartae
729 2894 757 2943 et
777 2895 865 2944 sextae
884 2884 923 2942 ie·
977 2889 1076 2961 primis
1095 2888 1148 2944 illis
1168 2888 1339 2958 temporibus
1353 2887 1471 2958 perfecta
1485 2887 1568 2943 ivisse
1587 2884 1684 2956 'ejuuia
1703 2891 1774 2940 isto-

121 2955 632 3094 accessisses
648 2956 943 3093 lassas.
976 2959 1179 3087 assises
1196 2901 1775 3094 lpacceptrices

121 3096 223 3154 stillis
241 3100 413 3171 temporibus
430 3044 572 3155 compagum
597 3096 719 3156 lldelium
737 3115 791 3155 usu
812 3107 921 3180 recepta
941 3100 1072 3170 choram
1089 3116 1191 3157 nonam
1208 3100 1267 3156 dies
1282 3099 1359 3172 (quae
1371 3099 1449 3156 nobis
1464 3107 1506 3155 est
1517 3068 1597 3153 teit'ia
1611 3104 1672 3177 post
1688 3094 1774 3151 meri·

122 3169 374 3226 etobservata.1)e
395 3169 438 3226 bis
457 3170 533 3226 enim
548 3177 639 3226 exstm
651 3184 741 3225 canon
758 3169 923 3241 apostolicus
975 3170 1067 3239 diem)
1089 3188 1105 3227 a
1127 3170 1230 3254 populo
1254 3171 1411 3227 Christiano
1432 3170 1608 3226 observatum
1623 3164 1716 3248 ‘fuisse
1740 3179 1774 3222 ex

122 3253 207 3295 nuni.
229 3244 276 3308 68,
293 3256 346 3311 qiio
365 3239 572 3312 τεσσαρακοστᾶς,
594 3240 636 3292 sel
657 3241 764 3310 scepsis
783 3241 825 3292 eat
845 3258 923 3310 repe·
976 3243 1148 3314 antiquitatis
1168 3242 1332 3298 testimoniis
1346 3241 1430 3298 modo
1443 3240 1535 3297 citatis
1554 3236 1699 3294 manifeste
1715 3235 1776 3294 col-

122 3308 215 3375 σκευὴν
233 3310 366 3377 νηστεύειν,
385 3312 502 3374 licceat.
518 3310 776 3383 Quadregesimam,
796 3318 823 3366 et
838 3326 923 3382 quar·
976 3313 1069 3384 ligitur
1098 3333 1105 3369 :
1128 3313 1259 3384 paulatim
1280 3328 1344 3368 iero
1367 3310 1474 3368 fervore
1495 3309 1635 3367 charitatis
1660 3308 1774 3390 langue·

121 3388 184 3437 tam
197 3379 306 3450 feriam,
320 3391 348 3439 ct
364 3398 538 3454 parascevem
554 3381 680 3453 jejunare
699 3382 757 3452 pari
778 3382 922 3438 severitate
975 3392 1068 3440 scente
1080 3383 1115 3439 ad
1128 3384 1217 3439 solam
1228 3383 1319 3439 carnis
1331 3382 1525 3438 abstinentiam
1540 3379 1629 3453 (quod
1640 3379 1774 3451 jejumum

121 3451 207 3523 praeci
226 3452 291 3509 itur.
307 3455 348 3510 Ne
362 3453 423 3524 quis
436 3462 529 3509 autem
543 3453 735 3522 interpretetur
749 3451 822 3508 hune
838 3467 921 3510 cano·
975 3454 1169 3528 imperfectum
1187 3454 1309 3520 dicitur),
1324 3455 1404 3525 quale
1415 3468 1489 3510 nunc
1499 3451 1565 3508 serie
1580 3458 1655 3506 serta
1671 3457 1698 3506 et
1709 3449 1774 3532 sab-

119 3537 185 3579 nem
252 3523 310 3580 sola
328 3532 424 3596 quarta
442 3522 511 3580 feria
531 3531 559 3579 et
578 3537 723 3595 parasceve
740 3521 922 3580 hebdomadae
975 3525 1041 3583 bato
1057 3525 1282 3582 hebdomadatim
1295 3533 1430 3592 servatur,
1462 3539 1492 3580 er
1502 3523 1659 3579 animorum
1672 3534 1774 3578 remis·

120 3601 236 3659 unctae,
261 3609 295 3651 eo
315 3595 389 3666 quod
409 3610 461 3650 rox
482 3609 627 3666 parasceve
648 3593 721 3649 illam
744 3593 921 3656 solummodo
975 3596 1091 3664 sionem,
1111 3605 1139 3652 et
1153 3597 1279 3652 Ecclesiae
1293 3597 1388 3652 matris
1402 3597 1430 3651 in
1451 3595 1599 3668 uigentiam
1617 3592 1770 3658 devenirem

119 3662 239 3721 diemsi
277 3664 369 3721 idoare
389 3664 540 3722 rideatur:
564 3664 730 3733 notandum,
748 3665 922 3722 consuevisse
975 3683 1008 3724 ae
1022 3668 1133 3725 demum
1144 3667 1281 3750 jejunium
1296 3675 1401 3738 quartae
1417 3665 1493 3723 ieriae
1507 3666 1535 3722 in
1552 3663 1673 3722 Ecclesia
1689 3661 1771 3745 θοάς

117 3734 212 3791 Patres
259 3751 345 3793 caecos
358 3736 511 3806 quamlibet
526 3735 625 3792 leriam
639 3744 745 3792 sertam
760 3752 858 3793 vocare
870 3750 920 3808 pa·
974 3738 1075 3796 dentali
1097 3754 1212 3795 omnino
1225 3739 1392 3810 neglectum,
1409 3737 1450 3794 vel
1465 3738 1493 3793 in
1507 3736 1643 3810 jejunium
1663 3733 1771 3814 sabbati

118 3819 271 3873 ramam
297 3806 533 3879 quemadmodum
550 3806 619 3864 ordo
639 3810 783 3863 Romanus
797 3808 921 3881 singulos
974 3818 1113 3867 mutatum
1137 3810 1222 3866 luisse
1240 3809 1374 3866 videmus.
1394 3811 1465 3866 Cum
1484 3807 1568 3879 igitur
1587 3806 1661 3885 liisce
1683 3802 1771 3884 ieritis

119 3874 178 3933 dies
194 3875 354 3933 dominicos
374 3878 491 3950 appellat
510 3878 568 3935 dies
583 3877 712 3945 Paschae,
736 3885 767 3933 ut
785 3879 921 3934 Collector
974 3889 1083 3952 quarta,
1102 3881 1228 3953 inquam,
1243 3888 1271 3936 et
1285 3889 1361 3936 sexta
1375 3878 1456 3947 ieris,
1474 3893 1507 3935 ei
1525 3874 1673 3954 apostolica
1690 3877 1772 3927 imtr-

120 3945 308 4021 liturgicarum
330 3949 526 4020 intiquitatum
549 3956 629 4004 acute
647 3948 801 4004 observarit
821 3949 921 4031 (Apud
975 3952 1080 4008 tutione
1103 3959 1160 4009 tota
1184 3951 1251 4007 clim
1272 3951 1410 4023 jejunaret
1430 3947 1564 4013 Ecclesia3
1578 3957 1693 4026 ‘mirum
1715 3954 1772 3998 nori

120 4017 427 4078 circumsessusne.
444 4021 508 4076 dist.
524 4025 552 4085 t,
567 4034 590 4073 c.
603 4018 761 4088 leucium.)
774 4020 824 4073 Est
835 4028 920 4076 etiam
975 4031 1027 4089 est,
1042 4023 1065 4078 si
1079 4022 1207 4078 monachi
1223 4021 1261 4076 illi
1280 4025 1341 4079 iiaec
1351 4020 1453 4092 jejunia
1467 4026 1524 4072 tam
1537 4016 1662 4088 religiose
1675 4012 1773 4068 obser-

120 4090 278 4217 dffiilica
291 4091 451 4148 constitutio
466 4089 541 4163 apud
553 4090 725 4146 Clementem
745 4088 793 4142 lib.
810 4104 839 4143 v.
859 4105 919 4162 cap.
974 4093 1085 4159 vibant,
1101 4100 1131 4148 ut
1151 4107 1201 4147 nec
1219 4100 1332 4163 propter
1350 4094 1526 4145 adventantes
1545 4085 1643 4141 fratres
1658 4089 1705 4163 stit
1722 4095 1770 4152 pe-

121 4174 142 4215 u
167 4159 173 4170 '
241 4162 270 4218 in
291 4162 354 4218 baec
365 4162 446 4219 rerba
467 4163 665 4232 :Proecrpi'miis
680 4159 762 4221 arabis,
778 4162 882 4229 quartis
896 4165 922 4216 et
975 4162 1100 4234 regrinos
1122 4177 1152 4217 ea
1173 4162 1326 4229 solverent;
1346 4174 1436 4228 neque
1455 4159 1552 4212 horam
1574 4157 1771 4225 piaevenrrent;

120 4233 207 4287 sectis
220 4234 300 4301 {eriis
311 4232 449 4303 jejiteme.
466 4236 500 4288 D.
519 4231 603 4287 etiam
619 4229 742 4305 ignatius
755 4231 835 4300 epist.
855 4230 922 4288 aad
975 4231 1048 4303 quod
1069 4233 1096 4287 in
1124 4231 1185 4287 aliis
1208 4230 1306 4287 diebus
1326 4229 1505 4311 jejuniorum⁸
1519 4225 1608 4281 lacere
1630 4221 1770 4305 solebant,

120 4300 235 4374 Philip,
247 4306 370 4372 Οιιανιίε,
385 4303 486 4377 inquit,
501 4307 528 4358 et
538 4304 623 4359 saetis
642 4303 720 4370 seriis
729 4301 857 4372 jejunare
867 4317 921 4357 aori
975 4302 1076 4375 quibus
1090 4316 1119 4357 se
1136 4316 1193 4357 non
1208 4300 1278 4357 adeo
1292 4308 1418 4357 astrictos
1436 4296 1602 4378 sentiebant;
1618 4300 1770 4368 presertim

118 4374 278 4443 aeqliqetis,
299 4375 418 4430 cibmum
435 4376 566 4444 reliquias
582 4373 748 4445 pauperibus
768 4375 920 4443 laiqievites,
975 4389 1039 4431 cum
1058 4372 1200 4430 charitatis
1223 4381 1272 4428 aut
1291 4369 1484 4442 hospitalitatis
1506 4367 1666 4425 exhibendae
1690 4379 1772 4446 oeca-

118 4451 171 4501 etc.
194 4444 277 4515 Quod
297 4453 327 4501 et
346 4446 374 4502 in
392 4453 450 4502 tota
466 4445 587 4500 Ecclesia
609 4461 659 4500 usu
681 4452 822 4515 receptum
837 4443 922 4501 luisse
936 4475 961 4539 D
975 4446 1018 4501 sio
1032 4451 1203 4502 occurreret:
1215 4446 1254 4500 Ex
1274 4443 1324 4500 hac
1345 4458 1427 4515 porro
1449 4440 1563 4512 antiqua
1583 4439 1772 4520 observatione

118 4521 237 4572 testattu
254 4516 441 4574 Tertullianus
458 4515 507 4573 lib.
523 4516 556 4572 de
570 4514 692 4586 ieiunio,
713 4529 777 4571 cum
792 4515 832 4571 ait
847 4536 854 4570 z
868 4516 923 4573 Gur
976 4524 1123 4573 consecuta
1142 4522 1184 4571 est
1202 4515 1346 4571 laudabilis
1360 4515 1406 4570 illa
1422 4511 1606 4596 consuetudo,
1621 4517 1651 4566 ut
1665 4524 1695 4564 ιιι
1713 4506 1770 4580 ple·

117 4585 921 4658 tietmaibiesquartometseatamjeriemsobbutr'dieemus,
976 4587 1068 4659 risque
1084 4586 1263 4660 religionibus
1278 4594 1307 4641 et
1326 4594 1502 4643 monasteriis
1515 4581 1582 4640 ferra
1597 4588 1772 4660 quartauper·

117 4664 172 4714 ete.
189 4658 273 4722 (Vide
292 4661 392 4716 bellur.
409 4661 428 4714 l.
446 4674 470 4715 ιι
485 4658 517 4715 dc
531 4660 611 4713 Derris
623 4658 703 4727 Oper.
717 4672 778 4727 cap.
794 4662 838 4721 22,
856 4659 923 4713 Hie·
975 4657 1038 4715 inde
1054 4674 1086 4715 ac
1105 4666 1179 4714 serta
1197 4666 1225 4712 et
1241 4657 1356 4714 sabbato
1373 4657 1472 4739 quovis
1490 4663 1614 4734 tempore
1630 4652 1773 4730 abstinea-

116 4743 181 4784 rori.
196 4730 228 4783 iii
246 4745 269 4784 e.
285 4730 368 4786 irad
386 4731 459 4796 dul,
474 4729 584 4786 Pellaei.
600 4730 724 4786 mmor.
740 4730 923 4784 ilderatus
977 4737 1022 4785 tur
1046 4745 1062 4786 a
1088 4728 1232 4793 camlbus;
1261 4742 1317 4799 quo
1342 4728 1477 4799 religiosae
1502 4734 1531 4781 et
1552 4733 1671 4804 autiquae
1700 4717 1771 4772 illius

116 4801 203 4855 etium
215 4800 289 4856 socr.
307 4802 357 4857 tib.
372 4815 417 4858 vii
430 4818 453 4857 c.
469 4805 534 4867 2²);
543 4799 648 4872 jejunia
666 4814 719 4857 suo
733 4813 812 4854 more
826 4798 922 4855 statio·
976 4799 1155 4857 observantie
1175 4799 1317 4868 vestigium
1336 4799 1432 4852 saltem
1451 4793 1561 4866 aliquod
1580 4800 1651 4847 inter
1669 4801 1771 4872 mona·

114 4884 169 4927 nes
182 4885 302 4938 vocans,
317 4872 391 4944 quod
407 4871 463 4927 illis
476 4871 573 4928 diebus
586 4879 656 4926 stata
671 4877 699 4925 et
711 4877 815 4927 statuta
832 4878 924 4926 esseut
976 4871 1042 4926 clios
1059 4871 1208 4925 retineatur
1224 4869 1310 4937 (Vide
1327 4871 1493 4946 Tamesae.
1511 4878 1570 4932 cap.
1591 4865 1650 4943 tol¹
1662 4875 1690 4913 vri
1704 4860 1771 4927 Req.

112 4939 232 5013 jejunia,
250 4950 282 4998 ut
295 4942 398 4998 dietum
415 4950 466 4998 est.
484 4940 608 5012 Denique
619 4940 745 4997 Clemens
758 4939 924 4996 Alexandri·
977 4945 1010 4998 D.
1025 4942 1136 5007 bared.)
1152 4959 1157 4993 :
1175 4953 1259 5010 quam
1279 4937 1504 5016 consuetudinem
1523 4932 1652 5003 peculiari
1664 4929 1774 5010 decreto

113 5024 171 5069 niis
185 5012 257 5068 libro
270 5013 389 5085 septimo
407 5014 581 5069 stromatum
598 5031 604 5066 :
620 5014 710 5075 sarai,
726 5010 824 5082 inquit.
836 5012 922 5080 fidelis
977 5010 1118 5066 roboravit
1140 5017 1167 5064 et
1186 5008 1362 5063 confirmavit
1384 5005 1547 5062 Benedictus
1569 5005 1625 5060 llll
1651 4996 1772 5073 pontifex

113 5085 265 5153 oerabmutu
271 5085 376 5166 jejunii
388 5085 481 5140 liorirm
494 5084 608 5147 derum,
629 5087 734 5152 quarti,
755 5084 875 5151 iuquam,
898 5086 924 5138 et
979 5081 1022 5137 liis
1033 5079 1125 5136 verbis
1139 5097 1146 5134 ε
1160 5081 1309 5136 Statuimus
1321 5081 1346 5132 et
1359 5079 1528 5140 ordinemus,
1543 5076 1773 5159 quodpertorium

113 5157 199 5211 mii.
221 5155 279 5211 Ubi
297 5156 426 5228 mysteria
443 5163 524 5212 vocat
539 5157 671 5237 mysticas
683 5162 712 5210 et
726 5154 840 5210 latentes
852 5152 923 5236 jeju·
978 5168 1080 5207 circum
1091 5153 1163 5219 {ema
1173 5154 1273 5221 quartu
1284 5153 1310 5205 et
1318 5150 1362 5205 die
1372 5150 1490 5212 sabbae,
1500 5146 1774 5232 etqprrmc'dcmaiv-

114 5224 155 5281 nii
171 5232 269 5282 causas
286 5241 319 5283 ac
331 5227 460 5284 rationes.
477 5229 515 5282 Ei
535 5225 635 5298 quilius
649 5232 758 5281 constat
776 5223 836 5279 liaec
847 5239 923 5296 jeju·
978 5240 1009 5279 ca
1023 5223 1056 5278 de
1071 5222 1199 5279 Adventu
1218 5236 1303 5292 iisque
1316 5222 1353 5275 ad
1369 5222 1440 5276 aiei
1461 5220 1567 5304 Natalis
1580 5222 1697 5280 mipene,
1716 5221 1773 5273 etc

112 5295 162 5353 nia
182 5312 240 5352 non
262 5297 372 5354 aliunde
393 5313 476 5370 quam
497 5312 530 5354 es
552 5296 700 5368 apostolica
726 5294 875 5352 traditione
896 5302 925 5352 et
977 5295 1113 5350 maerim
1126 5295 1425 5364 septuagesimoeusque
1438 5291 1555 5347 addicar
1566 5291 1674 5346 Pescla
1685 5302 1773 5345 ornnes

114 5365 291 5424 institutione
311 5384 449 5426 manasse.
477 5367 561 5439 CuJ'us
585 5366 766 5423 institutionis
791 5367 923 5421 rationem
976 5367 1116 5436 repuleras
1134 5364 1254 5435 ejusdem
1271 5364 1375 5419 ordinis
1389 5379 1436 5419 seu
1449 5365 1586 5432 religionis
1604 5362 1639 5416 ab
1654 5377 1700 5417 esu
1713 5375 1773 5416 our-

116 5437 156 5494 D.
166 5440 338 5508 Augustinus
347 5440 383 5497 ad
393 5436 561 5497 &salanum
572 5438 697 5495 scribens
710 5435 795 5494 tradit
808 5435 851 5491 liis
864 5451 923 5493 rer·
977 5435 1774 5507 piumubiqueabstineantmisinecessitusi’rijlrrnitetisnori

117 5504 164 5563 bis
177 5529 186 5566 ι
200 5511 255 5568 cur
273 5516 366 5568 autari
379 5516 480 5583 quartu
498 5515 525 5567 et
537 5514 616 5566 secto
629 5512 749 5564 seesima
754 5509 860 5579 jejunet
871 5509 924 5563 lic-
978 5512 1045 5579 palie
1052 5508 1248 5578 peccatorem,
1259 5507 1301 5562 cel
1309 5508 1395 5562 alium
1402 5507 1549 5577 praelatum
1555 5508 1695 5576 propn'wii
1703 5506 1776 5571 forle

120 5576 212 5645 cleric,
221 5583 273 5638 illu
282 5585 356 5638 ratio
364 5583 446 5638 reddi
453 5583 574 5645 uidear,
584 5581 657 5651 quod
666 5581 831 5636 murderelo
841 5583 926 5635 Esae-
978 5579 1094 5634 suadeat
1104 5595 1163 5634 mm
1172 5581 1264 5649 aliquo
1277 5578 1497 5649 dispertiendum.
1508 5580 1577 5633 llaec
1587 5576 1622 5631 ibi
1635 5576 1777 5642 (Omisbtu

116 5647 925 5724 seli0‚ipsaqucricicbbari,qcemmlpepartemparteni
979 5652 1016 5705 tio
1034 5651 1209 5706 Bmedictr'iia
1229 5666 1290 5721 cup.
1309 5655 1366 5715 26).
1388 5651 1555 5707 curantem
1577 5646 1621 5703 hic
1636 5647 1712 5703 nulla
1727 5644 1775 5701 liat

115 5727 226 5786 vomat.
242 5727 382 5781 mneilaim
398 5727 572 5796 repsi-tuetur
589 5724 627 5779 ud
646 5721 817 5779 waldradam
832 5723 925 5777 Demi-
980 5721 1083 5777 mentio
1103 5721 1180 5779 ierim
1203 5730 1298 5786 seila,
1321 5720 1425 5778 nemini
1447 5720 1596 5776 obscurum
1616 5734 1676 5774 esse
1696 5725 1773 5788 puto,

113 5807 185 5849 uum
196 5794 291 5863 secuse
306 5796 397 5853 iudei
411 5815 419 5852 r
432 5797 585 5851 intercisio
606 5801 697 5850 cutem
712 5810 765 5851 urio
779 5795 833 5855 di'e,
849 5793 925 5862 cuius
978 5807 1043 5849 cuni
1062 5809 1211 5851 commune
1231 5793 1267 5851 sit
1285 5791 1416 5849 omuibus
1437 5792 1599 5848 Christianis
1617 5805 1665 5862 per
1685 5795 1774 5845 toturn
