3848 6158
145 224 181 280 ta
580 220 627 276 tlt
645 218 762 278 OPERA
778 217 921 276 tosuuts
937 216 1091 276 CASSlANl
1110 218 1378 278 cuotueoltuun.
1771 224 1808 282 2⁴

146 342 283 417 adhibuit,
295 343 395 419 quippo
416 342 464 417 qni
485 359 543 401 non
562 345 654 412 solum
679 359 737 402 non
758 343 810 400 sibi
831 341 872 399 ias
892 354 952 399 esse
965 347 991 410 Α
1006 344 1074 400 dere
1084 347 1189 415 agitur,
1201 346 1807 416 quamaumteantrpmsecodicibnsetscledis

148 437 266 496 credidit
276 437 393 496 lectores
407 438 507 507 celare,
524 436 571 495 ubi
585 446 614 495 et
635 453 691 510 quo
707 437 797 511 jures
817 450 846 492 sc
860 442 952 492 textm
1002 437 1129 508 pendeat,
1142 440 1171 492 in
1183 439 1281 508 quiuis
1290 454 1340 509 per
1350 453 1436 494 annos
1444 439 1807 512 plusdaodeeimdilipentra

148 541 273 591 mutatus
292 533 337 601 sit,
362 531 437 605 quod
449 548 506 590 nun
521 532 572 590 nisi
592 530 719 590 omnibus
733 546 800 588 mss.
814 531 947 602 exempla·
1005 547 1088 601 punm
1095 534 1218 588 manime
1224 533 1333 588 merline
1341 539 1464 590 ansatus
1475 540 1568 590 sumet
1577 542 1673 592 metus
1684 552 1744 592 snm
1756 541 1807 595 Ta·

149 626 225 684 ribus
251 625 483 683 consentientibus
506 624 578 692 lecit,
600 624 647 682 sed
671 624 752 681 etiam
773 624 846 681 ultro
863 623 950 679 sarias
1007 626 1188 680 bnlurinsane
1197 641 1280 697 quam
1289 626 1519 698 lucnlmtaiispue
1527 631 1698 699 potissimum
1706 631 1807 687 instru·

149 720 291 790 lectiones,
300 719 335 777 de
351 720 449 792 quibus
465 720 524 791 ipsa
535 725 653 775 statuero
668 732 724 773 non
742 716 867 783 auderet,
882 716 950 774 aliu·
1004 724 1049 774 cta
1060 723 1247 783 monumentis,
1260 721 1359 791 quibus
1374 723 1533 777 manasterii
1540 723 1568 779 S.
1584 725 1700 779 Vectoris
1713 727 1808 781 blaesi·

123 828 213 871 eruut
226 812 322 886 judicii
344 811 484 869 exercendi
499 811 585 883 gratia
606 809 742 883 apposuit.
767 813 836 868 Sunt
858 819 950 866 autem
1006 812 1096 867 leensis
1114 812 1226 883 ejusque
1238 815 1406 884 patriarcba
1427 819 1453 870 et
1473 815 1619 888 conditoris
1636 817 1665 873 S.
1684 817 1810 873 Cassiani

152 921 269 963 numero
287 922 350 974 sea,
370 921 440 977 quos
458 903 612 961 describere
630 912 723 961 tamen
740 920 797 961 non
814 905 950 962 sustinuit.

152 1002 175 1056 l.
200 999 290 1056 Codex
304 999 502 1067 Astiipirnansis
516 996 631 1053 abbatim
645 997 672 1052 in
685 996 840 1053 Brabantia.

151 1095 187 1149 ll.
208 1091 300 1149 Codex
310 1091 508 1149 canonicorum
521 1091 606 1165 regul.
619 1091 646 1147 in
661 1092 841 1149 corsendoncl
850 1090 876 1146 in
888 1091 953 1146 Bra·

187 1184 287 1242 bande.

151 1280 203 1336 lll.
224 1278 317 1337 Codex
337 1281 529 1336 Bethlemitici
544 1281 702 1336 monasterii
718 1277 873 1335 canonicor.
893 1292 950 1350 reg.

188 1389 273 1447 prope
286 1372 450 1429 Levandum.

151 1467 201 1523 lv.
220 1465 312 1523 Codex
328 1465 450 1520 canonic.
467 1462 555 1536 regui.
588 1464 615 1520 in
642 1468 726 1522 Busco
750 1465 859 1521 Domini
876 1466 953 1520 lsaac

188 1577 273 1634 prope
289 1560 430 1618 divellam.

154 1656 189 1711 V.
203 1655 296 1713 Codex
311 1656 513 1711 Plantinianns.

1005 907 1088 960 initia
1101 906 1217 975 fideliter
1229 910 1255 961 et
1265 909 1367 977 copiose
1379 908 1515 978 capillata
1527 914 1731 966 conserantur.
1748 912 1809 979 Qui·

1007 999 1056 1054 bns
1066 1002 1131 1054 item
1139 1001 1267 1071 partibus
1280 1002 1317 1055 sit
1330 1003 1445 1071 caedor,
1456 1003 1537 1068 facile
1548 1009 1588 1060 est
1600 1005 1808 1076 collipereetju·

1006 1094 1098 1149 dicme
1111 1111 1145 1151 ea
1160 1097 1421 1159 commentariorum,
1432 1110 1499 1166 qnos
1512 1098 1541 1150 in
1551 1098 1632 1152 leuem
1644 1099 1721 1155 edere
1731 1102 1809 1156 insti·

1007 1190 1118 1253 inimus,
1131 1191 1287 1245 murae.
1304 1191 1397 1246 Vitam
1410 1190 1438 1246 S.
1452 1190 1577 1246 Cassiani
1589 1194 1616 1246 et
1624 1206 1665 1246 res
1676 1195 1809 1263 praeiere

1006 1286 1096 1352 aestas
1104 1283 1193 1336 amab
1206 1283 1338 1337 inimicis
1347 1283 1480 1338 ueteribus
1491 1282 1658 1339 delibataset
1668 1285 1809 1355 majorica
1868 1316 1870 1321 ·

1004 1380 1086 1444 parte
1096 1376 1238 1443 ignoratas
1252 1392 1287 1430 ecc
1300 1375 1358 1446 ejus
1370 1377 1478 1446 scriptis
1490 1376 1606 1446 fideliter
1619 1378 1741 1433 collectas
1751 1381 1811 1450 pri-

1007 1483 1050 1522 mo
1064 1471 1252 1524 commentario
1270 1471 1300 1523 in
1311 1471 1399 1524 multa
1412 1472 1503 1540 capita
1517 1471 1717 1540 desunpsimus.
1742 1475 1809 1528 lien

1007 1562 1124 1617 alteram
1131 1563 1301 1632 subjecimus,
1309 1567 1339 1618 in
1347 1579 1400 1634 pua
1408 1567 1577 1635 apertissime
1583 1565 1761 1634 redarguitur
1768 1568 1809 1622 in·

1008 1655 1254 1711 consideratissima
1268 1657 1448 1727 pirorumdam
1461 1660 1608 1722 tementes,
1620 1674 1682 1728 qua
1688 1660 1809 1715 silitum·

176 1747 305 1808 ¹Utinam
320 1763 384 1804 vero
397 1749 550 1805 diaccorrim
564 1760 674 1818 quoque
692 1751 840 1818 aetnaeos
854 1753 954 1802 contu·
970 1717 993 1780 B
1010 1753 1068 1803 tnm
1076 1749 1125 1819 jas
1140 1751 1265 1806 censendi
1275 1754 1300 1806 et
1313 1750 1462 1821 judicandi
1471 1751 1504 1807 de
1515 1754 1691 1823 antiquomm
1701 1755 1809 1823 scriptis

152 1843 215 1900 lisse
239 1841 378 1915 professus
405 1849 456 1906 est,
487 1843 633 1896 Vaticanus
652 1839 758 1897 codices
785 1839 839 1897 boo
858 1839 954 1897 saitem

153 1935 237 1994 modo
252 1935 406 1991 indicasset.

528 2027 577 2082 lv.

187 2123 333 2178 Postremo
354 2119 416 2176 loco
431 2118 511 2176 uobis
531 2119 792 2176 commemorandus
811 2121 863 2176 erit
878 2120 955 2189 liber,

152 2213 229 2286 euius
249 2213 319 2270 seria
333 2211 443 2285 quidem
459 2209 593 2284 professio
612 2226 643 2267 ea
661 2211 720 2279 luit,
744 2219 775 2268 ut
796 2212 955 2268 Cassianum

153 2316 217 2380 post
236 2307 360 2363 omnium
376 2305 548 2377 superiorum
570 2304 708 2361 editorum
727 2304 844 2371 labores,
868 2321 955 2361 corre·

153 2404 262 2458 ctiorem
272 2399 393 2468 tandem,
413 2401 610 2471 locupletiorem
629 2404 655 2454 et
669 2401 815 2454 auctiorem
830 2399 955 2468 sisteret,

153 2493 202 2553 ted
215 2494 293 2567 cujus
308 2501 405 2550 auctor
424 2507 595 2565 nequaquam
608 2507 680 2559 eam,
695 2507 777 2565 quam
796 2491 848 2549 sibi
866 2506 956 2564 spera·

153 2586 202 2645 bet
212 2587 327 2659 gratiam
340 2585 413 2658 apud
426 2584 525 2643 doctos
538 2585 606 2641 iniit.
620 2569 666 2641 En¹
678 2584 786 2642 titulum
803 2604 809 2641 :
824 2588 854 2644 S.
874 2590 955 2642 loan-

154 2696 201 2736 nes
219 2682 365 2738 Cassianus
385 2680 550 2744 iliustratus,
565 2682 620 2734 sice
635 2680 812 2761 dlgonolopia
833 2682 903 2736 Vitae
926 2681 954 2737 S.

153 2777 265 2832 lacernis
280 2776 405 2832 Cassiani
416 2775 534 2837 abbata,
545 2777 571 2829 et
585 2774 743 2828 manasterii
752 2774 782 2829 S.
798 2774 911 2828 Vectoris
921 2773 956 2827 ab

155 2873 245 2929 eodem
259 2872 388 2927 Massiliae
406 2870 517 2933 maddi,
530 2870 673 2940 primariae
684 2870 756 2922 inter
775 2867 956 2923 Occidentalis

155 2967 273 3024 muntia
285 2967 470 3035 antrpnitatis,
479 2965 592 3019 alanno
605 2964 707 3020 Christi
717 2962 854 3019 CCCCXX.
869 2962 957 3032 Opera

1008 1845 1161 1912 inornavit,
1175 1848 1208 1898 ut
1219 1846 1347 1914 exipsius
1360 1844 1484 1901 Cassiani
1489 1847 1603 1914 eprepiis
1616 1846 1809 1901 terminarunt-

1009 1935 1068 1998 bus,
1080 1941 1299 2009 praetereaque
1312 1938 1341 1994 S.
1356 1940 1472 2009 Prosper
1480 1938 1545 2008 jure
1558 1939 1658 2009 refellit
1671 1942 1696 1994 et
1710 1940 1809 1993 aroris

1010 2033 1142 2099 coarguit,
1165 2046 1295 2100 mannam
1304 2035 1413 2102 partem
1427 2047 1479 2102 pro
1499 2031 1609 2086 libidine
1626 2035 1675 2085 aut
1698 2032 1810 2100 indigne

1009 2126 1126 2177 resecari
1136 2125 1282 2188 coluerint,
1297 2129 1346 2179 ant
1356 2126 1449 2189 illias,
1468 2127 1561 2195 quales
1579 2140 1650 2179 nunc
1662 2129 1742 2187 sunt,
1756 2138 1810 2178 non

1010 2230 1065 2272 esse
1078 2218 1284 2273 reclamaverint
1295 2224 1378 2290 atque
1386 2221 1442 2274 stru
1455 2220 1575 2289 ipsorum
1584 2220 1704 2273 camuris
1717 2219 1809 2271 oann-

1010 2326 1063 2381 que
1080 2316 1233 2367 commentis
1249 2315 1278 2365 in
1290 2315 1399 2380 infimas
1415 2315 1511 2366 celiam
1534 2315 1696 2381 scriptorum
1715 2313 1810 2366 classes

1010 2406 1171 2474 redegerint.
1194 2404 1318 2460 Alterum
1338 2404 1373 2458 de
1395 2403 1453 2472 aas
1475 2405 1564 2471 pluria
1585 2406 1808 2457 commentarium

1010 2513 1076 2553 noco
1087 2497 1204 2568 quodam
1216 2496 1293 2550 modo
1307 2496 1391 2550 ueluti
1402 2478 1536 2551 summam
1548 2495 1696 2564 quamdam
1708 2498 1808 2565 operis,

1010 2606 1102 2646 rerum
1121 2595 1321 2661 temporumque
1332 2591 1426 2645 ordine
1440 2594 1560 2652 seruato,
1576 2593 1730 2644 contentum
1744 2591 1812 2645 calci

1011 2684 1093 2753 bajas
1105 2686 1171 2740 tami
1178 2688 1193 2741 l
1201 2688 1236 2752 (l)
1246 2682 1591 2755 adjecimnsutpalampat
1600 2685 1629 2737 in
1639 2699 1683 2738 ore
1693 2686 1812 2738 omnium

1010 2780 1122 2846 quantis
1138 2793 1199 2847 pra
1215 2779 1360 2832 sanctitate
1378 2781 1405 2833 et
1422 2777 1546 2831 doctrine
1561 2778 1651 2830 cirum
1666 2791 1811 2846 prosequa-

1010 2873 1087 2924 retur
1100 2872 1243 2925 lranoribus
1257 2887 1289 2926 ac
1305 2870 1404 2926 studiis
1422 2871 1550 2926 Ecclesia.
1569 2871 1709 2925 Voluimus
1729 2872 1812 2924 etiam

1009 2966 1157 3020 inusitatas
1165 2968 1225 3020 uias
1233 2966 1466 3035 indepare,tritas
1476 2964 1812 3034 relinquereinterpretan·

153 3067 183 3117 ct
198 3059 289 3114 stada
307 3060 338 3113 P.
360 3056 473 3112 loannis
492 3055 620 3128 Baptistae
639 3055 786 3112 Gunsxtt
803 3053 953 3126 Aquensis,
971 3060 1042 3144 cdi
1053 3061 1110 3131 ejas
1125 3064 1272 3116 sententias
1286 3077 1320 3115 en
1336 3058 1527 3115 cmunetudine
1539 3059 1655 3112 aliorum
1668 3062 1812 3114 Doctorum

153 3150 273 3224 theologi
292 3150 455 3209 eSocietate
470 3152 547 3207 lesu.
571 3150 681 3208 Accedit
699 3150 831 3206 Elateius
849 3153 955 3204 sancto·

155 3246 955 3316 rnm,eirarumpueillastriumetabbatiarumprioratunm,

155 3343 294 3406 cellarum,
318 3341 488 3396 ecclesiarum
511 3340 546 3394 ab
567 3338 656 3394 eodern
677 3341 838 3393 monasterio
859 3338 957 3407 depar-

156 3435 286 3491 dentium.
300 3438 366 3491 Item
380 3435 577 3489 Onomastt'cnm
589 3449 680 3487 rerum
692 3436 718 3487 et
727 3433 869 3486 uerborum
881 3432 957 3500 disfi-

156 3530 278 3584 ciliorum
306 3531 335 3583 in
368 3529 570 3584 Commentariis
589 3528 622 3583 S.
651 3527 787 3583 Cassiani.
817 3525 955 3594 chpduni,

157 3628 257 3693 snrnpl.
272 3624 387 3679 Antonii
398 3623 502 3679 Gellier.
524 3626 604 3684 1652,
622 3624 705 3675 ἑτι-40.

116 3736 120 3742 ·
191 3718 262 3773 Cave
275 3731 339 3771 vero
354 3714 464 3786 nequid
477 3713 565 3770 simile
585 3713 622 3769 iiii
636 3728 726 3785 operae
741 3713 786 3769 bie
800 3719 955 3786 exspectes,

1009 3154 1039 3207 in
1052 3153 1233 3222 explanandis
1244 3154 1346 3207 caeteris
1365 3151 1503 3212 Patribus,
1518 3165 1565 3204 ricc
1578 3151 1705 3204 metiendi
1717 3164 1762 3204 eus
1781 3154 1813 3203 at

1010 3247 1124 3318 qnidam
1137 3247 1240 3301 indocti
1252 3249 1302 3301 aut
1318 3244 1486 3314 longitudine
1499 3246 1549 3297 aut
1562 3244 1739 3297 contractione
1751 3257 1812 3297 ara-

1011 3344 1101 3405 tionis,
1119 3345 1168 3395 ant
1179 3340 1369 3408 ambignitate,
1383 3342 1432 3392 aut
1445 3337 1598 3406 inpleaione,
1621 3340 1671 3389 aut
1686 3337 1812 3391 immuta·

1011 3439 1082 3494 tione
1097 3436 1246 3488 ceriarum.
1263 3434 1376 3488 Constat
1391 3446 1461 3502 opus
1475 3429 1579 3484 dnobus
1594 3429 1683 3491 libn's,
1695 3443 1813 3499 quorum

1008 3532 1115 3600 primus
1141 3526 1275 3598 capitibus
1292 3527 1383 3582 LXIV
1403 3527 1530 3594 Efficiem
1552 3528 1580 3582 S.
1604 3525 1736 3588 Cassiani,
1756 3523 1812 3580 sive

1011 3623 1102 3679 ldeam
1113 3624 1183 3678 Vitae
1190 3622 1330 3690 Religiosae
1339 3619 1476 3691 proponit,
1488 3623 1558 3676 alter
1569 3620 1603 3678 de
1615 3621 1706 3679 Gloria
1714 3623 1740 3673 et
1748 3621 1814 3674 Bea-

1011 3718 1128 3774 titndine
1141 3707 1262 3788 ejusdem
1273 3716 1374 3770 XXlX
1386 3712 1521 3786 capitibus
1533 3714 1598 3788 agit.
1613 3718 1705 3786 Atque
1715 3713 1757 3768 bis
1771 3693 1813 3768 inl

156 3824 240 3882 quam
250 3808 302 3866 sub
316 3808 410 3866 eadem
421 3808 566 3882 epigraphe
581 3806 734 3865 Cbillletius
751 3807 859 3864 navarit
871 3805 957 3862 Pauli-
1011 3810 1204 3882 scriptionibus
1229 3809 1361 3865 librorum
1385 3808 1450 3865 satis
1480 3817 1601 3866 mentem
1623 3824 1702 3865 suam
1722 3806 1814 3865 decin-

156 3919 194 3961 no
208 3903 323 3961 Nolano.
340 3904 446 3959 Scilicet
464 3919 526 3975 quaa
544 3902 578 3960 ad
597 3902 796 3960 Menanterium
821 3907 956 3972 spectant,
1011 3917 1086 3959 rasse
1100 3901 1182 3958 videri
1206 3909 1302 3957 auctor
1315 3901 1409 3972 possit.
1424 3901 1493 3970 Qum
1510 3900 1581 3974 frugi
1600 3901 1627 3957 in
1641 3901 1673 3956 iis
1690 3909 1769 3968 sunt,
1783 3915 1815 3956 ea

110 4048 125 4075 ‚
157 4012 189 4054 ea
206 3997 316 4070 quidem
335 3997 399 4053 satis
419 3998 487 4054 bene
508 4013 537 4054 se
562 3996 675 4062 babent,
692 4005 723 4051 ut
742 3994 777 4051 ab
797 4002 908 4050 auctore
929 3992 958 4048 in
1011 3993 1099 4052 ferme
1117 3994 1291 4051 continentur
1307 3994 1334 4050 in
1357 4001 1420 4050 octo
1433 3994 1637 4067 [posterioribus
1659 3993 1717 4049 libri
1734 3993 1816 4066 primi

156 4091 200 4148 his
214 4092 295 4149 rebus
312 4090 464 4149 diutissime
484 4099 590 4148 versato
607 4100 636 4148 et
657 4089 831 4147 documentis
846 4087 959 4143 retusus
1012 4088 1156 4160 capitibus,
1173 4087 1396 4160 quorumtituios
1421 4087 1465 4144 bic
1483 4101 1660 4160 apponamus.
1681 4085 1816 4142 Videlicet

157 4184 313 4241 abundante
325 4185 474 4256 exspectari
487 4193 577 4257 potest
586 4184 635 4257 (a).
650 4183 704 4241 Sed
715 4198 778 4256 quae
791 4182 824 4239 de
837 4179 958 4239 Cassiani
1013 4189 1140 4254 caputii
1155 4181 1309 4237 inscribitur
1324 4185 1362 4237 lle
1372 4182 1497 4237 Cassiani
1503 4183 1619 4252 scriptis.
1634 4182 1706 4237 Vera
1717 4180 1815 4249 ellepi-

158 4278 213 4334 vita
227 4277 344 4343 disserit,
357 4277 457 4349 ingenii
476 4293 505 4333 se
519 4279 609 4348 ipsum
624 4278 741 4334 ludentis
754 4278 882 4350 figmenta
896 4283 961 4332 sunt
1014 4279 1081 4332 tima
1091 4278 1216 4334 Cassiani
1225 4291 1306 4345 opera
1318 4290 1378 4345 qua
1389 4278 1516 4330 restant?
1527 4276 1616 4348 Caput
1630 4279 1664 4329 58
1676 4275 1756 4341 :Qua
1768 4272 1816 4327 elu-

158 4378 186 4428 et
198 4369 304 4426 dudum
316 4369 352 4424 ab
366 4369 494 4425 omnibus
509 4368 630 4441 explosa.
644 4371 711 4439 Quae
725 4385 797 4424 nova
808 4376 899 4424 autem
914 4382 961 4422 su·
1017 4371 1061 4424 bia
1075 4373 1101 4424 et
1114 4370 1228 4439 muria?
1241 4369 1328 4438 Caput
1338 4371 1374 4422 59
1389 4384 1395 4421 :
1420 4368 1476 4435 Quo
1491 4369 1559 4435 loca,
1580 4372 1696 4437 tempore
1709 4369 1735 4419 et
1745 4364 1814 4419 idio·

160 4477 209 4536 per
231 4461 349 4520 Cassiani
371 4461 495 4519 doctrina
526 4459 667 4528 attulerit,
693 4461 796 4532 optimc
824 4475 855 4515 er
877 4456 1000 4531 ipsiusD
1016 4467 1089 4519 mate
1101 4463 1259 4532 scripserit?
1273 4461 1361 4532 Caput
1374 4465 1409 4516 do
1428 4476 1435 4513 :
1452 4460 1754 4528 Illustraturlteligiosa
1772 4456 1816 4510 di·

160 4555 250 4614 verbis
267 4555 408 4629 intelliges.
430 4558 544 4621 Fatetur
558 4554 725 4624 Guesnaius,
745 4569 856 4626 operam
875 4553 961 4610 edito·
1015 4558 1131 4628 sciplr'na
1149 4555 1302 4610 eorumdem
1312 4555 1453 4626 praeolan's
1466 4555 1816 4611 lnstitntianilaseteeem·

78 4663 84 4671 '
159 4667 224 4709 rum
243 4649 363 4708 Cassam
382 4665 437 4706 non
452 4647 572 4718 laudare,
584 4647 668 4704 animi
687 4663 746 4704 esse
761 4647 858 4721 ingrati
873 4652 962 4704 :atta-
1013 4652 1079 4722 plis,
1089 4655 1115 4706 et
1127 4652 1243 4706 meltum
1252 4653 1341 4722 piatam
1351 4651 1461 4722 publica
1468 4653 1649 4721 pranmcetnr.
1663 4647 1817 4719 caputet:

159 4759 223 4802 men
247 4743 373 4801 noudum
390 4743 425 4799 ita
444 4740 568 4815 dignitati
595 4742 673 4799 illum
700 4756 759 4799 esse
791 4742 960 4811 restitutum,
1018 4745 1175 4801 collatrones
1186 4745 1332 4815 publicatae
1345 4745 1475 4800 Massilia
1491 4747 1611 4815 primum
1624 4746 1681 4798 tum
1695 4742 1818 4796 alibieli-

158 4839 223 4913 quin
235 4854 271 4896 ne
288 4838 375 4912 perire
388 4835 499 4911 quidem
520 4836 600 4893 tacite
615 4836 784 4908 obscureque
797 4835 874 4907 plura
890 4835 918 4891 in
929 4850 961 4892 eo
1016 4841 1100 4893 emtis
1115 4840 1277 4909 temporibus
1286 4842 1407 4908 ingentes
1420 4841 1540 4894 accitani
1552 4840 1705 4893 animarum
1720 4839 1818 4891 motus.

160 4948 258 5008 genere
283 4934 488 5002 concederetur,
517 4940 546 4990 et
563 4932 632 4989 alios
660 4940 791 5004 praeterea
815 4931 910 4987 oculos
934 4938 963 4986 et
1017 4932 1149 5003 caputet
1166 4934 1230 4988 :An
1242 4933 1287 4988 ille
1301 4932 1372 4988 idun
1384 4934 1434 5002 pai
1442 4947 1460 4985 a
1473 4946 1522 4987 suo
1535 4933 1611 4998 fonte
1623 4933 1706 5001 lucit
1718 4931 1820 4987 Cassia

160 5039 259 5080 mnus
281 5025 438 5096 postularet.
457 5028 537 5082 Nunc
555 5041 621 5100 ergo
635 5040 744 5099 sperare
766 5040 796 5082 se
818 5024 963 5081 correctio·
1016 5043 1078 5091 nus,
1094 5027 1223 5083 doctrina
1242 5030 1348 5098 integer
1367 5044 1400 5082 ae
1413 5029 1504 5083 litura
1516 5042 1603 5098 parus
1621 5027 1660 5082 ad
1673 5040 1720 5081 nos
1734 5038 1819 5094 usque

160 5132 220 5184 rem
238 5119 344 5186 multo,
366 5119 571 5189 locupletiorem
598 5129 626 5178 et
643 5121 794 5178 auctiorem
813 5135 896 5192 quam
919 5135 964 5176 us·
1015 5124 1188 5193 pensarem?
1201 5120 1282 5190 Quod
1298 5129 1392 5177 contra
1411 5120 1560 5178 Barnnium
1577 5118 1716 5177 asseritur.
1733 5119 1821 5190 Caput

161 5211 234 5285 pianr
253 5220 334 5268 antea
347 5228 410 5268 eum
427 5211 611 5285 proditurum.
631 5217 702 5270 Nam
720 5213 750 5267 id
768 5214 859 5269 ridear
870 5230 962 5285 posse,
1018 5220 1070 5271 dt:
1085 5216 1131 5271 An
1142 5216 1247 5285 aliquos
1259 5215 1387 5271 imbuerit
1399 5215 1544 5272 darsianus
1554 5215 1689 5270 beneuolos
1700 5229 1732 5268 ac
1746 5211 1820 5266 beni·

162 5302 257 5376 inquit,
271 5308 300 5360 in
311 5307 353 5361 liis
365 5309 549 5362 controuersiis
560 5307 636 5362 leand
645 5312 741 5362 tenuere
751 5310 885 5378 profiteri,
895 5310 963 5363 satis
1018 5323 1085 5378 pnes
1098 5311 1256 5379 interpretes
1267 5324 1300 5363 ac
1310 5309 1474 5377 defensores.
1482 5307 1538 5366 Ubi
1549 5309 1630 5381 longa
1640 5307 1722 5365 series
1735 5303 1821 5361 Theo

162 5399 645 5465 meidoneumcenseritestemdebere,
656 5403 861 5472 quemquamne
869 5406 963 5458 catere
1018 5403 1145 5474 logorum
1167 5409 1334 5473 recensetur,
1359 5416 1421 5476 quta
1447 5401 1537 5460 minus
1558 5410 1637 5459 caute
1659 5397 1819 5457 acassiano

162 5495 964 5568 tmuitatemmeamnepueipnoro,nepneinptrionananiam
1016 5495 1157 5554 enunuata
1176 5496 1204 5552 in
1226 5495 1368 5553 meliorem
1388 5505 1494 5569 partem
1521 5493 1693 5569 interpretari
1724 5494 1811 5549 conat

177 5708 235 5786 ,(α)
249 5703 327 5761 ldem
341 5705 422 5778 paulo
435 5712 497 5776 post
507 5715 604 5765 auctm
618 5707 703 5765 lactus
715 5716 757 5766 est
771 5709 873 5783 operis,
887 5709 962 5782 quod
1017 5708 1090 5785 apud
1103 5707 1232 5769 eumdem
1244 5709 1421 5785 bibliopolam
1440 5709 1549 5784 prodiit,
1566 5711 1646 5780 1657,
1659 5705 1754 5775 iniat.

163 5776 274 5833 titulum
285 5773 340 5834 fert
358 5779 481 5835 Massilia
505 5781 617 5839 Gentilis
636 5785 662 5836 et
675 5781 770 5846 Sacra,
791 5790 820 5840 et
835 5782 965 5853 Lugduni
