3848 6158
82 226 119 281 93
326 226 370 281 DE
389 224 628 285 coenoutuuun
649 230 769 287 instit.
789 230 852 287 tiu.
873 232 906 287 11.
925 258 961 272 -
978 231 1023 286 ult
1041 229 1233 308 suculentis
1252 229 1491 288 unctionibus
1700 235 1735 289 tt

81 349 209 422 expansis
236 349 360 407 manibus
381 351 478 409 eodem
503 353 586 410 modo
606 369 660 426 qno
684 356 760 427 prius
780 365 883 412 stantes
897 361 922 424 Α
938 365 1009 412 tarra
1030 357 1187 421 surrexerit,
1210 356 1341 413 remorari
1365 365 1524 428 praesnmnt,
1546 372 1580 412 ne
1598 372 1656 414 non
1676 364 1734 413 tam

82 451 240 510 oraverant,
250 444 307 499 suis
318 443 444 515 precibus
455 446 584 503 intentius
592 447 785 506 immorantur.
798 450 883 507 Humi
937 458 1048 506 secutus
1066 447 1149 504 inisse
1166 448 1236 504 illius
1253 449 1455 506 conclusionem
1474 450 1519 522 qni
1536 466 1644 523 precem
1661 449 1735 506 colli-

81 553 203 610 namque
219 535 322 594 diutius
340 540 575 610 procumbentem,
600 557 656 597 nou
675 543 765 599 solum
782 543 883 615 cogita·
936 543 985 616 git,
997 558 1082 614 quam
1095 557 1174 598 snam
1188 543 1338 600 celebrasse
1350 543 1485 601 credatur.

80 633 201 691 tionibus
220 633 308 701 aiunt,
332 635 521 691 verumetiam
542 651 640 695 somno
662 638 771 709 grauius
792 638 883 711 impu·
1231 675 1350 732 CAPUT
1368 675 1427 731 vm

80 725 168 800 gnari.
189 725 269 797 Quod
285 727 368 783 etiam
380 743 432 784 nos
453 744 546 785 rernm
566 746 626 787 esse
643 731 747 788 utinam
767 748 822 788 non
835 748 884 787 es·
1432 715 1438 728 ’

81 821 249 895 perimentis,
265 828 293 877 et
312 821 471 892 quotidiana
486 825 684 882 consuetudine
699 841 883 894 nosceremus,
1039 802 1076 854 ⁰⁰
1089 798 1262 868 wbsesluem
1273 800 1392 854 ‘ffatim
1403 804 1464 870 P⁰⁸t
1475 799 1620 871 psalmum

81 917 129 989 qni
142 931 331 989 saepenumm
345 916 416 973 banc
431 917 557 975 eamdem
571 919 785 977 incurvationem
800 936 885 977 mem·
973 918 1044 974 lllud
1067 920 1175 974 etiam⁸
1198 919 1271 990 qnod
1286 920 1314 975 in
1329 920 1380 976 bac
1398 922 1535 993 provincia
1558 922 1684 988 vidimus,
1705 933 1738 980 ut

81 1009 210 1078 brorum,
224 1025 280 1065 uon
292 1018 349 1065 tam
364 1011 497 1068 orationis
511 1027 593 1084 quam
604 1011 757 1070 relectionis
771 1014 884 1071 obtentu
938 1027 993 1068 uno
1020 1017 1145 1067 cantante
1170 1012 1197 1067 in
1219 1013 1348 1085 clausula,
1364 1014 1476 1085 usnimi,
1499 1031 1598 1072 omues
1618 1024 1737 1074 astantes

81 1103 110 1158 iu
124 1112 226 1159 terram
239 1103 366 1175 prostrati
378 1111 507 1175 optamus
519 1103 621 1160 dindns
635 1106 799 1178 prolongari.
814 1107 884 1162 Cum
938 1106 1085 1162 concinant
1096 1121 1160 1162 cum
1184 1106 1319 1176 clamore,
1344 1109 1436 1165 Gloria
1455 1110 1549 1172 Patri,
1567 1113 1592 1164 et
1611 1111 1690 1173 Filio,
1713 1115 1738 1166 et

81 1203 176 1252 antem
190 1195 213 1252 is
231 1196 277 1268 qui
291 1197 443 1252 orationem
457 1196 621 1253 collecturus
637 1205 689 1267 est,
707 1213 722 1254 e
738 1207 811 1256 terra
823 1215 884 1255 surr·
937 1200 1053 1271 Spiritui
1067 1206 1167 1264 sancto,
1185 1215 1319 1272 nusquam
1339 1216 1387 1273 per
1406 1216 1516 1257 ournem
1533 1201 1673 1259 Orientem
1688 1219 1736 1259 au·

83 1290 165 1356 rexit,
187 1305 284 1346 omnes
306 1290 406 1362 pariter
426 1291 581 1364 eriguntur;
602 1294 640 1347 ita
661 1301 692 1348 ut
711 1292 818 1364 nullus,
836 1309 887 1350 uec
938 1292 1064 1362 divimus,
1078 1294 1126 1350 sed
1142 1310 1206 1350 eum
1224 1296 1347 1350 omnium
1361 1294 1467 1350 silentio
1479 1296 1513 1350 ab
1528 1309 1563 1352 eo
1578 1297 1623 1366 qui
1636 1303 1736 1365 cantat,

83 1392 230 1458 antequam
252 1383 395 1442 inclinetur
413 1384 467 1452 ille,
489 1400 560 1458 genu
582 1385 701 1455 flectere,
721 1402 772 1443 nec
790 1403 853 1443 cum
871 1403 887 1444 e
939 1388 1015 1444 linito
1030 1389 1134 1462 psalmo
1151 1389 1304 1446 orationem
1326 1388 1480 1446 succedere.
1495 1382 1509 1420 ¹³
1523 1390 1582 1446 ilac
1595 1403 1659 1446 vero
1671 1388 1738 1462 'glo-

637 1541 763 1597 stanni
781 1543 893 1598 GAZAEI
912 1543 1190 1600 COMMENTARIUS.

83 1682 176 1736 eordet
188 1685 247 1737 uoci
258 1682 366 1746 noitroe,
386 1681 432 1737 nbi
448 1681 528 1752 paulo
547 1689 608 1738 ante
623 1681 747 1738 dixerat:
769 1685 834 1740 Crem
852 1684 889 1739 ad

83 1767 152 1823 opus
171 1753 292 1808 diuinum
312 1755 472 1809 assistimus.
494 1754 603 1808 Staums
616 1769 681 1825 ergo
698 1753 732 1811 ad
754 1755 887 1810 orandum

84 1833 134 1879 aut
163 1824 351 1894 psallendum,
379 1823 489 1895 quaudo
517 1839 613 1880 surmus
635 1825 663 1879 in
693 1825 815 1881 oratione
840 1834 889 1881 aut

34 1950 39 1957 ,
82 1893 246 1967 psalmodia,
262 1895 317 1951 siue
335 1894 428 1960 erecti,
443 1895 498 1950 sive
510 1910 580 1965 genu
595 1895 667 1961 lieri,
683 1897 738 1953 sire
752 1898 886 1964 sedentes,

82 1967 144 2021 sire
161 1965 293 2037 jacentes,
312 1966 351 2022 ait
370 1965 470 2023 doctor
489 1968 626 2021 Navarms
641 1966 687 2023 lib.
703 1967 737 2023 de
756 1968 887 2024 Oratione

83 2050 148 2108 cap.
162 2043 190 2091 4.
203 2040 247 2093 De
258 2037 337 2093 tertio
351 2036 472 2108 corporis
486 2036 592 2102 babitu,
606 2053 653 2092 seu
667 2038 845 2107 prostratione
858 2039 885 2094 iu

83 2108 364 2180 terram,exemplum
374 2107 515 2179 praebuere
525 2107 616 2179 viginti
628 2117 744 2179 quatuor
753 2111 885 2177 seniores,
901 2102 925 2162 B
943 2117 968 2166 et
978 2114 1095 2181 Spiritus
1109 2114 1196 2165 serrati
1205 2112 1419 2180 baptizarentur,
1433 2111 1538 2165 easdem
1552 2116 1741 2234 temperemus

82 2178 229 2249 qnosuidit
239 2183 254 2234 l
257 2195 358 2235 oannes
363 2179 528 2250 procidentes
536 2180 736 2234 antesedentenr
745 2183 774 2234 in
782 2182 885 2244 tirrano,

84 2254 113 2304 et
127 2250 271 2305 adorantes
282 2253 410 2307 cicentem
419 2254 448 2304 in
456 2251 554 2305 merila
562 2253 731 2304 samiorum.
743 2257 829 2321 Apoc.
843 2267 884 2306 ιιι.

84 2319 136 2376 Ad
154 2319 208 2375 boc
224 2320 305 2376 etium
320 2319 447 2377 invitabat
457 2320 597 2376 Psalnrista
613 2321 702 2391 regius
712 2321 820 2376 dicens:
836 2325 886 2377 i'c·

84 2392 155 2452 nite,
167 2391 311 2447 canemus
322 2398 347 2447 et
354 2392 527 2462 mandamus
538 2398 600 2447 uerte
612 2397 706 2454 limem,
721 2401 774 2448 etc.
786 2393 886 2448 Psalm.

87 2477 175 2527 xcru;
202 2461 282 2532 idque
305 2463 407 2518 imitata
429 2462 645 2519 Christianorum
668 2462 785 2519 militnm
809 2462 887 2532 legio,

87 2547 151 2604 qnae
164 2532 216 2588 sub
231 2535 323 2589 lilaroo
341 2532 450 2590 Aurelio
463 2535 600 2590 Antonino
616 2535 654 2589 sic
665 2536 757 2590 Deum
769 2543 888 2606 precata,

88 2602 213 2660 hostibus
222 2602 446 2673 internecionem,
460 2614 487 2660 et
501 2605 633 2660 Romanis
647 2605 777 2661 militibus
790 2606 889 2662 ultimo

88 2674 247 2731 discrimine
269 2674 456 2734 laborantibus
478 2675 594 2732 salntem
616 2675 743 2731 obtinuit.
765 2678 891 2732 Testatur

88 2747 171 2802 etiam
190 2745 314 2802 Justiuus
334 2742 438 2820 blarty'r
456 2746 526 2802 banc
547 2749 645 2802 veteris
660 2746 788 2804 Ecclesiae
808 2746 891 2803 tuisse

89 2816 185 2873 orandi
197 2817 439 2887 ,consuetudinem
454 2817 567 2890 genibus
581 2818 686 2889 positis,
700 2816 825 2874 manibus
838 2834 892 2874 cae·

88 2888 218 2944 dentibus
231 2897 336 2961 pectus,
356 2897 385 2945 et
405 2888 473 2946 facie
488 2889 564 2946 lrnmi
583 2889 730 2955 volutante,
744 2889 799 2945 sive
813 2890 891 2945 volu-

88 2968 154 3016 tata.
176 2962 263 3016 Porro
278 2960 313 3016 de
326 2962 457 3024 sessione,
474 2974 556 3030 qnam
572 2959 642 3015 inter
662 2969 765 3031 gestus,
782 2976 830 3016 seu
845 2960 892 3016 ba-

89 3031 161 3087 bitus
174 3033 312 3088 orantium
326 3039 354 3086 et
369 3033 541 3103 psallentium
554 3041 649 3101 quarto
663 3032 723 3087 ioco
740 3032 890 3103 posuimus,

942 1694 970 1740 et
989 1684 1174 1742 additamento
1197 1685 1243 1741 illo
1269 1704 1275 1740 :
1301 1688 1376 1743 Sicut
1396 1693 1455 1741 crat
1472 1689 1501 1740 in
1513 1688 1658 1756 principio,
1672 1695 1738 1751 etc,
1783 1684 1786 1688 ’

942 1755 1035 1812 audire
1056 1757 1233 1813 disserentem
1248 1773 1255 1810 ε
1270 1759 1350 1819 illud,
1365 1758 1462 1827 inquit,
1476 1760 1505 1811 in
1524 1759 1621 1827 prem
1632 1774 1740 1812 monen-

942 1829 1007 1882 dum
1017 1832 1155 1897 putamus,
1171 1828 1303 1896 ejeismodi
1314 1830 1441 1896 bynnum
1458 1830 1660 1897 ylarificutionis
1671 1831 1709 1883 sic
1721 1846 1739 1882 a

942 1899 1090 1968 majoribus
1104 1901 1215 1961 dictum,
1234 1915 1408 1968 rreyunquam
1428 1905 1475 1964 (ut
1496 1901 1546 1952 alii
1563 1904 1678 1968 putant)
1696 1902 1739 1953 in·

941 1975 1050 2024 amrium
1063 1985 1147 2024 essen
1164 1972 1271 2026 Nicrum
1283 1971 1400 2032 coercitio,
1417 1969 1465 2023 sed
1477 1970 1512 2022 cb
1529 1971 1595 2040 ipsis
1614 1971 1741 2039 apostolo

942 2057 1003 2095 rum
1013 2041 1174 2110 temporibus
1183 2041 1282 2111 fideles,
1294 2056 1354 2094 mem
1364 2043 1393 2093 in
1402 2039 1507 2093 nomine
1518 2042 1619 2102 Putris,
1630 2044 1655 2094 et
1665 2041 1739 2104 Filii,

939 2185 1113 2239 sanetissinrae
1129 2185 1270 2237 Trinitatis
1284 2182 1417 2251 ejusmodi
1427 2183 1526 2250 dymno
1542 2197 1606 2249 rony
1618 2183 1741 2250 orificare

940 2257 1055 2323 cepisse.
1068 2254 1143 2320 Oriad
1153 2254 1260 2322 quidem
1274 2269 1308 2306 ec
1319 2252 1454 2322 mry'orum
1468 2252 1623 2313 traditione,
1640 2253 1740 2321 absque

941 2327 1032 2394 aliquo
1042 2326 1150 2394 scripto,
1162 2325 1215 2378 sibi
1222 2324 1367 2379 Ecclesiam
1375 2324 1522 2386 viriditate,
1530 2323 1655 2393 pluribus
1665 2325 1742 2392 astir-

941 2399 999 2450 mat
1021 2396 1048 2450 S.
1071 2396 1188 2452 Basileia
1206 2395 1244 2448 nd
1266 2395 1482 2464 Amphilochium
1500 2394 1615 2449 scribens
1633 2394 1666 2448 dc
1683 2396 1740 2464 Spi·

943 2469 999 2521 ritu
1009 2467 1050 2528 S..
1064 2474 1116 2521 etc.
1130 2466 1171 2520 lta
1186 2465 1335 2531 Baronins,
1348 2464 1502 2536 signiticaus
1515 2466 1541 2520 in
1555 2465 1674 2520 Ecclesia
1690 2465 1739 2520 Oui

943 2535 1076 2608 ejusmodi
1092 2535 1317 2608 glorificationem
1331 2551 1361 2590 ex
1375 2552 1407 2590 eo
1420 2546 1543 2607 tempore
1561 2551 1615 2606 qno
1629 2535 1663 2591 ab
1675 2551 1741 2607 apo-

943 2608 1021 2664 stolis
1037 2607 1238 2678 promulgatum
1254 2615 1294 2662 est
1314 2607 1500 2688 Evangelium,
1513 2615 1541 2662 et
1561 2622 1624 2661 eum
1639 2611 1681 2672 (nt
1700 2606 1741 2663 di·

943 2679 1046 2742 ximus)
1060 2692 1167 2732 sacrum
1183 2676 1318 2746 baptisma
1330 2678 1364 2732 ab
1378 2677 1484 2733 eisdem
1496 2678 1575 2748 jussu
1591 2676 1699 2732 Oornini
1714 2678 1742 2734 in

941 2748 1055 2805 nomine
1077 2748 1177 2814 Patris,
1192 2756 1220 2801 et
1234 2746 1304 2812 Filii,
1326 2756 1354 2803 et
1376 2748 1493 2817 Spiritus
1507 2748 1593 2803 sancti
1612 2747 1743 2803 collatum

942 2829 993 2880 est,
1011 2835 1027 2873 a
1047 2817 1172 2874 fidelibus
1185 2817 1274 2873 occini
1290 2825 1421 2888 emptam,
1435 2826 1462 2872 et
1475 2817 1578 2888 absque
1594 2818 1697 2888 scripto
1713 2820 1744 2872 li-

942 2889 1048 2947 delibns
1060 2889 1200 2955 traditam,
1213 2888 1336 2960 pluribus
1349 2887 1421 2944 idem
1435 2886 1549 2944 inierins
1560 2886 1656 2952 docet3
1669 2904 1743 2943 eam-

942 2962 1062 3032 demque
1087 2960 1316 3031 pronuntiandam
1329 2961 1516 3028 tesseimonet,
1542 2968 1572 3015 nt
1592 2974 1607 3013 a
1624 2959 1743 3014 Domino

943 3032 1046 3101 accepit
1059 3031 1189 3088 Ecclesia.
1215 3034 1249 3087 lit
1262 3030 1331 3087 infra
1346 3030 1458 3101 subjicit
1479 3031 1614 3085 Batonius
1631 3047 1638 3084 ε
1661 3033 1744 3086 Porro

89 3103 214 3174 quamuis
232 3102 417 3159 Tertullianus
438 3101 558 3158 sedendo
583 3103 697 3158 adorare
718 3111 792 3159 extra
815 3103 892 3158 disci·
946 3104 1019 3174 quod
1033 3106 1131 3158 attinet
1153 3104 1190 3158 ud
1204 3103 1310 3158 decretu
1332 3105 1447 3159 Nicoerroe
1460 3102 1566 3171 synodi,
1588 3103 1657 3156 secut
1670 3103 1744 3155 nullo

91 3172 194 3245 pliuam
207 3188 265 3229 esse
279 3183 404 3240 testetur,
418 3173 587 3230 contrarium
599 3181 692 3229 tamen
706 3174 787 3230 docet
802 3190 893 3229 exem·
947 3176 1025 3230 rnodo
1038 3175 1181 3229 dicendum
1200 3178 1239 3228 est
1253 3175 1455 3243 ylarifieationr's
1467 3174 1642 3228 sanctissima
1658 3175 1746 3227 Tn'ni·

90 3245 170 3316 pium
190 3252 312 3300 ueterum
332 3245 543 3310 monachorum,
557 3245 591 3300 de
606 3244 703 3314 quibus
724 3243 769 3300 iric
787 3247 891 3314 agitur3
948 3250 1012 3300 tutis
1027 3247 1156 3314 hymnum
1176 3246 1210 3298 ab
1223 3261 1254 3298 ea
1265 3249 1387 3315 pmmum
1399 3247 1547 3305 irruentum,
1561 3246 1602 3297 ita
1616 3259 1662 3297 nec
1673 3249 1704 3298 ut
1716 3246 1745 3297 irr

89 3330 164 3388 quos
181 3329 213 3370 ea
236 3316 361 3373 uarietate
375 3316 410 3372 ad
426 3315 580 3371 tollendum
601 3315 747 3382 lastidium,
764 3326 792 3371 et
806 3315 894 3371 suble·
946 3322 999 3387 tine
1006 3317 1133 3386 mimyue
1140 3317 1242 3386 psalmi
1250 3321 1399 3377 curreretur,
1406 3320 1598 3369 essestntutum
1605 3319 1744 3383 mamus.

89 3385 212 3442 vendam
225 3387 345 3458 corporis
354 3387 541 3442 infirmitatem
552 3401 616 3442 usos
629 3385 710 3441 luisse
721 3401 894 3441 commemo·
947 3388 1080 3458 &uiden
1092 3390 1117 3441 si
1133 3403 1233 3455 mayno
1247 3388 1365 3455 synodus
1379 3386 1409 3439 id
1421 3388 1569 3447 statrrrsset,
1583 3387 1746 3451 uniformem

90 3467 136 3513 rat
149 3461 265 3522 Auctor,
281 3467 312 3514 ut
328 3458 411 3514 modo
424 3465 536 3524 stantes,
555 3457 638 3513 modo
654 3458 793 3529 prostrati,
810 3457 893 3513 modo
912 3460 1072 3536 Creyulum
1089 3461 1171 3522 (sr'mt
1184 3461 1214 3512 in
1232 3460 1351 3522 ceteris)
1366 3458 1489 3514 Ecclesiis
1507 3457 1627 3510 omnibns
1639 3459 1746 3526 puriter

90 3528 219 3585 sedentes
225 3538 336 3584 orarent
345 3538 372 3584 et
381 3529 633 3600 psallerentQuam
642 3529 723 3584 etiam
732 3530 892 3585 varietatem
946 3532 1164 3602 proscripsisset,
1181 3545 1261 3599 omia
1270 3529 1359 3584 nullus
1371 3544 1501 3597 umquam
1515 3529 1633 3590 deniare,
1650 3529 1691 3582 ecl
1704 3529 1746 3581 ln-

90 3600 118 3655 in
133 3599 233 3657 oiliciis
246 3601 433 3656 ecclesiasticis
452 3599 610 3725 pleragendis
623 3601 781 3656 communis
801 3601 895 3656 Eccie·
950 3608 1007 3658 tum
1015 3617 1130 3670 unyuem
1138 3603 1279 3671 preterire
1289 3600 1439 3670 aliquando
1444 3600 1658 3670 presumpsisset
1669 3619 1677 3653 :
1688 3613 1746 3652 mm

90 3671 138 3728 siaa
156 3687 223 3727 usus
241 3680 269 3726 et
286 3671 440 3727 observatio
474 3679 586 3728 actenus
600 3672 766 3743 approbavit.
783 3674 820 3727 Er
833 3672 894 3742 qui·
950 3679 1039 3728 tamen
1052 3673 1190 3727 sitiremus
1203 3673 1322 3726 dicer-sas
1342 3688 1373 3726 ea
1387 3671 1420 3725 de
1435 3687 1464 3723 rc
1482 3673 1567 3738 tuisse
1580 3670 1747 3724 diuersarum

94 3743 145 3798 bus
158 3742 351 3815 intelligendus
369 3753 397 3800 et
414 3741 632 3811 interpretandus
652 3742 724 3798 venit
737 3742 811 3799 eard.
829 3747 896 3798 Tur·
949 3745 1130 3802 decimiacum
1151 3744 1362 3805 cmusnetudines,
1383 3744 1506 3810 ritusque
1528 3742 1681 3796 dissimiles.
1703 3742 1747 3796 Sic

93 3822 275 3876 recrematus,
297 3814 342 3886 qui
363 3813 498 3868 inlocum
523 3813 623 3884 regular
645 3829 727 3884 snpra
752 3812 897 3885 allegatum
949 3830 1066 3883 namque
1088 3816 1230 3871 Cassianus
1244 3816 1307 3868 ait:
1330 3834 1344 3865 c
1364 3813 1435 3868 Illud
1451 3816 1531 3868 etium
1548 3811 1630 3881 (quod
1650 3813 1680 3864 in
1698 3812 1748 3864 trac

93 3887 246 3952 annotarit,
263 3885 399 3942 ruiturae·
414 3884 595 3954 disciplinam,
609 3901 642 3938 ex
653 3885 785 3940 sententia
799 3889 833 3940 l).
848 3887 897 3939 Be·
948 3888 1088 3957 proeirrcia
1096 3886 1221 3951 uidimus)
1229 3890 1259 3939 ut
1265 3901 1318 3939 urro
1327 3889 1462 3946 trutinante,
1473 3887 1501 3938 in
1511 3883 1631 3936 clausula
1636 3881 1746 3950 psalmi,

93 3956 206 4023 aedicti,
221 3959 250 4012 in
263 3957 350 4012 imbus
365 3958 505 4011 eorrusteru
519 3975 527 4009 ε
540 3971 601 4024 qua
613 3961 685 4017 snut,
700 3956 796 4024 inquit,
811 3961 898 4010 struitis
951 3973 1039 4012 omrres
1047 3961 1165 4011 astantes
1171 3959 1375 4010 corrrirumtcnm
1382 3955 1634 4010 clrrnrorersraonra
1644 3953 1746 4014 Parui.

93 4027 899 4096 reuerentia,uttentianisuiyiluntiu,euntusdisciplina.Nam

94 4106 186 4154 status
197 4099 346 4155 reverentia
357 4090 505 4153 noninodo
515 4107 638 4152 erectum
651 4097 772 4165 corporis
781 4103 895 4162 statum,

96 4167 195 4225 sedet
213 4169 442 4242 genuflexionem,
464 4176 491 4222 et
511 4167 735 4239 prostrationem,
754 4174 782 4221 et
802 4167 898 4221 sessio·

95 4254 177 4306 nem,
202 4249 229 4296 et
249 4256 360 4297 omnem
378 4239 509 4304 debitam,
528 4254 676 4309 congruam
700 4245 727 4293 et
744 4235 898 4308 religiosam

95 4308 325 4393 compositionem
340 4326 390 4384 pro
412 4311 516 4367 ratione
529 4318 557 4365 et
570 4308 853 4383 erigentiatemporis
873 4313 901 4363 et

94 4382 181 4439 omni
196 4380 411 4455 comprehcndit.

131 4448 146 4485 ὓ
171 4452 313 4509 Provincia
337 4467 436 4524 nempe
457 4451 645 4514 Narbonensi,
666 4451 731 4507 alias
753 4451 901 4518 Phoceusi,

94 4525 143 4580 nbi
157 4525 291 4593 Massilia,
304 4523 376 4596 apud
388 4539 483 4606 qnam,
502 4531 569 4578 teste
588 4522 738 4586 Gennadio,
756 4521 900 4578 Cassianus

93 4611 181 4668 agens
205 4603 263 4652 tam
284 4596 488 4652 institutionum
510 4609 591 4666 quam
613 4592 794 4649 collationum
816 4593 900 4648 libros

94 4666 270 4751 conscripsit.
293 4668 365 4724 ltine
379 4674 454 4739 patet
468 4664 586 4722 Cassiani
600 4664 701 4734 sacculo
713 4665 739 4719 in
754 4663 901 4721 Gallicanis

96 4737 241 4807 Ecclesiu,
256 4747 287 4795 ut
301 4749 329 4794 et
348 4738 376 4793 in
391 4735 509 4793 Ecclesia
524 4739 661 4803 Romana,
681 4737 769 4792 solere
786 4735 814 4790 in
829 4736 901 4791 elau-

94 4810 155 4866 snla
170 4811 230 4866 siue
279 4818 305 4865 st
327 4809 409 4864 linem
424 4807 554 4880 cujusque
576 4805 671 4877 psalmi
693 4807 829 4864 decantari
844 4822 900 4861 uer·

95 4881 217 4937 siculum
226 4880 244 4935 il
256 4896 319 4936 um:
332 4881 425 4938 Gloria
435 4881 519 4941 Patri,
528 4883 553 4933 rt
562 4879 639 4941 Filio,
648 4881 749 4933 etc.De
757 4894 812 4949 quo
820 4876 900 4933 inira.

95 4955 150 5008 Per
164 4952 309 5008 Orientem
323 4966 389 5007 vero
401 4958 428 5007 et
445 4951 517 5022 apud
531 4950 683 5007 Orientales
697 4949 846 5005 monaelros
858 4964 902 5005 se·

94 5039 158 5091 cus,
174 5031 207 5078 nt
220 5022 267 5078 bic
277 5022 386 5078 dicitnr.

134 5088 206 5150 1Ἰιιι
226 5094 384 5167 legendum,
405 5101 436 5149 ut
456 5092 520 5164 legit
539 5100 566 5147 et
581 5091 645 5147 citat
659 5090 792 5147 Beronins
810 5089 845 5146 ad
857 5106 903 5146 an·

95 5182 168 5222 num
190 5165 299 5223 Domini
317 5169 381 5221 ³25.
400 5166 443 5221 Sic
464 5163 536 5219 enim
557 5162 674 5234 postulat
688 5161 831 5225 sententia,
850 5177 902 5233 qna

97 5240 190 5293 rolnit
210 5238 317 5292 Auctor
330 5235 448 5291 indicare
465 5235 609 5290 discrimen
625 5249 656 5287 ac
672 5232 807 5290 diversum
820 5233 903 5289 ritum

97 5309 283 5365 Orientalium
299 5323 314 5362 a
333 5307 437 5362 latinis
459 5305 728 5362 et'Occidentalibns
747 5323 753 5358 :
770 5318 831 5374 quae
844 5303 903 5375 qni-

98 5381 164 5435 dem
179 5379 324 5435 diversitas
335 5378 363 5433 in
380 5393 413 5434 eo
427 5377 562 5442 consistit,
575 5377 648 5447 qnod
663 5375 735 5447 apud
750 5374 902 5431 Orientales

100 5460 128 5505 et
148 5450 301 5522 AEgyptios.
314 5457 345 5505 nt
358 5457 435 5505 erant
452 5448 489 5503 illi
512 5446 647 5511 monaclri,
661 5462 754 5502 versus
765 5445 809 5501 ille
824 5466 830 5501 :
846 5447 904 5503 Gla

78 5522 81 5527 '
103 5525 147 5575 ria
160 5524 247 5584 Patri,
258 5526 285 5576 et
298 5521 376 5584 Filio,
389 5524 414 5575 et
472 5521 545 5573 'mirri
552 5524 642 5573 sancto
651 5520 745 5589 (quam
759 5525 837 5572 vocat
848 5518 904 5587 glo-

104 5591 282 5649 ribcabonem
301 5589 442 5648 Trinitatis
477 5607 532 5645 uun
553 5590 688 5645 diceretur
710 5589 735 5644 in
759 5587 812 5642 due
834 5588 904 5659 psal·

105 5677 226 5729 morum,
239 5673 269 5720 ιιι
289 5664 361 5719 solet
380 5663 408 5717 in
430 5662 547 5718 Ecclesia
562 5662 669 5727 Latina,
689 5662 737 5717 sed
754 5659 782 5715 in
794 5659 848 5714 line
861 5674 905 5713 an·

103 5732 290 5803 tipironarnm.
311 5737 413 5790 Verum
432 5748 522 5805 operae
543 5731 662 5804 pretinm
684 5729 765 5787 luerit
779 5730 906 5785 eumdem

101 5805 254 5862 Baroaium
267 5805 366 5863 deboc
378 5819 467 5873 versu,
480 5804 593 5877 ejusque
603 5803 715 5874 antiqua
727 5801 906 5869 institutione,

952 4029 1089 4092 nrl'rnro,
1097 4029 1283 4082 srsnrnrrur
1292 4039 1608 4093 sancromusynarrrper
1615 4024 1756 4087 detentere

951 4099 1104 4151 erudivimus
1119 4116 1128 4151 .·
1141 4098 1259 4151 sericum
1270 4099 1388 4150 emeritum
1400 4096 1515 4154 silentio,
1528 4094 1562 4146 nb
1574 4108 1612 4155 eo,
1628 4095 1677 4160 qui
1687 4108 1748 4146 can·

953 4173 1004 4230 tat,
1019 4170 1095 4236 finito
1109 4169 1215 4237 psalmo
1230 4168 1377 4220 orationem
1391 4164 1543 4227 succeder·e;
1557 4163 1606 4217 buc
1619 4177 1680 4216 uero
1692 4163 1748 4231 ylo·

952 4239 1100 4307 ridentium
1120 4239 1262 4292 Tiinitatis
1281 4233 1465 4290 tantummodo
1478 4234 1560 4288 saleru
1574 4234 1751 4303 antiphoniam

955 4311 1106 4364 terminari.
1116 4327 1129 4358 n
1142 4309 1204 4363 ileo
1213 4309 1269 4376 ipse
1282 4325 1289 4360 :
1301 4322 1335 4360 eu
1344 4306 1441 4375 quibus
1452 4307 1542 4368 retium,
1554 4306 1624 4359 siout
1634 4322 1668 4359 eu
1679 4307 1749 4361 mul·

955 4383 990 4435 tis
1000 4381 1073 4443 relies,
1087 4380 1265 4433 commentitia
1272 4377 1355 4448 plane
1367 4377 1502 4446 detegitur
1510 4377 1621 4446 epistola
1631 4377 1680 4431 iila
1690 4380 1750 4433 itic-

955 4453 1067 4519 nonymi
1076 4453 1181 4504 uonrirre
1193 4450 1230 4503 nd
1242 4453 1390 4505 Damasum
1404 4450 1567 4517 coruiynata,
1581 4463 1642 4517 puae
1655 4451 1751 4504 merito

953 4522 1124 4584 reinuidis,
1138 4523 1297 4590 Hieronymi
1310 4535 1352 4574 res
1363 4521 1515 4574 accuratius
1528 4519 1750 4589 impendentibus,

953 4601 985 4648 ut
998 4593 1164 4655 adulterina,
1176 4592 1241 4661 jure
1252 4591 1417 4661 caploditur,
1430 4592 1459 4644 in
1469 4606 1525 4659 qua
1534 4591 1589 4644 tac
1602 4591 1729 4658 leyuntur
1742 4608 1750 4643 ι

956 4689 968 4713 c
984 4669 1111 4720 Petuntur
1123 4680 1185 4733 crya
1194 4663 1273 4718 cleeris
1286 4668 1358 4724 turis,
1372 4668 1404 4717 ut
1417 4677 1469 4716 cau
1479 4662 1752 4730 istapsullentiumm

955 4737 1021 4792 Sede
1039 4740 1087 4789 tua
1109 4739 1240 4796 Rmnnnn,
1262 4734 1306 4787 die·
1325 4739 1455 4802 noctuque
1469 4736 1593 4792 cunctim,
1612 4729 1680 4785 et‘in
1700 4732 1752 4798 fine

953 4809 1056 4878 psalmi
1063 4807 1213 4875 cujrrslibct,
1224 4807 1278 4858 siue
1287 4806 1437 4866 matutinis,
1451 4803 1668 4869 sr'ucaespcrtinis
1680 4801 1752 4852 boris

956 4879 1085 4948 conjunyi
1091 4878 1233 4946 eiecerunt
1242 4876 1416 4943 Apostolntus
1428 4874 1470 4926 tui
1478 4871 1543 4924 ordo
1554 4889 1561 4923 :
1573 4870 1692 4924 (iconia
1703 4870 1753 4923 Pn-

957 4964 1021 5014 rar,
1035 4946 1509 5011 urFrcro,arSrrn1rnrsnncro;
1522 4954 1614 4995 sicus
1626 4956 1706 4995 taur
1719 4955 1751 4996 ιιι

958 5032 1124 5079 caractere,
1139 5024 1191 5070 etc.
1208 5038 1220 5061 r
1235 5017 1267 5071 Si
1277 5017 1346 5069 enim
1355 5017 1384 5067 in
1398 5015 1504 5070 Oriente
1514 5028 1649 5082 remquam
1663 5028 1690 5065 se
1701 5028 1752 5066 arr-

958 5093 1028 5145 disse
1039 5089 1128 5157 inyur't
1147 5087 1302 5148 Cassianus,
1317 5091 1348 5140 ut
1367 5087 1396 5138 in
1414 5088 1466 5153 fine
1476 5085 1579 5154 psalmi
1590 5085 1724 5139 dirueretur
1744 5103 1752 5140 r

958 5163 1073 5218 Gnonrn
1092 5161 1197 5224 Parni,
1212 5165 1278 5220 etc,
1297 5158 1426 5226 quomodo
1445 5172 1478 5213 ec
1499 5156 1616 5212 Orientis
1630 5171 1702 5209 more
1722 5154 1755 5210 de

958 5231 1090 5303 eiusmodi
1104 5229 1242 5301 psallendi
1254 5244 1349 5297 putere
1362 5231 1539 5297 Hieronymus
1552 5229 1640 5297 potuit
1654 5231 1754 5282 liuma-

958 5321 1017 5361 sum
1037 5305 1190 5357 rnerruisse:
1206 5317 1265 5356 tum
1282 5305 1363 5355 antea
1377 5305 1433 5355 tam
1447 5302 1475 5354 in
1490 5300 1654 5356 Occidentuli
1668 5299 1756 5354 Eccle-

955 5378 1007 5437 sin,
1025 5391 1107 5444 purim
1117 5377 1145 5427 in
1160 5373 1302 5434 Orientali,
1316 5372 1475 5441 ejuscemodi
1482 5370 1621 5440 psallendi
1628 5385 1707 5424 risum
1718 5371 1757 5423 ci·

957 5449 1046 5516 yrrisse
1059 5447 1129 5499 rilem
1141 5446 1281 5512 nsfirrnet?
1294 5445 1347 5510 Qui
1354 5448 1443 5497 tamen
1453 5442 1537 5496 erdem
1548 5442 1665 5512 epistola
1675 5441 1755 5510 fidem

958 5518 1150 5577 adhibuerunt,
1165 5532 1199 5569 ca
1218 5516 1247 5571 S.
1266 5516 1424 5582 Hieronymi
1435 5515 1539 5567 mmritu
1551 5513 1580 5567 id
1592 5514 1725 5566 sancitum
1739 5528 1757 5565 u

958 5594 1075 5646 diurnaso
1085 5589 1286 5642 euistimnrunt.
1302 5586 1377 5654 erod
1385 5587 1472 5654 iyitur
1484 5589 1547 5638 ecrite
1558 5584 1698 5638 concilium
1706 5585 1754 5638 Ni·

959 5675 1071 5719 cannm
1087 5675 1121 5713 cu
1132 5658 1278 5713 traditione
1290 5661 1330 5722 (ut
1343 5656 1469 5726 uidimus)
1480 5656 1670 5725 apostolorum,
1683 5656 1757 5721 ciye·

960 5736 1079 5786 retusus
1096 5732 1125 5784 in
1139 5730 1266 5790 Ecclesia,
1282 5733 1314 5783 ut
1324 5743 1342 5781 n
1354 5728 1477 5796 fidelibus
1498 5727 1701 5794 ylaridcntionis
1716 5724 1758 5774 di-

960 5806 1016 5857 etus
1029 5802 1143 5870 hymnus
1153 5803 1315 5855 coarteretur
1324 5800 1430 5869 tibique,
1442 5797 1501 5852 licet
1510 5797 1615 5850 diuerso
1624 5796 1691 5855 riter,
1701 5793 1757 5846 aliu
