3848 6158
128 213 182 268 285
382 210 425 265 DE
443 210 681 268 COENOBIORUll
703 213 824 270 th'sttt.
845 215 909 273 ata.
929 217 975 272 Vl.
995 244 1032 257 -
1050 216 1094 272 ba
1113 215 1248 273 salutat]
1268 214 1543 273 tumultuationis.
1736 217 1790 273 286

126 334 269 393 tenerrimi
281 343 355 400 sunt,
371 334 472 393 luerint
485 338 600 406 enecati,
612 337 696 394 adulti
714 355 762 412 per
780 342 931 399 conniven-
944 347 970 410 Α
984 341 1065 410 dam,
1082 342 1110 398 in
1130 341 1257 398 omuibus
1275 341 1350 398 enim
1364 338 1424 399 istis
1443 339 1588 397 virtutibus
1600 339 1722 398 creditur
1743 357 1789 398 ac·

125 429 196 486 ham
213 427 243 485 in
259 428 409 500 pernicicm
423 438 547 487 cosham
562 430 702 489 ualidiores
714 433 866 507 insurgent,
881 443 931 493 aut
983 438 1052 511 quiri
1069 436 1260 507 sarrctilicati03
1277 436 1359 495 infert
1372 445 1400 494 et
1417 435 1562 494 manifeste
1581 435 1703 510 designat
1724 435 1790 510 quid

125 530 202 581 cerlo
225 538 283 580 non
302 523 360 580 sine
375 541 478 598 magno
492 525 594 598 gemitu
611 542 643 582 ac
663 525 756 585 labore
774 528 928 587 vincentur.
985 531 1092 604 proprie
1112 530 1357 589 sanctificationem
1379 529 1494 587 voluerit
1515 529 1658 602 appellare.
1683 524 1696 562 l
1723 531 1790 587 llaec

126 621 202 675 Dum
215 616 607 692 entmlorttssettteessptrtrus
617 630 712 679 noster
722 623 838 680 domum
850 640 930 683 suam
984 632 1026 682 est
1044 623 1169 680 voluntas
1186 623 1254 694 Dei,
1272 621 1449 679 sanctificatio
1469 631 1572 691 vestra;
1588 631 1618 679 ut
1630 621 1791 680 abstineatis

127 711 250 770 custodit
275 722 416 782 armatus,
439 729 561 773 recessus
580 716 671 774 oordis
696 718 737 774 sui
762 719 814 775 Dei
831 718 931 777 timore
985 733 1049 787 ros,
1062 717 1162 792 inquit,
1181 715 1407 786 alornicatione,
1431 719 1443 751 ⁰
1461 724 1492 773 ut
1513 715 1583 773 sciat
1601 716 1789 791 unnsquisque

126 805 332 878 communiens,
355 807 383 864 in
405 823 469 880 pace
492 808 545 865 erit
573 810 665 866 omnis
695 811 846 869 substantia
872 813 931 887 eius
985 820 1105 869 vestmm
1119 826 1257 869 vassuum
1271 809 1409 885 possidere
1422 810 1449 867 in
1464 808 1679 868 sanctificatione
1692 817 1719 866 et
1734 809 1789 867 ho·

126 903 202 971 (buc.
219 900 261 973 xx)
280 920 287 955 ι
305 901 332 958 id
347 908 400 969 est,
412 900 599 960 emolumenta
620 903 745 962 lahomm
765 921 797 962 ac
816 906 932 965 virtutes
984 921 1063 976 nore,
1083 922 1138 962 non
1153 906 1180 961 in
1193 905 1320 977 passione
1334 903 1477 974 desiderii,
1491 903 1563 961 sicut
1576 912 1603 960 et
1618 891 1711 977 gentes
1726 919 1789 978 quae

126 994 209 1068 longo
225 1003 351 1067 tempore
365 995 537 1068 conquisita.
557 998 585 1054 Si
603 1006 695 1055 autem
716 999 815 1056 tortior
833 1017 930 1074 super·
985 999 1240 1072 ignorantDeum(l
1252 1001 1327 1055 Thes.
1338 996 1651 1071 xv).Videquihnseam
1662 997 1789 1056 laudibus

129 1088 243 1146 veniens
265 1088 363 1147 vicerit
380 1104 460 1158 eum,
482 1089 573 1158 idest,
597 1091 721 1150 diabolus
735 1094 931 1167 cogitationum
985 1100 1174 1167 prosequatur,
1191 1091 1323 1150 honorem
1336 1093 1421 1160 vasis,
1436 1092 1464 1149 id
1480 1099 1537 1161 est,
1548 1092 1671 1164 corporis
1684 1092 1785 1164 nostri,

127 1195 283 1252 consensu,
298 1198 377 1239 arma
399 1183 459 1254 ejus
477 1183 584 1256 diripiet
602 1185 629 1242 in
649 1186 747 1258 quibus
758 1189 931 1259 conlidehat,
985 1196 1012 1243 ct
1020 1185 1261 1244 sanctificationem
1271 1202 1332 1243 eam
1342 1186 1491 1259 appellans.
1504 1184 1600 1260 Igitur,
1612 1202 1626 1241 e
1638 1186 1787 1256 contrario,

126 1275 157 1333 id
177 1285 234 1343 est,
249 1275 415 1332 memoriam
429 1276 649 1349 scripturarum,
664 1279 705 1336 ael
719 1280 848 1338 timorem
862 1282 929 1351 Dei,
983 1279 1030 1353 qui
1046 1281 1075 1336 in
1090 1278 1216 1353 passione
1227 1277 1353 1336 desiderii
1366 1286 1423 1348 est,
1439 1277 1468 1334 in
1483 1276 1630 1351 ignominia
1645 1286 1673 1333 et
1692 1279 1720 1333 in
1734 1279 1788 1334 im-

127 1376 157 1427 et
168 1369 255 1442 spolia
267 1369 328 1444 ejus
346 1368 464 1439 dividet,
485 1370 617 1427 virtutum
640 1372 744 1432 scilieet
764 1375 861 1432 merita
881 1391 930 1448 per
984 1372 1117 1429 munditia
1128 1371 1262 1442 consistit,
1277 1381 1306 1430 et
1319 1371 1421 1429 alienus
1435 1387 1451 1427 a
1463 1370 1676 1428 sanctificatione
1690 1386 1787 1428 versa·

126 1462 264 1520 contraria
277 1462 340 1520 vitia
354 1476 470 1534 quaeque
482 1460 649 1537 dispergens.
984 1474 1038 1522 tur.
1056 1467 1148 1523 Tertio
1161 1481 1270 1540 quoqne
1290 1473 1351 1538 pust
1363 1482 1448 1539 pauca
1462 1463 1554 1533 infert,
1569 1479 1665 1521 rursus
1682 1465 1786 1521 sancti·

424 1573 546 1631 CAPUT
559 1575 636 1631 xlv,
984 1563 1105 1618 moniam
1129 1576 1189 1617 eam
1215 1561 1402 1634 pronuntians.
1429 1562 1491 1617 Non
1517 1559 1591 1617 enim
1613 1559 1719 1615 vocavit
1734 1573 1788 1615 nos
1848 1556 1852 1565 '
1888 1552 1892 1558 ’

126 1664 205 1734 Quod
218 1681 272 1721 non
296 1665 404 1722 laudm
424 1666 579 1723 studeamus
605 1672 694 1723 gwere
712 1673 862 1734 capessatis,
883 1672 931 1727 ,gd
984 1656 1059 1711 Dens
1074 1654 1102 1710 in
1123 1652 1337 1723 immunditiam,
1354 1654 1405 1711 sed
1418 1654 1446 1710 in
1457 1653 1710 1711 sanctificationem.
1728 1656 1789 1710 lta·

122 1734 132 1755 ⁹
353 1738 482 1805 effectum
493 1739 552 1808 llll
565 1755 704 1809 We·
943 1743 967 1807 B
983 1765 1036 1822 que
1061 1751 1108 1823 qui
1132 1751 1190 1808 haec
1215 1752 1333 1824 spernit,
1357 1768 1415 1809 non
1436 1750 1577 1808 bominem
1593 1751 1714 1823 spernit,
1741 1749 1788 1806 sed

162 1841 198 1896 Et
212 1848 245 1897 ut
257 1848 356 1897 cuncta
376 1849 546 1912 praeteream,
567 1857 629 1914 quar
647 1841 676 1898 in
692 1843 793 1899 sanctis
805 1845 928 1917 Scriptu-
984 1847 1090 1915 Deum,
1106 1847 1152 1918 qui
1173 1846 1256 1903 etiam
1279 1844 1356 1904 dedit
1373 1846 1505 1919 Spiritum
1519 1861 1603 1903 sunm
1615 1853 1742 1903 sanctum
1761 1844 1788 1900 in

125 1935 165 1992 xis
177 1935 215 1993 ob
229 1935 338 1992 laudem
351 1934 460 1992 rimatis
474 1935 557 2008 huius
573 1935 673 1992 inserta
692 1945 756 1993 suut
768 1939 839 2005 (non
855 1939 930 1996 enim
983 1937 1064 1992 nobis
1082 1939 1217 2007 (Ibidem).
1229 1938 1432 1995 Auctoritatem
1449 1947 1586 2011 praecepto
1600 1954 1650 1994 suo
1668 1936 1788 2023 invigla-

126 2027 197 2085 mihi
219 2027 388 2100 propositum
406 2037 448 2084 est
469 2027 579 2086 laudem
600 2037 693 2087 texere
717 2031 864 2102 castitatis,
883 2031 931 2090 sed
985 2029 1065 2085 bilem
1075 2030 1179 2103 junxit,
1193 2031 1312 2101 dicensj:
1334 2033 1386 2105 Qui
1409 2032 1467 2088 haec
1480 2032 1600 2104 spernit,
1619 2031 1646 2088 id
1662 2040 1712 2099 est,
1726 2046 1788 2102 qcae

126 2119 164 2178 de
176 2119 305 2193 qualitate
325 2120 434 2193 ispsius,
455 2121 496 2177 vel
516 2121 739 2194 quemadmoduu
762 2124 865 2196 acquiri
888 2124 930 2181 sel
985 2125 1019 2180 de
1030 2125 1209 2182 sanchmonia
1223 2117 1352 2198 praelatus
1365 2141 1438 2193 sum,
1449 2141 1505 2182 non
1520 2124 1661 2181 hominem
1673 2125 1787 2197 spernit,

127 2213 262 2270 custodiri
276 2212 382 2282 debeat,
397 2215 477 2286 quive
495 2216 529 2272 sit
544 2215 685 2290 nunejus,
709 2220 821 2275 Patrum
843 2219 931 2277 tradi-
984 2217 1037 2274 hoc
1050 2226 1101 2286 est,
1115 2235 1161 2276 me
1172 2220 1219 2292 qui
1236 2219 1297 2276 haec
1312 2219 1451 2291 praccipio,
1466 2217 1513 2275 sed
1526 2220 1626 2284 Deum,
1641 2216 1728 2288 quiin
1743 2231 1788 2273 me

129 2306 251 2364 tionibus
262 2306 426 2381 explicare),
442 2325 524 2365 unam
537 2310 730 2368 tantummodo
744 2326 844 2384 ponam
857 2312 930 2370 beati
983 2311 1112 2383 loquitur,
1130 2312 1178 2385 qui
1193 2312 1275 2368 ctiam
1296 2313 1407 2384 Spiritui
1422 2326 1474 2369 suo
1488 2319 1584 2368 sancto
1597 2324 1645 2366 cor
1659 2318 1786 2366 nostrum

114 2387 207 2459 'Pauli
218 2403 333 2475 apostoli
345 2404 520 2474 sententiam,
536 2420 597 2476 quaa
610 2414 700 2478 pateat
715 2405 829 2477 qualiter
843 2406 927 2476 illam,
984 2404 1168 2463 habitaculum
1181 2406 1330 2478 deputavit.
1346 2406 1440 2464 Cernis
1460 2403 1631 2477 simplicibus
1650 2402 1788 2459 verbisne

127 2496 570 2568 Thessalonicensibnsscribens,
591 2510 604 2535 ⁸
620 2500 764 2558 virtuthus
779 2501 929 2572 praetulerit
982 2499 1056 2571 puris
1070 2499 1168 2571 quibus
1179 2514 1240 2557 eam
1252 2498 1398 2572 praeconiis
1409 2497 1572 2571 quantisque
1584 2496 1711 2553 extulerit
1727 2496 1784 2552 lau·

123 2591 270 2663 universis,
282 2592 332 2651 tali
345 2608 407 2650 eam
420 2593 493 2650 serbi
507 2594 649 2651 nobilitate
661 2594 866 2654 commendans.
981 2593 1072 2665 dibus,
1091 2595 1209 2666 primum
1223 2596 1315 2652 virtuti
1336 2594 1400 2651 huic
1418 2594 1661 2650 sanctificationem
1676 2590 1784 2665 proprie

428 2703 548 2760 cgpppp
560 2704 623 2760 xp,
981 2686 1141 2757 tribuend03
1155 2686 1255 2745 deinde
1272 2703 1320 2760 per
1333 2687 1406 2744 hanc
1419 2701 1542 2744 asserens
1559 2701 1605 2742 vas
1618 2687 1705 2743 nostri
1720 2701 1782 2742 cer·

122 2791 635 2863 despoesapsserfflstggsgquugap
645 2795 772 2864 Apostolo
783 2799 927 2853 sancum.
983 2780 1100 2852 porisab
1111 2780 1285 2838 immunditia
1295 2780 1464 2838 liberandum
1473 2799 1481 2848 ς
1491 2779 1572 2836 tertio
1581 2778 1665 2850 quod,
1678 2779 1782 2851 abiecta

409 2868 456 2920 nio
470 2871 646 2937 reuacupetmn
982 2874 1129 2946 ignominia
1142 2882 1170 2930 et
1186 2873 1360 2942 contumelia,
1375 2872 1402 2930 in
1420 2873 1524 2930 honore
1537 2873 1574 2930 sit
1587 2882 1614 2929 et
1631 2872 1783 2930 sanctifica·

160 2967 228 3023 llaec
241 2975 299 3037 est,
314 2967 417 3040 inquit,
431 2967 559 3026 voluntas
572 2969 624 3026 Dei
635 2969 815 3027 sanctificatio
828 2978 925 3027 vestra.
981 2968 1055 3024 hone
1069 2983 1246 3037 mansurum
1258 2977 1407 3040 postremo,
1418 2983 1479 3040 quac
1492 2982 1601 3024 summa
1611 2975 1653 3024 est
1666 2965 1781 3038 perlecti

122 3058 160 3114 m
170 3073 206 3115 ne
223 3056 296 3116 forte
313 3057 426 3116 dubium
439 3061 518 3117 nobis
530 3060 693 3134 relinqueret
706 3063 747 3118 vel
759 3062 925 3133 obscurum,
980 3063 1085 3136 praemii
1098 3079 1129 3120 ac
1147 3062 1324 3120 beatitudinis
1341 3063 1543 3130 remuneratio,
1557 3077 1604 3133 per
1623 3061 1693 3118 hanc
1704 3060 1783 3118 habi·

124 3151 258 3223 quidnam
272 3152 516 3210 sanctificationem
530 3153 645 3211 voluerit
664 3154 813 3227 appellare,
831 3164 925 3213 utrum
939 3175 962 3239 g
980 3165 1096 3214 tutorem
1108 3157 1225 3230 pectoris
1237 3157 1337 3216 nostris
1351 3165 1479 3215 sanctum
1491 3154 1550 3213 lore
1561 3155 1695 3230 Spiritum
1711 3154 1782 3214 desi-

123 3243 269 3316 jostitiam,
281 3262 316 3303 an
327 3246 498 3317 charitatem,
510 3262 547 3305 an
560 3247 752 3317 humilitatem,
769 3264 804 3304 an
818 3248 925 3323 patien-
980 3252 1083 3324 gnarit.

672 3387 799 3442 Anxani
819 3389 931 3445 GhZAEl
950 3387 1230 3447 COMMENTARIUS.

125 3509 207 3563 tract.
223 3512 259 3565 29
272 3511 302 3563 in
316 3510 411 3579 diepal.
428 3515 460 3567 ll.
477 3510 574 3567 bened.
591 3526 613 3566 e.
630 3513 684 3582 tt).
700 3513 786 3567 Porro
799 3511 840 3567 his
856 3510 929 3568 duo·
981 3511 1033 3568 hoc
1045 3512 1105 3569 loco
1116 3510 1151 3574 ab
1162 3513 1295 3584 Apostolo
1308 3527 1357 3584 pro
1372 3510 1474 3584 privata
1487 3519 1514 3567 et
1526 3510 1652 3584 peculiari
1672 3510 1779 3579 virtute,

125 3575 177 3634 hus
189 3578 320 3635 remediis
330 3579 392 3636 addi
401 3589 489 3652 potest
498 3592 526 3637 et
538 3581 755 3650 tertium,immo
765 3583 884 3653 primum
896 3598 929 3639 ao
982 3583 1098 3641 luxuriae
1114 3584 1250 3640 contraria
1261 3604 1268 3650 ς
1281 3599 1379 3655 nempe
1393 3585 1518 3640 castitate
1531 3582 1615 3654 accipi
1635 3583 1701 3638 satis
1715 3598 1781 3653 pro·

125 3649 309 3721 precipuum,
326 3649 400 3721 qnod
411 3659 451 3731 'et
469 3653 613 3707 &misano
631 3651 673 3709 his
693 3653 780 3709 verbis
795 3654 928 3722 expressit
981 3654 1109 3711 habiliter
1121 3655 1240 3711 ostendit
1256 3656 1399 3712 Cassianus
1410 3654 1509 3726 duplici
1529 3663 1690 3727 argumento
1709 3674 1715 3706 :
1730 3651 1781 3734 pri·

125 3720 225 3787 (btfro,
242 3737 302 3792 cop.
319 3727 352 3778 23
367 3722 534 3791 hepaclide.)
551 3743 559 3778 ι
578 3725 706 3780 Sibeum
724 3726 929 3781 aonsolumse·
982 3741 1028 3781 mo
1059 3726 1101 3781 nia
1118 3727 1211 3782 subdit
1222 3728 1371 3796 Apostolus
1384 3726 1457 3783 velut
1469 3726 1657 3797 explicationis
1671 3734 1778 3798 gratia:

124 3795 257 3872 prelorum
265 3797 373 3847 actuum
380 3798 538 3857 nostrorum,
549 3798 730 3851 verumetiam
737 3798 928 3864 cogitationum
985 3799 1019 3853 a't
1032 3742 1188 3852 abstineatis
1200 3812 1244 3852 eos
1255 3815 1272 3853 o
1284 3799 1471 3865 fonticotimee,
1482 3802 1512 3852 ot
1522 3799 1590 3851 scmt
1600 3798 1782 3863 ortusqm'sqcc

125 3864 929 3936 mmmmmdioraumporiteraoctamamqueinspecturos
980 3873 1098 3923 restrum
1111 3884 1158 3923 uos
1171 3884 1250 3923 suum
1259 3870 1394 3938 possidere
1409 3871 1437 3923 ιἰι
1446 3868 1655 3934 soreetifieutiouc
1664 3870 1690 3919 ct
1702 3865 1782 3918 laesio·

123 3946 179 3988 csse
197 3939 223 3990 et
235 3936 372 3989 conscium
387 3938 545 4004 cogitemus,
570 3953 601 3990 oc
612 3952 664 4006 pro
685 3937 808 3991 omatibus
823 3954 884 4007 qooe
896 3939 927 3992 in
980 3955 1019 4001 re,
1035 3947 1104 4006 etc.;
1122 3939 1221 4009 quibus
1235 3939 1324 3995 verbis
1334 3947 1427 4009 aperte
1448 3936 1549 3992 indicat
1567 3933 1594 3987 in
1615 3948 1670 4002 quo
1693 3932 1780 3987 consi·

124 4008 212 4060 nostro
234 4005 310 4060 corde
329 4010 482 4070 vesanior,
504 4009 572 4062 sicut
613 4022 641 4060 m
664 4009 744 4073 tactis
760 4009 785 4060 et
804 4008 927 4076 opertus
980 4016 1035 4063 stat
1047 4008 1090 4065 illa
1106 4009 1296 4077 sanctificatio,
1311 4024 1411 4079 nempe
1423 4009 1448 4062 in
1459 4002 1620 4062 abstinendo
1637 4001 1781 4084 alornica·

124 4078 238 4139 aaron,
262 4079 393 4132 rotheem
411 4093 458 4133 nos
483 4080 508 4132 ei
530 4093 559 4131 re
598 4079 684 4132 ituros
704 4091 758 4131 esse
775 4077 925 4133 credamus.
980 4078 1072 4145 tione,
1096 4087 1168 4145 ete,
1190 4079 1265 4150 qnod
1287 4088 1329 4135 est
1350 4079 1491 4148 proprium
1511 4088 1613 4130 munus
1633 4073 1779 4143 castitatum

125 4144 208 4202 Plura
222 4146 273 4203 hae
281 4147 316 4203 de
329 4164 358 4204 re
369 4147 493 4217 inferius,
504 4146 539 4203 ad
550 4163 609 4219 cap.
624 4152 668 4202 tt.
982 4146 1102 4203 secundo
1116 4149 1178 4219 quia
1190 4148 1269 4218 paulo
1280 4155 1343 4218 post
1352 4147 1434 4201 etism
1446 4163 1494 4217 pro
1506 4142 1611 4200 ratione
1620 4142 1760 4269 subjungit
1772 4163 1778 4199 :

160 4225 173 4253 ⁸
192 4219 256 4273 Non
273 4219 431 4290 simpliciter
450 4226 477 4275 et
494 4219 631 4284 absolute,
651 4217 699 4274 sed
718 4217 869 4274 secundum
882 4233 929 4274 ra·
981 4221 1041 4275 Non
1054 4221 1124 4272 carim
1137 4220 1240 4272 vocarit
1256 4233 1302 4272 reos
1322 4220 1391 4272 Deus
1406 4220 1435 4271 iu
1454 4215 1669 4277 immunditiam,
1687 4230 1714 4269 se
1752 4217 1782 4269 eir

126 4284 215 4345 tiones
235 4296 263 4345 et
275 4291 467 4360 praerogativas
488 4305 555 4372 quas
574 4289 695 4362 sequenti
709 4290 795 4359 capite
807 4288 926 4361 exponit.
981 4290 1226 4358 sarectificotioaem.
1252 4292 1311 4359 Qua
1333 4287 1460 4344 antithesi
1485 4285 1586 4343 indicat
1609 4285 1780 4343 sanctitatem

125 4357 235 4415 liabent
248 4359 324 4416 enim
348 4360 461 4433 singulm
476 4368 588 4417 armates
607 4360 729 4432 proprias
749 4360 928 4417 excellentias
980 4359 1081 4441 opponi
1096 4358 1290 4425 immunditiae,
1307 4358 1427 4430 nihilque
1440 4356 1512 4416 aliud
1529 4373 1588 4414 esse
1606 4372 1688 4430 quam
1703 4373 1783 4415 mun-

122 4427 296 4486 discrsorum
310 4447 457 4506 generum,
473 4432 572 4502 quibus
591 4447 620 4488 se
634 4440 729 4487 mutuo
746 4432 879 4488 excedant
899 4439 928 4489 et
980 4430 1074 4487 ditiam
1088 4429 1189 4498 cordis,
1202 4431 1237 4488 de
1249 4447 1302 4504 qua
1316 4428 1396 4486 inlra.

122 4499 309 4567 exceduntnr;
331 4518 386 4573 quo
414 4503 444 4558 lit
467 4510 499 4558 ut
527 4516 589 4576 quae
617 4517 670 4557 nna
692 4502 798 4559 ratione
821 4503 927 4560 uidetur
1015 4501 1163 4572 ο(ὶιιιιίιιιιι
1178 4503 1247 4559 vasis
1260 4503 1371 4558 nomine
1387 4501 1541 4575 intelligunt
1555 4515 1669 4557 uxorem
1688 4500 1781 4573 eujus-

122 4573 308 4641 praestantior,
330 4573 413 4629 altera
427 4574 531 4629 ratione
554 4575 590 4630 sit
609 4572 730 4628 interior.
754 4575 848 4630 Posset
861 4574 924 4645 qui·
978 4589 1042 4644 que,
1057 4589 1103 4629 seu
1118 4588 1218 4646 corpus
1231 4574 1326 4630 uxoris
1339 4575 1467 4643 (saepest.
1491 4573 1524 4628 de
1537 4576 1620 4643 Napi.
1640 4577 1665 4627 et
1679 4573 1782 4627 Correo·

121 4641 187 4697 dem
211 4658 244 4699 ex
271 4646 307 4700 D.
332 4645 440 4700 Thoma
460 4644 538 4700 aliter
560 4643 668 4714 exponi.
690 4646 761 4700 Nam
779 4645 924 4716 propositae
975 4647 1044 4715 pise.
1060 4661 1083 4699 o.
1097 4648 1125 4709 8)
1141 4666 1146 4700 :
1161 4661 1211 4717 pro
1225 4646 1324 4717 quibus
1338 4643 1404 4700 iacit
1417 4645 1493 4700 locus
1507 4644 1570 4699 huic
1586 4641 1662 4698 valde
1674 4642 1780 4709 similis,

119 4713 269 4784 clamationi
287 4733 294 4769 :
318 4719 413 4772 Utrum
432 4719 574 4785 salpinates
587 4717 624 4770 sil
638 4717 760 4769 mumma
772 4718 925 4771 uirtutum?
979 4718 991 4770 l
1006 4716 1076 4772 Petri
1092 4731 1127 4772 ιιι
1147 4735 1153 4771 :
1168 4719 1253 4785 Quasi
1269 4718 1413 4786 iiaprmtirri
1424 4717 1530 4770 soeculo
1543 4713 1670 4768 muliebri
1681 4714 1782 4779 imper·

204 4781 353 4853 ndet(2·2,
367 4803 394 4856 q.
409 4792 470 4853 152,
483 4791 537 4842 ort.
552 4790 579 4853 5)
590 4801 648 4841 esse
658 4784 922 4859 excellentissimam,
938 4807 964 4870 D
979 4791 1072 4843 laertes
1087 4788 1222 4843 horrorem.
1238 4787 1301 4856 Alii,
1316 4787 1387 4842 inter
1400 4800 1469 4857 quos
1482 4783 1637 4862 Cassianus,
1652 4780 1784 4860 interpre-

119 4868 152 4911 sc
193 4854 222 4910 in
243 4871 342 4928 genere
366 4858 518 4921 eastitatis,
541 4858 606 4926 qaia
624 4857 806 4920 tromcmdit,
822 4856 923 4928 inquit,
979 4866 1071 4914 tantur
1086 4858 1225 4928 proprium
1241 4857 1372 4927 cepasque
1384 4869 1492 4924 corpus.
1506 4854 1550 4907 Sic
1566 4866 1638 4906 enlm
1650 4858 1781 4921 accipitur

120 4928 276 4997 metientem
284 4929 452 4983 vidualemet
463 4928 643 4998 conjugalem
654 4942 706 4997 qna
714 4927 816 4982 ratione
828 4930 924 5053 ucl-
979 4929 991 4982 l
1004 4931 1110 4999 Regum
1120 4941 1177 4982 xxr
1190 4948 1196 4982 ι
1209 4929 1244 4982 Et
1255 4930 1367 5007 sumant
1378 4941 1444 4979 euersa
1450 4938 1595 5003 puerorum
1606 4924 1714 4986 sormto3
1726 4936 1781 4992 quo

119 4997 237 5069 prianns
250 5000 317 5063 (bib.
333 4999 367 5055 de
385 4999 544 5069 l'e'rpinito.)
562 5005 640 5054 vocat
656 5011 716 5052 eam
731 4999 823 5065 liorem
844 5015 884 5054 ecc
895 5015 923 5056 e·
979 4998 1062 5053 etiam
1076 4997 1158 5053 niodo
1175 5005 1312 5067 exponunt
1326 4995 1390 5051 stud
1406 4996 1432 5049 ll
1444 4992 1567 5050 corinth.
1582 5007 1614 5048 av
1628 5010 1635 5048 :
1648 4993 1781 5049 Habentes

119 5070 229 5124 saccom
235 5072 373 5138 perminis,
380 5071 457 5126 meac
466 5071 789 5136 etorsammtumprotioe
798 5071 926 5138 apiritm·
980 5069 1135 5124 thesauram
1147 5070 1229 5122 utum
1242 5069 1270 5121 ia
1283 5068 1355 5122 cosm
1369 5066 1505 5137 fictilibus,
1521 5064 1547 5121 id
1558 5072 1611 5130 est,
1622 5061 1712 5137 fragili
1727 5065 1779 5121 lroc

120 5139 167 5204 lis,
185 5140 361 5196 illustriorem
423 5145 520 5196 tionem
532 5142 620 5210 propia
631 5140 740 5201 Garuli,
756 5147 784 5195 at
796 5155 851 5195 non
866 5156 926 5198 esse
979 5154 1107 5210 corpore3
1124 5153 1186 5209 qnae
1197 5137 1307 5210 quidem
1324 5138 1457 5210 expositio
1475 5136 1643 5208 plausibilior
1658 5143 1780 5208 apparet.

119 5209 284 5282 simpliciter
297 5213 372 5268 excel
384 5212 565 5279 entissimam,
580 5226 644 5267 cnm
658 5218 764 5266 constet
775 5225 826 5266 nec
840 5211 923 5268 virtu·
980 5217 1041 5266 tum
1060 5209 1134 5282 quod
1155 5208 1287 5265 sententia
1313 5209 1436 5281 apostoli
1452 5207 1583 5281 generalis
1595 5208 1646 5275 sit,
1657 5216 1781 5278 spectans

119 5280 197 5338 tibus
215 5280 395 5356 theologicis,
413 5299 463 5339 nec
479 5281 617 5354 religioni,
634 5296 684 5337 nec
701 5282 832 5354 martyrio
848 5298 927 5353 posse
979 5297 1077 5338 omnes
1097 5280 1204 5349 lideles,
1218 5296 1274 5336 nou
1294 5281 1386 5338 solum
1404 5286 1545 5349 uxoratos,
1560 5288 1620 5335 tum
1634 5278 1707 5361 quod
1723 5276 1782 5334 haee

117 5352 293 5478 aequiparari,
311 5354 414 5410 nedum
434 5353 565 5426 praeferri.
580 5355 683 5410 Verum
701 5351 774 5424 prior
792 5353 927 5424 expositio
981 5353 1181 5424 paraphrastice
1200 5352 1291 5409 addita
1304 5352 1448 5409 uideantur
1467 5350 1501 5406 ad
1521 5350 1730 5432 explicationem
1754 5356 1782 5404 ct

121 5421 187 5479 hnic
206 5438 258 5480 oco
272 5433 300 5481 et
312 5425 397 5481 menti
410 5425 538 5483 Auctoris
557 5424 646 5500 magis
658 5423 793 5497 congruit,
810 5433 841 5481 ut
855 5432 929 5498 patet
980 5425 1190 5481 declarationem
1208 5423 1432 5497 precedentium.
1458 5421 1600 5479 Possidere
1624 5437 1698 5477 enim
1717 5434 1781 5489 vas,

10 5486 20 5509 '
122 5491 253 5551 intuenti.
982 5496 1035 5553 hoc
1050 5504 1109 5562 est,
1122 5511 1222 5568 corpus
1237 5511 1333 5559 suum,
1346 5495 1375 5550 in
1394 5493 1609 5552 sanctificatione
1620 5502 1647 5548 et
1661 5491 1781 5555 honore,

157 5557 173 5598 Β
193 5566 390 5636 Sanctificatio,
411 5568 508 5624 Graece
531 5566 670 5638 ἁγιασμὸς,
700 5582 749 5639 pro
772 5567 927 5636 sanctitate,
980 5568 1045 5623 rrilril
1059 5568 1132 5624 aliud
1145 5577 1185 5624 est
1195 5582 1279 5638 quam
1297 5563 1652 5622 abstinerealornicatione
1661 5571 1690 5618 et
1704 5559 1780 5641 omni

119 5635 180 5692 siue
193 5637 385 5704 sanctimonia,
400 5638 472 5694 sieut
487 5637 685 5709 etjustihcatio
702 5654 752 5710 pro
763 5640 869 5711 justitia
882 5654 928 5695 sn·
981 5639 1073 5696 illicita
1092 5643 1247 5712 uoluptate,
1271 5652 1438 5709 omnemque
1466 5637 1555 5692 carnis
1576 5632 1779 5711 immunditiam

122 5707 217 5762 mitur.
233 5709 364 5789 Quamvis
381 5724 444 5764 vero
465 5709 594 5766 sanctitas
613 5725 663 5782 pro
678 5711 753 5768 omni
770 5711 867 5767 virtute
880 5726 928 5767 seu
981 5709 1117 5782 deuitare,
1133 5710 1205 5784 qnod
1217 5709 1346 5768 castitatis
1362 5708 1503 5783 proprium
1520 5722 1578 5765 esse
1592 5720 1675 5763 nemo
1689 5700 1777 5759 ambr-

118 5779 311 5851 complexione
324 5780 460 5837 virtutum
481 5779 641 5853 plerumque
657 5781 816 5854 accipiatur,
835 5789 928 5838 tamen
982 5781 1031 5855 gir.
