3848 6158
128 218 180 273 281
384 217 428 273 Dll
446 215 685 275 eoertomoauu
704 215 826 272 tn'sttt.
845 216 908 272 tte.
929 217 976 274 Vl.
993 247 1031 261 -
1048 220 1093 276 DE
1111 221 1246 281 SPllll'l'U
1267 224 1540 285 resultationis.
1732 233 1786 289 282

129 342 168 399 tia
192 341 325 413 temporis
351 342 548 413 precedentis,
572 351 600 399 et
624 339 810 398 manifestatio
837 342 928 400 morbi
941 348 969 411 Α
982 360 1164 421 cognoscens,
1190 351 1245 408 illic
1267 368 1362 409 curam
1386 353 1513 413 adhibuit
1535 355 1786 427 medicinae,†unde

130 434 244 490 latentis
256 433 432 500 intrinsecus,
456 450 538 508 quem
552 450 608 491 non
622 434 747 506 primitus
758 435 848 492 noetis
862 436 930 494 bora
984 455 1081 500 musas
1095 443 1186 501 morbi
1200 445 1384 519 principaliter
1395 458 1509 506 noverat
1522 465 1651 507 emanere
1666 472 1672 506 :
1687 455 1700 484 ²
1716 452 1785 523 Qui·

129 527 278 601 parturiit,
296 527 344 584 sed
365 528 470 585 intimis
490 529 591 585 animm
610 527 780 586 reconditum
798 528 876 588 fibris
896 531 932 590 ad
984 550 1111 608 cumque,
1126 538 1262 608 inquiens,
1275 540 1532 599 rideritmulierem
1543 541 1578 599 ad
1592 544 1785 615 concupiscen-

130 623 204 679 cutis
215 620 385 693 superficiem
398 622 490 679 mmai
502 616 801 694 relectioneprdduxit,
813 639 932 697 argtmm
984 627 1053 685 dum
1078 643 1157 698 eam,
1173 629 1234 703 jam
1254 632 1409 691 moechatus
1428 642 1470 690 est
1490 650 1553 691 eam
1574 636 1603 691 in
1625 634 1708 692 corde
1733 651 1785 693 suo

130 715 253 773 occultas
264 723 385 772 aestuum
396 713 497 784 febres,
507 729 574 788 quas
585 731 632 788 per
644 724 736 774 totum
749 716 801 774 diei
813 719 931 792 spatium
988 719 1097 793 (diutili.
1112 722 1159 792 v).
1175 716 1189 755 ¹³
1202 724 1357 782 Petulantes
1371 726 1465 783 oculos
1479 736 1591 795 notans,
1605 743 1661 785 non
1672 736 1728 785 tam
1738 744 1786 786 eos

130 811 223 868 noxiis
238 810 451 883 cogitationibus
475 810 545 882 pasti
560 811 748 868 contraximus
771 819 824 869 :ut
844 814 933 870 solent
985 815 1088 888 arguit,
1107 833 1191 889 quain
1214 817 1293 874 illuni
1314 818 1474 877 interiorem
1487 835 1618 888 sensum,
1631 821 1678 893 qui
1694 820 1785 878 cilicio

131 904 215 964 malae
230 919 339 977 quoque
360 902 530 961 valetudines
550 919 699 977 corporum
720 920 779 962 non
792 921 824 963 ea
842 905 932 978 colligi
986 922 1082 965 eorum
1104 908 1177 966 male
1191 911 1278 968 utitur
1300 910 1335 967 sd
1359 911 1516 970 videndum.
1537 915 1725 986 cornumque
1742 922 1786 971 est

132 1001 295 1066 tempestate
307 992 336 1048 in
355 1007 407 1065 qua
423 990 550 1049 ridentur
564 1008 718 1066 emergere,
734 993 783 1050 sed
796 993 933 1068 negligen-
985 1016 1091 1075 aegrum
1104 1013 1131 1060 et
1142 1004 1264 1061 saucium
1273 1004 1391 1062 libidinis
1402 1008 1459 1064 telo
1470 1007 1543 1079 quod
1552 1007 1586 1064 ad
1597 1009 1785 1080 concupiscam

132 1090 171 1147 tia
194 1097 260 1146 sunt
281 1087 417 1160 preteriti
439 1089 572 1160 temporis
589 1088 742 1160 acquisitae,
760 1104 816 1160 quo
840 1098 934 1162 pastus
986 1095 1054 1152 dum
1082 1094 1181 1154 ridet:
1202 1097 1366 1155 beoelicium
1396 1101 1515 1158 intuitus
1540 1110 1614 1159 recte
1636 1102 1748 1160 sibimet
1769 1118 1784 1159 a

132 1182 193 1255 quis
215 1180 406 1253 imprudenter
425 1180 495 1237 escis
511 1180 594 1237 saluti
608 1181 753 1239 contrariis
775 1182 872 1241 noxios
884 1184 933 1242 bu·
986 1197 1108 1247 creatore
1119 1205 1293 1261 concessum,
1313 1208 1364 1249 suo
1379 1195 1446 1249 vitio
1459 1193 1493 1250 ad
1506 1209 1622 1266 operum
1636 1212 1785 1267 pravorum

133 1291 225 1334 mores
239 1275 363 1342 sibimet,
385 1272 552 1345 lethalesque
563 1275 714 1332 contradi·
986 1284 1136 1342 ministeria
1149 1294 1347 1359 contorquens,
1363 1295 1390 1346 et
1401 1288 1429 1345 in
1446 1289 1595 1360 semetipso
1611 1289 1784 1346 reconditum

418 1411 538 1469 CAPUT
555 1413 619 1467 m
988 1379 1215 1450 concupiscentiae
1237 1380 1368 1437 morbum
1386 1381 1624 1454 contemplationis
1641 1382 1786 1440 occasione

987 1470 1150 1542 producens.
1174 1474 1281 1532 idcirco
1302 1490 1367 1548 ergo
1394 1475 1458 1532 huic
1488 1475 1645 1548 precipitur
1667 1475 1786 1532 salutare

851 1551 933 1615 dliii
986 1565 1161 1637 mandatum,
1176 1568 1256 1641 cujus
1268 1569 1334 1625 vitio
1349 1569 1485 1641 pessimus
1496 1569 1611 1642 languor
1621 1567 1694 1626 visus
1707 1584 1786 1625 occa·

984 1658 1063 1716 sione
1080 1648 1212 1732 procedit·
1237 1665 1299 1721 Non
1320 1663 1394 1719 enim
1413 1663 1523 1732 dicitur,
1550 1664 1634 1721 Omni
1662 1662 1785 1720 custodia

168 1743 289 1817 ldeoque
298 1742 411 1799 liumani
424 1743 529 1816 generis
542 1751 649 1801 creator
662 1753 689 1801 et
703 1744 831 1803 conditor
841 1748 926 1816 Deus,
942 1764 967 1827 Β
985 1768 1062 1811 serra
1072 1757 1167 1812 oculos
1178 1764 1260 1826 tuos,
1272 1772 1343 1829 quos
1358 1757 1452 1829 utique
1465 1759 1589 1830 oportuit
1601 1758 1785 1829 principaliter

138 1841 236 1915 opilieii
251 1842 295 1897 sui
310 1848 438 1896 naturam
451 1856 507 1913 prae
520 1841 648 1899 omnibus
662 1842 934 1916 emendationemque
986 1847 1128 1918 custodiri,
1147 1849 1169 1910 si
1181 1865 1212 1906 ex
1221 1850 1523 1923 ipsisconcupisceotiae
1534 1851 1642 1924 prodire
1655 1849 1783 1917 ellectum

679 1969 807 2024 Atanbt
826 1968 939 2025 GAZAEI
957 1970 1237 2031 conumeratus.

137 2089 296 2146 eomuetudo
306 2104 365 2144 men
376 2090 450 2160 ptuit,
461 2093 487 2143 ct
500 2092 640 2145 occorrsant
648 2090 725 2154 milii,
737 2090 868 2160 uigilanti
875 2094 937 2161 qui·
991 2098 1031 2149 est
1041 2114 1050 2160 ς
1062 2095 1088 2151 si
1095 2111 1157 2151 uero
1167 2096 1338 2157 consenserit,
1351 2099 1376 2150 et
1385 2095 1418 2149 dc
1429 2097 1588 2164 cogitatione
1601 2097 1734 2162 affectum
1746 2095 1786 2162 (e-

136 2160 445 2223 demcurentesoirilius,
455 2162 485 2214 in
496 2163 843 2217 sornriisautemnousolum
852 2178 937 2233 usque
990 2167 1067 2228 cerii,
1083 2167 1117 2222 de
1124 2169 1298 2236 propassione
1312 2168 1442 2221 transicit
1460 2166 1497 2219 ud
1507 2168 1668 2235 pressiones,
1684 2171 1709 2219 ct
1724 2167 1786 2218 liuic

137 2231 172 2287 od
186 2231 403 2294 camuranam,
426 2231 565 2286 sedetiam
588 2247 673 2301 usque
690 2233 728 2286 ad
741 2236 936 2288 cornnuioncm
988 2251 1042 2290 non
1056 2239 1181 2293 coloritus
1193 2237 1323 2307 peccandi
1337 2237 1422 2299 deest,
1434 2237 1481 2291 sed
1497 2238 1608 2290 mensio.
1622 2237 1786 2304 Quicumque

138 2303 837 2372 factumquesimillimumdittuntumualetimagiuis
846 2305 936 2360 illusio
988 2309 1075 2376 igitur
1084 2309 1184 2363 uiderit
1194 2309 1335 2362 mulierem
1344 2307 1381 2361 ad
1394 2306 1640 2377 coricupiscendum,
1656 2305 1687 2358 id
1696 2309 1746 2366 est,
1760 2307 1787 2358 si

135 2375 261 2429 manime
271 2388 339 2436 mea,
348 2377 374 2428 et
385 2375 413 2427 iu
422 2388 500 2427 earne
513 2389 584 2435 meu,
597 2378 629 2427 ut
638 2374 782 2429 dormiendi
792 2375 866 2443 {alea
875 2378 934 2430 ursa
987 2381 1136 2447 asperent,
1147 2380 1362 2448 uiconcupiscut,
1372 2384 1403 2433 ut
1410 2379 1500 2445 [ucere
1510 2378 1647 2446 disperiet,
1657 2377 1708 2430 iste
1718 2378 1786 2429 recte

131 2444 312 2514 persuadeant
318 2444 391 2514 quod
399 2444 592 2513 uigilantioera
600 2458 652 2499 non
659 2450 781 2514 possunt.
792 2447 933 2516 Numquid
986 2448 1089 2504 dicitur
1104 2466 1163 2504 cam
1171 2450 1298 2504 mactari
1311 2451 1340 2505 iu
1351 2450 1429 2504 corde
1440 2464 1497 2504 sun
1513 2450 1548 2503 Ι).
1563 2462 1643 2518 porro
1657 2444 1787 2517 Augusti·

133 2519 192 2570 bruc
203 2530 250 2584 ego
260 2530 312 2569 non
323 2530 393 2582 sum,
404 2517 514 2569 Domine
529 2519 598 2571 Deus
610 2519 707 2570 meus?
720 2519 756 2572 nt
768 2521 857 2571 temeri
867 2523 930 2572 ten·
986 2533 1039 2574 nus
1060 2520 1088 2575 in
1103 2520 1206 2590 Regula
1223 2519 1260 2575 ita
1271 2535 1336 2576 suos
1349 2519 1460 2575 clericos
1470 2518 1619 2591 Regulares
1633 2518 1764 2572 admonet
1777 2535 1783 2571 ε

134 2588 185 2640 lum
198 2587 311 2640 interest
323 2588 395 2640 inter
409 2588 538 2655 meipsum
549 2591 575 2640 et
589 2589 733 2656 uuipsum,
744 2592 776 2641 ut
789 2590 862 2642 intra
877 2605 932 2643 rno-
987 2590 1065 2646 Oculi
1088 2594 1172 2646 eestri
1192 2593 1243 2646 etsi
1257 2590 1399 2658 juciaritur
1416 2594 1445 2644 in
1468 2592 1590 2659 aliquam
1606 2591 1781 2656 seruitiorum,

133 2661 247 2711 mentum
269 2671 322 2726 quo
340 2658 401 2711 binc
414 2656 452 2711 ad
468 2672 587 2781 soporem
603 2661 723 2721 transeo,
741 2659 784 2712 ecl
802 2660 851 2713 buc
869 2661 932 2715 iride
984 2663 1107 2729 figuntur
1118 2663 1149 2716 in
1159 2663 1272 2716 nullum.
1283 2663 1373 2730 Neque
1383 2664 1456 2715 enim
1466 2661 1575 2730 quando
1581 2659 1738 2729 proceditis,
1748 2660 1786 2726 se·

132 2731 275 2782 retranseo.
296 2728 393 2783 Ubiest
412 2731 474 2781 trine
485 2730 496 2781 i
507 2728 533 2781 la
545 2730 627 2791 ratio,
640 2744 701 2798 que
709 2730 810 2784 inlibris
819 2745 932 2800 sugges·
985 2733 1074 2786 miuus
1087 2732 1177 2786 cidere
1188 2733 1382 2801 prohibemini,
1397 2732 1444 2786 scd
1456 2737 1590 2801 amicicie,
1607 2735 1656 2783 aut
1669 2730 1703 2783 ub
1718 2730 1784 2798 ipsis

134 2799 245 2853 turribus
255 2800 359 2853 resistit
368 2799 498 2867 eigiluns;
512 2803 538 2853 et
547 2801 572 2852 si
581 2815 622 2853 res
631 2801 698 2868 ipsse
710 2801 881 2869 ingerantur,
890 2803 931 2854 in·
985 2818 1002 2856 o
1033 2805 1079 2856 reti
1093 2804 1353 2865 caticuminorum
1363 2807 1411 2858 est.
1424 2804 1476 2858 Nec
1486 2802 1540 2856 solo
1548 2806 1622 2854 tactu
1633 2805 1658 2856 ct
1668 2802 1784 2866 alsede,

133 2884 268 2924 minissm
289 2873 404 2925 moneo?
426 2869 565 2938 Numquid
588 2869 726 2924 clauditur
746 2887 806 2925 cum
827 2873 930 2926 amrin?
984 2818 1786 2944 sigaspecnmuoquramieria-neiagnitrniuupucniria

132 2941 268 3011 Numquid
277 2943 384 3009 sopitur
394 2956 453 2995 curn
463 2941 583 2994 senibus
593 2943 729 3010 emporis?
740 2945 776 2998 Et
786 2941 931 3012 undesoepe
983 2945 1161 3011 seminarum.
1177 2947 1229 3002 Nec
1243 2944 1341 2998 diuitis
1351 2959 1396 2999 uos
1407 2944 1502 2998 liadue
1513 2944 1616 2997 animos
1626 2941 1750 3011 prodicos,
1761 2942 1786 2994 si

134 3013 209 3066 eiam
220 3013 251 3066 in
264 3013 363 3066 somnis
372 3013 532 3074 resistimus,
546 3014 684 3081 nostrique
690 3015 823 3083 prepositi
834 3029 930 3069 meme
984 3015 1107 3071 babeatis
1120 3016 1206 3070 oeulos
1220 3015 1378 3084 impudicos,
1394 3017 1460 3084 quia
1472 3014 1621 3084 imputridus
1633 3012 1724 3067 oculus
1733 3013 1784 3065 im·

133 3096 181 3146 res,
188 3087 273 3152 atque
282 3083 311 3136 iii
321 3097 349 3136 eo
358 3084 505 3137 castissime
511 3087 706 3152 pertenentes,
715 3085 820 3139 nullum
830 3085 929 3139 talibus
980 3085 1080 3155 perdici
1092 3086 1179 3141 cordis
1199 3090 1239 3140 est
1251 3088 1375 3149 nicentius,
1395 3093 1446 3141 etc.

134 3153 260 3208 illecebris
274 3153 432 3207 adliiliemus
445 3157 607 3208 assensum?
620 3157 656 3210 et
670 3159 757 3209 tamen
778 3158 929 3209 taritumin·
1019 3148 1033 3187 l
1049 3159 1090 3211 De
1109 3157 1254 3212 oculorum
1267 3155 1433 3227 petulantia,
1446 3170 1494 3211 seu
1506 3150 1611 3209 lascivia
1625 3148 1786 3220 coercenda,

135 3226 219 3286 teresi,
229 3225 415 3279 utcumeliter
424 3225 539 3287 accidit,
550 3225 707 3292 evigilantes
718 3225 755 3280 ud
766 3228 929 3281 corcuculus
984 3228 1019 3281 D.
1035 3227 1221 3299 Hieronymus
1243 3229 1283 3283 rel
1298 3227 1359 3297 quis
1373 3235 1480 3291 auctor,
1496 3226 1523 3280 in
1537 3240 1597 3294 cap.
1615 3238 1647 3280 tv
1664 3225 1784 3279 [ameu-

135 3296 248 3363 requiem
257 3295 407 3356 redeamus,
423 3297 534 3365 ipsoque
552 3295 684 3349 distantia
701 3298 864 3365 reperiemus
880 3312 928 3352 nos
982 3297 1120 3354 tatianum
1130 3297 1275 3353 ieremiac:
1291 3299 1356 3353 Cum
1367 3299 1578 3368 perincertum,
1594 3295 1650 3357 ait,
1663 3299 1785 3364 aspectus

135 3378 185 3418 non
195 3365 297 3432 fecisse,
311 3366 383 3435 qnod
395 3370 485 3419 tomen
501 3367 528 3419 in
537 3365 612 3420 nobis
627 3381 729 3435 garoque
739 3367 816 3421 niodo
825 3369 929 3435 sectum
948 3395 970 3459 C
983 3370 1233 3437 pertractassent
1241 3371 1383 3422 lardationi
1389 3368 1491 3430 aditus,
1500 3370 1548 3421 iia
1559 3366 1786 3435 tranquillitatem

135 3449 185 3490 esse
205 3435 349 3491 doleamus.
371 3437 510 3506 Numquid
524 3452 577 3490 nou
589 3442 683 3507 potens
705 3441 744 3492 est
757 3453 853 3491 manus
872 3443 929 3501 tun,
986 3441 1103 3494 inueniet
1118 3442 1225 3494 animus
1242 3439 1381 3501 turbatis,
1395 3440 1450 3492 nisi
1463 3439 1506 3491 illi
1519 3438 1672 3492 sirltuuerit
1686 3437 1786 3489 ditrinoe

134 3507 198 3562 Deus
212 3510 288 3562 omni
321 3511 389 3568 tens,
401 3523 499 3563 souare
511 3523 600 3562 omnes
613 3508 756 3577 languores
770 3511 878 3572 areima,
891 3515 932 3565 at·
982 3513 1096 3580 pietatis
1117 3513 1245 3565 intuitus.
1260 3513 1330 3565 Hinc
1354 3513 1393 3565 est
1407 3510 1479 3580 quod
1493 3512 1522 3564 Β.
1545 3509 1592 3563 lob
1607 3509 1648 3561 uit
1668 3525 1676 3560 i
1692 3508 1788 3576 Pcpigi

135 3591 181 3645 que
193 3523 393 3632 eburissitiorc
404 3580 495 3648 qratia
506 3583 553 3633 tua
567 3579 677 3633 liisciuos
688 3583 774 3634 motus
787 3582 869 3635 etiam
879 3584 933 3635 mn
984 3582 1074 3648 sedus
1090 3597 1150 3636 erim
1171 3582 1253 3636 oeulis
1266 3582 1349 3643 mne,
1370 3584 1401 3635 ut
1419 3597 1452 3636 ne
1466 3583 1608 3649 cogitarem
1631 3578 1739 3647 quidem
1754 3577 1787 3631 dc

135 3650 564 3718 spuseasringnereenugeti's,
571 3652 690 3712 Domine,
699 3653 785 3719 magis
792 3654 931 3721 magisque
983 3655 1091 3722 uirgine
1101 3653 1172 3719 (lob.
1189 3657 1282 3718 xxxi).
1303 3655 1337 3709 Ut
1349 3654 1419 3706 eriim
1434 3653 1606 3720 cogitationes
1619 3650 1707 3704 cordis
1718 3653 1787 3703 ruste

135 3719 211 3774 nme
224 3735 338 3774 munere
349 3724 408 3782 triu,
428 3724 459 3773 ut
471 3723 563 3774 anime
579 3737 639 3775 meu
653 3727 783 3790 sequatur
796 3738 838 3776 me
851 3724 888 3776 ud
906 3727 931 3778 te
983 3737 1091 3784 sainture
1100 3727 1199 3793 posset,
1213 3725 1301 3790 scidiis
1316 3739 1376 3778 cum
1390 3724 1471 3777 occulis
1479 3725 1594 3792 pepigit,
1609 3722 1727 3791 ueprius
1742 3721 1786 3774 in·

136 3793 346 3861 micuprscentiee
360 3793 430 3845 ei'sm
440 3791 579 3860 cupidita,
593 3797 624 3846 ut
636 3807 690 3846 non
702 3795 738 3846 sit
747 3793 851 3847 rebellis
865 3795 929 3859 sibi,
983 3800 1060 3849 ceute
1068 3798 1209 3865 aspiceret,
1218 3795 1290 3864 quod
1294 3795 1463 3864 postmodum
1472 3796 1571 3848 iiii-itus
1578 3796 1690 3846 unieret.
1702 3790 1788 3845 l'alde

135 3865 209 3931 olqrre
222 3866 272 3925 ut,
295 3864 324 3915 in
337 3865 436 3916 somnis
451 3865 548 3923 elilim,
561 3877 614 3916 ricrr
625 3864 713 3917 'solum
730 3878 782 3917 non
793 3869 931 3934 perpetret
982 3871 1156 3935 namgueest,
1167 3866 1308 3936 quodcum
1319 3865 1442 3920 deorsum
1452 3864 1551 3929 trulilt;
1562 3869 1587 3916 rt
1597 3862 1677 3915 scinci
1684 3861 1783 3927 species

135 3930 417 4002 letascorruptclurum
424 3934 607 4007 turpitudiues
611 3948 660 4002 per
666 3935 795 4002 imagines
800 3937 931 3990 animales
982 3937 1078 4003 somne
1088 3937 1164 3990 cordi
1174 3953 1225 4006 per
1238 3938 1326 3991 onitas
1338 3934 1453 4004 alligata
1464 3937 1511 3987 ric
1524 3933 1620 4000 magni
1629 3930 1785 3983 lteciaminis

135 4003 475 4073 utqireadcurnisilucum,
484 4004 569 4058 sedne
579 4005 854 4073 consentiatqriidcm.
863 4008 932 4062 Num
984 4023 1069 4061 manu
1079 4008 1201 4061 soluitur.
1211 4009 1250 4063 Ne
1261 4022 1323 4076 ergo
1336 4007 1461 4075 quedam
1473 4005 1577 4057 lubrice
1587 4003 1615 4054 in
1626 4000 1786 4067 cogitatione

135 4075 233 4129 rimbil
241 4075 344 4129 tulcrcl
351 4075 488 4129 tantillum
497 4075 589 4135 libeat,
599 4073 760 4142 quuntrdum
767 4077 854 4143 possit
862 4080 932 4130 nutu
985 4092 1129 4139 uerscrnus,
1139 4077 1336 4147 proridnidum
1344 4077 1420 4130 nobis
1430 4079 1484 4139 est;
1493 4075 1559 4143 quia
1569 4072 1670 4126 iritucri
1677 4084 1730 4122 riori
1742 4069 1787 4122 de-

136 4145 257 4216 mbibcri,
269 4145 628 4199 ctiamincnstodormicutis
637 4145 752 4211 risseetn,
764 4148 930 4200 nontanturn
987 4147 1038 4208 bet,
1055 4148 1192 4215 quadrien
1207 4148 1267 4201 licet
1286 4147 1444 4213 corimpisci.
1460 4148 1494 4199 Ut
1509 4144 1580 4196 enim
1597 4140 1700 4194 munda
1713 4153 1788 4192 mnis

135 4214 159 4269 in
172 4216 223 4271 lrac
236 4215 457 4277 attinendum
473 4218 502 4269 iii
516 4217 566 4269 leuc
577 4218 672 4283 etrite,
688 4231 741 4269 non
751 4231 880 4284 magnum
891 4222 931 4272 est
983 4219 1014 4272 iri
1024 4219 1184 4285 cogitatione
1191 4219 1310 4269 seruetur
1320 4233 1337 4269 u
1345 4213 1609 4281 luscimucoluptatis
1620 4225 1686 4271 sire,
1698 4209 1787 4278 depri-

136 4284 321 4356 llmur'potenti,
332 4288 382 4355 qui
392 4288 463 4341 cules
476 4288 569 4355 fucere
579 4301 664 4356 supro
677 4302 760 4356 quam
772 4289 890 4357 petimus
905 4292 931 4342 et
984 4288 1078 4342 mendi
1088 4291 1152 4341 surii
1165 4287 1236 4340 oculi
1243 4325 1252 4352 ,
1268 4288 1349 4355 quusi
1362 4284 1472 4353 quidem
1485 4287 1608 4352 raptores
1621 4282 1658 4335 ud
1669 4281 1784 4350 culpam.

135 4356 317 4427 intelligimus.
333 4358 401 4413 Haec
421 4359 446 4410 D
475 4356 661 4430 Aiigustinus,
675 4372 731 4413 non
747 4357 837 4412 minus
851 4358 932 4414 docte
983 4360 1150 4428 Nequeenim
1157 4353 1683 4425 anlignumcetitumcontigissetffien.
1695 4357 1786 4418 ttr,6),

134 4439 210 4497 quarn
221 4428 275 4499 pie,
286 4427 320 4483 de
331 4427 473 4483 nocturnis
488 4427 659 4484 illusionibus
673 4435 701 4482 et
711 4427 858 4485 insomniis
869 4443 932 4500 quae
983 4432 1039 4484 iiisi
1053 4429 1099 4483 lioc
1108 4431 1187 4499 prius
1198 4431 1307 4482 iricnute
1316 4429 1463 4498 respiceret.
1474 4427 1609 4496 Scriptum
1619 4426 1719 4495 quippe
1728 4428 1786 4477 cst:

133 4496 309 4626 {amentes
331 4514 387 4554 non
406 4513 468 4555 raro
494 4498 627 4581 allligunt.
648 4498 704 4556 Ubi
716 4508 780 4555 nota
799 4514 931 4572 magnum
987 4501 1065 4557 l'idit
1078 4499 1258 4569 mulierquod
1270 4499 1365 4554 durum
1376 4503 1442 4553 essct
1454 4499 1558 4567 lignum
1570 4495 1784 4554 adircsccndum,

149 4569 155 4580 '
202 4569 277 4625 inien
292 4570 363 4625 inter
377 4569 518 4625 hominem
533 4569 691 4641 vigilantem
706 4579 732 4626 et
746 4570 931 4627 dormientem
984 4577 1009 4627 et
1021 4572 1166 4642 pulrlinmi
1180 4573 1281 4633 oculis,
1295 4575 1456 4641 aspectuque
1470 4568 1626 4624 delectabile
1639 4571 1664 4621 ct
1676 4565 1787 4635 tulitgda

133 4637 158 4694 in
180 4639 339 4709 hujusmodi
358 4640 531 4696 illusionibus
549 4648 597 4696 aut
619 4639 751 4696 illecebris
771 4641 876 4709 carnis,
897 4641 931 4698 de
983 4644 1080 4710 fructu
1094 4644 1184 4706 illias,
1205 4646 1231 4697 ct
1250 4642 1371 4697 comedit.
1387 4643 1457 4697 Hinc
1479 4655 1540 4709 ergo
1557 4637 1727 4708 perorandum
1748 4640 1787 4690 cst

132 4724 182 4781 quo
192 4711 272 4767 alias.
285 4711 366 4782 Quod
378 4720 470 4767 autem
482 4712 519 4766 ait
532 4710 617 4777 initio,
629 4709 787 4783 hujusmodi
800 4711 932 4785 imagines
984 4713 1402 4783 qiiaritoolcbcmusmoderumine
1410 4712 1669 4788 repeditationem
1679 4709 1789 4786 insinn-

133 4794 223 4838 terum
242 4783 365 4853 turpium
384 4780 500 4838 subinde
520 4782 548 4837 in
561 4781 665 4837 somnis
682 4791 856 4838 occurrentes
871 4799 929 4840 mo·
943 4789 969 4852 D
985 4801 1056 4853 gere,
1068 4783 1499 4854 riosquimortaliteroicimus,si
1509 4784 1534 4834 et
1545 4780 1787 4831 maturescentium

132 4865 191 4909 rere
204 4869 260 4909 non
274 4855 360 4909 solum
379 4868 463 4922 usque
486 4853 524 4907 ad
542 4853 760 4917 delectationem,
778 4855 825 4909 sed
846 4857 930 4910 etium
981 4873 1032 4926 per
1045 4856 1133 4911 oeulos
1153 4854 1191 4908 ad
1210 4858 1321 4907 mortam
1335 4856 1418 4907 cmiii.
1436 4852 1505 4906 ilinc
1522 4850 1605 4928 etium
1619 4846 1669 4899 sub
1687 4845 1789 4924 ludoeae

132 4925 260 4995 usquead
271 4927 466 4985 ennensionern
476 4925 825 4993 (actumquesimillimum3
836 4926 929 4982 slede·
983 4941 1053 4989 ooce,
1068 4941 1127 4995 quae
1139 4926 1275 4978 antenore
1291 4923 1405 4976 uiuendo
1421 4931 1614 4988 conscupiscens,
1630 4917 1698 4969 borio
1718 4919 1786 4968 inte·

131 4990 175 5052 let
189 4995 317 5068 intelligi,
330 4997 392 5067 quia
404 4996 508 5051 ridetur
519 4994 604 5050 homo
617 4993 753 5050 interdurn
765 4996 928 5065 consentire,
984 4999 1059 5051 riom
1069 4994 1233 5065 perdiderit,
1248 4993 1381 5062 propbeta
1396 4991 1463 5045 dicit
1479 4989 1586 5059 (Tlircn.
1604 4992 1645 5052 iv)
1663 4985 1786 5070 :UOeulus

131 5078 185 5122 non
198 5067 291 5123 solum
306 5066 456 5123 secundum
477 5065 718 5138 imaginationem,
731 5066 778 5122 sed
791 5067 873 5123 etiam
888 5083 930 5123 sc-
984 5081 1058 5121 mem
1075 5064 1248 5134 depredatus
1261 5068 1300 5117 est
1321 5065 1441 5116 unimam
1454 5075 1551 5143 meam.
1561 5057 1786 5142 'Comuprscendo

132 5137 253 5194 eundum
274 5137 430 5194 discursum
450 5137 602 5193 intellectus
615 5144 643 5192 et
662 5136 852 5206 ratiocinium,
867 5138 930 5195 licet
984 5135 1196 5196 enimcisibilia,
1207 5134 1588 5215 irioisibilcscirtutcsomisit.
1600 5132 1736 5213 Orioelcrgo
1747 5143 1787 5182 iri-

132 5219 223 5264 rerera
238 5223 295 5265 non
307 5207 472 5273 consentiat,
507 5208 549 5263 uia
562 5224 618 5264 non
632 5206 714 5262 liabet
728 5209 841 5265 omnino
861 5208 931 5265 libe·
985 5210 1111 5263 terrorem
1131 5220 1237 5261 sensum
1252 5220 1302 5274 per
1321 5207 1478 5260 eatniorem
1489 5218 1577 5257 uisum
1587 5201 1723 5272 pardulit,
1736 5215 1789 5269 per

132 5291 191 5335 rum
205 5279 322 5361 rationis
333 5294 431 5346 usum,
444 5286 472 5335 et
483 5224 658 5347 lqacultatem,
670 5286 702 5334 ut
715 5278 795 5336 docet
808 5282 842 5336 D.
856 5280 930 5337 Tlio·
985 5279 1089 5335 mulum
1101 5278 1219 5362 corporis
1230 5277 1347 5359 partulit
1358 5275 1483 5359 medam
1499 5274 1596 5329 cordis.
1616 5272 1691 5328 Uinde
1710 5271 1788 5325 nobis

131 5352 650 5493 npfflaeanpafiiicepdnsirfflaugi.hunc
663 5421 755 5478 loeutn
769 5421 894 5478 blatthaei
922 5440 928 5477 :
984 5347 1790 5496 ggecfflfflaigifflssmmmmm

132 5492 204 5549 luter
215 5495 293 5556 πάθος
307 5497 332 5548 et
343 5493 508 5563 amatium,
523 5493 555 5547 id
572 5498 625 5555 est,
642 5494 712 5548 inter
727 5496 881 5565 passionem
905 5498 931 5549 et
984 5496 1122 5564 grauitate
1133 5506 1207 5547 mnis
1216 5490 1438 5560 sigrancio-iunias
1448 5492 1536 5571 tumen
1543 5484 1788 5570 sernuspucrrlitci·

130 5569 332 5634 perpessionem
346 5567 393 5620 boc
405 5567 530 5627 interest,
552 5564 624 5634 qued
637 5567 730 5633 passio
742 5569 887 5635 reputatur
900 5567 931 5620 in
984 5567 1105 5620 ceterius
1122 5567 1311 5636 perstrepente
1324 5563 1414 5617 etnim
1425 5562 1559 5615 iratenens
1569 5560 1712 5626 gniortatis
1722 5570 1789 5622 pon·

131 5637 226 5692 nuum
234 5656 243 5703 ;
256 5638 408 5708 propriario,
425 5636 485 5690 licet
498 5637 576 5690 initii
589 5635 698 5706 culpam
710 5637 826 5704 babeat,
840 5640 932 5691 tomen
985 5635 1046 5691 dere
1056 5641 1082 5690 et
1094 5638 1176 5706 quasi
1188 5634 1302 5704 juventi
1311 5632 1429 5703 quodam
1444 5630 1541 5685 ardore
1551 5628 1735 5695 refrenentur,
1750 5624 1791 5677 eal

131 5720 184 5761 nen
197 5712 305 5763 turena·
319 5710 348 5763 in
361 5708 481 5762 crimine.
491 5709 563 5775 lirgo
573 5708 622 5775 qui
633 5707 734 5762 uiderit
744 5708 892 5769 mulierum,
905 5712 931 5762 et
984 5709 1061 5775 duan
1076 5710 1225 5778 quoquest
1240 5705 1308 5761 leuia
1322 5707 1435 5760 urentem
1449 5714 1566 5758 eneruem
1579 5696 1705 5750 truliruit.
1718 5696 1789 5749 llaec

131 5779 223 5833 munia
237 5780 294 5849 ciris
310 5778 535 5846 tuerittitilloto,
550 5778 594 5833 liic
605 5780 778 5849 propassione
790 5792 931 5848 permissus
985 5777 1053 5850 ipse.

137 1541 209 1612 Quod
229 1544 321 1597 carnis
334 1544 443 1613 puritas
462 1544 528 1667 sithi}
542 1543 684 1625 munditia
708 1545 796 1599 cordis
817 1560 850 1600 ne

472 1628 487 1667 o
518 1628 596 1668 tucri.
