3824 6164
128 264 181 321 819
667 258 808 317 senatuis
825 258 977 317 cssslslll
995 257 1240 317 conuertens&
1732 252 1786 309 880

127 406 223 465 pscsm
235 390 324 449 donec
335 388 445 447 firmam
459 397 542 463 atque
554 396 714 463 perpetuam
728 390 855 447 obtinere
866 404 928 445 mc·
942 391 1090 455 Anecessc
1113 393 1154 442 est
1177 398 1242 440 eum
1268 374 1498 453 inaequalitatibus
1522 372 1582 433 istis
1608 372 1784 447 frumentius

126 500 248 553 mmor,
270 483 366 541 multis
392 498 504 541 neceme
532 491 576 538 est
599 495 652 539 nos
674 482 930 556 impugnationibus
981 479 1094 548 erudiri,
1111 478 1293 551 quoadusque
1307 489 1357 548 per
1368 471 1420 528 Dei
1430 470 1548 544 gratiam
1556 468 1743 527 confirmatus
1756 470 1786 527 in

125 579 264 637 attentari.
286 580 509 652 frequenterque
532 575 616 632 nobis
637 583 680 633 est
704 576 854 633 versiculus
876 576 930 632 iste
983 572 1027 627 ills
1046 587 1130 641 quam
1146 570 1249 644 appetit
1268 568 1387 641 puritate
1400 564 1545 623 stbmciter
1563 562 1659 621 dicere
1679 579 1785 621 merea·

126 688 191 731 cum
212 672 316 745 gemitu
336 670 517 744 lacrymisque
540 670 719 744 repetendus,
737 674 819 729 ltiscr
835 672 925 739 foetus
979 668 1222 736 tursiisspectons
1236 662 1540 733 erqraetorillominum,
1555 663 1581 715 et
1598 661 1721 729 respecti
1732 674 1785 723 rue,

125 784 187 825 uene
195 772 221 824 et
230 770 352 838 afflictus
360 783 420 824 sunt
425 784 626 839 usquequaque,
638 772 694 823 tota
702 768 926 824 discoperientes
980 760 1121 816 exaudivit
1130 774 1235 831 precem
1246 774 1344 822 menna,
1357 760 1383 811 at
1392 756 1488 811 educit
1500 770 1541 810 nte
1549 753 1584 809 rte
1596 755 1660 809 tucn
1670 758 1785 811 mbcrtoe

125 862 306 933 uqredicbor,
318 864 446 933 quonism
464 863 550 917 lumbi
562 864 616 917 mei
625 862 731 933 inrepleti
743 866 807 917 surii
821 862 926 917 illusio-
980 858 1006 909 et
1020 854 1054 907 da
1064 853 1212 919 imiimi»
1225 856 1251 907 tt
1260 854 1359 907 Statuit
1369 854 1569 921 f“liaffirini
1576 848 1658 921 pedes
1668 864 1749 915 W»
1758 856 1784 907 0⁸

127 956 218 1021 nibem
226 960 252 1012 et
265 972 319 1013 nan
330 958 481 1013 estsnnitcs
491 957 522 1011 in
532 972 613 1011 eunte
622 972 683 1011 rnen
695 972 713 1010 n
724 957 796 1024 faeie
806 957 855 1009 inc
864 960 927 1023 tua,
981 946 1084 1003 ‘littei‘
1095 961 1201 1015 fritilli
1211 960 1281 1002 ”⁸⁰⁰⁸
1293 945 1379 1013 (Psut.
1396 945 1521 1012 ¹¹³³)-

126 1065 181 1105 non
191 1054 231 1107 est
240 1066 301 1121 poa
311 1051 487 1106 oesibnsnters
497 1066 516 1105 a
529 1052 600 1117 fncic
612 1050 775 1119 insipientis
789 1064 854 1103 meae
870 1050 925 1117 (Pe.
1276 1080 1400 1138 CAPUT
1415 1081 1479 1137 vn·

125 1148 259 1211 xxxvrr).
278 1145 356 1199 Tunc
367 1142 440 1197 enim
453 1149 641 1213 competenter
654 1140 714 1197 buc
727 1148 755 1196 et
768 1140 796 1195 in
812 1138 925 1195 veritate

126 1233 299 1302 deflebimus,
316 1232 426 1305 quando
439 1242 503 1305 post
516 1232 628 1306 longam
642 1233 788 1305 puritatem
802 1230 927 1304 corporis

125 1326 225 1397 nostri,
240 1336 381 1399 sperantes
397 1326 457 1400 jam
476 1327 594 1383 carnalia
614 1341 666 1384 nos
681 1324 847 1383 omnimodis
860 1340 927 1381 eva·
1016 1326 1028 1355 ¹
1043 1322 1125 1381 Multi
1141 1332 1207 1381 sunt
1221 1324 1298 1382 enim
1311 1323 1486 1381 castimonie
1501 1322 1619 1396 gradus,
1635 1324 1736 1395 quibus
1749 1325 1784 1383 ad

126 1421 196 1479 sisse
210 1421 346 1495 contagia,
360 1420 488 1479 stimulos
497 1422 587 1479 carnis
604 1420 641 1477 ob
661 1421 822 1477 electionem
836 1418 928 1476 cordis
982 1415 1056 1473 illam
1069 1416 1253 1475 inviolabilem
1261 1416 1455 1475 conscenditur
1468 1416 1629 1489 puritatem,
1643 1418 1786 1490 quoslieet

124 1513 273 1571 adversum
284 1530 336 1571 nos
348 1530 461 1572 rursum
481 1516 617 1572 sentimus
632 1515 782 1587 insurgere,
797 1513 840 1570 vel
854 1520 928 1569 certe
980 1526 1032 1567 nec
1043 1512 1207 1585 perspicere,
1220 1528 1271 1569 nec
1282 1511 1437 1582 mundare,
1452 1520 1483 1568 ut
1495 1510 1614 1584 dignum
1629 1520 1684 1579 est,
1698 1512 1783 1571 virtus

126 1608 163 1666 ad
174 1607 313 1666 fallaciam
327 1610 500 1667 somniorum
512 1610 656 1683 impuritas
669 1625 721 1667 nos
733 1609 854 1683 pristinae
866 1607 926 1665 col-
980 1615 1074 1663 nostra
1090 1605 1216 1675 sufficiat,
1230 1614 1322 1664 lamen
1339 1607 1404 1679 quia
1421 1606 1506 1665 series
1517 1608 1686 1665 narrationis
1696 1622 1782 1681 erpo·

127 1698 243 1758 luvionis
264 1702 393 1775 aspergit.
413 1703 484 1760 Cum
502 1718 568 1777 erpo
588 1702 701 1775 coeperit
720 1704 780 1775 quis
797 1701 927 1759 diuturna
980 1702 1041 1770 ecit,
1060 1700 1214 1759 secundum
1240 1701 1461 1759 mediocritatem
1483 1701 1660 1774 experientis
1678 1711 1783 1761 nosnos

126 1792 218 1851 cordis
230 1802 258 1852 et
276 1794 400 1869 eorporis
421 1796 540 1868 puritate
552 1796 682 1870 gaudere,
700 1810 813 1853 necesse
836 1804 879 1853 est
899 1798 966 1862 utB
981 1803 1130 1868 utcumque
1156 1792 1283 1866 proferre
1305 1793 1489 1865 tentabimus,
1519 1804 1686 1851 reservantes
1713 1810 1781 1867 per-

126 1884 194 1944 dum
208 1902 239 1943 se
256 1886 343 1945 credit
355 1888 469 1945 ulterius
484 1888 545 1962 jam
559 1905 615 1947 non
629 1904 711 1961 posse
723 1887 760 1945 ab
776 1888 821 1944 illa
835 1888 928 1945 since·
981 1887 1094 1945 fectiora
1112 1887 1251 1961 perfectis,
1265 1903 1315 1944 nec
1329 1886 1539 1961 praejudicantes
1550 1886 1649 1959 hirqui
1666 1886 1778 1945 ferveo·

127 1978 207 2037 ritate
219 1980 337 2051 descivi,
356 1982 430 2039 intra
446 1982 627 2055 semetipsum
646 1982 854 2055 quodammodo
867 1983 928 2054 glo·
980 1984 1051 2041 tiore
1086 1981 1178 2040 nodio
1213 1980 1353 2053 puriorem
1387 1978 1579 2037 castimoniam
1610 1978 1782 2052 postumus

126 2073 222 2142 rietur,
240 2082 269 2131 et
284 2072 357 2132 dicet
372 2094 380 2131 ι
396 2079 455 2145 llqo
468 2078 576 2131 distin
591 2076 762 2131 aburramntin
782 2092 853 2145 inco,
868 2080 927 2135 n'an
981 2086 1084 2150 quanto
1103 2076 1215 2149 majoris
1238 2075 1380 2132 industris)
1394 2081 1471 2145 sunt,
1486 2082 1565 2131 tanto
1578 2072 1662 2131 etiam
1675 2075 1780 2147 perspi·

125 2166 248 2221 monebor
257 2168 289 2221 in
302 2171 432 2222 utentum
441 2168 525 2235 (Psoi.
541 2168 639 2237 xxix).
654 2168 708 2224 Sed
722 2183 787 2224 cum
800 2169 927 2227 utilitera
980 2170 1064 2225 eaciae
1077 2169 1170 2242 vigore
1191 2167 1361 2240 praecellunt.
1377 2168 1496 2225 Proinde
1514 2184 1563 2225 serr
1576 2166 1707 2241 gradibus
1721 2168 1782 2225 licet

124 2256 249 2313 Domino
261 2256 426 2315 subrelictus
441 2258 526 2332 [irps.
543 2263 570 2315 in
581 2276 670 2329 marq.
686 2260 737 2318 sibi
751 2262 873 2332 relictus,
885 2265 928 2319 cei
980 2263 1066 2319 multa
1083 2278 1099 2319 a
1117 2277 1148 2319 se
1165 2262 1280 2319 invicem
1294 2262 1463 2321 sublimitate
1477 2262 1658 2330 (liuentibus,
1675 2260 1781 2335 intima

126 2349 219 2407 urbita
231 2349 351 2425 relictus]
364 2351 444 2408 illum
457 2352 582 2425 puritatis
594 2361 699 2411 statum
710 2354 740 2411 in
751 2371 806 2427 quo
816 2356 929 2414 sibimet
980 2355 1127 2413 castistatis
1142 2356 1270 2427 praecelsa
1284 2356 1467 2429 distinguam,
1492 2355 1530 2411 ita
1546 2364 1579 2412 ut
1596 2354 1687 2413 media
1703 2370 1779 2427 quae-

124 2444 289 2513 confidebrt,
311 2446 427 2503 senserit
444 2447 606 2519 pennrbari,
627 2462 739 2522 seseque
754 2450 783 2505 in
805 2450 852 2505 illo
867 2450 927 2522 spi·
980 2450 1125 2521 dam,qnae
1137 2458 1231 2507 tamen
1241 2449 1327 2507 mults
1339 2459 1414 2520 sunt,
1430 2450 1651 2523 pretermittam,
1664 2464 1779 2523 quorum

124 2540 198 2597 ritnli
207 2539 306 2599 viderit
321 2540 444 2599 titubare
454 2556 599 2613 succeuu,
618 2553 741 2601 recursu
754 2546 878 2616 protinus
892 2544 927 2601 ad
979 2542 1114 2600 subtilitas
1124 2544 1163 2601 ita
1175 2542 1314 2602 humanos
1324 2542 1487 2617 subterfugit
1497 2560 1605 2614 sensus,
1616 2553 1649 2603 ut
1659 2560 1780 2603 eamme

1087 1203 1125 1257 Dc
1142 1198 1313 1267 differentiis
1330 1202 1356 1254 et
1369 1196 1499 1269 qrudibus
1516 1198 1675 1254 castistatis.

125 2632 196 2691 illiue
212 2634 376 2707 integritatis
395 2642 547 2704 auctorem,
568 2644 596 2693 ot
608 2652 763 2709 agnoscens
783 2638 928 2696 infirmita·
981 2652 1059 2695 mens
1079 2638 1221 2710 inspicere,
1243 2654 1334 2710 neque
1356 2639 1481 2712 proloqui
1502 2640 1595 2712 lingua
1620 2640 1777 2713 prevaleat,

124 2734 181 2783 um
191 2742 281 2796 suam,
295 2728 460 2785 conflteauu
473 2737 501 2787 et
511 2728 603 2787 dicat:
618 2734 739 2796 bonrum
753 2735 844 2789 anesin
856 2750 925 2797 rnen,
980 2732 1080 2804 quibus
1096 2732 1198 2789 sensim
1212 2732 1343 2789 eastitatis
1363 2732 1448 2805 ipsius
1463 2732 1596 2805 perfectio
1611 2732 1779 2807 quotidianis

124 2821 172 2877 sed
184 2823 214 2877 in
230 2828 280 2878 tun
293 2823 440 2892 notmatate,
458 2826 595 2895 prodisti
608 2826 697 2881 decori
708 2842 764 2881 meo
781 2830 923 2883 uirtutem.
980 2826 1149 2899 profectibus
1166 2826 1310 2895 adolescit,
1320 2826 1472 2885 seeundmn
1482 2826 1691 2886 similitudinem
1699 2842 1777 2885 naut·

124 2916 364 2980 Anntntifaeinn
374 2919 927 2984 tuamanee,etfcctussurneontnrbatus
979 2938 1033 2995 que
1057 2937 1204 2994 corporum
1229 2930 1422 2993 terrenomm‚
1449 2938 1514 2997 quse
1544 2924 1658 2997 singulis
1680 2922 1778 2981 diebus

125 3004 226 3073 (ibid).
242 3004 314 3061 lllud
326 3022 437 3078 quoque
448 3008 519 3063 beuti
532 3007 587 3064 tob
601 3026 609 3063 s
624 3012 657 3065 Si
666 3011 736 3066 totus
750 3014 828 3079 fuero
846 3018 928 3084 quusi
977 3015 1168 3073 insensibiliter
1190 3016 1233 3073 sui
1260 3016 1370 3089 capiunt
1393 3018 1572 3087 incrementa,
1599 3018 1687 3076 etita
1712 3016 1777 3077 dnn

125 3098 208 3165 aquis
213 3099 297 3165 nivis,
305 3105 331 3153 et
336 3100 466 3166 fulserint
473 3101 737 3159 oetutrnundissirnc
743 3122 839 3163 incarus
848 3125 924 3180 rnen,
978 3112 1114 3179 nemiunt,
1126 3109 1161 3168 ad
1173 3110 1326 3184 perfectum
1335 3111 1460 3169 habitum
1469 3111 1671 3184 provehuntur,
1680 3114 1778 3171 enine

126 3193 215 3245 tanren
232 3190 356 3247 sordibus
372 3194 510 3261 iratirrqeue
523 3210 574 3259 sne,
590 3202 616 3251 et
633 3198 863 3257 abominabuntur
882 3221 925 3261 me
938 3214 962 3279 (1
978 3222 1087 3279 quoque
1098 3206 1184 3263 robur
1197 3216 1225 3263 et
1238 3208 1384 3264 maturitas
1396 3207 1531 3263 castitatis
1542 3208 1705 3279 sequeitur.
1719 3208 1776 3265 Pri-

122 3286 281 3341 uestirnento
292 3302 352 3341 rneo
364 3287 420 3359 (lob
435 3293 491 3357 rx).
506 3290 588 3359 Quod
599 3299 691 3349 tamen
703 3293 782 3368 isqui
794 3310 846 3353 suo
858 3298 923 3356 vitio
976 3318 1040 3359 mus
1058 3302 1150 3373 itaque
1163 3300 1301 3373 pudicitiae
1318 3301 1418 3373 gradus
1435 3310 1489 3369 est,
1506 3316 1543 3357 ne
1557 3301 1672 3373 vigilans
1685 3302 1778 3373 impu-

122 3394 152 3437 re
163 3379 193 3436 in
202 3380 329 3439 sordibus
342 3382 434 3455 tingit,
448 3399 506 3441 non
519 3392 610 3457 potest
621 3385 710 3445 dicere
726 3403 777 3447 suo
788 3392 921 3451 Creatori.
976 3396 1103 3469 guntione
1116 3394 1217 3451 carnati
1233 3394 1386 3451 arronaclms
1402 3394 1531 3451 elidatur.
1546 3394 1725 3462 Secundus,l
1742 3410 1778 3451 ne

124 3476 295 3547 Donecsrqo
303 3475 338 3534 ad
349 3477 502 3549 perfectum
512 3480 640 3553 puritatis
655 3490 760 3541 statum
769 3489 922 3560 perveniat,
976 3506 1055 3547 mens
1085 3489 1156 3545 illius
1182 3488 1342 3561 voluptariis
1366 3488 1578 3561 cogitationibus
1604 3489 1775 3547 iaumoretur.

672 3592 800 3648 Alaun}
819 3597 933 3655 tillut
952 3597 1229 3655 culille'n'ulultts

160 3686 247 3743 ⁸Ses
267 3686 368 3770 gradus
389 3689 523 3771 eastitatis
538 3691 681 3774 distinguit
701 3694 747 3751 bic
766 3698 866 3767 abbas;
890 3702 923 3758 iis
975 3718 1023 3759 sen
1054 3702 1247 3773 imaginatione
1271 3700 1310 3756 rei
1343 3717 1466 3759 venereae
1492 3701 1620 3767 nascitur,
1655 3714 1777 3771 quasque

125 3762 220 3815 tamen
227 3774 340 3841 pmrssrs
351 3774 396 3841 qm
409 3770 479 3841 mter
489 3778 538 3844 eos
548 3766 622 3820 vetut
634 3768 787 3824 mtcrmedii
796 3772 922 3831 subtilius
976 3774 1096 3830 maxime
1109 3774 1182 3845 riget
1193 3774 1219 3827 in
1236 3772 1288 3827 boc
1303 3782 1424 3844 peccato,
1439 3775 1541 3829 dicente
1551 3769 1675 3841 apostolo
1687 3772 1776 3825 laco-

123 3837 152 3885 et
165 3830 354 3901 panrcmamus
366 3830 501 3914 distingne
517 3844 642 3917 possent,
654 3838 775 3895 loannes
785 3842 923 3902 eliniacus
976 3845 1012 3901 bo
1022 3864 1028 3901 :
1040 3848 1362 3915 Uriasqnisqnctcntatar,
1373 3863 1390 3899 n
1400 3840 1776 3915 miraeupiseentraumnbstra-

125 3909 182 3957 tres
194 3909 303 3985 tanturn
316 3902 418 3974 gradus
428 3919 486 3985 srvs
498 3903 665 3963 differentias
682 3910 832 3977 constituit,
853 3930 923 3986 quos
976 3922 1034 3973 ctus
1045 3926 1071 3973 et
1083 3918 1197 3973 illectus.
1212 3917 1312 3971 Deirtds
1324 3918 1536 3987 corrcnpisaentic
1546 3930 1604 3969 nan
1614 3916 1775 3983 consequeris,

124 3980 208 4067 vpcat
220 3981 339 4041 anstrum,
361 3973 497 4059 medium,
515 3985 544 4033 et
566 3978 649 4063 tinem
667 3999 674 4035 :
690 3983 815 4051 initium,
835 3984 924 4057 inquit
973 3991 1054 4059 prurit
1069 3994 1280 4059 pecnrturnetc.
1301 3988 1399 4057 (iacob
1415 3988 1554 4059 utileque
1572 3984 1648 4041 enim
1670 3984 1772 4051 solum,

124 4042 232 4129 (brada
248 4048 302 4117 15),
315 4050 448 4102 nutrimus
461 4052 501 4130 est
513 4052 719 4119 capitationibus
735 4054 856 4111 sordidis
869 4074 924 4113 nort
976 4059 1049 4115 aetio
1083 4069 1195 4115 externa
1221 4059 1256 4113 ab
1284 4058 1393 4114 interno
1413 4057 1547 4115 desiderio
1563 4057 1591 4113 in
1620 4070 1655 4111 eo
1675 4054 1775 4111 dutin-

124 4132 299 4199 nequaescere,
310 4124 407 4201 'utque‘
418 4134 468 4189 per
485 4122 628 4175 steterentin
648 4128 796 4194 ternporunt
814 4128 922 4184 obsurro
974 4132 1068 4202 guitur
1093 4131 1127 4187 de
1151 4146 1206 4202 quo
1224 4128 1352 4186 Christus
1370 4129 1407 4185 ait
1428 4132 1505 4197 :furi
1521 4128 1621 4185 uiderit
1637 4128 1774 4181 naulicrern

122 4186 228 4257 liquore
237 4189 587 4271 dionenpiactteretnbsquc
595 4194 654 4248 utto
664 4197 791 4265 iendqirvis
801 4200 923 4255 illusione
975 4202 1013 4255 nd
1035 4201 1270 4273 concupiscendam
1292 4216 1362 4265 narn,
1373 4201 1435 4271 jum
1448 4200 1594 4256 inornatus
1613 4204 1653 4253 est
1674 4214 1733 4253 conr
1746 4198 1774 4251 in

122 4273 256 4341 resperqn
266 4260 451 4343 medsnrnuera
458 4264 631 4319 nmuratibus
640 4268 755 4323 motibus
764 4271 924 4339 cereptetio
975 4272 1054 4327 carde
1067 4289 1115 4328 suo
1126 4273 1240 4341 (Mittit.
1254 4274 1302 4339 v);
1314 4270 1362 4329 sed
1376 4272 1457 4328 eliam
1468 4272 1526 4345 ipsa
1540 4268 1704 4336 delectatio,
1714 4280 1774 4341 qun

122 4329 922 4410 neceborunaadocnrcntrbusobsqncimuqisribusiruqnietaai,
976 4342 1077 4398 dicitur
1097 4358 1207 4399 morosa
1227 4351 1254 4398 et
1268 4358 1391 4409 venerea,
1411 4358 1475 4399 cum
1494 4341 1649 4397 oblectatur
1669 4340 1773 4395 animus

122 4403 164 4451 atu
175 4404 264 4453 minen
272 4400 465 4481 utadftucnnt
474 4418 557 4483 usqne
566 4406 609 4459 iili
618 4422 670 4461 rama
678 4414 924 4481 minertnmufnis
976 4414 1140 4485 crepitatione
1162 4414 1252 4485 turpi,
1273 4422 1399 4470 censetur
1417 4412 1552 4482 mortalis,
1570 4412 1656 4468 etiam
1670 4412 1694 4469 si
1707 4422 1772 4483 opus

122 4472 214 4551 autern
224 4472 499 4552 mortificas-eremus,
506 4480 651 4544 pnrnarntea
661 4483 775 4535 mortuis
785 4486 924 4549 capitatio-
978 4484 1068 4555 ipsum
1082 4493 1236 4556 respuatur.
1251 4484 1283 4539 ld
1295 4484 1361 4541 salis
1372 4486 1444 4541 clare
1457 4483 1538 4541 docet
1550 4486 1587 4539 D.
1607 4482 1772 4555 Augustinus

123 4538 206 4621 rubus
216 4540 342 4622 sordidas,
361 4550 414 4597 etc.
429 4544 514 4625 Porro
530 4554 593 4601 nota
604 4555 705 4629 estet
718 4550 825 4632 rulqata
839 4554 921 4609 mret-
937 4526 1023 4611 1’liin
1046 4570 1093 4612 xta
1114 4560 1149 4611 de
1169 4556 1303 4611 Triniurte
1322 4558 1397 4625 (t'np.
1415 4558 1455 4623 12)
1478 4574 1487 4609 .·
1511 4558 1564 4611 ,lic
1579 4572 1656 4624 enne,
1675 4552 1771 4623 inquit,

122 4618 187 4667 tatrs
198 4612 323 4669 drvrsroa
334 4616 368 4696 D..
379 4610 528 4671 Ambrosio
539 4616 651 4680 tradita,
664 4624 873 4700 runvrrgmalem,
884 4624 923 4679 ri·
977 4643 1037 4681 arram
1045 4628 1102 4683 solu
1110 4630 1267 4696 capillatione
1277 4628 1504 4683 mernobtectntur
1518 4627 1636 4694 illicitis,
1649 4642 1701 4679 rann
1713 4624 1772 4693 qui·

121 4682 232 4777 ἀψΙοφ
249 4684 472 4769 εῑρᾳυμιμΙοφ
494 4705 513 4770 ².
528 4692 667 4771 Dooemur,
688 4692 777 4763 lnquit
798 4695 867 4759 (lit.
888 4696 922 4752 dc
976 4698 1036 4752 ‹tcrn
1047 4700 1188 4753 decernens
1200 4714 1254 4753 essa
1266 4698 1409 4767 farciendus
1423 4704 1512 4754 trituras
1527 4703 1621 4752 tumen
1633 4702 1659 4752 et
1671 4696 1772 4749 auferres

126 4754 245 4823 induas),
253 4758 385 4841 triplicem
391 4762 525 4841 castitates
533 4764 732 4844 esscuartutem,
744 4779 828 4819 uncant
836 4767 922 4836 corqu-
976 4770 1100 4833 libenter,
1108 4786 1169 4840 quac
1179 4773 1271 4825 stantius
1280 4772 1467 4838 utnttiqcrnnt
1481 4784 1604 4823 tirrannum
1617 4767 1657 4839 (id
1667 4774 1716 4833 esi,
1724 4780 1770 4819 srr·

120 4828 219 4907 quien,
228 4828 473 4911 ntrumsuduvtntas,
482 4835 921 4901 tertnmurqnuatisu‘anerrem
975 4842 1110 4905 puriorem
1126 4841 1273 4910 rationem)
1286 4844 1378 4911 respui
1390 4841 1551 4902 debanrnnt,
1566 4838 1725 4909 smqaarrdunt
1734 4840 1770 4891 est

121 4898 206 4949 ntnrrn
219 4899 459 4981 responderamus,
471 4910 503 4984 nt
511 4904 685 4959 exstruimus
696 4907 765 4963 uras
775 4926 782 4963 :
794 4912 851 4964 suis
860 4913 921 4979 qui·
972 4927 1027 4967 asse
1039 4918 1199 4983 peccatura).
1216 4914 1282 4967 Esse
1291 4927 1356 4969 vero
1371 4921 1513 4982 pesculum
1523 4912 1701 4967 mortifemm
1713 4922 1769 4963 rna-

123 4966 226 5091 busquc
241 4968 456 5050 professionibus
464 4978 519 5027 astar
532 4976 691 5031 adunit.
702 4978 920 5035 lradmlicctesin
974 4982 1068 5039 nitestc
1088 4982 1189 5039 indicat
1204 4982 1292 5039 verbis
1312 4982 1500 5054 sequentibus,
1523 4998 1589 5037 cum
1607 4984 1647 5038 ait
1662 4998 1670 5037 :
1684 4979 1768 5047 ilique

120 5052 175 5121 ⁰12!
186 5052 233 5121 φ*
245 5037 400 5109 (simillimi,
416 5043 487 5109 qdod
503 5060 567 5112 quos
586 5049 717 5115 proefcrut
736 5050 831 5113 bubct,
853 5068 920 5121 quos
973 5056 1043 5107 annin
1054 5056 1124 5109 sicut
1137 5058 1165 5109 in
1178 5056 1233 5111 iltis
1242 5054 1345 5109 <iambus
1355 5056 1455 5123 prirnis
1464 5054 1620 5109 minainibus
1632 5064 1766 5125 posonem

119 5114 229 5194 ’filim
246 5126 302 5195 ²²⁰²}
322 5111 417 5193 berwic
437 5117 519 5195 utque
536 5119 643 5171 utirrurn
661 5119 758 5176 demere
771 5138 919 5191 ruransquuna
972 5139 1049 5179 sturm
1063 5129 1174 5196 quisque
1187 5126 1328 5195 portabat,
1347 5130 1372 5180 at
1386 5126 1446 5180 iden
1459 5128 1485 5179 si
1499 5125 1557 5181 sivla
1568 5126 1670 5179 assultu·
1683 5120 1767 5177 edium

116 5186 214 5249 posset.
231 5184 273 5237 ltn
285 5186 374 5251 spetur
383 5188 568 5266 urrqarrttatern
575 5189 766 5257 praesumus.
780 5194 919 5247 uiuidum
972 5196 1069 5251 sitisset
1082 5199 1218 5263 illicitum,
1229 5196 1285 5251 salu
1296 5197 1488 5267 utique-mortis
1499 5198 1635 5267 supplicia
1645 5195 1767 5265 plectere·

119 5268 179 5333 non
196 5268 368 5379 rrrrpecrnrnusi
390 5254 489 5311 uiduus
510 5256 681 5323 deauramus,
704 5266 735 5315 ut
745 5276 811 5317 suras
836 5262 918 5317 imeras
972 5270 1019 5348 tur
1034 5269 1094 5321 :ilc
1108 5268 1297 5337 dieipotcstin
1308 5270 1489 5336 unodouunr,
1505 5271 1532 5323 si
1549 5262 1767 5343 delectationibus

119 5338 917 5481 wfflgfflu'sgsumasperniciosnmsuvoluptariis
969 5338 1767 5479 {argytlpptrvsffl‘alsppfflr's'rapeacsfetgfelffirw'pgpfflitaffl

117 5478 169 5519 seu
184 5466 334 5525 lrbrdmosrs
349 5471 559 5541 cogitationibus
573 5485 725 5538 immorari,
740 5486 841 5544 easque
854 5477 914 5532 aoi-
970 5483 1060 5535 tnmen
1069 5484 1189 5535 susciter
1198 5484 1228 5537 in
1237 5475 1767 5551 ruurdatianeterremttur,qmtsimnlis-

20 5538 26 5553 ·
119 5534 272 5593 mofovers
285 5538 915 5605 (undeetmorossevocenturamoravelim-
968 5566 1026 5605 rein
1042 5554 1169 5607 silvestro
1181 5568 1258 5623 pavea
1271 5552 1408 5608 maritari.
1424 5552 1505 5609 elisit
1519 5554 1569 5607 trac
1582 5550 1712 5607 eruntne:
1731 5545 1768 5601 lic

118 5604 276 5675 morando),
284 5608 416 5667 hacoenus
424 5626 497 5683 saepe
504 5620 532 5667 et
539 5612 620 5695 raptis
629 5611 659 5693 iu
667 5612 734 5669 locis
745 5629 778 5670 ex
790 5614 914 5675 doctrina
968 5624 1068 5693 quippe
1085 5639 1141 5679 unu
1151 5640 1268 5693 perennc
1281 5630 1330 5686 cst,
1345 5638 1415 5679 ursus
1427 5624 1503 5679 maro
1517 5628 1567 5687 est,
1584 5628 1709 5693 totusque
1720 5616 1768 5675 do·

117 5674 294 5757 881³st
312 5684 451 5735 ostensum
463 5690 514 5737 est.
532 5684 622 5763 Prema
635 5685 770 5809 siquidem
783 5688 915 5747 castitatis
969 5696 1117 5759 rrrausbitnr,
1132 5696 1254 5757 nisilnrs,
1269 5711 1330 5765 qno
1343 5698 1401 5751 sine
1416 5695 1552 5749 vuluntate
1563 5692 1711 5765 madi,
1725 5682 1767 5745 sd

117 5758 151 5799 ac
162 5744 300 5829 pudrcrtue
313 5750 476 5831 corruptela,
489 5760 518 5807 et
531 5768 652 5823 primurn
681 5757 787 5813 asurim
803 5758 914 5839 tomen·
969 5770 1125 5819 tarrvcncnm
1135 5767 1393 5823 cotrrrrtntcnnirnun
1403 5764 1679 5829 iniibnsoblectaudi,
1689 5760 1765 5839 solist

117 5823 179 5873 tum
192 5826 234 5875 “¹
245 5836 302 5895 ¹1³⁸il
318 5816 464 5879 delectant>
482 5836 604 5891 ¹¹¹⁰f⁰⁸⁰0
624 5840 686 5897 (lllae
700 5842 732 5884 ex
750 5830 914 5903 cogitatione
968 5837 1140 5905 capitationis
1167 5840 1322 5895 sentiuntur
1334 5852 1389 5895 esse
1403 5842 1526 5911 peccatu,
1534 5852 1588 5907 per
1609 5834 1764 5895 Mediolon!
