3824 6164
141 213 209 271 tait
318 250 321 255 -
680 194 821 252 thNNlS
838 192 991 251 CASSthl
1008 187 1254 247 COLLthONES.
1729 180 1798 237 tato

138 345 217 406 aquae
236 327 346 387 satietas
367 332 409 381 est
432 319 568 391 cavenda,
588 326 619 375 ut
640 317 727 391 possit
741 315 792 375 diu
813 316 842 373 in
862 316 943 374 nobis
955 320 983 385 Α
996 313 1139 389 spiritalis,
1158 311 1270 371 obsceni
1283 309 1423 368 eliciantur
1440 306 1589 372 humores,
1604 298 1655 374 qui
1672 316 1730 361 non
1744 312 1801 364 leui

138 422 269 497 acquisita
287 417 411 490 corporis
436 415 543 488 puritas
556 426 733 486 permanere,
752 419 832 483 atque
844 410 942 467 imitari
995 410 1124 467 inanitate
1135 408 1226 465 carnis
1239 420 1321 481 quam
1334 402 1434 461 mentis
1451 397 1707 470 circumspectione
1720 406 1800 472 atque

139 512 344 593 quodammodo
364 510 556 567 intemeratam
572 506 685 579 spiritus
698 502 945 573 miilmnm31icet
995 502 1129 561 virtiitesi
1145 503 1250 574 penitus
1264 497 1378 556 inhiberi
1388 500 1539 568 nequeunt,
1553 490 1657 547 saltem
1675 488 1712 547 ad
1729 491 1799 549 iilam

138 626 190 670 nos
199 623 310 667 necesse
322 606 359 664 sit
371 604 505 669 confiteri,
521 600 661 658 interdum
675 600 759 657 etiam
772 599 874 671 absque
888 598 943 657 nlla
997 598 1143 670 egestionis
1165 595 1317 669 simplicem
1333 592 1507 665 qualitatem,
1537 586 1690 643 auxiliante
1717 588 1800 660 maha

139 705 241 762 mentis
253 699 401 767 industria,
416 697 457 754 vel
470 712 518 770 per
536 695 701 767 temperiem
724 709 890 767 corporum,
902 693 943 749 rel
997 690 1060 759 Dei,
1073 689 1267 763 perducuntur.
1288 686 1407 756 ldeoque
1422 683 1450 738 in
1467 679 1563 753 primis
1577 678 1721 737 discurens
1740 689 1801 739 sunt

139 812 187 871 per
198 795 286 853 aetatis
294 792 491 854 maturitatem,
500 787 634 860 quosdam
647 786 736 843 rarius
745 784 891 853 sordidari,
901 785 944 842 rel
998 800 1128 843 sensuum
1142 780 1301 848 coercendi,
1322 795 1355 836 ne
1370 791 1449 833 mens
1463 775 1524 831 istis
1535 773 1699 830 excessibus
1712 789 1799 833 estne

139 896 213 946 certe
226 887 318 943 fluxus
331 884 409 941 istius
426 881 564 954 egestione
580 895 636 936 non
651 880 745 951 pallui.
763 879 816 936 Sed
834 879 944 936 alterius
998 879 1077 947 lacta,
1104 879 1139 936 ad
1177 876 1290 936 ioediora
1323 872 1493 930 incitamenta
1522 867 1640 925 luxuriis
1663 870 1799 929 somniem

139 972 944 1051 meritiest,quipaceminertilelicitatelllianps.securita-
997 973 1180 1045 pertrabatur.
1207 971 1298 1027 Tertia
1316 982 1396 1024 causa
1412 970 1466 1027 est,
1485 976 1552 1018 cnm
1576 976 1626 1034 per
1643 962 1799 1021 ordinatam

139 1083 181 1144 te;
195 1076 267 1144 lips.
284 1076 314 1127 tn
324 1086 411 1141 incra.
428 1066 565 1137 facilitate]
575 1067 764 1139 consequitur,
774 1067 886 1124 alterins
896 1066 943 1138 qui
996 1067 1107 1141 quidem
1130 1073 1211 1136 atque
1241 1061 1385 1120 sollicitam
1411 1054 1589 1114 continentiae
1609 1055 1796 1128 disciplinam,

138 1166 307 1238 triumphum
320 1162 448 1236 glorians
470 1160 614 1217 virtutibus
635 1167 829 1232 promeretur:
850 1160 943 1233 Hujus
997 1159 1162 1217 contritione
1174 1156 1265 1215 cordis
1277 1162 1307 1211 et
1318 1152 1437 1227 corporis
1451 1158 1614 1223 perpetuam
1632 1150 1799 1210 easbmoniae

139 1259 211 1316 enim
220 1257 338 1328 potentia
347 1255 477 1311 vitiomm
488 1254 614 1311 omnium
627 1253 785 1310 debellatrix
794 1253 875 1328 digna
890 1254 943 1311 mi·
998 1255 1144 1328 puritatem
1161 1262 1288 1327 optamus
1298 1249 1455 1323 nequirem
1465 1244 1515 1304 sed
1527 1260 1581 1303 nos
1594 1244 1707 1303 utilitati
1718 1246 1798 1305 camb

140 1348 470 1420 racnloestrilliimquem
482 1347 944 1421 facultasboniinsuatuetnrigna-
997 1364 1030 1405 ac
1042 1349 1154 1421 spiritus
1179 1347 1285 1422 egregie
1312 1342 1505 1412 consulentes,
1524 1348 1537 1379 ⁸
1558 1338 1797 1399 fraudulentissimi

139 1445 193 1513 via,
205 1454 218 1481 ⁵
228 1441 394 1500 censendum
403 1440 490 1513 magis
503 1440 619 1497 dixerim
634 1442 777 1498 securitate
791 1457 874 1514 quam
886 1442 943 1498 lau·
997 1441 1128 1500 hostisita
1142 1443 1285 1515 impugnat
1296 1437 1405 1507 invidia,
1420 1444 1451 1493 ut
1463 1434 1530 1511 dum
1545 1434 1664 1505 deiicere
1675 1434 1795 1497 fiduciam

139 1533 205 1596 dc.b
218 1535 341 1597 Secunda
351 1534 531 1607 impuriillius
542 1535 757 1606 prolluiiicausa
768 1544 817 1603 est,
831 1536 855 1591 si
866 1550 944 1592 mens
997 1528 1796 1604 conscientiaenostraenosquevelutreatualiquohumiliart

139 1632 325 1706 spiritualibus
347 1630 448 1687 studiis
474 1639 557 1703 atque
581 1631 717 1689 exercitiis
741 1640 873 1701 vacuata,
891 1646 942 1688 nec
995 1638 1124 1697 conatur,
1136 1629 1187 1685 illis
1201 1628 1336 1701 praecipue
1344 1624 1443 1682 diebus
1454 1623 1550 1697 quibus
1563 1623 1669 1697 majore
1686 1624 1795 1697 integri·

140 1724 292 1798 disciplinis
318 1724 456 1780 interioris
487 1723 606 1781 hominis
632 1725 769 1793 instituta,
796 1724 943 1797 quemdam
959 1719 1361 1788 Btalismeritodesideramus
1377 1718 1469 1776 divino
1482 1715 1674 1775 tantummodo
1690 1717 1797 1791 plaeere

140 1821 190 1878 sibi
223 1818 348 1893 segnitiei
378 1818 463 1874 situm
488 1834 536 1891 pei·
564 1817 792 1876 consuetudinem
820 1819 943 1877 continui
998 1814 1162 1888 conspectui,
1195 1813 1299 1886 absque
1329 1812 1386 1869 ullo
1413 1810 1644 1885 quidemcarnis
1674 1812 1795 1883 pruritu,

140 1914 261 1989 torporis
280 1911 441 1982 obduxerit,
457 1920 505 1969 aut
522 1928 587 1970 cum
609 1913 786 1970 sordidarum
802 1912 943 1986 cogitatio·
997 1909 1128 1965 mentisve
1144 1923 1289 1974 consensu,
1303 1921 1354 1963 nec
1377 1921 1427 1981 per
1447 1904 1601 1963 illusionem
1623 1904 1793 1978 phantasma·

138 2022 206 2064 num
220 2005 375 2061 inimicitias
389 2004 446 2073 [Al.
470 2004 665 2076 impudicitias]
683 2020 739 2061 non
756 2003 892 2069 carendo,
905 2004 943 2061 ita
996 2003 1031 2059 tis
1057 2002 1182 2075 alicujus,
1200 2000 1250 2058 sed
1272 2008 1365 2057 tamen
1386 1998 1506 2073 simplici
1527 1999 1617 2057 ssatus
1633 2000 1706 2055 illius
1717 2014 1794 2073 eges-

139 2099 214 2157 illam
225 2098 315 2156 cordis
338 2098 565 2155 sublimissimam
583 2101 730 2171 puritatem
744 2098 861 2168 segniter
874 2114 943 2155 eon·
996 2096 1070 2152 tione
1083 2111 1133 2152 nos
1151 2095 1255 2169 polluit,
1269 2102 1300 2151 ut
1313 2111 1329 2152 a
1349 2100 1523 2151 sacrosancta
1540 2091 1736 2150 communione
1749 2090 1793 2148 de·

139 2189 265 2262 cupiscit,
278 2198 310 2246 ut
326 2204 439 2249 omnem
454 2189 628 2261 perfectionis
638 2197 666 2245 et
684 2189 853 2246 matimoniae
867 2205 945 2247 sum·
996 2196 1107 2259 terrem,
1122 2190 1185 2246 licet
1206 2190 1235 2246 in
1259 2188 1393 2262 quosdam
1421 2186 1613 2261 incipientium
1629 2193 1660 2243 et
1682 2202 1793 2259 quamn

139 2297 215 2338 mam
228 2282 323 2338 insola
344 2281 438 2338 credat
460 2281 604 2339 exterioris
626 2281 746 2340 hominis
761 2283 942 2356 castigatione
992 2299 1108 2355 corpora
1135 2283 1253 2341 necdum
1272 2284 1355 2355 longa
1374 2281 1544 2355 jejunionim
1560 2280 1741 2355 castigatione
1755 2288 1792 2337 te-

138 2373 298 2431 consistere.
313 2372 396 2445 Cujus
409 2372 511 2429 erroris
523 2381 605 2446 itque
623 2375 757 2432 socordia
770 2376 838 2433 vitio
850 2390 942 2433 conse
993 2384 1076 2434 nirata
1097 2385 1172 2445 sunt,
1187 2377 1224 2434 oh
1246 2377 1300 2433 hoc
1320 2376 1453 2433 diabolica
1466 2375 1587 2433 tectione
1608 2375 1669 2433 hiet
1693 2374 1792 2431 enaiim

138 2476 255 2542 quenter
267 2466 427 2536 eveniet,ut
439 2481 494 2522 non
505 2468 596 2525 solum
611 2467 776 2525 multimode
795 2469 940 2541 cogitatio·
993 2470 1126 2529 credatur
1149 2470 1257 2540 illusio,
1277 2480 1310 2527 ut
1325 2486 1391 2527 cum
1410 2485 1461 2527 eos
1473 2469 1678 2527 intensioribus
1687 2466 1793 2541 jejunis

137 2578 211 2641 num·
220 2560 378 2637 pervagatio
393 2560 573 2618 inverecunde
587 2571 670 2635 atque
684 2563 834 2634 procaciter
848 2579 939 2621 secre-
993 2563 1105 2621 studere
1115 2564 1284 2638 cognoverit,
1300 2578 1400 2620 omnes
1415 2578 1517 2635 eorum
1538 2570 1660 2621 consuis
1677 2560 1732 2619 hac
1740 2567 1792 2617 arte

137 2666 198 2716 tum
217 2658 317 2715 mentis
339 2656 484 2730 irrumpat,
510 2657 559 2714 sed
579 2658 660 2714 etiam
680 2657 854 2730 pristinarum
876 2673 939 2714 om·
993 2658 1150 2725 subvertam
1163 2666 1195 2715 ut
1209 2658 1280 2715 dum
1295 2672 1325 2714 se
1338 2674 1396 2715 non
1408 2656 1503 2715 solum
1515 2656 1588 2713 nihil
1601 2655 1639 2714 ad
1651 2656 1791 2730 puritatem

137 2752 212 2809 nium
227 2752 384 2825 passionum
395 2751 465 2808 intra
477 2766 539 2808 eam
557 2750 661 2808 semina
672 2760 853 2825 perseverent.
870 2751 939 2821 Quat
991 2753 1117 2825 corporis
1129 2750 1295 2809 districtiore
1306 2750 1414 2824 jejunio
1422 2748 1586 2823 proiecisse,
1600 2765 1702 2806 rerum
1712 2749 1792 2807 etiam

137 2846 269 2920 quamdiu
287 2847 316 2903 in
334 2846 392 2920 ejus
405 2844 506 2902 abditis
519 2844 699 2912 delitescunt,
715 2845 838 2917 quamvis
851 2844 939 2917 rigido
992 2846 1104 2919 gravius
1124 2847 1252 2903 sentiunt
1264 2845 1348 2902 luisse
1370 2845 1507 2917 pollutos,
1522 2842 1689 2915 magistram
1702 2843 1793 2899 incor-

136 2955 238 3011 corpus
247 2940 353 3013 jeiunio
373 2939 531 3011 castigetur,
555 2946 648 2995 tamen
673 2938 850 2994 nihilominus
871 2936 938 2994 dor·
991 2938 1129 3011 ruptionis
1141 2955 1173 2996 ac
1185 2939 1315 3011 puritatis
1332 2939 1473 3006 altricem,
1487 2937 1668 2995 aerumnae
1685 2934 1792 3003 disthe·

138 3032 269 3088 mientem
296 3030 460 3087 illecebrosis
493 3028 727 3101 phantasmatibus
753 3028 902 3100 inquietant
927 3049 934 3085 z
991 3035 1099 3090 tionem
1107 3042 1252 3107 tamquam
1262 3035 1392 3091 aemulam
1408 3033 1632 3106 perhorrescant.
1649 3032 1729 3103 lVi'ds
1745 3031 1787 3086 lib.

136 3122 235 3191 quibus
259 3131 322 3180 ante
337 3122 446 3195 legitimi
470 3122 601 3194 temporis
621 3137 742 3189 cursum,
766 3122 889 3196 nonjam
907 3140 938 3180 ex
955 3108 978 3172 C
995 3141 1030 3195 ii,
1046 3130 1138 3185 Instit.
1149 3143 1172 3183 c.
1190 3133 1234 3194 tt,
1244 3133 1268 3183 et
1283 3128 1329 3183 lili.
1339 3143 1439 3199 vicap.
1449 3128 1515 3194 ult.)
1523 3128 1702 3199 Quapropter
1714 3137 1790 3181 nosse

136 3221 240 3269 naturae
263 3215 437 3281 necessitate,
462 3214 510 3271 sed
531 3214 621 3272 adbuc
643 3232 677 3271 ex
699 3215 794 3273 fraude
813 3218 940 3289 nequitiae
994 3219 1128 3277 debemus
1152 3237 1212 3278 non
1229 3221 1332 3279 idcirco
1354 3238 1406 3279 nos
1432 3228 1546 3278 tantum
1566 3220 1603 3277 ab
1627 3233 1789 3291 unoquoque

686 3346 814 3404 anthol
832 3348 945 3405 GAZAEI
964 3348 1244 3409 COMMENTARIUS.

170 3477 184 3503 ⁸
195 3467 332 3540 cuychius
345 3467 482 3538 duplicem
494 3468 541 3525 hic
558 3471 697 3525 annotavit
712 3470 853 3528 lectionem
869 3489 876 3527 ε
891 3472 935 3527 ΑΙ·
990 3471 1026 3528 ad
1037 3474 1256 3547 completorium
1271 3494 1278 3531 :

135 3544 234 3603 teram,
248 3540 337 3605 blopis
351 3540 469 3592 <lienem
477 3543 648 3594 securitatem
661 3543 766 3609 habac,
779 3560 859 3611 qiuim
871 3545 934 3598 luti-

132 3607 204 3669 ciani,
219 3622 279 3675 uiiae
293 3615 335 3662 est
350 3608 527 3676 basileensis5
542 3611 655 3666 alteram
666 3625 681 3666 e
694 3626 746 3667 ms.
756 3628 838 3682 quam
849 3615 933 3686 magis
1114 3639 1150 3687 p,
1161 3638 1240 3698 mvi,
1251 3651 1352 3689 ,omnm
1361 3637 1437 3689 amp
1518 3680 1524 3685 ,

134 3677 242 3801 probat,
265 3680 428 3735 cernendum
453 3684 537 3750 mapi's
561 3681 681 3737 ainaim
694 3686 837 3740 ssairnate
852 3702 932 3755 priam
1118 3702 1168 3750 riae
1180 3677 1448 3773 tiosiirnoisiiriipist',

46 3752 51 3757 '
144 3748 223 3808 ande,
239 3764 337 3817 nempe
351 3750 473 3821 dignum.
490 3752 534 3807 Sic
548 3752 613 3821 ipse.
633 3756 720 3823 Quain
733 3754 876 3810 lectionem
889 3756 932 3811 hic
1116 3764 1167 3810 Nec
1175 3775 1232 3810 aare
1241 3763 1273 3810 itti
1282 3766 1438 3813 consentiens

134 3818 219 3900 secuti
228 3834 334 3886 sumus,
345 3820 447 3901 oinisso
461 3830 553 3876 tamen
571 3824 770 3904 supplemento,
785 3824 859 3893 quod
873 3826 913 3881 mi
918 3858 931 3867 -
1115 3824 1166 3872 Nos
1176 3823 1220 3871 tihi
1229 3837 1284 3872 reos
1294 3828 1393 3875 statuat.

133 3903 207 3944 nime
219 3905 399 3946 necessarium
415 3906 501 3946 visum
516 3900 566 3946 est.
583 3894 729 3963 Dionysius
744 3894 932 3965 paraphrastes

133 3958 699 4046 hunclociimitalexpressit:Paenitentia
716 3964 929 4039 (propotentia)
987 3974 1016 4029 S.
1045 3973 1203 4030 allexander
1219 3990 1301 4047 papa,
1322 3976 1368 4047 qui
1385 3976 1527 4047 uuintnsa
1550 3977 1585 4030 tt.
1600 3977 1686 4031 Petro
1705 3972 1782 4039 sedit,

132 4038 337 4115 nemausenses
347 4047 385 4087 stc
393 4033 540 4115 pugnando
553 4038 693 4117 cananitis,
706 4036 930 4093 debeliiitrtnom·
988 4042 1129 4099 ordinavit
1138 4061 1240 4115 aquam
1252 4048 1413 4103 sacerdotali
1431 4046 1625 4104 benedictione
1638 4046 1784 4102 sanctitica-

132 4116 209 4157 nium
229 4107 356 4186 uitiosum
368 4104 710 4188 eslndmtriilwnecitn²1a3
732 4108 812 4190 illuns
827 4114 928 4172 aulem,
986 4121 1045 4170 tam
1059 4114 1086 4169 in
1097 4116 1231 4173 cubiculis
1251 4118 1423 4175 retinendam
1446 4133 1496 4191 pro
1518 4116 1670 4191 elingauda
1691 4114 1782 4175 diaboli

132 4189 211 4257 ΨΜ
220 4174 344 4243 saclitas
358 4173 517 4229 bominem?
527 4191 555 4229 ²¹¹2
561 4190 610 4230 Μ
616 4179 835 4246 annectendam
841 4182 929 4250 monis
986 4185 1102 4254 malitia,
1113 4202 1149 4243 ne
1161 4188 1280 4244 somniis
1289 4191 1329 4245 vel
1341 4189 1583 4261 phantasmatibus
1591 4188 1674 4245 nobis
1685 4187 1781 4244 illudat.

131 4246 273 4301 ‘littidum
285 4261 338 4327 0⁸5⁰
347 4260 479 4313 stibium,
494 4262 576 4315 illam
586 4248 802 4331 wiltu-dandum·
986 4259 1035 4312 Est
1049 4273 1116 4313 vero
1130 4258 1266 4327 singulare
1280 4275 1330 4316 nec
1340 4261 1451 4316 silentio
1480 4260 1702 4325 raetereundum,
1715 4256 1782 4333 qnod

167 4310 229 4399 iiia
245 4320 391 4398 cassianus
402 4316 420 4371 ¹-
438 4332 474 4399 vi
484 4322 550 4399 eii
568 4337 573 4371 :
592 4319 726 4400 Qualitas,
742 4320 843 4402 inquit,
856 4323 927 4391 nei·
986 4326 1053 4383 huie
1065 4326 1403 4387 iiitesiaitonietiiiusioni
1416 4277 1567 4389 titianae
1580 4332 1781 4389 amoliendas.

131 4390 274 4468 lationem.
288 4402 347 4467 ‘1²1oe
359 4388 567 4470 distensionibus
580 4391 615 4455 (ι.
627 4404 652 4444 e.
668 4388 890 4447 distractionibus
900 4400 928 4448 et
987 4398 1145 4456 Bernardus
1161 4401 1285 4474 suggerit
1300 4402 1453 4459 remidium
1475 4405 1665 4473 experimento
1686 4400 1781 4472 prohi-

130 4464 248 4539 negotiis
262 4462 353 4523 variis)
366 4458 422 4512 diei
436 4459 614 4541 neplipentiiis
627 4462 786 4530 eistadiiiir,
801 4464 934 4533 probatur
986 4477 1048 4525 tum
1061 4487 1067 4525 :
1083 4472 1114 4526 Si
1122 4488 1173 4541 pei·
1182 4478 1294 4535 nectem
1310 4473 1410 4545 inquit,
1423 4475 1513 4530 illusio
1524 4474 1721 4535 inscenderit,
1734 4488 1780 4527 noti

129 4532 217 4611 parete
228 4531 370 4610 nocturna.
390 4531 426 4583 Et
440 4530 539 4583 idcirco
551 4546 624 4612 'cum
644 4533 820 4586 tritaeessen't
839 4535 932 4603 althea
986 4544 1162 4611 contristeris,
1188 4544 1235 4598 sad
1250 4547 1279 4597 in
1302 4548 1420 4601 crastino
1444 4549 1585 4617 scriptam
1604 4550 1629 4601 et
1651 4546 1780 4614 altipucte

131 4599 308 4684 taltiuitiusie,
317 4614 370 4683 non
379 4599 457 4670 calpa
468 4615 554 4684 sesnin
573 4601 707 4655 medisina
720 4607 768 4662 est.
781 4605 830 4658 aad
845 4606 931 4674 nepli-
985 4618 1094 4667 venante
1108 4615 1145 4667 erl
1156 4616 1268 4670 Missum
1277 4620 1309 4669 iit
1315 4619 1462 4678 ministres,
1475 4622 1555 4673 caute
1566 4631 1650 4672 aarum
1663 4615 1780 4669 minibus

128 4676 227 4755 penna,
242 4676 367 4755 temperas
385 4671 570 4742 precedentes,
593 4677 618 4727 et
640 4675 824 4756 manifestatio
846 4678 934 4731 morbi
986 4686 1012 4737 te
1023 4699 1119 4738 erepsit
1134 4701 1182 4754 per
1191 4688 1312 4755 signum,
1328 4692 1358 4742 ut
1372 4693 1411 4743 est
1433 4686 1780 4753 competentemqiiateniis

130 4743 238 4798 latentes
253 4748 423 4803 nitrinseens.
447 4758 525 4812 quem
539 4759 591 4797 iton
610 4749 738 4814 primitiis
760 4748 847 4800 noetis
864 4749 932 4802 horu
985 4768 1072 4810 cinnes
1094 4756 1172 4811 illuni
1188 4762 1264 4813 tiiain
1277 4759 1454 4828 pollutionem
1469 4760 1626 4826 intelligant.
1643 4758 1715 4811 Fecit
1736 4756 1779 4811 hoc

125 4817 270 4883 parturiit,
279 4815 326 4869 sed
336 4817 441 4898 ititimis
452 4816 549 4898 ancien
559 4815 727 4870 reconditum
736 4817 854 4886 pensan
863 4822 931 4875 catis
985 4826 1088 4895 alianis
1097 4829 1173 4898 apud
1193 4845 1250 4891 nos.
1269 4832 1350 4885 etiam
1364 4831 1439 4885 iiiillo
1453 4834 1564 4887 coeunte
1577 4829 1613 4884 nd
1631 4829 1741 4889 Mesae,
1753 4829 1779 4881 iil

126 4889 381 4955 siiperfioteinsumni
390 4888 533 4955 resectione
541 4888 807 4971 proilnni't,arpiiens
817 4892 931 4945 occultas
985 4901 1074 4966 mapsa
1085 4899 1243 4955 erubesceret
1253 4919 1261 4965 ;
1273 4905 1299 4955 st
1315 4918 1333 4955 ii
1346 4904 1494 4958 tentatione
1509 4903 1599 4957 camis
1613 4900 1778 4955 liberationi

127 4962 241 5009 oestiium
255 4958 353 5024 febres,
371 4974 439 5027 quas
463 4974 514 5027 per
533 4962 619 5013 totum
631 4958 688 5014 diei
700 4965 821 5029 spatium
841 4963 931 5017 noetis
987 4970 1017 5021 i'n
1032 4974 1144 5037 tantum,
1158 4974 1243 5026 atita
1253 4972 1360 5042 aliquid
1370 4972 1599 5044 talepostmoilunt
1609 4973 1731 5029 censent.
1740 4983 1778 5024 iia·¹

128 5026 338 5094 capitationibus
353 5030 432 5151 trosti
441 5032 637 5083 contranimus.
986 5040 1041 5094 taisi
1049 5042 1128 5096 senicl
1137 5043 1178 5096 nel
1189 5043 1303 5097 secunde
1309 5058 1360 5113 per
1368 5060 1470 5099 atinum
1481 5046 1624 5115 pmritiim
1633 5038 1778 5113 hiip'itnnodt'

148 5117 173 5180 'e
197 5095 335 5180 Adversus
373 5098 513 5179 ejusmodi
534 5098 725 5181 infestationes
744 5110 771 5157 et
794 5102 932 5160 illusiones
983 5112 1150 5181 patebatur,
1170 5115 1240 5168 tiam
1258 5113 1284 5167 in
1304 5114 1776 5171 apag,1i13130p,iaec,47,g„mg

126 5165 275 5251 diabolicas
286 5168 417 5251 solemnis
430 5177 473 5251 est⁰
487 5167 531 5224 illa
548 5171 679 5228 Ecclesiae
693 5181 720 5228 et
736 5172 840 5244 piarum
858 5190 932 5231 men·
985 5182 1778 5257 Malachiaearchiepiscopnssacramentaafferretstnppm

126 5246 198 5298 ΜΠ]
210 5248 359 5314 vesperum
374 5248 510 5314 Ρῐθθῧῑ1οε
981 5256 1129 5323 piriqiiiiret
1141 5257 1166 5309 ci
1180 5256 1317 5323 diaconus,
1339 5259 1455 5313 intuitus
1474 5273 1537 5313 mim
1555 5260 1698 5329 tapeinin't,
1715 5252 1778 5327 quod

984 5327 1106 5380 seiisbset
1118 5342 1198 5394 penes
1212 5343 1272 5382 esini
1284 5329 1377 5397 latere,
1391 5328 1464 5399 puod
1476 5345 1532 5384 nan
1544 5332 1707 5385 sententiat.
1721 5330 1777 5384 Per·

248 5399 337 5449 Procul
352 5397 465 5448 lectiani
473 5397 577 5457 minuit,
983 5399 1041 5449 icto
1054 5398 1195 5464 sacrificio,
1210 5404 1307 5454 secreto
1318 5404 1489 5470 peiuentatiis
1505 5400 1541 5455 ile
1554 5403 1776 5458 masticatione,

248 5465 278 5511 *3¹
290 5463 396 5511 'millium
414 5460 590 5523 phantasmata,
617 5521 623 5534 ,
983 5468 1116 5532 consessus
1127 5472 1166 5521 est
1174 5466 1285 5524 illusam
1296 5485 1323 5525 se
1333 5486 1384 5542 pei·
1395 5474 1623 5529 samriiumnocte.
1637 5472 1688 5529 ciii
1696 5469 1779 5541 burn

247 5526 398 5587 ¹¹⁰⁸*i'l‘lu‘
410 5528 520 5573 ⁰⁰⁸¹‘um
530 5534 674 5587 ⁶⁰¹⁰Pf¹¹¹¹⁶i
982 5553 1045 5607 peris
1057 5540 1243 5608 paenitentiam
1258 5559 1266 5595 :
1281 5544 1339 5597 Nan
1349 5542 1603 5614 debueras,i'irqui't,
1617 5544 1696 5599 bodie
1707 5540 1779 5595 mini·

249 5589 286 5635 ΝΒ
298 5587 442 5650 ΡΟΗΜΜῊ
451 5599 563 5650 ‘mmm‘
867 5625 873 5636 ·
983 5614 1090 5673 stranea,
1105 5610 1307 5666 scdearcerinde
1317 5614 1557 5679 taruennensem
1571 5615 1778 5671 hnehumili'tala

121 5741 126 5749 ,
243 5738 315 5752 ,,
514 5744 537 5757 ..
729 5745 735 5757 ·
846 5747 851 5758 Ι
979 5681 1242 5751 pernecessarius
1251 5684 1350 5740 eirinde
1360 5689 1539 5744 ministrares.
1549 5688 1779 5745 HsecD.lleruar·

121 5762 124 5768 ·
160 5741 228 5796 ltem
242 5754 269 5795 in
282 5739 333 5797 alia
345 5742 464 5814 hymno,
476 5759 521 5815 qiii
531 5760 558 5798 in
570 5743 783 5818 Quadragesima
797 5756 927 5805 recitatur
982 5751 1044 5807 ilus.
