3848 6158
128 290 180 345 ala
666 276 808 335 toaaals
825 276 979 335 cassiani
997 274 1242 335 collatrones.
1733 276 1790 333 all

127 404 929 479 buscbristusarguerit:Nisinqiioetpindi'pion'iicri'tis,
945 408 971 471 Α
986 412 1052 461 ratae
1077 401 1174 459 salutis
1195 399 1316 474 praemiis
1330 400 1508 471 locupletant,
1528 397 1641 456 dicente
1665 400 1753 455 Petro
1780 416 1789 456 a

127 522 179 563 noia
191 505 303 561 creditis
312 506 389 559 Joiin
400 505 452 567 iv),
461 506 556 556 tamen
568 496 723 555 seeundum
738 496 926 554 infirmitatem
981 502 1131 566 Arpentnm
1143 501 1168 552 et
1182 511 1282 551 oneum
1294 510 1347 551 noti
1366 498 1405 549 est
1415 495 1498 561 milii3
1511 492 1583 563 qnod
1597 496 1693 547 nutent
1707 494 1790 551 liabeo

129 601 192 659 lidei
205 602 275 673 ejus,
290 597 405 671 gratiam
420 612 477 654 suae
490 594 641 652 divinitatis
652 594 784 661 exercuit,
800 609 850 649 uec
859 608 930 664 piae-
984 593 1030 647 liae
1043 592 1094 647 tilii
1108 591 1155 654 do,
1170 591 1321 645 innomine
1341 591 1405 645 lesu
1420 588 1521 645 Christi
1532 588 1684 655 nazareni,
1707 600 1790 659 stirpe

130 692 220 751 sentia
240 690 397 762 corporali,
426 686 661 760 quemadmodum
688 684 734 741 ille
758 682 929 751 crediderat,
985 694 1010 743 ct
1025 686 1136 743 ambulo
1151 687 1254 751 (Actor.
1268 687 1323 753 ιιι).

128 783 242 842 lethales
260 782 378 839 lebrium
392 780 518 847 morbos,
533 776 585 836 sed
599 777 682 835 aerbo
705 791 763 833 suae
785 775 929 848 potestatis
1269 778 1388 833 CAPUT
1403 778 1492 832 XVll.

129 878 258 945 exclusit,
267 874 376 935 dicensi
391 875 477 941 Vade,
486 876 559 945 plius
572 877 635 928 tuns
648 874 715 927 υἱιιι
724 872 828 941 (lent).
840 870 930 939 Quam
1127 878 1165 930 ne
1179 872 1353 928 lusciniolae·
1375 871 1573 942 dispensatiore
1582 870 1642 925 nei.

129 967 407 1043 superabundantiam
426 966 537 1039 graliae,
549 965 634 1021 eiiam
657 964 687 1019 in
700 964 775 1020 iliius
791 959 930 1036 paralytici
1020 978 1033 1004 ⁸
1048 969 1101 1024 Per
1115 966 1269 1039 haecigilnl'
1282 965 1408 1037 exempla
1424 979 1485 1035 quae
1495 962 1532 1019 de
1546 962 1713 1035 evangelicis
1726 978 1791 1035 pm.

130 1064 273 1122 curatione
281 1061 429 1119 bominum
437 1060 551 1131 legimus
557 1056 685 1124 elludise,
693 1072 757 1113 oum
763 1057 787 1114 ei
793 1056 931 1129 languoris
987 1062 1104 1119 tulimus
1116 1059 1325 1129 monumentis,
1338 1056 1547 1116 euidentissime
1560 1056 1717 1127 poterimus
1735 1054 1791 1113 ad-

130 1159 172 1215 sui
185 1164 294 1213 tantum
305 1168 361 1227 que
373 1167 473 1223 eorpus
486 1150 575 1207 fuerat
588 1151 739 1207 resolutum
751 1148 874 1206 remedia
885 1164 931 1220 pe
986 1165 1104 1224 vertere,
1119 1155 1238 1213 diversis
1250 1161 1335 1226 atque
1343 1150 1497 1209 innumeris
1509 1148 1603 1207 modis
1615 1159 1644 1206 et
1654 1151 1791 1207 inscruta-

130 1251 229 1316 scenti,
244 1248 344 1303 anime
356 1245 537 1318 priusiugeiit
547 1245 722 1317 sospitatem,
736 1244 830 1300 dicens
845 1264 851 1298 :
867 1246 929 1302 Con-
985 1249 1153 1315 attribuistis,
1163 1252 1256 1306 Deum
1262 1250 1380 1306 salutem
1386 1244 1503 1302 humani
1511 1242 1622 1318 generis
1628 1260 1789 1317 procurare,

129 1348 203 1397 stete
212 1342 333 1411 celeph,
344 1340 519 1395 dimittantur
528 1340 691 1410 iibiptccele
700 1338 866 1409 insidiata·
879 1340 929 1409 tx)-
985 1352 1014 1401 et
1028 1343 1216 1417 quorumdam
1229 1341 1344 1416 quidem
1355 1338 1508 1397 volentium
1520 1336 1716 1394 etsitieotium
1729 1352 1788 1395 eur·

130 1437 196 1492 Post
211 1433 296 1505 quod,
317 1448 374 1488 non
397 1432 573 1489 credentibus
585 1432 687 1488 Scribis
710 1447 791 1503 posse
810 1448 874 1488 eum
886 1446 931 1487 re·
985 1451 1048 1494 sum
1056 1435 1231 1507 admajoiem
1240 1434 1359 1491 invitare
1371 1432 1546 1504 ilagrautiam
1556 1452 1565 1496 ;
1577 1428 1788 1503 quosdamrero

131 1528 242 1585 mittere
254 1527 374 1583 bumana
385 1534 506 1599 peecata,
516 1524 552 1583 ad
562 1524 785 1583 confundendam
801 1525 932 1583 incredu-
986 1530 1072 1587 etiorn
1088 1529 1215 1585 nolentes
1224 1527 1382 1599 invitosque
1396 1524 1579 1597 compellere,
1593 1531 1621 1579 ιι
1631 1539 1708 1581 nuuc
1721 1524 1787 1597 qui-

131 1623 236 1679 litatem
253 1636 361 1688 eorum,
377 1621 461 1677 etiam
473 1620 596 1677 membra
611 1620 671 1692 ejus
684 1620 838 1693 paralyseos
854 1621 932 1679 vale·
985 1621 1053 1679 dem
1064 1630 1095 1679 ut
1107 1620 1313 1694 impleanturea
1327 1633 1390 1691 quae
1401 1616 1620 1674 utiliteranobis
1627 1614 1786 1675 desiderata

135 1713 231 1772 tudine
244 1714 378 1783 resoluta,
402 1714 545 1785 potestatis
559 1728 615 1770 suae
639 1728 766 1770 sermone
780 1714 932 1783 restrinxit,
986 1713 1165 1787 perspexerit,
1175 1711 1323 1785 adjuvem
1334 1726 1410 1767 nunc
1421 1725 1487 1766 vero
1500 1710 1589 1765 etiam
1600 1709 1686 1781 ipsius
1698 1709 1786 1767 saneti

133 1810 248 1867 dicens:
264 1810 472 1881 (luidcopitnta's
480 1809 554 1863 malo
565 1808 848 1865 tricordibnsocstiis?
860 1808 932 1875 Quid
947 1814 971 1876 Β
985 1806 1118 1863 desiderii
1140 1806 1274 1877 inspirare
1298 1804 1447 1878 principia,
1469 1812 1499 1860 et
1517 1802 1560 1859 rel
1585 1803 1697 1859 initium
1721 1804 1786 1861 boui

131 1910 171 1961 est
182 1905 292 1971 {acilius
306 1904 393 1959 dicere
407 1922 415 1957 a
429 1906 615 1960 ltnnittinitiir
629 1903 681 1957 tili?
691 1908 811 1973 peecata,
824 1908 874 1957 ιιι
887 1904 933 1958 di·-
986 1900 1076 1973 operis
1091 1899 1131 1957 vel
1146 1898 1382 1973 perseverantiam
1394 1896 1565 1953 condonare.
1578 1894 1644 1951 lude
1658 1893 1787 1967 estquod

132 2012 205 2052 cere:
221 1998 318 2065 serpe,
331 2000 356 2049 et
370 1995 501 2049 uiuariis?
514 1997 549 2051 et
560 1996 651 2049 sciatis
663 1999 754 2048 ontcni
767 1996 833 2063 qnia
846 1995 933 2050 Filias
986 1996 1098 2045 orantes
1110 2003 1168 2045 non
1183 1988 1276 2043 solum
1291 1993 1478 2058 protectorem
1493 2000 1526 2041 ac
1545 1985 1725 2050 salvatorem,
1739 1982 1787 2039 sed

131 2090 247 2145 laniatis
258 2092 417 2159 potestatem
426 2088 508 2142 balet
520 2090 547 2141 tn
561 2092 635 2141 tiniu
646 2086 801 2141 diiiii'ttendi'
812 2092 931 2157 peccota,
987 2082 1071 2139 etiarn
1086 2082 1242 2154 adjutorem
1256 2096 1289 2138 ac
1302 2089 1494 2153 susceptorem
1509 2080 1669 2135 Dominum
1684 2076 1785 2151 procla·

132 2188 194 2237 troie
207 2185 247 2235 att
258 2182 410 2251 poriilpti'co
432 2181 546 2247 :stirpe
561 2184 587 2233 ct
608 2180 670 2234 tollo
688 2180 785 2235 lectum
805 2186 891 2245 teitan,
906 2186 933 2237 at
986 2193 1107 2234 mamus.
1119 2179 1151 2232 ln
1162 2175 1584 2250 eoenimquodpii‘oradiocat,
1594 2182 1623 2230 et
1634 2174 1787 2247 ignorantes

128 2276 196 2330 uuile
208 2277 237 2328 in
252 2276 360 2329 domum
377 2278 453 2326 triani
468 2272 568 2342 (laid).
585 2272 822 2330 Similitcrautem
841 2274 868 2329 in
882 2273 931 2331 illo
986 2287 1038 2327 nos
1050 2270 1544 2344 atqueinvitosattrabitadsalutem,
1556 2275 1787 2341 protectoratque

131 2367 419 2441 quitringintaetocto
427 2366 598 2438 annosjuxta
608 2366 752 2423 natatoriae
759 2366 933 2439 crepidinem
985 2365 1106 2422 salvator
1120 2373 1179 2434 est;
1200 2365 1228 2420 iii
1247 2380 1281 2421 ιο
1296 2373 1390 2422 autem
1405 2363 1479 2435 quod
1492 2362 1689 2420 annitentibus
1707 2361 1787 2419 uobis

130 2460 218 2517 lustra
230 2460 412 2527 decumbens,
433 2458 469 2516 de
492 2473 570 2531 aquae
593 2459 665 2516 illius
678 2470 758 2517 motu
776 2468 933 2531 speraverat
986 2474 1070 2532 opem
1094 2458 1186 2528 lenc,
1204 2457 1430 2532 refugientesque
1456 2459 1602 2531 suscipere
1625 2473 1659 2515 ac
1681 2456 1786 2515 munire

131 2552 311 2621 medicinam,
323 2551 538 2610 munificentiam
548 2552 683 2609 ultroneae
697 2553 831 2626 largitatis
841 2563 932 2611 osten·
985 2552 1139 2621 consuerit,
1150 2560 1294 2624 susceptor
1312 2566 1345 2608 ac
1357 2550 1500 2625 refugium
1513 2552 1692 2608 nominatur.
1706 2550 1786 2609 neui-

130 2644 183 2702 dit.
199 2648 271 2702 liam
282 2646 452 2703 cumvolens
465 2660 532 2702 euni
544 2644 682 2704 adsalutis
696 2646 819 2705 remedia
834 2663 931 2720 provo·
986 2662 1039 2718 que
1052 2646 1124 2702 lianc
1137 2644 1350 2717 dispensationis
1362 2644 1412 2702 llei
1428 2644 1617 2717 multiplicem
1627 2645 1782 2719 largitatem

130 2754 204 2807 care,
219 2738 331 2798 dixisset
350 2740 377 2797 ei
392 2758 399 2795 :
416 2742 462 2797 Vis
476 2754 557 2797 mains
568 2744 629 2811 fieri
647 2744 735 2807 (ioan.
749 2742 777 2814 v)
787 2746 799 2797 ?
810 2743 934 2815 Cumque
987 2741 1085 2797 beatus
1098 2740 1248 2812 Apostolus
1262 2747 1357 2796 mente
1377 2747 1550 2812 pertractans
1562 2747 1589 2796 et
1603 2739 1634 2795 in
1650 2736 1785 2813 quoddam

132 2832 176 2889 ille
188 2832 223 2890 de
235 2833 350 2891 humaui
368 2832 499 2906 adjutorii
522 2834 614 2905 inopia
626 2844 797 2906 quereretur,
811 2851 843 2891 ac
857 2836 932 2893 dice·
987 2833 1160 2890 immensum
1174 2841 1259 2907 atque
1274 2832 1480 2889 interminabile
1491 2834 1603 2905 pietatis
1618 2834 1672 2890 nei
1683 2832 1785 2907 pelagus

129 2934 172 2985 ret
183 2946 192 2981 :
205 2930 344 2983 Hominem
354 2943 406 2981 neit
417 2927 507 2989 liabeo,
523 2932 619 2982 uicum
631 2929 740 2983 turbate
751 2931 838 2996 luerit
848 2946 931 3000 aprio,
987 2940 1017 2983 se
1030 2925 1158 2983 incidisse
1173 2926 1361 2999 conspicisne,
1377 2926 1540 2983 exclamarit
1554 2946 1561 2982 :
1579 2928 1604 2985 0
1621 2923 1784 2983 aititudttdi·

129 3020 222 3071 mittat
232 3034 274 3072 nic
284 3020 315 3071 ιιι
323 3020 472 3087 piscinam,
488 3016 672 3075 incredulitati
684 3020 744 3093 ejus
757 3030 785 3077 et
797 3024 932 3095 ignorari·
986 3019 1118 3075 vitiorum
1132 3019 1273 3092 sapientiae
1285 3027 1315 3076 et
1328 3019 1453 3076 scientia
1467 3020 1538 3076 Dei!
1556 3036 1644 3093 quam
1660 3022 1782 3079 interula·

130 3109 174 3164 tiae
186 3108 296 3165 veniam
308 3109 444 3178 tribuens,
462 3108 584 3181 pristinae
603 3127 668 3168 eum
682 3114 802 3185 sanitati,
816 3131 872 3173 non
886 3118 931 3175 illa
986 3113 1052 3170 bilia
1067 3121 1133 3170 sunt
1151 3112 1257 3186 judicia
1277 3114 1353 3186 ejus,
1369 3121 1397 3170 et
1416 3114 1624 3187 investigabiles
1644 3116 1697 3173 viae
1717 3114 1782 3187 eins!

129 3212 183 3269 qua
196 3209 353 3271 sperauerat
365 3200 419 3270 via,
431 3200 481 3258 sed
495 3217 547 3274 qua
567 3204 706 3263 Dominus
720 3207 805 3265 voluit
817 3210 933 3269 misera·
949 3201 972 3265 C
988 3208 1056 3280 Quis
1068 3208 1145 3264 enim
1159 3208 1286 3281 cognovit
1300 3223 1413 3265 sensum
1426 3208 1543 3265 Domini
1559 3208 1649 3279 (nom.
1664 3212 1726 3277 xil?
1737 3208 1785 3265 ile

128 3293 205 3349 tione
220 3294 348 3365 restituit,
362 3294 456 3352 dicens
471 3316 477 3352 :
493 3298 593 3368 stiipe,
610 3298 671 3357 tolle
685 3302 781 3359 lectum
796 3308 889 3369 turim,
904 3312 930 3363 et
982 3302 1028 3375 jus
1048 3317 1114 3375 ergo
1132 3302 1254 3359 seientia)
1275 3301 1490 3359 admirationem
1511 3318 1599 3376 quarn
1616 3302 1663 3360 illo
1685 3302 1743 3359 talis
1756 3314 1784 3357 ae

128 3389 196 3445 rode
206 3392 234 3445 iii
251 3390 359 3447 minum
373 3396 448 3447 tuem
462 3392 563 3465 (loidi.
575 3394 612 3449 Et
625 3394 694 3467 quid
709 3397 823 3469 mirum,
838 3400 862 3457 si
872 3398 932 3457 baec
984 3403 1078 3453 tantus
1090 3396 1219 3468 gentium
1230 3396 1490 3470 magisterexparit,
1501 3396 1785 3453 evacuareconabitur

129 3482 238 3537 Domini
247 3490 383 3553 potestate
393 3492 469 3556 gesta
483 3495 641 3556 narrantur,
656 3503 721 3545 curn
735 3491 836 3548 similia
848 3493 932 3550 etiam
984 3492 1108 3565 quisquis
1120 3491 1269 3550 crediderit
1278 3492 1562 3549 illiusinaestimabilis
1574 3493 1668 3565 abyssi
1676 3490 1778 3565 prolun-

127 3588 175 3645 per
190 3587 283 3629 serios
296 3588 362 3629 suos
374 3572 464 3629 divina
478 3576 564 3647 gratia
577 3576 662 3634 fuerit
688 3588 818 3651 operata?
837 3586 932 3657 lugie-
985 3585 1101 3643 ditatem
1115 3584 1361 3643 bumanaratione
1376 3602 1406 3643 se
1427 3602 1511 3659 posse
1531 3587 1636 3643 metiri.
1654 3589 1729 3643 liant
1741 3582 1785 3659 qui

129 3664 271 3722 dientibus
279 3680 400 3738 namque
411 3666 547 3737 templum
557 3670 640 3725 Petro
649 3677 677 3725 et
685 3674 877 3743 Joaune,oum
888 3678 932 3734 ille
986 3678 1021 3735 ad
1035 3679 1150 3752 plenum
1164 3678 1384 3752 dispensationes
1406 3682 1474 3752 Dei,
1491 3680 1589 3755 quibus
1608 3682 1733 3737 salutern
1755 3682 1784 3738 in

129 3756 244 3817 claudus
265 3776 299 3817 ex
313 3767 394 3818 utero
407 3760 505 3817 matris
519 3761 565 3833 qui
581 3777 709 3835 gressum
720 3766 830 3837 penitus
845 3769 930 3841 igno·
985 3771 1146 3830 bominibus
1157 3783 1298 3846 operatur,
1311 3774 1352 3830 sel
1364 3784 1460 3833 mente
1472 3775 1620 3848 concipere,
1636 3773 1679 3829 iel
1692 3772 1784 3830 disse·

128 3854 218 3917 rabat,
234 3854 438 3927 eleemosynam
462 3856 630 3927 postularet3
653 3858 691 3915 illi
711 3874 767 3915 non
789 3862 851 3919 vilia
876 3880 931 3922 ara
985 3881 1046 3922 rere
1060 3881 1090 3922 se
1105 3882 1185 3939 posse
1197 3866 1325 3932 conlidit,
1338 3867 1520 3940 proculdubio
1532 3868 1698 3939 impugnans
1709 3871 1783 3939 apo-

128 3964 191 4023 quae
203 3947 334 4021 poscebat
345 3947 487 4019 inlirmus,
508 3949 556 4007 sed
570 3966 679 4023 gressus
695 3952 789 4011 officia
807 3954 931 4030 largiun-
986 3960 1090 4017 stolicae
1102 3960 1248 4017 sententiae
1270 3960 1412 4018 veritatem
1428 3961 1584 4018 scrutabilia
1603 3975 1666 4016 esse
1680 3957 1733 4015 nei
1741 3958 1783 4031 ju·

129 4052 185 4109 tur,
205 4051 233 4100 et
249 4043 419 4117 parvissimae
441 4043 518 4117 stipis
535 4054 693 4117 sperantem
706 4048 813 4119 solatia,
835 4050 932 4124 inspe-
985 4053 1058 4111 dicia
1079 4063 1107 4111 ιι
1120 4054 1295 4127 vestigabiles
1308 4055 1368 4113 vias
1393 4056 1470 4127 eius,
1493 4052 1609 4128 prolana
1624 4052 1782 4127 pronuntia·

681 4202 808 4259 alanni
827 4204 939 4261 GitzAEl
960 4206 1238 4263 catinnsTlnles.

168 4344 182 4373 ⁸
195 4334 342 4391 Conclusio
357 4344 401 4415 est
413 4344 441 4391 et
458 4335 515 4391 iere
536 4340 698 4422 complexio
715 4342 935 4413 precedentium
989 4347 1035 4404 Sic
1056 4350 1132 4405 enim
1145 4348 1332 4420 propositione
1353 4350 1445 4417 tertia,
1463 4350 1510 4406 ubi
1523 4350 1652 4408 admittit
1672 4350 1779 4423 aliquam

132 4418 241 4459 eorum.
256 4406 328 4485 Cum
341 4418 416 4458 enim
438 4404 571 4487 liat-tenus
587 4410 712 4491 docuerit
734 4415 869 4497 quosdam
884 4432 936 4471 ua-
990 4420 1093 4498 precati
1107 4419 1321 4476 detestationem
1332 4428 1360 4477 et
1378 4418 1504 4476 dolorem
1522 4436 1562 4477 ex
1591 4423 1655 4479 solo
1674 4416 1779 4479 naturali

135 4482 205 4555 trirae
217 4481 335 4555 inentis,
352 4472 486 4554 quosdam
501 4486 588 4557 gratia
605 4482 657 4533 Dei
674 4483 793 4562 salvari,
814 4500 872 4541 sire
883 4486 934 4541 ini·
987 4488 1095 4559 Judicio
1107 4498 1135 4545 et
1149 4488 1292 4559 facultate,
1303 4493 1348 4564 qui
1361 4492 1395 4547 sit
1409 4491 1743 4563 initiumjustilieationi's;
1755 4496 1779 4545 et

135 4553 207 4627 tium
222 4544 318 4627 ⁸salutis
331 4552 360 4626 et
370 4551 464 4615 gratiae
477 4559 505 4600 in
517 4546 726 4631 qulbusdamlex
742 4554 845 4634 uiribus
859 4556 935 4612 liberi
991 4558 1096 4615 ibidem
1109 4560 1209 4618 latetur
1222 4564 1312 4620 Deum
1322 4561 1508 4635 quorumdam
1520 4572 1778 4647 essesusceptorems

135 4615 255 4699 arbitrii,
272 4632 299 4670 iu
316 4616 378 4671 alus
391 4630 423 4671 ex
446 4627 630 4688 preveniente
647 4622 695 4675 lter
714 4624 825 4705 aiiiilio¹
837 4642 936 4697 prore·
991 4630 1177 4701 quorumdam
1187 4648 1252 4689 vero
1265 4635 1431 4691 salvatorem
1442 4657 1450 4701 ;
1463 4636 1525 4706 quia
1535 4633 1779 4705 bosomninoptn

136 4704 206 4755 nire,
228 4702 402 4771 consequens
416 4696 460 4743 est
482 4686 539 4769 due
557 4704 617 4747 esse
631 4705 732 4760 genera
750 4692 893 4753 bominum
908 4699 937 4755 in
992 4701 1075 4769 venit,
1090 4704 1123 4758 ab
1135 4703 1196 4759 aliis
1218 4706 1472 4776 praeveniturfflna.
1493 4706 1621 4776 Vosque:
1645 4710 1674 4761 iii
1686 4722 1696 4761 i
1708 4709 1776 4775 purt-

138 4759 270 4828 Ecclesia,
283 4774 371 4816 uuum
384 4774 481 4815 eorum
495 4776 541 4831 qui
548 4762 676 4843 ‘uolentes
684 4772 713 4820 et
725 4768 870 4847 spontanei
884 4770 936 4826 sal-
950 4770 975 4833 ll
989 4772 1061 4843 disp.
1081 4778 1113 4829 91
1128 4790 1159 4829 co
1180 4816 1187 4829 .
1219 4778 1272 4858 it).
1296 4776 1488 4848 Propositione
1515 4778 1642 4833 secunda
1668 4772 1777 4833 admittit

138 4838 245 4909 rentur,
267 4830 386 4913 alterum
397 4847 493 4888 eorum
508 4848 554 4903 qui
570 4834 694 4891 uolentes
712 4844 740 4918 et
762 4837 831 4893 nibil
845 4840 936 4897 niinus
988 4844 1137 4914 quamdam
1152 4791 1363 4918 dispositionem
1374 4846 1641 4919 oipraepaiaiionem
1652 4854 1779 4905 remotam

137 4908 291 4980 cogitantes
300 4910 451 4957 invitentur
461 4912 489 4958 et
497 4905 643 4962 traliautur
651 4923 659 4972 ;
668 4907 784 4977 proinde
796 4910 936 4969 Christum
989 4914 1024 4969 ad
1039 4916 1168 4987 gratiam,
1178 4932 1211 4973 ex
1222 4917 1298 4974 bono
1310 4933 1361 4975 usu
1373 4924 1400 4973 et
1410 4914 1780 4990 operibusmoralibusliberi

141 4984 198 5026 non
211 4984 338 5026 omnium
350 4972 532 5055 salvatorem,
539 4976 588 5033 sed
609 4978 796 5048 quorumdam
810 4986 936 5039 tantum-
988 4984 1207 5057 arbitrii,contra
1216 5002 1397 5045 communem
1407 4989 1574 5047 sententiam
1583 4990 1781 5061 iaeotogorum.

141 5040 227 5124 modo
240 5050 426 5122 susceptorem
446 5051 475 5097 et
488 5044 646 5115 adjutorem
660 5046 716 5104 ilici
733 5050 843 5121 debere,
863 5054 936 5126 quod
988 5053 1025 5110 de
1038 5071 1093 5127 qua
1109 5056 1171 5115 eide
1183 5059 1381 5115 bellarminum
1406 5059 1451 5116 lib.
1468 5076 1501 5116 vi
1521 5060 1558 5117 de
1571 5062 1665 5121 Gratia
1677 5072 1739 5131 eap.
1753 5062 1779 5115 a.

141 5114 236 5171 multis
247 5122 417 5185 argumentis
428 5112 596 5194 coiiulutatlt.
613 5120 737 5191 Prosper.
751 5124 937 5191 Quaoceasio·
990 5128 1181 5198 propositione
1196 5130 1292 5201 quinta
1310 5140 1403 5203 aperte
1425 5130 1528 5187 latetur
1545 5134 1723 5201 orationem,
1736 5144 1782 5187 seu

142 5200 188 5252 ne,
201 5183 276 5258 quod
296 5184 440 5267 bucusque
458 5183 573 5241 dilatum
585 5196 637 5254 est,
650 5206 706 5244 nou
721 5194 936 5261 praetermitten-
989 5198 1085 5254 orandi
1096 5198 1227 5256 allectum
1238 5210 1266 5257 et
1274 5210 1407 5258 conatum
1418 5202 1537 5273 aliquem
1550 5220 1583 5261 ex
1598 5204 1673 5263 bono
1683 5212 1782 5261 naturai

142 5257 210 5313 dum
227 5256 280 5313 lioc
299 5256 360 5311 looo
376 5254 483 5312 ridetur
498 5266 532 5312 ut·
548 5258 678 5314 lectorem
697 5275 877 5329 moneamus,
904 5282 936 5321 es
990 5283 1070 5338 posse
1083 5268 1220 5339 depromi,
1234 5279 1266 5329 ut
1279 5288 1327 5344 per
1340 5286 1407 5329 eum
1419 5272 1626 5346 quadamtenus
1638 5276 1726 5347 gratia
1737 5270 1783 5329 usi

142 5327 935 5411 liisquaebaetenussuutdisputatamauiiestumevadere,
990 5335 1065 5409 digni
1090 5340 1250 5411 reddamur,
1272 5351 1301 5399 et
1324 5358 1388 5401 eam
1412 5344 1616 5417 impetremus:
1638 5362 1704 5419 quis
1725 5349 1785 5403 mut

140 5414 195 5455 nori
215 5408 355 5483 immeritp
380 5414 395 5454 a
410 5414 578 5482 gravissimis
590 5399 726 5473 theologis
741 5402 867 5489 redargui
882 5410 936 5464 Pe·
990 5408 1125 5479 ipsissima
1139 5412 1352 5471 Massiliensium
1365 5415 1474 5486 placita,
1488 5431 1505 5471 a
1518 5416 1637 5473 summis
1648 5412 1784 5489 pontilici-

140 5476 214 5525 trum
233 5474 411 5559 ciaconium,
430 5470 562 5535 Cassiam,
576 5480 609 5527 ut
622 5478 731 5539 vocant,
748 5474 935 5544 selioliasteiii,
990 5479 1057 5543 bus,
1074 5482 1195 5540 conciliis
1208 5491 1236 5540 et
1244 5484 1304 5541 aliis
1314 5486 1442 5543 Patribus
1455 5485 1646 5555 daniuita‚ut
1657 5502 1694 5543 cx
1707 5485 1785 5545 ilius

138 5539 213 5620 quod
239 5540 307 5597 dum
335 5544 484 5623 tassiano,
509 5540 653 5626 plusquam
672 5547 817 5628 oportuit,
846 5550 936 5605 lasere
991 5560 1110 5610 constat.
1127 5556 1194 5611 llaee
1208 5556 1299 5613 etalia
1313 5556 1341 5612 in
1364 5558 1601 5631 propositionibus
1616 5558 1743 5617 Ciaoouii
1755 5570 1784 5613 es

136 5624 250 5701 epusquo
261 5619 436 5687 sententiam,
447 5618 503 5666 tam
515 5612 626 5695 inlibris
636 5618 841 5674 institutionum
850 5636 933 5691 qnam
988 5622 1118 5682 Cassiano
1127 5626 1250 5683 collectis
1262 5643 1320 5684 non
1329 5628 1397 5684 satis
1408 5638 1491 5687 caute
1505 5631 1619 5703 scripta,
1629 5638 1661 5689 et
1669 5646 1728 5689 non
1736 5624 1783 5687 leti

136 5678 339 5745 (iollatiouuni,
354 5681 390 5736 ab
404 5696 499 5737 errore
522 5682 658 5742 uindicare
681 5686 801 5754 studuit,
822 5689 879 5760 ipse
903 5707 933 5748 se
987 5694 1220 5754 animadversione
1238 5698 1333 5771 digna,
1349 5698 1488 5759 studiosus
1510 5700 1600 5759 lector
1613 5698 1783 5761 obsensbit.

134 5750 231 5835 iisdem
255 5766 380 5833 errorum
397 5750 499 5832 laqiiais
514 5752 669 5835 implicarit,
684 5756 836 5839 concedens
855 5759 933 5844 plane
986 5779 1049 5835 quae
1063 5764 1273 5829 hactenussatls
1286 5784 1425 5844 superque
1438 5780 1504 5829 suut
1514 5770 1645 5831 refutata.

132 5838 269 5896 cumipse
283 5821 395 5895 aliquod
419 5829 530 5877 initium
545 5834 639 5895 gratia
648 5835 675 5883 et
687 5826 783 5884 salutis
795 5844 826 5887 ei
842 5832 929 5889 uobis.
