3824 6164
119 290 189 347 tm
657 271 799 331 torm,
814 270 967 327 [Um
983 267 1230 325 Uol-{Affl-
1715 268 1787 325 ¹30⁰

121 416 216 470 mbr.
243 410 316 466 sne
341 406 410 479 quid
427 404 567 477 praede
586 389 1786 464 mmmffitmmmnnficuoemutantemnde-

123 492 798 564 murmurosorum-eine
807 490 921 563 parui
972 493 1099 545 m
1116 486 1153 543 ad
1162 496 1276 543 terrm
1289 483 1472 557 δειιιμιιις
1486 498 1592 539 rernm
1606 483 1696 542 etiam
1712 488 1788 560 qued

126 598 337 672 mmm
356 594 494 659 Mari,
512 590 744 648 Ιαιιοιιιιιιιιιιιι
762 584 922 641 erm
973 584 1098 640 bser-
1116 579 1534 652 mummium
1557 577 1666 636 laborm
1680 582 1787 656 proprii

130 710 245 769 speum
264 689 491 756 &mmet
512 679 924 758 memmenni-n
974 676 1107 734 meede
1128 675 1393 741 &emesenae
1410 674 1616 746 permittentes
1634 682 1665 731 te
1687 675 1787 736 berum

127 790 221 849 labere
233 786 357 855 sublate,
371 781 539 857 spiritalibus
551 788 661 834 manum
680 775 779 833 stnfis
791 774 924 829 istest-
975 774 1138 846 mursa
1149 770 1314 831 rnfldtnn.
1332 767 1491 826 nandum
1511 768 1589 825 beati
1606 772 1737 842 Apostoli
1750 790 1787 832 re·

123 884 315 945 ambuans?
976 861 1787 942 plsnpendisnsunbirietumtuismanibuspraepa.

423 972 544 1029 certi
563 970 615 1025 xt,
977 961 1314 1035 rareque-flentum
1327 957 1520 1031 Ephesiorum
1537 958 1675 1017 Ecclesia·
1682 962 1788 1034 princi·

177 1074 321 1143 mauro
342 1084 377 1124 a
393 1071 425 1124 b.
440 1067 555 1121 ,carmi
571 1064 705 1118 mentia
718 1060 870 1127 mm.
977 1058 1059 1130 plum
1070 1065 1207 1129 recepta
1221 1055 1414 1127 mulgeas,
1427 1067 1460 1108 se
1472 1053 1564 1109 etiam
1578 1054 1682 1110 sancus
1694 1058 1788 1114 Eran-

160 1164 305 1222 bbraham
320 1163 398 1217 :Seu
409 1174 503 1214 meam
514 1164 612 1212 centn
626 1155 679 1208 irae
690 1152 781 1213 robis,
792 1147 842 1206 red
851 1148 924 1204 beati
978 1153 1073 1226 geba
1084 1149 1289 1222 gumbertus
1303 1146 1408 1203 mediis
1421 1153 1607 1219 occupatum,
1626 1163 1683 1203 non
1697 1150 1789 1208 selum

127 1257 240 1316 Antonii
251 1253 415 1311 muntem
428 1249 578 1321 proferam,
596 1262 651 1318 qua
665 1246 710 1301 ille
725 1245 764 1300 ita
775 1240 925 1316 minida
978 1246 1045 1303 nbi.
1066 1259 1165 1300 rerem
1181 1244 1271 1298 etiam
1291 1240 1338 1298 luis
1354 1240 1404 1312 qui
1423 1248 1508 1296 erant
1520 1255 1587 1313 erga
1601 1242 1788 1301 ministerium

126 1350 238 1417 fratris,
258 1348 313 1403 hee
333 1359 390 1417 quo
408 1342 500 1397 dicitis
520 1350 613 1413 tepore
626 1338 764 1410 torpentis
779 1336 925 1408 segnitiem
978 1354 1062 1393 saum
1075 1337 1240 1394 recensis
1252 1334 1395 1406 ehsomiis
1411 1333 1574 1406 praepediti,
1595 1336 1747 1408 praebuisse
1760 1352 1789 1396 ee

129 1442 291 1507 confutavit,
303 1448 333 1495 ut
344 1438 429 1494 etiam
440 1436 547 1492 nodum
564 1441 662 1490 restrae
676 1429 872 1504 propositionis
883 1426 928 1483 ab
979 1442 1134 1489 memorat.
1152 1430 1275 1486 dicens:
1300 1424 1358 1500 lp'si
1373 1431 1451 1484 scitis
1461 1432 1593 1500 euentura
1604 1447 1636 1487 ea
1648 1449 1710 1503 erce
1725 1434 1790 1489 nsit

130 1534 271 1596 scinderet
286 1550 294 1589 :
309 1547 375 1589 nam
385 1546 450 1587 cum
463 1529 499 1587 ad
512 1527 677 1602 praedictum
694 1525 785 1580 ιίιιιιιι
798 1520 927 1596 quidam,
979 1532 1144 1597 aerearum,
1155 1529 1183 1578 et
1192 1525 1235 1577 tis
1245 1526 1295 1593 eri
1303 1526 1723 1590 annuntiatoribus-eruut
1732 1541 1789 1581 aua.

129 1638 160 1689 ut
172 1628 240 1697 diri,
255 1628 377 1689 veniens,
385 1623 610 1682 anachoreticam
625 1618 800 1692 disciplinam
811 1617 928 1671 minime
980 1636 1031 1673 sus
1044 1623 1103 1674 ista
1128 1622 1226 1674 'actm
1243 1620 1309 1672 xx'·
1322 1614 1410 1689 Quod
1424 1624 1518 1673 meren
1532 1626 1564 1674 ut
1573 1633 1606 1674 se
1623 1617 1725 1676 fecisse
1739 1636 1790 1692 pre

131 1722 238 1781 diceret
271 1719 481 1783 admirandam
514 1715 629 1789 majoris
654 1711 838 1786 pronuntians
870 1723 929 1764 me
981 1711 1071 1767 ferma
1088 1719 1191 1767 nostre
1206 1710 1335 1766 aeones
1350 1709 1533 1779 enmderet,
1551 1712 1618 1769 athi
1631 1714 1673 1769 ait
1699 1734 1708 1768 ·.
1732 1718 1790 1772 ttae

132 1816 255 1886 virtutis,
265 1816 288 1873 si
301 1830 333 1873 ea
350 1828 414 1888 quar
434 1810 608 1886 pedectiems
627 1815 704 1869 sunt.
717 1808 790 1863 inter
803 1788 970 1860 heminesB
983 1809 1063 1861 ιιιωι
1073 1807 1180 1873 tainus
1188 1808 1262 1859 inter
1273 1820 1331 1872 roe,
1347 1821 1436 1876 seque
1447 1806 1536 1876 pratis
1542 1823 1645 1878 panea
1656 1811 1789 1882 abaliquo
1814 1833 1823 1857 .

134 1911 283 1987 priimam,
295 1924 380 1984 quam
394 1908 423 1965 in
433 1920 529 1965 ererrm
540 1904 657 1978 pesitus,
668 1906 822 1967 exereeoet3
833 1898 932 1955 beatus
983 1899 1409 1965 macacmasseeetaom
1418 1901 1619 1971 cttmmatieec
1629 1908 1791 1966 meredic

137 2004 269 2061 tutemus
297 2002 414 2058 ubinam
440 2000 499 2073 ipse
521 1997 702 2063 consisteret,
727 1999 931 2066 percunctatur.
984 1998 1588 2065 epaautesfluquereeestrunaraearcmus:
1602 2002 1790 2069 emptiones

133 2100 261 2172 cumque
275 2096 445 2169 illesejuxta
458 2100 586 2168 parentet
600 2085 930 2151 sueslrabitaredixisret,
983 2090 1158 2143 tribuerimus
1176 2092 1346 2157 potestaten,
1359 2087 1409 2143 sed
1420 2086 1463 2160 sut
1482 2093 1656 2161 nosmetipsos
1677 2094 1791 2160 teneare

136 2200 166 2248 et
188 2206 285 2248 eorum
300 2189 462 2262 praebitione
477 2187 601 2244 ahemni
614 2201 682 2242 cura
701 2191 731 2241 et
745 2181 933 2240 sollieitudine
985 2185 1477 2244 earoausrebeadtmitmemos
1492 2189 1502 2259 (
1516 2190 1543 2246 ΙΙ
1558 2192 1634 2246 ibes.
1648 2193 1703 2264 ru).

131 2284 226 2342 diurni
240 2286 325 2353 [bips.
340 2286 369 2337 ia
387 2298 474 2350 mare.
490 2280 630 2348 diuturni]
643 2279 735 2351 operis
754 2277 933 2344 absolutum,
1280 2281 1403 2337 cutm
1425 2282 1495 2338 xil,

133 2374 246 2433 lectioni
260 2381 368 2431 tantum
388 2379 416 2428 et
434 2371 571 2439 orationi,
584 2370 691 2443 absque
710 2369 755 2425 illa
768 2367 935 2425 distentione
1058 2377 1097 2429 Dr
1111 2374 1228 2429 ruditate
1250 2378 1425 2445 epnatieeis,
1440 2381 1470 2432 et
1490 2378 1543 2432 etii
1553 2378 1720 2436 detrimento.

140 2467 253 2542 ιρίιίιιιι
267 2465 454 2523 indesinenter
475 2464 640 2538 gloriaretur
662 2462 795 2520 insistere.
809 2464 934 2518 Rursum
965 2444 980 2465 ⁰
1025 2467 1059 2521 Et
1070 2464 1134 2522 ideo
1146 2481 1212 2523 eum
1228 2466 1313 2523 etiam
1326 2467 1409 2523 nobis
1428 2478 1582 2541 parentum
1596 2471 1725 2544 presidia
1737 2489 1794 2531 non

136 2562 235 2620 Ικιιιιι
246 2561 385 2618 Antonius
400 2581 406 2615 :
428 2560 490 2625 liic,
503 2559 606 2631 inquit,
622 2557 670 2621 tili,
683 2566 780 2614 utrum
795 2558 824 2612 in
836 2571 935 2612 cerum
988 2556 1128 2625 deessent,
1140 2559 1315 2616 tameuhanc
1327 2562 1435 2618 emetis
1447 2563 1551 2635 opibus
1563 2566 1792 2637 pretulimusnu·

138 2651 248 2710 damnis
273 2653 315 2710 ret
342 2651 466 2709 adversis
492 2651 602 2707 casibus
622 2649 803 2715 contristeris,
823 2647 936 2720 parique
989 2653 1337 2730 ditatem,etquetidians
1347 2656 1789 2730 corperisaiimentanestrisma

139 2747 224 2804 aium
245 2746 329 2804 mede
345 2762 431 2821 super
442 2761 539 2804 comm
551 2745 733 2819 prosperitate
750 2740 935 2817 congaudeas.
990 2751 1094 2807 luimus
1106 2748 1255 2807 mderihus
1268 2763 1421 2821 preparare
1433 2766 1517 2823 quam
1528 2768 1631 2809 secura
1644 2765 1798 2824 parcarum

136 2840 348 2914 llte‘utriurque
368 2842 408 2898 rei
423 2856 453 2898 se
466 2840 630 2914 participem
651 2855 713 2896 esse
727 2836 872 2896 confessus
884 2847 936 2893 est.
992 2841 1154 2912 praebitienc
1189 2841 1297 2906 fulciri,
1320 2840 1543 2896 laboriosissimae
1567 2839 1637 2897 huie
1668 2848 1796 2916 penurie

140 2933 192 2990 Cui
209 2948 293 2990 senes
308 2934 438 2991 :boreis
449 2942 487 2999 te,
501 2934 602 3004 inquit,
613 2933 700 2988 etiam
711 2931 737 2985 in
751 2931 844 2985 future
857 2944 940 2985 saeeu·
991 2934 1068 2989 ittam
1081 2949 1165 3004 quam
1179 2933 1310 3005 praedicas
1321 2931 1439 2990 otiosam
1452 2932 1664 3005 scripturarum
1680 2938 1794 2995 medita·

138 3026 165 3083 le
181 3040 279 3082 cerum
294 3034 369 3082 rorte
381 3022 566 3088 censendum,
580 3038 646 3080 cum
661 3019 763 3095 quibus
776 3022 804 3076 in
817 3019 871 3078 hac
883 3021 938 3077 rita
991 3026 1097 3082 tionem
1108 3034 1190 3099 atque
1203 3025 1402 3083 infructuosam
1413 3023 1537 3083 lectiems
1547 3025 1712 3086 instantiam
1722 3041 1796 3104 poet·

138 3119 167 3174 in
180 3119 253 3175 lucri
266 3119 460 3176 detrimentive
470 3118 624 3186 consortie,
638 3118 679 3174 vet
694 3114 796 3189 gaudie
809 3117 852 3172 vel
866 3132 940 3173 moe-
992 3129 1141 3192 ponentem
1164 3136 1247 3192 quam
1266 3120 1362 3192 precib
1376 3118 1463 3178 dubie
1482 3120 1666 3180 libentissime
1680 3135 1795 3185 sectere·

137 3226 201 3268 rore
214 3213 381 3279 concuteris.
395 3214 451 3269 Nec
465 3210 519 3267 hac
534 3218 680 3268 contentus
693 3209 830 3266 sententie
844 3209 941 3267 beatus
955 3190 979 3254 C
993 3230 1066 3283 mun,
1086 3215 1175 3271 sihoc
1188 3229 1248 3271 esse
1258 3214 1352 3271 utilius
1365 3214 1406 3270 vet
1420 3215 1553 3286 exemplis
1567 3216 1625 3273 suis
1643 3221 1794 3290 apostolica

142 3298 291 3371 antedius,
315 3305 451 3380 majorem
470 3305 581 3379 insuper
596 3320 729 3378 campum
743 3303 941 3377 disputationis
992 3308 1149 3366 tradidisset
1163 3309 1322 3377 auctoritas,
1338 3309 1379 3366 rel
1389 3309 1512 3365 instituta
1523 3309 1665 3367 seniorum
1681 3313 1794 3371 salubri-

140 3401 283 3475 ingressus
296 3410 339 3459 est
354 3420 361 3457 ε
374 3404 452 3468 Haec,
465 3399 601 3473 inquiens,
617 3399 789 3456 conversatio
802 3405 886 3472 atque
897 3398 941 3455 hic
993 3412 1036 3459 ter
1046 3403 1237 3474 prebuissent.
1255 3403 1372 3460 Nereris
1385 3411 1479 3461 sutem
1490 3413 1519 3461 te
1531 3404 1614 3461 etiam
1627 3422 1660 3462 er
1679 3405 1732 3464 hec
1741 3423 1793 3464 neu

139 3494 330 3565 tepidissimus
349 3500 449 3560 statm,
470 3507 526 3548 non
544 3493 596 3548 hoc
609 3493 680 3559 sote,
698 3509 753 3565 que
773 3491 842 3561 dixi,
857 3502 884 3549 te
905 3492 940 3549 fe
992 3496 1227 3570 deciusquamilte
1236 3513 1381 3571 quempra
1391 3497 1513 3554 diximus
1525 3497 1599 3555 affici
1612 3499 1791 3558 detrimento:

139 3586 219 3644 riuot
231 3584 396 3643 detrimento
407 3587 482 3653 (iicet
495 3584 521 3642 id
537 3594 567 3642 tu
580 3585 638 3659 ipsc
649 3600 704 3641 nen
720 3586 833 3652 sentias,
841 3586 939 3644 dicens
992 3593 1054 3665 quia
1071 3608 1135 3648 cum
1149 3593 1188 3649 sis
1201 3593 1260 3648 sani
1274 3592 1398 3665 corporis
1415 3607 1449 3649 ac
1465 3592 1583 3661 robusti,
1599 3596 1673 3667 stipe
1692 3605 1793 3652 susten·

143 3679 353 3754 quodammode
363 3680 516 3738 secundum
528 3680 605 3737 illam
613 3678 823 3737 proverbiorum
831 3681 942 3753 parabo
992 3686 1061 3742 taris
1079 3686 1177 3754 aliena,
1190 3701 1252 3759 quae
1263 3687 1338 3758 juste
1358 3685 1423 3743 selis
1437 3693 1477 3743 est
1493 3685 1633 3744 debilibus
1646 3691 1789 3746 attubuta.

139 3773 195 3831 lam
208 3777 297 3843 [erce.
320 3776 425 3847 xxxii),
437 3785 450 3812 ⁸
464 3778 605 3832 Perierunt
617 3791 668 3839 mc,
691 3775 738 3830 sed
751 3791 804 3829 aea
815 3776 900 3839 delui,
916 3782 941 3831 et
994 3782 1065 3835 Nam
1082 3779 1177 3851 utiquc
1188 3794 1272 3834 omne
1288 3780 1432 3838 hominum
1442 3784 1530 3853 genus
1544 3780 1653 3854 absque
1665 3782 1716 3838 itta
1731 3792 1794 3841 tan·

140 3872 295 3926 miraeum
316 3888 366 3939 mc,
390 3887 435 3938 epe
455 3876 546 3925 auton
570 3873 685 3935 acseiei;
712 3869 753 3923 rel
773 3869 841 3925 illud
865 3870 941 3942 quod
994 3882 1054 3930 tum
1077 3888 1177 3946 genere
1191 3874 1402 3944 monachorum,
1418 3871 1490 3947 qued
1512 3873 1666 3931 seeundum
1693 3893 1793 3949 praeee-

142 3961 244 4020 dicitur
254 3963 281 4019 iu
293 3961 425 4035 propheta
439 3962 524 4031 (Osee
535 3965 603 4032 vu),
619 3962 792 4019 Cemedcruat
805 3965 889 4019 aloem
903 3981 941 4020 re
993 3974 1072 4038 ptum
1087 3964 1378 4039 apostoliquetidianis
1385 3980 1519 4022 munuum
1528 3980 1646 4023 suarum
1659 3967 1792 4028 laboribus

141 4057 266 4130 berejes,
277 4056 592 4130 etipscocscirit),quod
604 4056 940 4130 scilicetdiebussingulis
993 4052 1101 4127 vivit,¹'
1120 4074 1224 4132 agapen
1239 4059 1337 4117 alienae
1355 4060 1525 4132 operationis
1544 4070 1697 4134 exspectat.
1716 4063 1791 4121 Unde

687 4166 818 4220 thRDl
837 4167 950 4223 GhZAEl
968 4166 1248 4225 COMMENTARIUS.

175 4266 266 4323 ‘vide
279 4282 360 4338 supra
372 4266 463 4323 collat.
476 4271 522 4332 ts,
533 4280 595 4337 cap.
611 4273 636 4318 7.
997 4269 1119 4325 dicerent
1140 4268 1223 4325 simul
1243 4268 1407 4327 charitatem
1422 4269 1522 4339 lacere,
1545 4287 1650 4344 prece,
1666 4271 1739 4343 quod
1752 4280 1790 4329 est

178 4331 297 4418 ”agape
321 4354 337 4393 a
360 4337 496 4394 charitate
515 4352 621 4392 nemen
635 4336 727 4393 treber.
753 4335 850 4406 Ἀγάκη
867 4338 943 4394 euim
996 4340 1079 4396 simut
1091 4340 1182 4396 cibum
1193 4341 1367 4414 caperetqui
1378 4342 1507 4424 loquendi
1520 4343 1790 4400 metusetiamttalis

144 4406 249 4464 Graecus
260 4408 372 4464 dilectio
382 4408 437 4465 sive
450 4407 569 4464 charitas
582 4407 695 4476 dicitur,
710 4407 816 4465 averbo
826 4408 943 4478 ἀγακάω,
996 4412 1111 4484 aliisque
1124 4411 1284 4469 nationibus
1299 4422 1325 4468 et
1337 4413 1438 4486 linguis
1458 4422 1621 4486 usurpatur.
1643 4418 1731 4486 Atque
1742 4415 1790 4471 hec

142 4477 219 4605 PM
232 4486 275 4534 est
288 4493 369 4545 ame,
387 4477 480 4550 dilige.
496 4478 622 4534 Sumitur
632 4488 727 4535 autem
746 4478 798 4535 hoc
817 4480 939 4537 vocabu·
990 4481 1075 4539 mede
1089 4483 1208 4539 sumitur
1221 4498 1307 4555 agape
1323 4484 1375 4541 hec
1394 4485 1472 4552 lece,
1487 4501 1556 4542 eum
1568 4485 1672 4542 dicitur
1691 4502 1788 4556 agapae

153 4564 200 4606 um
222 4549 296 4620 apud
318 4559 423 4606 veteres
442 4557 470 4605 et
487 4547 658 4605 Christianos
675 4550 824 4620 scriptores
837 4550 938 4620 duplici
989 4556 1085 4609 albae
1095 4557 1161 4624 epc‘s,
1174 4568 1220 4609 seu
1232 4558 1393 4625 operationis
1408 4561 1575 4628 eespeearc,
1588 4557 1713 4630 quisquis
1721 4573 1788 4623 neu,

142 4620 236 4690 mede,
273 4621 406 4677 cheretim
417 4628 444 4676 et
456 4619 783 4693 spectatingcneratim
794 4636 843 4692 pre
853 4620 939 4677 chari·
990 4625 1142 4681 seeundum
1158 4626 1457 4709 hpestelipraeceptum
1478 4628 1789 4702 (dequealiasfbib.x

142 4636 940 4765 taoeottictoseueteemosynaaucsubvcnuonettnpraxi·
996 4695 1792 4770 tristitJdictumcst),quetidrauismanuumsuarumlabe

141 4778 214 4828 mes,
231 4767 382 4836 presertim
394 4779 540 4837 paauperes,
552 4763 686 4836 impensa,
700 4772 731 4820 ut
742 4761 817 4836 apud
831 4764 941 4820 Tertul-
956 4755 981 4817 D
996 4766 1074 4822 ribus
1087 4767 1160 4824 vivit.
1176 4769 1247 4824 Nam
1262 4769 1334 4827 idem
1348 4778 1399 4835 est,
1412 4785 1520 4843 agapen
1530 4770 1624 4828 alienae
1631 4768 1793 4842 operationis

142 4835 248 4893 lienum
271 4837 298 4891 iu
320 4837 366 4892 hh.
383 4837 417 4893 ad
432 4840 569 4909 Martyres
588 4838 698 4906 :ipsum
716 4838 941 4891 conversationem
995 4847 1162 4921 exspectare,
1185 4854 1216 4894 ac
1236 4841 1307 4912 stipe
1330 4840 1418 4897 aliena
1444 4842 1606 4909 sustentari,
1628 4850 1659 4897 ut
1671 4839 1792 4913 superius

143 4908 234 4961 saculi
246 4911 394 4964 atcarcces
407 4922 589 4979 comparemus
604 4926 611 4961 :
627 4909 781 4978 eucapiae
795 4909 824 4961 ie
838 4923 942 4988 earcere
995 4909 1090 4965 dixit:
1115 4925 1171 5036 {ue
1192 4910 1308 4983 quidem
1331 4911 1416 4969 mede
1431 4911 1496 4968 dicit
1521 4914 1597 4985 ipsos
1616 4914 1701 4969 etiam
1720 4925 1790 4991 reges

143 4978 256 5047 spiritus
264 4981 941 5049 equiritqrrumcareemittit,imme‚etqooejuste
994 4996 1088 5053 agape,
1110 4981 1117 5036 i
1156 4989 1207 5049 est,
1223 4998 1274 5064 epe
1295 4991 1323 5039 et
1343 4982 1466 5039 subsidio
1493 4983 1613 5042 alierum
1639 4992 1790 5040 sustentari.

142 5052 216 5116 suet,
232 5064 293 5105 core
304 5064 357 5105 aea
371 5051 475 5104 amittit
487 5066 538 5118 per
552 5065 643 5103 curam
663 5051 786 5105 &cleia
800 5055 825 5106 ct
838 5066 941 5121 agapen
995 5052 1072 5108 Alias
1090 5068 1153 5108 vere
1166 5054 1286 5111 strictius
1300 5054 1419 5112 sumitur
1432 5069 1520 5127 agape
1541 5072 1592 5128 pre
1611 5055 1733 5119 coenula,
1749 5068 1792 5108 serr

141 5122 273 5189 fratrem,
282 5120 307 5177 id
320 5129 371 5185 est,
383 5136 440 5177 nen
450 5119 552 5177 desunt
564 5119 649 5177 etiam
662 5130 735 5177 mart
753 5120 829 5177 ribus
841 5121 869 5176 in
883 5136 942 5177 car·
994 5123 1147 5180 conviviolo
1165 5133 1269 5192 sancte,
1285 5124 1361 5199 qued
1376 5125 1523 5184 Christiani
1546 5127 1643 5184 dirites
1656 5126 1683 5180 iu
1698 5124 1793 5197 primi·

141 5207 206 5249 cere
218 5192 373 5250 constitutis
387 5206 449 5266 quae
466 5192 617 5248 necessaria
632 5201 697 5249 sunt
709 5138 752 5248 aci
763 5193 941 5249 sustentatio·
994 5193 1047 5249 tiva
1067 5194 1196 5263 Ecclesia,
1211 5195 1309 5255 diebus
1333 5197 1487 5270 presertim
1514 5196 1747 5267 solemnioribus,
1764 5209 1791 5251 ex

142 5280 206 5320 uem
220 5265 344 5338 corperis
359 5280 409 5336 per
423 5279 519 5320 curem
532 5271 561 5320 et
580 5262 795 5320 sollicitudiuem
811 5259 940 5321 Ecclesiae
994 5265 1126 5322 charitate
1141 5267 1305 5339 pauperibus
1320 5269 1508 5326 exhibebant:
1526 5268 1604 5344 quod
1619 5277 1648 5326 et
1668 5267 1791 5338 apostolo

141 5344 170 5393 ct
182 5352 289 5411 agapen
301 5335 428 5403 fratrum,
445 5334 533 5402 idest,
546 5336 733 5407 eleemosynas
747 5334 883 5392 fidelium.
899 5339 938 5392 lta
993 5351 1055 5391 rum
1066 5337 1184 5463 coegisse
1194 5347 1320 5413 tempere
1331 5347 1446 5397 testatur
1455 5345 1488 5396 [l.
1510 5344 1643 5399 Clemens
1652 5341 1680 5396 in
1690 5337 1790 5413 epistola

144 5410 177 5462 Ι).
195 5409 347 5482 Cyprianus
361 5409 409 5465 tib.
427 5421 464 5463 ιιι
477 5406 631 5464 Testimon.
644 5423 704 5480 cap.
716 5414 732 5464 t
745 5427 751 5459 .-
764 5411 886 5478 agapen,
900 5408 939 5463 ie·
992 5406 1026 5462 ad
1040 5408 1106 5464 lace
1127 5424 1174 5464 um
1188 5408 1299 5468 fratrem
1314 5411 1434 5468 Domini.
1446 5412 1533 5470 Unde
1545 5422 1574 5469 et
1585 5412 1675 5470 ludas
1689 5418 1789 5484 apesto-

143 5478 211 5546 quit,
221 5479 729 5548 etditeetieecmfrutcraamratificaret
737 5482 852 5550 firmiter
864 5496 936 5535 cece·
991 5477 1032 5533 lus
1044 5476 1072 5532 tn
1086 5494 1134 5536 sua
1150 5481 1289 5539 canonica
1301 5525 1307 5551 ‚
1321 5483 1418 5540 eadem
1434 5500 1501 5541 rece
1516 5499 1586 5542 usus
1599 5493 1664 5541 est:
1684 5499 1733 5557 pre
1746 5494 1789 5553 etto

142 5548 260 5603 aeneam.
278 5556 310 5607 rr
324 5552 410 5609 abbas
433 5551 538 5622 ioseph
561 5550 654 5606 eattae,
676 5556 722 5614 tti,
738 5567 763 5607 c.
784 5557 814 5606 tt
835 5569 841 5606 :
861 5555 936 5607 ilaec
990 5549 1106 5606 iratiuus
1133 5551 1269 5624 interpres
1293 5553 1415 5610 reddidit
1443 5555 1537 5627 epulas
1559 5555 1587 5609 iv
1615 5558 1672 5618 ταῖς
1696 5554 1789 5626 ἂγάιιιι

143 5618 309 5683 alteritatem,
330 5640 390 5693 qrtoe
402 5621 485 5691 ἀγάπη
500 5624 611 5683 (liciter,
625 5624 751 5691 possibile
764 5628 803 5677 cst
813 5624 934 5677 crateribus
987 5620 1067 5692 ὑμῶν,
1088 5626 1116 5678 iu
1130 5625 1305 5679 charitatibus
1319 5629 1414 5681 uestris
1426 5629 1538 5694 (famul.
1555 5630 1588 5684 t'n
1606 5630 1692 5700 Apol.
1706 5645 1729 5684 c.
1744 5626 1788 5705 si),

143 5688 274 5745 celtibera
291 5693 363 5748 ilinc
374 5692 448 5762 apud
461 5695 488 5749 S.
499 5691 618 5765 Ephrem
633 5692 763 5764 frequens
778 5693 824 5748 iila
838 5693 938 5750 locutio
993 5693 1020 5749 id
1040 5702 1098 5761 est,
1123 5694 1152 5750 in
1176 5694 1305 5752 conviviis
1333 5712 1394 5769 quau
1422 5699 1590 5770 pauperibus
1614 5694 1789 5757 refocillando

144 5760 241 5830 ἀγάπαις
258 5764 346 5814 ποιεῖν,
365 5765 429 5816 Erat
452 5764 526 5820 enim
549 5762 656 5834 phrasis
682 5763 836 5834 priscorum
856 5765 937 5820 Chri·
992 5764 1135 5822 exhibetis.
1151 5767 1212 5821 Hec
1227 5782 1291 5823 vere
1308 5783 1394 5825 coenae
1408 5784 1458 5825 seu
1473 5768 1594 5827 convivii
1609 5787 1703 5846 genus
1718 5768 1789 5827 buu

144 5832 312 5901 ettenorum,
327 5846 392 5889 cum
405 5829 448 5885 alii
470 5832 537 5889 alies
554 5832 679 5888 convivio
700 5832 882 5903 excipiebant,
905 5842 937 5892 ut
990 5835 1119 5894 describit
1130 5837 1311 5898 Tertullianus
1320 5838 1361 5897 his
1376 5840 1465 5897 verbis
1480 5858 1488 5897 ι
1503 5846 1542 5899 be
1553 5844 1613 5900 sele
1627 5844 1788 5902 Christiane
