3848 6158
127 265 181 321 82ss

684 261 854 319 cotestto
874 264 907 319 ll.
926 290 963 305 ·-

981 262 1027 317 DE
1045 258 1233 317 ORthONE.
1734 264 1787 321 830

131 386 218 445 nabiii
231 386 415 443 laetenutrita
428 384 739 458 paulatimedueataque
762 394 926 461 succrescet,
942 385 1080 453 Aobrnta
1103 392 1155 451 est,
1179 398 1231 456 qna
1258 382 1408 455 spiritalem
1434 383 1598 439 memoriam
1625 384 1787 443 resuscitare

128 489 212 554 atque
226 480 264 537 ita
287 480 322 537 ab
348 479 412 537 imis
426 478 461 535 ad
482 492 590 535 summa
622 480 723 535 sensim
744 479 933 553 gradatimque

129 574 309 642 conscendere
324 574 504 646 quibuscum
524 571 607 630 fuerit
620 574 743 646 planiora
763 574 895 647 principia
902 582 931 633 et

129 666 337 743 quodammodo
357 666 457 739 januas
469 676 585 740 arreptae
599 666 778 740 professionis
795 668 927 741 ingressa,

128 760 165 819 ed
183 759 392 833 penetrabiliora
401 758 692 834 quequeperfectionis
706 762 811 819 excelsa
824 760 930 835 fastigia

129 859 364 927 consequenteret
374 853 475 927 absque
488 854 581 913 labore
592 858 743 927 perveniat.
759 859 830 913 Nam
840 872 931 929 qnem-

129 948 281 1006 admodum
296 949 629 1022 pronuntiarcpueroram
641 952 777 1024 quispiam
792 951 930 1024 simplices

129 1042 232 1113 poterit
245 1040 358 1113 copulas
376 1042 552 1115 syliabarum,
569 1044 621 1101 nisi
637 1045 712 1117 prius
733 1046 930 1102 elementomm

128 1134 303 1193 characteres
323 1137 465 1210 diligenter
479 1138 642 1211 agnoverit?
661 1141 709 1196 Vel
726 1140 867 1212 quomodo
890 1140 930 1196 lc·

129 1229 211 1303 gendi
240 1229 368 1300 peritiam
392 1232 931 1305 consequetur,qui,brevesetperangus

128 1331 171 1381 us
184 1323 380 1396 descriptiones
393 1324 537 1381 nominum
552 1325 670 1383 necdum
684 1336 727 1383 est
739 1326 852 1382 idoneus
864 1342 930 1381 con·

126 1415 242 1489 jugare?
258 1418 417 1486 Quaautem
430 1417 564 1475 retiensis
575 1420 623 1491 qui
637 1420 730 1490 peritia
744 1420 931 1491 grammaticae

128 1509 282 1583 disciplina
302 1513 393 1569 minus
409 1514 556 1571 instructus
579 1522 632 1584 est,
653 1515 694 1570 vel
709 1515 876 1573 rhetoricam
893 1518 930 1573 la·

129 1605 269 1674 cundiam,
292 1606 333 1661 vel
348 1606 561 1680 philosophicam
577 1608 720 1665 scientiam
732 1613 932 1682 consequetur?

129 1698 301 1770 Quapropter
327 1698 390 1756 huic
415 1716 525 1774 quoque
551 1702 756 1760 sublimissimae
783 1703 931 1777 disciplina

984 479 1132 552 possimus,
1144 478 1275 535 retardati
1290 476 1376 549 ipsius
1389 475 1574 549 inquisitionis
1593 491 1683 543 mora,
1699 476 1785 547 prius·

984 586 1068 645 quam
1079 572 1333 644 reperiamuseam,
1348 586 1363 627 a
1384 578 1479 627 nostro
1505 577 1605 626 conatu
1620 570 1721 626 iterum
1736 568 1785 627 de·

985 665 1135 732 volvamur,
1159 673 1187 721 et
1210 673 1357 735 antequam
1379 660 1507 735 spiritalis
1531 662 1642 734 quidam
1668 662 1788 734 pariatur

983 758 1108 827 intuitus,
1123 766 1255 831 concepta
1269 757 1361 815 cordis
1386 764 1531 814 evanescat
1544 756 1671 811 intentio.
1698 758 1787 829 Quam

983 852 1173 910 confusionem
1188 853 1290 909 idcireo
1303 852 1381 909 noivis
1393 851 1514 907 accidere
1534 851 1601 907 satis
1614 859 1719 907 certum
1733 858 1784 920 est,

983 946 1045 1019 quia
1062 946 1178 1019 speciale
1202 945 1303 1018 aliquid
1322 958 1380 1017 prae
1403 944 1489 1003 oculis
1514 947 1698 1017 propositum,
1712 946 1785 1003 velut

983 1040 1132 1098 formulam
1153 1040 1315 1112 quamdam,
1350 1040 1481 1095 staniiiter
1504 1054 1561 1095 non
1586 1047 1723 1107 tenemus,
1750 1038 1786 1097 ad

983 1148 1069 1207 quam
1082 1133 1170 1205 possit
1189 1148 1273 1205 vagus
1287 1132 1397 1188 animus
1412 1140 1473 1203 pest
1485 1134 1589 1188 multos
1601 1134 1743 1191 anfractus
1754 1149 1787 1192 ac

983 1225 1123 1283 discursus
1137 1225 1226 1281 varios
1238 1224 1408 1291 revocari,et
1422 1231 1487 1295 post
1500 1224 1580 1297 inriga
1593 1224 1733 1296 naufragia
1756 1234 1788 1283 ut

984 1323 1056 1380 velut
1071 1330 1182 1395 portum
1196 1321 1294 1394 quietis
1314 1321 1423 1375 intrare.
1440 1320 1535 1391 ltaque
1551 1318 1582 1373 fit
1599 1327 1631 1375 ut
1644 1319 1695 1374 bac
1711 1319 1787 1391 igno·

984 1418 1090 1474 ratione
1101 1432 1133 1473 ac
1143 1415 1303 1473 difiicultate
1316 1430 1396 1471 mens
1409 1414 1512 1487 jugiter
1525 1414 1685 1487 praepedita,
1709 1428 1786 1471 erra-

984 1511 1076 1569 bunda
1099 1527 1206 1582 sempev
1223 1519 1251 1566 et
1272 1510 1345 1566 veta
1359 1508 1434 1565 ehua
1455 1524 1505 1581 per
1524 1508 1631 1567 diversa
1652 1507 1785 1579 jactetur,

985 1622 1020 1662 ne
1040 1604 1106 1662 illud
1126 1604 1238 1678 quidem
1257 1603 1333 1677 qnod
1353 1618 1419 1660 casu
1443 1604 1630 1675 potiusquam
1652 1602 1787 1659 industria

985 1698 1097 1755 sibimet
1110 1697 1259 1755 occurrerit
1277 1696 1408 1770 spiritale,
1431 1694 1480 1753 diu
1499 1712 1530 1752 ac
1554 1696 1673 1752 braeviter
1684 1702 1787 1767 teneat,

129 1808 177 1865 ptr
196 1810 283 1865 quam
296 1794 460 1852 instruimur
472 1798 531 1853 Deo
543 1796 643 1869 jugiter
653 1798 797 1867 inhaerere,
811 1815 866 1855 non
881 1799 931 1856 (iu-
946 1796 970 1858 Β
983 1792 1049 1848 dum
1062 1791 1136 1848 aliud
1151 1808 1183 1847 et
1204 1792 1257 1847 alio
1271 1806 1379 1863 semper
1393 1790 1538 1863 recipiens,
1565 1790 1636 1847 sieut
1658 1788 1788 1846 introitus

129 1885 184 1943 bito
196 1887 322 1959 quaedam
347 1890 527 1946 institutionis
544 1905 604 1947 esse
623 1889 814 1959 fundamenta,
831 1893 930 1964 quihus
985 1900 1079 1940 torum
1095 1894 1176 1957 lique
1189 1885 1331 1958 principie,
1351 1885 1387 1940 51³
1400 1885 1482 1941 filiam
1494 1884 1787 1957 fissemdssssesstlmquf

130 1982 252 2054 primum
266 1982 425 2039 firmissime
441 1982 593 2051 collocatis,
604 1993 665 2056 post
680 1984 741 2043 haec
761 1987 931 2058 superposita
984 1995 1041 2036 non
1054 1980 1164 2036 sentiat.

130 2074 300 2129 extollantur
318 2073 492 2146 perfectionis
512 2076 618 2133 excelsa
637 2078 752 2151 fastigia.
772 2080 855 2152 Cujus
872 2080 931 2137 bare
1285 2080 1408 2137 CAPUT
1430 2081 1480 2136 lX.

131 2178 193 2221 0⁸⁵⁶
204 2164 336 2236 principia
352 2167 470 2223 “uiliter
483 2169 666 2239 ⁸¹¹Sl>l⁰i¹¹¹¹¹¹ii
681 2178 711 2226 ui
724 2171 842 2242 primum
855 2188 931 2229 nili&
984 2186 1128 2256 Responsio
1140 2183 1174 2237 de
1182 2184 1465 2251 efficaciairttellecluv,
1476 2185 1526 2253 qui
1533 2198 1584 2252 per
1594 2180 1788 2250 capaci-acatium

132 2257 219 2314 rimus
229 2260 292 2331 qua'
306 2260 482 2318 meditatione
501 2269 626 2319 teneatur
639 2265 679 2320 vel
698 2265 832 2337 cogitetur
844 2268 928 2323 Deus.

1325 2256 1471 2324 colligitur.

130 2353 237 2411 Deinde
255 2354 324 2410 banc
349 2356 487 2427 eamdem,
512 2374 693 2432 quacumque
717 2369 768 2427 est,
786 2362 930 2417 materiam
1023 2359 1099 2413 isaac
1112 2356 1271 2429 :inquisitio
1285 2368 1379 2413 vestra
1394 2366 1451 2413 tam
1462 2356 1565 2411 urinum
1581 2365 1662 2427 atquc
1682 2353 1788 2411 subtilis

109 2446 363 2518 quemadmodum
400 2449 536 2507 valeamus
573 2452 749 2508 immobiliter
782 2454 931 2519 custodire,
986 2452 1121 2523 proximae
1138 2452 1260 2523 puritatis
1275 2453 1423 2523 praesignat
1439 2452 1580 2507 indiciam.
1595 2450 1739 2506 Nceerrim
1754 2448 1789 2505 do

129 2539 204 2611 quod
225 2541 307 2596 etiam
319 2557 375 2596 non
386 2543 553 2616 ambigimus
566 2546 677 2601 eulmen
692 2546 778 2601 totius
792 2544 933 2616 perfectio

130 2634 174 2689 nis
188 2634 310 2691 existere.
337 2639 372 2692 Et
388 2636 489 2694 idcirco
514 2638 664 2711 quamdam
692 2640 834 2695 memoriae
852 2639 933 2711 huius

132 2728 277 2786 materiam
292 2744 344 2801 qua
355 2732 430 2788 Deus
450 2740 541 2788 mente
552 2732 732 2805 concipiatur,
744 2732 783 2788 vel
800 2740 932 2805 perpetuo

129 2828 266 2889 teneatur,
289 2821 369 2879 nohis
385 2824 510 2895 cupimus
530 2824 722 2896 demonstrari,
743 2835 774 2883 ut
802 2842 863 2882 eam
876 2844 932 2899 prae

130 2915 217 2972 oculis
231 2924 394 2974 retentantes
419 2934 483 2975 cum
494 2920 602 2992 elapsos
615 2937 666 2977 nos
685 2921 719 2977 ab
730 2921 826 2978 eadem
843 2937 935 2977 sense-

132 3008 229 3077 rimus,
250 3008 396 3066 habeamus
408 3012 436 3067 in
456 3020 654 3084 promptuque
673 3014 848 3086 respicientes
861 3015 934 3070 illico

132 3110 312 3171 revertamur,
344 3120 375 3160 ac
398 3120 537 3161 resumere
551 3106 625 3160 illam
648 3104 705 3161 sine
727 3106 782 3161 ulla
803 3107 934 3163 circuitus

987 2546 1029 2601 bis
1039 2546 1137 2601 saltem
1152 2545 1330 2617 interrogare,
1345 2560 1401 2599 non
1416 2544 1694 2614 dicamintrospiceve
1706 2550 1788 2612 atquc

987 2638 1151 2703 discernere,
1175 2638 1310 2709 quispiam
1330 2636 1498 2709 praevalebit,
1513 2638 1564 2692 nisi
1574 2652 1656 2707 quem
1674 2636 1790 2706 diligens

986 2729 1117 2787 cteflieat
1132 2730 1231 2785 rnerrtis
1250 2729 1382 2785 industria
1398 2746 1429 2785 ac
1453 2728 1606 2785 sollicitudo
1622 2726 1735 2799 pervigil
1752 2725 1789 2783 ad

988 2823 1211 2895 perscrutandam
1243 2824 1358 2880 istarum
1383 2822 1600 2895 profunditatem
1636 2820 1790 2893 provexerit

987 2916 1180 2987 quaestionum,
1204 2917 1397 2987 castigataeque
1425 2914 1574 2987 vitoejugis
1600 2912 1714 2969 intentio
1741 2928 1791 2986 per

987 3010 1180 3083 experientiam
1205 3007 1299 3064 fecerit
1332 3009 1466 3065 actualem
1502 3016 1636 3063 attentare
1666 3006 1790 3079 puritatis

989 3102 1069 3175 huJus
1089 3103 1181 3158 limina
1189 3104 1343 3175 januasque
1360 3103 1477 3175 pulsare.
1496 3104 1530 3157 Et
1540 3102 1641 3157 ideirco
1659 3102 1789 3173 quoniam

131 3208 212 3250 ntora
231 3202 258 3250 et
278 3196 457 3267 inquisitionis
487 3197 648 3254 difficaltate
671 3200 816 3269 possimus.
835 3203 933 3257 Evenit
951 3190 1067 3253 Cvideo
1081 3212 1127 3253 vos
1139 3196 1288 3251 nendicans
1300 3194 1461 3268 proforibus
1473 3196 1606 3252 orationis
1619 3196 1690 3252 illius
1717 3210 1787 3253 verae
1846 3260 1854 3275 ι

130 3302 251 3361 uarrque
268 3299 298 3346 ut
319 3308 383 3347 cum
405 3293 439 3347 dc
453 3291 566 3348 theoriis
578 3292 744 3363 spiritalibus
759 3294 933 3365 evagati⁸ad
986 3290 1020 3348 de
1034 3308 1086 3363 qna
1110 3291 1273 3347 disserimus
1298 3291 1412 3345 astitisse
1436 3290 1491 3357 [at.
1514 3294 1630 3358 astura-i,
1653 3290 1701 3345 sed
1723 3290 1789 3361 ipsis

131 3382 319 3455 nosmetipsos
348 3385 423 3441 velut
447 3386 481 3441 de
494 3386 506 3420 ¹³
519 3385 608 3441 lethali
621 3400 718 3457 sopore
738 3387 932 3452 convertimur,
987 3382 1193 3456 quodammodo
1206 3382 1378 3451 experientiae
1389 3382 1516 3437 niariibus
1528 3382 1674 3453 penetralia
1690 3382 1749 3455 virts
1762 3390 1791 3438 et

134 3482 313 3549 ettanrquam
327 3478 510 3551 expergefacti
534 3480 677 3536 materiam
704 3479 854 3552 quaerimus
872 3495 933 3551 quac
988 3478 1117 3535 irrteriora
1140 3478 1259 3549 palpare,
1276 3486 1305 3533 ct
1324 3476 1450 3547 quaedam
1465 3478 1589 3531 membra
1601 3476 1660 3549 jam
1675 3475 1790 3549 jamque

680 3590 810 3645 setabi
829 3590 941 3645 GazAEi
959 3586 1240 3645 eobtibxtaattis.

135 3692 194 3759 dus,
219 3695 268 3749 sed
290 3698 371 3765 qrertsi
388 3699 551 3753 camarlibus.
589 3702 736 3769 Tamquam
764 3701 888 3769 porculis
906 3702 936 3753 r'a

133 3764 237 3821 Christo
253 3768 295 3821 iae
313 3769 389 3823 vobis
408 3776 503 3839 poleam
517 3770 582 3825 dedi
600 3771 638 3841 (id
659 3780 711 3837 est,
737 3771 890 3840 simplicem
907 3779 935 3825 ct

134 3832 242 3892 facilem
263 3836 442 3908 doctrinam),
462 3856 515 3894 riou
534 3856 620 3894 escam
642 3840 761 3894 solidum
779 3841 882 3906 eibum,
906 3840 935 3896 id

138 3915 191 3974 est,
206 3908 407 3977 perfectiorem,
425 3918 454 3964 ct
473 3909 508 3964 de
520 3909 661 3963 altioribus
680 3909 816 3976 mysteriis
830 3910 935 3963 doctri-

137 3982 226 4046 nam).
244 3981 367 4035 auritum
383 3982 454 4032 cram
465 3981 613 4047 poteratis:
631 3978 669 4031 ud
687 3993 733 4031 nec
744 3994 815 4032 rrurrc
827 3980 936 4049 peridem

130 4054 254 4119 potestis,
265 4051 429 4103 aelhttcettt'm
444 4048 566 4102 cariculas
574 4050 646 4101 estis.
658 4046 702 4101 Sic
710 4048 744 4102 ad
753 4048 884 4103 Hebraeos
896 4064 915 4101 v
929 4067 936 4104 ε

131 4122 210 4177 Furti
231 4123 305 4179 estis,
333 4120 430 4187 quibas
445 4119 512 4173 lactc
530 4132 595 4188 opus
617 4120 664 4183 sil,
688 4134 742 4172 uoa
761 4120 847 4173 solido
868 4120 936 4175 cibo.

133 4192 229 4247 Omeris
242 4192 311 4242 renim
322 4192 371 4258 qui
388 4191 464 4243 levetis
474 4194 514 4244 esf
521 4193 666 4261 particeps,
679 4205 774 4259 capere
790 4196 829 4245 est
840 4205 937 4245 serrae·

133 4263 180 4315 uis
189 4261 317 4327 justitio,
336 4262 467 4329 parvulas
481 4264 552 4316 enim
572 4269 620 4317 esi.
644 4263 829 4328 Perseclovum
847 4268 937 4317 arietem

134 4335 176 4385 ast
193 4330 293 4385 solidus
305 4332 390 4393 eidus,
407 4340 457 4387 etc.
475 4334 509 4387 Et
523 4334 617 4388 Petrus
632 4332 759 4403 inpriore
775 4332 910 4389 Quorum
926 4351 932 4387 :

135 4400 224 4465 Quasi
244 4403 320 4456 malo
336 4406 422 4471 pertiti
439 4406 567 4471 infames,
581 4405 765 4467 rationabiles,
791 4408 848 4460 siae
862 4406 932 4469 dolo,

990 3698 1080 3754 locum
1094 3696 1295 3753 subobscurum
1308 3697 1500 3763 utambiguam
1511 3696 1610 3753 reddit.
1624 3696 1790 3753 l’lantiniana

989 3769 1083 3831 editio,
1109 3784 1195 3839 quatu
1216 3768 1289 3837 prius
1302 3768 1390 3823 secuti
1411 3768 1523 3834 favimus,
1540 3767 1622 3822 babet
1645 3766 1787 3821 inferius:

989 3843 1130 3897 literarium
1145 3842 1290 3907 ‹precerieaus
1303 3838 1391 3899 illum,
1404 3853 1464 3907 qum
1478 3838 1572 3891 obruta
1587 3842 1636 3895 esi.
1647 3853 1700 3906 qua
1709 3838 1790 3905 apiri-

990 3913 1070 3965 tnlem
1084 3913 1240 3964 menterioni
1253 3912 1412 3965 rescuscitare
1421 3911 1562 3978 possimus.
1577 3914 1613 3963 itt
1630 3906 1689 3962 haec
1698 3914 1791 3963 nostra

992 3982 1127 4049 posterior
1142 3980 1233 4043 lectio,
1257 3990 1287 4034 ut
1314 3981 1498 4045 communior,
1521 3980 1599 4033 itaet
1620 3977 1791 4034 emendatior

993 4048 1115 4113 videtur,
1129 4064 1181 4119 qna
1198 4049 1335 4119 illudque
1353 4050 1448 4103 obtrita
1461 4056 1500 4103 est
1511 4064 1567 4104 uon
1580 4048 1615 4103 ad
1629 4049 1792 4104 memoriam

992 4118 1156 4190 spiritalem,
1166 4118 1214 4173 sed
1227 4119 1261 4173 ad
1277 4120 1419 4174 errateriam
1428 4118 1556 4174 refertur.
1569 4119 1617 4175 Cui
1630 4120 1715 4174 etiam
1727 4134 1791 4176 ma-

992 4193 1033 4261 gis
1056 4188 1160 4245 aceedit
1181 4190 1348 4261 ltiorrysiana
1363 4190 1538 4261 paraphrasis
1559 4190 1585 4245 in
1602 4190 1662 4247 hacc
1687 4190 1789 4249 verba:

992 4262 1130 4329 cenitana
1140 4262 1249 4330 quiquie,
1265 4266 1295 4317 ut
1309 4262 1375 4316 alum
1390 4278 1408 4317 o
1421 4264 1588 4333 spiritulibus
1603 4265 1714 4319 theoriis
1727 4279 1792 4319 cott-

988 4336 1121 4388 eertimur·
1130 4332 1168 4385 ad
1181 4348 1229 4386 eros
1244 4336 1326 4403 ipsos,
1341 4334 1458 4403 qreovlam
1471 4337 1563 4391 letacii
1573 4352 1677 4407 emtore,
1692 4342 1718 4391 et
1727 4336 1790 4391 dein

988 4407 1066 4473 perusi
1072 4406 1256 4473 eaeremefacti
1264 4407 1411 4475 qreeerimrts
1422 4410 1562 4463 materiam
1570 4424 1631 4478 quae
1638 4410 1792 4477 interrupto

135 4472 179 4525 loc
194 4476 376 4543 ‹varanupisate
388 4480 418 4528 ra
431 4478 458 4529 ia
473 4492 501 4531 eo
515 4479 638 4531 crescatis
654 4479 681 4529 in
696 4477 809 4531 salutem
824 4479 845 4543 tl
858 4480 930 4532 Pela.
987 4482 1035 4538 esi,
1047 4492 1188 4547 perquam
1205 4481 1366 4533 resuscitare
1377 4482 1510 4549 possiraus
1528 4481 1683 4549 spiritalem
1695 4494 1792 4533 alamuo-

133 4546 182 4611 tt).
195 4546 273 4611 erod
286 4546 500 4616 exponitGlossa
512 4564 518 4602 :
529 4548 699 4616 Simplicium
708 4548 859 4602 rudiraeala
868 4528 969 4618 fideiD
988 4550 1067 4610 ariera,
1083 4557 1137 4601 etc.
1163 4549 1319 4605 Corrcovdat
1336 4559 1363 4605 et
1380 4550 1485 4607 Gallica
1499 4550 1685 4620 interpretatio
1708 4552 1789 4603 ioan.

132 4614 168 4668 de
181 4616 304 4669 roboribus
320 4620 419 4673 Matris
437 4618 560 4673 Ecclesia
572 4620 693 4686 pirarii-e,
705 4618 733 4674 id
747 4627 799 4685 est,
812 4621 847 4674 de
862 4619 931 4676 utri-

134 4699 220 4756 usque
233 4688 396 4742 Testamenti
412 4686 585 4744 ilectoribus.
609 4690 638 4742 ln
652 4704 706 4760 qno
725 4698 800 4746 textu
813 4695 931 4761 Aposto-

134 4754 166 4835 li,
188 4772 237 4825 pro
251 4761 436 4823 ratiormbiles,
449 4761 481 4824 in
504 4758 655 4815 entendatis
669 4760 761 4814 Bibliis
789 4762 873 4815 modo
896 4763 932 4817 le·

133 4833 207 4897 gitur
224 4832 406 4894 rationabiles,
424 4840 452 4885 ut
466 4838 493 4888 ct
509 4831 604 4887 Graece
619 4831 649 4884 rb
664 4830 781 4901 λογικον,
796 4831 874 4899 Quod
888 4831 932 4887 hic

133 4904 271 4969 spectasse
293 4900 400 4956 videtur
427 4907 542 4957 hoctor.
561 4902 605 4958 Sic
636 4905 670 4956 l).
701 4903 886 4973 Hieronymus
906 4903 932 4957 in

132 4982 194 5039 cap.
207 4984 245 5024 nv
263 4972 365 5027 isaiae:
398 4976 457 5041 lac,
472 4974 570 5045 inquit,
596 4975 733 5042 siguificat
755 4976 932 5028 irrrroccatinm

130 5043 320 5109 pomeriorum,
335 5046 389 5110 Qui
401 5060 456 5099 mos
471 5061 503 5099 ort
513 5050 592 5115 typus
607 5048 636 5097 ia
653 5046 932 5099 landoarismaiesiis

132 5112 301 5182 italicasque
309 5121 445 5177 astruatur,
453 5119 591 5170 almitatis
600 5116 934 5185 iuCleristoeiuumiaapue

132 5183 280 5239 tribuatur.
295 5189 333 5241 Dc
347 5203 398 5255 qao
410 5187 477 5241 locria
495 5188 598 5241 dicebat
610 5192 635 5241 el
654 5188 757 5243 Pardus
775 5207 780 5241 :
795 5191 848 5243 Lac
860 5188 933 5242 robis

131 5257 311 5323 catamitae,
331 5274 385 5311 raca
406 5259 521 5313 solriirorr
545 5260 640 5312 cibtem.
666 5262 702 5314 El
717 5262 828 5315 Petras:
848 5259 935 5325 diuersi

133 5326 212 5380 rrrodo
220 5331 280 5380 rrali
288 5330 409 5397 parvuli,
421 5331 554 5384 rationale.
564 5330 604 5385 loe
613 5330 773 5386 desiderate.
784 5330 859 5385 idem
869 5330 932 5384 alibi

136 5394 179 5465 (la
192 5400 395 5467 lerchaxliii)
412 5400 493 5456 docet
503 5402 669 5473 promissam
681 5418 738 5457 esse
752 5402 875 5457 lleiueris
886 5410 935 5456 ter·

134 5478 193 5521 ram
209 5469 278 5524 lacte
293 5478 321 5523 et
335 5471 415 5525 trreile
440 5480 606 5537 nrarrantem,
621 5474 684 5544 quia
701 5473 820 5529 solidam
840 5474 931 5527 cibum

132 5550 228 5664 cepere
240 5556 295 5595 tion
314 5550 448 5612 poterant,
463 5542 512 5600 scd
528 5544 606 5599 melle
623 5554 649 5599 et
664 5545 730 5599 laeta
744 5543 934 5599 utrtriebantur

130 5622 159 5663 tu
172 5618 263 5666 arettae.

169 5682 182 5713 ⁸
200 5683 230 5737 id
247 5690 299 5748 est,
314 5683 420 5739 aseriis
435 5692 464 5740 et
487 5685 654 5756 spiritalibus
676 5686 890 5759 cogitationibus
906 5696 934 5742 ct

131 5751 354 5809 meditationibus
379 5764 522 5827 evagantes
548 5765 576 5812 et
602 5757 743 5823 abstracti,
770 5766 821 5815 etc.
848 5762 933 5815 Porro

130 5818 283 5881 lectionum
312 5825 429 5883 varietas
451 5827 478 5884 in
503 5826 616 5885 diversis
640 5830 840 5901 exemplaribus
860 5830 934 5887 lrunc

985 4618 1140 4681 laverdini,
1157 4635 1239 4690 quarn
1254 4622 1338 4677 etiam
1362 4621 1390 4675 in
1404 4621 1560 4692 huiusmodi
1576 4620 1669 4674 dubiis
1689 4632 1789 4673 consu·

986 4690 1041 4746 lere
1053 4690 1126 4745 iratrd
1146 4690 1325 4763 incongruum
1347 4690 1434 4756 daco;
1447 4706 1509 4761 qnae
1522 4689 1562 4743 sie
1576 4688 1657 4741 hahet
1675 4706 1681 4739 ε
1706 4688 1757 4743 Car
1770 4688 1792 4743 at

985 4763 1151 4829 ‹teleicatque
1162 4762 1255 4830 qrtvrrul
1266 4768 1446 4829 eati-acapna
1459 4762 1521 4813 bars
1535 4760 1571 4812 les
1580 4758 1692 4811 theorias
1706 4760 1791 4829 spiri·

987 4832 1090 4897 faciles,
1110 4847 1175 4885 uous
1196 4832 1314 4885 furaberis
1333 4847 1365 4884 cre
1383 4846 1449 4884 riores
1474 4844 1594 4891 caesares,
1608 4832 1633 4885 ei
1663 4830 1792 4885 verrousd

986 4917 1083 4970 sorrqev
1097 4904 1113 4954 ci
1124 4916 1171 4955 reiis
1185 4902 1333 4967 (affcctione,
1347 4904 1372 4954 el
1390 4901 1511 4969 afficires,
1528 4906 1694 4971 irorrsporlez
1706 4902 1790 4964 leaves,

987 4986 1189 5039 corrnuepmrua
1201 4971 1321 5025 soormct'l
1330 4973 1435 5035 raurici,
1445 4976 1528 5043 etque
1537 4989 1636 5028 comme
1644 4974 1790 5037 reseciilcz,

987 5058 1054 5097 aroris
1069 5043 1189 5095 cer-eboris
1204 5046 1271 5095 ceste
1291 5044 1404 5099 rarrtr‘ere
1424 5044 1484 5114 (qui
1505 5062 1523 5099 o
1544 5049 1597 5099 esti
1621 5044 1743 5099 occabldc
1759 5061 1791 5099 ca

987 5116 1066 5179 troas)
1077 5129 1129 5182 par
1136 5114 1250 5182 laquelle
1260 5129 1326 5169 riores
1338 5118 1471 5183 pur'ssioas
1479 5118 1622 5171 resuscitet*
1632 5116 1659 5169 lu-
1667 5116 1792 5169 rueraoire

987 5184 1148 5255 spirituale,
1167 5185 1186 5237 il
1201 5184 1321 5247 esurient,
1333 5188 1364 5239 eli
1373 5187 1413 5256 jc,
1428 5204 1480 5256 que
1493 5186 1620 5243 reterrdea
1635 5200 1690 5256 par
1704 5186 1730 5239 la
1740 5186 1791 5241 lou-

988 5272 1074 5326 qucur·
1088 5256 1121 5309 de
1134 5256 1161 5309 la
1180 5257 1306 5321 rocovaira,
1323 5260 1525 5328 etirrqur'sr'tioa,
1541 5274 1607 5313 trous
1622 5273 1733 5313 sommes
1747 5257 1792 5313 ‹ie-

985 5330 1078 5394 racth
1088 5329 1196 5382 reialta:
1206 5328 1266 5382 boas
1277 5328 1310 5382 tle
1320 5334 1408 5384 etesiae
1419 5346 1506 5399 etseq,
1518 5330 1551 5384 de
1565 5336 1654 5385 nostre
1665 5328 1744 5397 affori
1766 5334 1793 5384 el

987 5400 1791 5531 mellititulliititillatamnm

1143 5486 1162 5501 ¹·
1192 5488 1205 5524 s
1237 5488 1241 5499 ·
1542 5514 1548 5525 .

987 5539 1097 5597 lethalis
1123 5530 1206 5609 s'opm
1230 5541 1281 5597 hoc
1308 5540 1387 5607 ioco,
1403 5542 1638 5614 quemadmodum
1664 5551 1692 5597 et
1716 5541 1791 5608 aiibi,

987 5612 1095 5669 elavobus
1107 5612 1197 5668 nrodis
1216 5613 1314 5683 expioni
1334 5630 1432 5685 posse:
1454 5616 1482 5671 1⁰
1496 5630 1545 5686 pro
1560 5615 1687 5672 letlracoa
1705 5612 1792 5668 Letlm

987 5684 1111 5747 llnmine,
1125 5684 1150 5738 id
1166 5691 1218 5752 est,
1232 5682 1369 5754 profundo
1384 5694 1411 5741 et
1424 5688 1518 5758 gravi,
1535 5688 1575 5743 vel
1590 5704 1639 5759 pro
1651 5682 1789 5759 laetifero,
1856 5720 1865 5735 .

987 5772 1036 5839 seu
1049 5754 1203 5825 mortifero,
1219 5756 1311 5825 idest,
1327 5759 1405 5815 saluti
1431 5759 1531 5815 animae
1544 5762 1627 5815 nesio
1642 5772 1674 5813 ac
1695 5763 1791 5823 pernr-

986 5841 1073 5884 croso.
