3848 6158
1745 56 1758 85 Ι

141 233 210 291 itus
514 230 684 290 contrito
703 231 770 287 xxi.
788 260 825 272 ·-
842 229 888 285 DE
905 210 1108 285 nuutsstont
1125 224 1424 295 QUINQUAGESIMAE.
1727 227 1796 285 {1¹10

141 367 173 415 ut
188 356 323 431 scriptum
335 364 377 414 est
387 358 477 429 (Pron.
492 362 587 426 xxiv),
597 365 625 415 et
642 356 938 437 resurgit,numquam
952 356 980 421 Α
994 351 1111 424 abrupta
1121 350 1286 408 definitione
1296 348 1571 421 pronuntiet,dicens
1580 368 1589 405 .·
1598 351 1631 408 Si
1641 350 1795 431 diberimus

141 451 228 509 deerit
243 449 400 524 poenitudo.
413 452 555 509 Autenim
568 450 881 524 perignorantiam,aut
894 464 944 520 per
996 450 1060 519 quie
1077 451 1221 518 meatum
1233 461 1289 501 nme
1308 445 1445 509 moesus,
1461 447 1516 516 ipsi
1528 460 1576 500 nos
1589 445 1753 509 eedruimus,
1768 450 1795 500 et
1844 468 1850 477 ·

140 545 374 611 oblivionemeut
383 545 702 618 percogitationem,aut
712 559 761 616 per
769 557 938 612 sermonem,
996 542 1107 597 verbum
1117 541 1175 611 ejus
1186 557 1239 595 non
1248 544 1325 596 estin
1336 540 1412 594 nobis
1426 540 1448 610 (l
1459 543 1535 596 Joen.
1549 539 1584 612 ι).
1597 537 1719 595 Proinde
1731 554 1796 611 per·

139 648 189 696 aut
201 655 248 711 per
260 638 465 712 obreptionem,
478 646 529 696 aut
541 655 591 710 per
605 638 812 706 necessitatem,
828 644 878 694 aut
891 653 942 709 per
995 636 1242 693 fectionisculmen
1251 634 1409 706 pertingere
1423 632 1547 703 cupienti
1554 647 1612 688 non
1626 633 1693 689 satis
1708 631 1794 704 prod·

139 732 317 805 fragilitatem
333 733 431 798 carnis,
444 733 560 806 singulis
572 732 672 790 diebus
686 732 826 797 velinviti
838 731 881 789 vel
893 748 941 787 vo·
995 731 1050 790 erit
1062 730 1098 788 ad
1113 729 1198 787 tinem
1213 727 1387 801 peanitentiae
1400 726 1575 798 pervenisse,
1590 725 1617 781 id
1634 732 1677 781 est
1691 724 1727 781 ab
1737 724 1794 781 illi·

141 829 229 884 lentes
243 826 405 900 frequentur
420 827 603 893 incurrimus,
619 841 670 898 pro
689 825 791 899 quibus
804 832 834 881 et
854 822 942 881 David
994 818 1419 895 citistemperare‚nisietiamin
1431 816 1642 875 illisrirtutibus
1655 814 1793 873 indefesso

138 936 222 977 orans
233 920 630 993 Dominum,puriticationem
640 927 726 991 atquc
737 916 940 991 indulgentiam
994 934 1078 975 cursu
1087 916 1266 988 semetipsum
1274 910 1660 987 semperestendcritquibus
1670 908 1794 965 adeatis-

138 1015 316 1088 deprecatur,
325 1015 437 1072 dicens:
448 1017 550 1072 Defieta
556 1018 617 1086 quis
631 1016 782 1084 iutelligit?
791 1014 941 1069 abomultis
994 1011 1124 1067 factionis
1134 1007 1238 1066 indicia
1249 1006 1418 1081 pervenitur.
1429 1007 1488 1061 Nec
1500 1003 1578 1060 enim
1591 1018 1607 1059 a
1623 999 1794 1058 fetidissimis

139 1106 938 1179 meismundome,etubnlicnispereeeemotuoffs.xuni).
994 1105 1145 1161 criminum
1163 1101 1302 1170 sordibus,
1317 1116 1380 1173 quae
1387 1099 1520 1156 abhorret
1533 1097 1680 1164 Dominus,
1697 1110 1795 1170 quern·

142 1206 177 1259 Et
194 1205 342 1274 Apostolus
354 1222 361 1258 :
375 1206 434 1260 Non
446 1206 517 1258 enim
528 1204 601 1272 quod
615 1205 673 1258 eolo
691 1205 764 1270 socio
776 1202 883 1263 mum,
893 1199 942 1256 serf
995 1214 1080 1270 quarn
1094 1195 1261 1253 abstinuisse
1281 1192 1413 1260 sufficiet,
1429 1193 1480 1248 nisi
1495 1192 1581 1250 etiam
1602 1192 1677 1247 illam
1687 1190 1794 1248 bonam

141 1298 213 1366 quod
226 1298 273 1351 odi
285 1298 398 1359 munus,
414 1294 851 1367 boceqotltom.v11).1)eqnibus
865 1293 939 1350 idem
993 1293 1131 1350 virtutum
1140 1288 1384 1362 fragrantiamque
1396 1285 1534 1342 Dominus
1544 1285 1708 1352 delectatur,
1717 1284 1793 1356 puri·

140 1390 225 1446 otiam
238 1390 346 1462 ejulans
356 1389 521 1446 exclamarit
533 1406 541 1444 t
554 1391 656 1457 frutetis
667 1407 716 1460 eqo
727 1390 815 1457 bomo,
826 1390 888 1459 quis
899 1404 941 1443 me
993 1395 1051 1443 tate
1059 1382 1154 1443 cordis
1162 1391 1192 1439 et
1200 1380 1370 1453 Apostolicae
1379 1378 1522 1436 charitatis
1536 1376 1714 1450 perfectione,
1726 1393 1793 1450 pos-

141 1483 309 1538 tiberabitdc
322 1498 431 1553 comere
443 1485 540 1538 mortis
550 1482 632 1552 bique
646 1483 749 1548 (ibid).
764 1483 852 1538 Tanta
863 1482 940 1539 enim
993 1478 1105 1537 sederit.
1124 1478 1277 1548 Hucusque
1291 1473 1377 1529 abbae
1391 1472 1519 1528 Pinutius
1540 1471 1576 1528 de
1598 1470 1795 1529 satisfactionis

140 1575 170 1630 in
179 1574 223 1630 bis
236 1574 367 1631 facilitate
382 1584 528 1648 tamqnam
540 1574 659 1632 naturali
680 1575 742 1648 lege
756 1574 938 1648 prolabimur,
995 1571 1099 1629 indicio
1110 1586 1142 1627 ac
1155 1566 1327 1641 poenitentiae
1340 1565 1397 1622 tine
1412 1564 1554 1622 disseruit.
1566 1565 1619 1635 Qui
1633 1564 1698 1621 licet
1718 1562 1794 1621 utin

137 1674 168 1722 ut
188 1666 361 1739 quantalibet
375 1667 627 1740 circumspectione
641 1675 727 1740 atque
745 1668 873 1726 custodia
889 1684 937 1727 ea-
995 1666 1053 1740 ejus
1067 1664 1196 1722 coenobio
1208 1660 1329 1719 residere
1343 1658 1491 1715 mallemus
1497 1658 1615 1715 sollicito
1627 1657 1793 1731 deprecare-

138 1766 266 1827 reantur,
279 1768 293 1795 ⁸
302 1775 360 1818 non
377 1760 464 1833 possit
474 1760 510 1817 ad
523 1760 638 1835 plenum
651 1762 704 1818 ista
716 1761 813 1829 vitari;
828 1761 864 1819 de
878 1762 940 1821 istis
955 1782 980 1846 13
994 1766 1040 1817 tur
1054 1758 1266 1827 aflectu,tamen
1278 1754 1351 1811 ferne
1359 1752 1536 1827 scythioticae
1547 1752 1705 1809 solitudinis
1719 1751 1793 1808 inri-

138 1849 278 1922 siquidem
290 1867 363 1910 unus
373 1852 589 1926 discipulorum,
603 1870 689 1927 quem
701 1854 835 1928 diligebat
848 1857 938 1921 iesus,
994 1861 1078 1922 tutos,
1092 1866 1158 1909 cum
1171 1849 1291 1906 retinere
1304 1862 1362 1904 non
1376 1855 1480 1919 posset,
1493 1845 1597 1902 emisit.

684 1962 811 2019 Attulit
831 1963 944 2020 GAZAEl
962 1958 1243 2021 COMMENTARIUS.

137 2055 235 2111 solum.
245 2053 418 2128 Augustinus
432 2071 517 2114 serm.
530 2062 562 2112 tt
575 2055 611 2114 de
623 2058 732 2115 Sanctis
746 2060 826 2124 tillo,
841 2061 941 2134 inquit,
996 2062 1097 2115 rorstet
1107 2055 1214 2112 nullum
1227 2054 1353 2111 minute
1362 2057 1511 2125 peceatum.
1528 2055 1585 2109 ffoc
1602 2068 1663 2123 erqo
1678 2053 1793 2124 Virqine

139 2128 299 2182 transitorio
310 2129 383 2196 iqne,
397 2128 431 2182 de
443 2143 495 2199 quo
509 2128 584 2184 <imit
596 2130 742 2199 Apostolus
758 2149 766 2185 ι
780 2134 839 2201 lpse
848 2137 942 2189 eutem
996 2134 1119 2201 recepte,
1131 2130 1156 2183 ei
1166 2142 1255 2182 omnes
1267 2126 1327 2181 ilios
1341 2130 1454 2192 sanctos,
1464 2139 1525 2180 oum
1538 2126 1581 2180 bic
1594 2128 1722 2191 uiuerent,
1733 2141 1794 2181 eon·

142 2198 231 2252 saluus
245 2200 307 2265 erit,
320 2200 358 2254 sic
369 2203 463 2255 tamen
472 2202 553 2269 quasi
562 2215 612 2270 per
621 2202 721 2269 ignem,
733 2217 786 2255 non
796 2202 939 2271 capitolia,
995 2216 1104 2271 qreqarc
1111 2212 1258 2270 possemus,
1269 2201 1294 2253 et
1300 2198 1468 2265 interrogare
1479 2201 1571 2252 unum
1580 2201 1665 2252 cesern
1671 2198 1729 2251 siric
1735 2211 1794 2266 pec·

138 2267 595 2352 sed'minutnpcoeutupurqantur.
608 2271 725 2327 Etinfra
739 2272 939 2344 :Quibus(pee·
994 2279 1052 2328 ento
1064 2276 1078 2327 f
1092 2270 1163 2338 Quid
1182 2269 1270 2336 sutem
1293 2281 1468 2337 responsuros
1488 2270 1630 2338 putemus,
1644 2269 1699 2322 nisi
1720 2266 1793 2337 quod

138 2347 209 2395 catrs
220 2338 349 2466 minutis)
359 2341 420 2396 iicet
431 2341 517 2397 occidi
529 2344 652 2396 animem
665 2357 719 2397 non
731 2343 883 2405 amamus,
897 2346 938 2399 ite
991 2346 1104 2399 Joumtes
1123 2341 1257 2411 apostolus
1273 2358 1281 2394 :
1293 2340 1325 2396 st
1343 2338 1493 2393 diremimus
1505 2339 1572 2408 quio
1583 2342 1721 2408 peccatum
1734 2352 1793 2393 non

138 2415 334 2475 tamencum,oe
343 2413 390 2467 uti
412 2411 938 2483 uibnedompustufisetquusiftorrende
990 2414 1131 2480 debenus,
1144 2427 1192 2467 nos
1205 2413 1276 2481 ipsos
1289 2410 1451 2476 seducimus,
1463 2414 1489 2464 et
1500 2412 1603 2464 veritos
1616 2411 1646 2464 in
1654 2409 1730 2465 nobas
1738 2424 1793 2465 non

137 2480 370 2552 scabiereplentes,
412 2483 938 2555 fmmemtueiunt‚uteumodompfeeus
990 2491 1031 2541 cst
1050 2487 1072 2548 tl
1090 2487 1166 2540 ioan.
1189 2482 1221 2549 1).
1244 2482 1287 2536 lta
1311 2478 1501 2550 Augustinus,
1524 2479 1604 2550 cuius
1624 2480 1792 2535 sententiam

138 2551 213 2635 illius
229 2555 324 2635 sponsi
335 2551 449 2609 celestis
467 2558 515 2609 aut
527 2555 577 2609 oin
595 2559 645 2609 aut
657 2571 717 2610 cum
735 2557 836 2624 prendi
847 2558 939 2624 conmi-
990 2551 1184 2626 comprobarit
1199 2549 1322 2607 Ecclesia
1343 2551 1373 2605 in
1393 2549 1512 2606 concilio
1525 2549 1689 2606 Tridentino
1709 2550 1789 2634 (Sese.

136 2636 212 2677 sione
229 2639 321 2678 uenire
328 2626 502 2693 pemittant.
992 2630 1020 2692 6,
1030 2642 1053 2680 e.
1065 2630 1121 2690 22),
1134 2637 1240 2678 canone
1251 2622 1278 2676 in
1293 2620 1353 2677 baec
1368 2621 1453 2676 verba
1466 2620 1561 2677 edito:
1577 2622 1677 2692 Siquis
1688 2610 1822 2676 eiecit*

172 2701 184 2727 ⁸
198 2696 360 2775 &August
369 2694 418 2750 lib.
430 2693 466 2752 de
479 2696 586 2750 Natura
597 2703 625 2751 et
639 2694 738 2751 Gratia
750 2708 811 2767 cap.
825 2701 875 2752 36:
884 2698 939 2753 Ee·
992 2697 1124 2751 bominem
1135 2694 1214 2749 sernef
1221 2694 1402 2763 justificatum
1409 2694 1525 2761 possein
1538 2694 1657 2747 totuoita
1668 2707 1719 2746 sere
1727 2707 1792 2761 pec-

135 2768 220 2832 cepta,
235 2765 337 2834 iuquit,
355 2768 449 2820 sancta
466 2768 579 2834 Virqine
592 2768 693 2829 Mario,
711 2766 745 2821 ele
761 2782 815 2836 qim
827 2771 939 2837 propter
992 2767 1165 2833 cetossornnm,
1174 2766 1256 2818 etium
1265 2763 1396 2832 verialia,
1405 2765 1567 2826 summisi
1579 2778 1614 2818 ea
1623 2763 1792 2833 speotufillei

135 2832 386 2905 normannorum,
395 2836 498 2891 nulfum
506 2837 743 2907 prorsus‚cumde
751 2840 872 2906 peccetis
881 2841 939 2906 uqi·
989 2838 1144 2908 priuilcqio,
1157 2834 1382 2904 quemadmodum
1396 2833 1429 2888 de
1443 2837 1526 2889 Beato
1537 2834 1655 2902 Virgine
1667 2836 1792 2890 terretEo

137 2907 192 2983 mr,
209 2904 371 2960 moeeooto
383 2909 566 2975 questionem.
580 2907 646 2962 inde
657 2908 728 2961 enim
740 2908 848 2974 emmau,
862 2908 938 2977 quud
991 2910 1081 2970 etesia,
1104 2907 1248 2961 anotfumo
1266 2906 1313 2959 sit.
1335 2907 1441 2960 Verum
1455 2903 1490 2959 de
1508 2903 1552 2959 bis
1573 2906 1652 2975 plura
1672 2901 1790 2959 dicenda

136 2986 162 3025 ec
179 2973 243 3040 plus
256 2974 384 3056 collatum
398 2978 483 3056 suertt
501 2978 539 3030 ed
552 2978 711 3031 merendum
723 2980 797 3032 omni
808 2994 843 3032 eu
857 2983 938 3048 porte
991 2985 1076 3033 erunt
1086 2976 1179 3032 collat.
1197 2979 1231 3030 2²
1249 2989 1314 3046 cap.
1338 2979 1366 3045 s,
1382 2982 1410 3031 et
1423 2973 1517 3031 collat.
1535 2980 1569 3031 tit
1591 2989 1650 3046 cap.
1666 2980 1684 3031 o
1703 2982 1730 3030 et
1744 2988 1791 3030 ec-

133 3046 282 3111 pecoutnm,
297 3058 365 3112 quea
376 3059 553 3115 conciperem
563 3061 662 3115 parere
675 3050 773 3101 meant
786 3062 847 3102 eum
858 3064 937 3118 quem
991 3047 1150 3119 quentibus.

385 3282 777 3387 COLLATIO
817 3286 1214 3388 VIGESIMA
1257 3286 1534 3401 PRIMA,

660 3456 738 3530 Quae
756 3457 807 3519 est
823 3453 937 3542 primo
955 3453 1087 3521 abbatis
1106 3452 1262 3519 Theonae.

612 3585 660 3637 bn
685 3585 933 3639 nnutsstonu
956 3584 1307 3651 QUINQUAGESIMAE.

381 3814 502 3872 CAPUT
520 3816 678 3874 PRIMUM.
941 3821 964 3885 c
983 3833 1125 3875 connexus
1139 3825 1183 3874 est
1192 3814 1304 3872 vinculo
1318 3812 1467 3887 conjugali.
1480 3816 1552 3870 Nam
1563 3812 1633 3868 dum
1646 3812 1788 3887 pudicitie

167 3904 335 3976 Priusquam
358 3905 441 3961 verba
464 3905 620 3963 collationis
638 3908 723 3981 liujus
737 3910 841 3995 'habita
864 3926 931 3968 cum
986 3911 1046 3981 eJus
1066 3910 1196 3983 religiosa
1215 3907 1363 3966 sedulitate
1388 3904 1572 3980 prospiciunt,
1586 3913 1616 3961 et
1636 3904 1788 3994 mciqqitem

131 4008 243 4052 summo
258 3997 318 4053 viro
336 3995 462 4053 'abbate
478 3996 591 4054 Theona
609 3997 778 4071 incipiamus
793 4001 930 4069 evolvere,
985 4004 1096 4076 lapsum
1109 4005 1225 4062 lubricae
1238 4009 1369 4060 verentur
1380 4001 1482 4067 aetetis,
1493 3998 1704 4073 praeveniendos
1718 4000 1787 4057 ado·

130 4087 319 4143 necessarium
328 4102 394 4143 reor
406 4095 439 4144 ut
447 4088 559 4145 initium
571 4089 764 4147 conversionis
777 4091 839 4164 eius
852 4092 929 4149 breui
984 4096 1123 4153 lescentiae
1135 4104 1229 4152 motus
1243 4095 1320 4152 licito
1343 4094 1506 4168 nuptiarum
1520 4093 1645 4151 remedio
1660 4094 1788 4152 eredide-

131 4193 263 4235 serrnone
275 4179 478 4253 perstringam,
489 4181 555 4254 quie
569 4197 603 4238 ex
614 4183 666 4239 froc
680 4183 722 4240 vel
733 4185 929 4242 meritumviri
984 4196 1060 4245 runt.
1075 4189 1146 4245 Cum
1160 4202 1226 4260 ergo
1238 4186 1281 4243 bic
1300 4179 1408 4244 uuiusb
1421 4185 1502 4242 lustri
1514 4193 1624 4259 tempus
1637 4202 1702 4243 cum
1716 4202 1787 4245 con-

131 4275 172 4329 vel
183 4274 433 4348 gratiaevidentius
448 4279 550 4349 poterit
564 4288 657 4350 patere
667 4279 828 4337 tectorinlte
838 4280 930 4354 igitur,
981 4282 1049 4356 juge
1070 4281 1235 4355 peregisset,
1252 4279 1371 4337 renitad
1386 4289 1397 4317 ⁰
1411 4278 1541 4336 abbatem
1562 4281 1715 4351 loannem,
1736 4282 1785 4355 qui

131 4367 292 4427 adolescens
310 4368 475 4439 admodum,
489 4383 639 4445 parentum
651 4373 746 4432 studio
758 4374 933 4448 imperioque
987 4385 1054 4433 tunc
1073 4375 1208 4447 temporis
1219 4374 1323 4431 merito
1337 4372 1494 4432 sanctitatis
1509 4375 1614 4432 electus
1627 4374 1785 4436 “diaconiae

669 4483 797 4541 tttnnt
812 4485 927 4541 GAZAEI
944 4485 1225 4542 COMMENTARIUS.

163 4576 228 4629 aDe
242 4575 373 4657 Theona,
393 4576 576 4660 relTbeone,
592 4580 693 4638 abbate
708 4581 817 4638 dietum
832 4590 875 4638 cst
892 4582 929 4639 ad
982 4589 1069 4639 ment.
1082 4587 1131 4641 fist
1148 4587 1221 4639 enim
1235 4583 1433 4654 qriinquenncle
1457 4587 1568 4653 tempus.
1591 4582 1651 4638 ideo
1664 4598 1724 4637 uero
1746 4585 1784 4639 sic

129 4645 247 4701 colite.
259 4652 390 4729 tt‚quus
399 4648 786 4730 exbortationecompunetus
795 4654 929 4726 Serapion
982 4660 1102 4718 necuim,
1120 4656 1234 4725 eoquod
1247 4670 1325 4710 canu
1339 4657 1368 4708 in
1382 4654 1484 4725 republ.
1497 4656 1606 4723 puncto
1619 4652 1685 4706 urbs
1699 4656 1783 4709 Rupta

129 4718 269 4798 occultum
281 4727 480 4802 gastrimargiae
488 4720 601 4787 vitium,
609 4737 666 4792 quo
675 4722 828 4792 laborabat,
839 4725 930 4781 mani·
984 4728 1159 4781 lustrabatur.
1179 4724 1223 4782 Sic
1241 4725 1299 4780 ille.
1315 4728 1404 4781 Varro
1423 4723 1471 4779 lib.
1495 4739 1538 4778 v:
1559 4726 1686 4778 Lustrum
1707 4726 1783 4793 quin·

130 4784 249 4853 festant,
262 4796 290 4842 et
304 4803 406 4861 insigni
417 4791 552 4873 miraculo
561 4790 636 4847 abeo
649 4792 749 4850 morbo
758 4799 928 4852 curetusest.
983 4797 1113 4866 quenmrle
1128 4800 1231 4866 ternpm
1245 4798 1392 4863 significet,
1406 4798 1433 4848 et
1453 4809 1471 4847 a
1485 4793 1593 4860 luendo,
1606 4793 1653 4847 froc
1666 4797 1715 4856 est,
1726 4795 1781 4848 soi-

127 4856 266 4926 Aguntde
276 4856 376 4914 eodem
389 4859 703 4943 Palladiuslausiaio,
712 4863 930 4922 ubieumvirum
982 4865 1782 4934 commonentur,qionqumtoqcoqaeanmerectiqatiaet

129 4935 257 5006 sanctum
270 4936 360 4994 uocat,
372 4938 401 5011 et
414 4932 566 5013 prophetiae
582 4931 657 5015 dono
672 4934 832 5005 praediurm,
842 4943 871 4992 et
878 4937 931 4992 tri·
984 4937 1087 4990 tributa
1101 4937 1275 4997 solemmter,
1289 4937 1343 4990 sior
1364 4935 1435 5006 qnod
1448 4936 1563 5004 singulis
1587 4937 1780 5005 quinquenniis

129 5005 203 5067 ginta
212 5012 360 5079 ‘annorum
374 5000 516 5057 silentium
530 5010 652 5060 tenuisse
667 5005 781 5073 scribit;
795 5006 928 5063 sozome-
981 5009 1101 5062 necares
1121 5007 1316 5061 frustrarentur.
1330 5006 1401 5076 Quia
1416 5004 1502 5078 igitur
1520 5020 1622 5061 census
1636 5005 1705 5077 ipse,
1720 5004 1779 5063 sive

128 5082 182 5123 nus
201 5067 445 5149 lrb.v1‚·eap.ttt‚
476 5146 480 5155 ι
509 5074 641 5156 Historia
653 5076 775 5148 Tripart.
797 5076 927 5146 libvnr,
981 5078 1115 5143 lustrum,
1129 5075 1228 5157 quinto
1239 5092 1353 5203 duoque
1372 5091 1444 5132 anno
1460 5076 1614 5133 habebatur
1629 5077 1693 5148 (quo
1707 5084 1780 5132 tem·

127 5153 189 5220 eap.
204 5145 229 5195 t.
245 5140 482 5222 Ascrtbunturau
513 5145 928 5225 mburcheonaetreseolla-
983 5149 1059 5219 poris
1075 5159 1164 5219 spatio
1182 5163 1236 5219 epu
1280 5150 1421 5204 Romanos
1439 5161 1587 5203 censorum
1601 5148 1779 5218 magistratus

127 5216 218 5292 tiones
230 5226 359 5294 proxime
370 5221 518 5294 sequentes
530 5232 537 5267 :
549 5230 638 5296 prime
651 5216 722 5285 haec,
736 5218 768 5273 de
776 5220 929 5274 runismone
985 5218 1127 5289 durabat),
1144 5216 1262 5274 invaluit
1274 5217 1447 5274 consuetudo
1462 5227 1493 5273 ut
1508 5217 1587 5272 lustri
1598 5216 1713 5272 nomine
1725 5232 1794 5291 spa-

130 5282 375 5362 Qumqunqesimoe,
396 5284 425 5339 id
445 5290 497 5347 est,
506 5284 789 5360 relaxationeer'unii
803 5297 929 5360 tempore
990 5290 1061 5345 tinnr
1074 5288 1199 5362 quinque
1212 5304 1353 5345 annorum
1374 5289 1557 5360 intelligatur,
1570 5287 1646 5358 quod
1659 5288 1795 5360 olympias

130 5349 263 5418 paschali,
274 5361 459 5438 attrectamus,
473 5370 560 5427 usque
572 5356 608 5412 ad
621 5359 824 5425 Pentecosten,
836 5360 937 5426 altera,
992 5360 1067 5432 apud
1086 5361 1199 5417 Graecos
1214 5360 1330 5428 dicitur,
1351 5359 1381 5415 id
1400 5370 1455 5425 est,
1467 5360 1532 5431 quin
1554 5357 1699 5414 nennium.
1721 5360 1794 5416 iiiuc

129 5420 162 5473 rte
171 5425 306 5477 nectarius
318 5424 505 5507 effusionibusr
519 5426 610 5493 tertie,
619 5428 652 5483 de
664 5446 693 5484 eo
704 5431 775 5499 quod
785 5431 852 5485 dicit
864 5432 936 5501 Apo·
952 5444 978 5506 Ι)
992 5430 1068 5502 apud
1091 5431 1238 5486 Sidonium
1255 5432 1324 5501 itit.
1344 5445 1374 5486 tx
1384 5432 1463 5501 epist.
1480 5433 1524 5493 tttr
1534 5373 1655 5485 ‘bilustre
1668 5435 1793 5503 ternpus,

128 5492 232 5546 stolus:
248 5494 308 5548 Non
319 5508 390 5549 enim
403 5498 474 5565 quod
488 5499 547 5554 uolo
560 5498 666 5561 bonum,
678 5500 728 5554 froc
742 5502 828 5567 facio,
847 5509 900 5556 ete.
993 5501 1068 5571 quud
1084 5500 1247 5556 scholiastes
1259 5502 1428 5556 decennium
1442 5499 1651 5571 interpretatur.

134 5634 140 5644 θ
164 5562 176 5596 ¹³
189 5564 324 5645 Lustrum
338 5562 445 5648 isidoro
457 5576 499 5623 est
512 5570 582 5636 (Lib.
594 5584 614 5624 a
626 5568 761 5695 Etpmofj
772 5569 938 5640 πενταετερὶς,
1028 5574 1040 5603 ⁰
1053 5571 1190 5632 lllum,ut
1203 5574 1319 5637 reontio
1335 5587 1392 5643 qro
1405 5587 1488 5642 snpra
1503 5571 1594 5627 collat.
1614 5577 1728 5644 18,qnae
1737 5570 1795 5642 rjais

128 5633 159 5713 ad
170 5637 217 5713 est,
229 5649 456 5703 quinquennium,
464 5641 536 5707 quoii
546 5642 640 5710 quinto
652 5657 723 5695 niano
755 5643 839 5695 icitur
850 5642 938 5703 umidi,
992 5641 1106 5697 nomine
1117 5641 1291 5697 inscribitur.

128 5715 231 5774 inquit,
242 5710 353 5789 propter
365 5706 583 5789 ofpmpindmti.
595 5727 621 5767 e.
636 5711 697 5767 loco
707 5710 940 5785 olympiadumlu
1029 5714 1042 5748 ‘¹
1058 5712 1225 5768 Diaconiant
1245 5711 1298 5767 hoe
1313 5713 1373 5767 inco
1386 5714 1467 5769 docet
1485 5713 1622 5769 Batonius
1637 5714 1675 5784 (ln
1690 5714 1797 5781 dirrip-

131 5777 275 5839 liomoms.
290 5776 390 5838 Adbuc
401 5792 473 5833 enim
492 5783 621 5853 ementes,
638 5783 728 5840 adduc
742 5798 800 5849 eru,
817 5784 938 5842 nondum
993 5785 1045 5840 rof.
1058 5791 1075 5841 8
1088 5784 1221 5856 Augusti)
1236 5784 1322 5857 accipi
1346 5788 1397 5857 prii
1412 5783 1470 5858 ipsa
1484 5783 1655 5853 oeconomia,
1677 5796 1725 5837 scu
1739 5781 1796 5837 dis·
