3848 6158
178 295 230 351 283
852 289 992 346 loannis
1010 288 1161 346 cassiani
1783 292 1836 347 284

176 418 243 476 nibil
254 417 330 475 enim
344 417 465 490 amplius
477 416 549 476 oculi
563 431 646 489 quam
661 414 778 487 simplex
791 415 893 471 animae
906 429 977 487 prae·
991 419 1018 481 A
1031 415 1168 471 malorum
1188 413 1223 472 ad
1236 428 1284 472 cas
1299 427 1429 487 personas
1443 411 1539 470 exinde
1561 411 1695 470 subtiliter
1709 411 1837 471 devolvat

179 513 245 571 bent
259 512 368 570 visionis
385 512 522 582 oideium3
544 509 593 569 sed
607 509 691 579 dicit,
716 512 729 541 ¹
747 509 831 566 Omni
851 509 977 565 custodia
1031 523 1063 565 ac
1077 508 1229 581 praecipitet
1241 512 1383 574 mentem,
1405 522 1453 580 per
1467 521 1535 579 quas
1546 506 1643 562 noxias
1657 506 1838 580 cogitationes

178 621 255 664 seria
274 623 323 664 cor
341 615 421 664 tuum
435 606 574 674 (Prouerb.
592 605 656 676 iil:
673 603 711 660 illi
734 603 908 677 potissimum
924 603 978 660 im·
1034 603 1118 677 possit
1131 603 1262 660 inserere.
1287 601 1475 672 Quamobrem
1496 600 1566 656 illius
1587 598 1714 673 piaecepti
1731 599 1837 675 jugiter

178 702 267 774 posita
280 700 425 769 medicina,
436 698 510 773 quod
523 698 624 770 ubique
635 696 709 754 abuti
722 706 810 770 potest
819 697 980 755 occulorum
1034 697 1192 755 meminisse
1202 696 1333 754 debemus
1345 715 1351 752 :
1364 695 1448 753 Omni
1461 693 1583 752 custodia
1596 709 1672 751 serra
1681 709 1729 750 mr
1739 703 1834 767 tuum,

178 794 340 852 ministerio.
1034 793 1087 848 ete
1114 790 1265 848 secundum
1294 790 1345 847 Dei
1370 788 1519 862 principale
1539 788 1699 844 mandatum
1722 788 1838 848 sollicite

473 887 595 943 CAPUT
614 886 694 942 xlll.
1034 883 1167 958 serpentis
1188 883 1334 951 observare
1357 883 1471 940 nonium
1492 888 1574 955 caput
1598 883 1700 948 (denes.
1723 881 1786 953 iii),
1808 881 1837 940 id

214 991 382 1059 Eeurpentes
399 989 522 1059 primm
536 989 711 1056 cogitationes
734 989 853 1044 carimles
874 988 945 1044 illico
1034 980 1093 1052 esti
1106 979 1302 1052 metationem
1316 977 1450 1034 malarum
1464 975 1601 1050 principia,
1614 974 1714 1048 quibua
1728 991 1839 1049 serpere

445 1059 694 1130 filiifliiidssisseiii·
1034 1071 1062 1128 in
1085 1071 1205 1129 animam
1224 1079 1348 1128 nostram
1369 1066 1493 1127 diabolus
1518 1074 1683 1136 tenuisse
1704 1066 1727 1123 si
1752 1075 1837 1141 caput

213 1164 281 1220 Haec
292 1164 345 1220 erit
357 1163 439 1237 igitur
452 1162 622 1237 purgationis
635 1161 716 1235 buius
731 1162 822 1234 prima
842 1162 979 1232 custodia,
1035 1166 1094 1240 ejm
1108 1181 1155 1238 per
1166 1165 1359 1239 negligentiam
1372 1161 1550 1236 penetraverit
1559 1177 1608 1218 cor
1619 1169 1765 1229 nostrum,
1785 1177 1833 1219 re-

178 1265 210 1313 ut
223 1272 288 1314 cuin
308 1258 395 1314 menti
414 1265 518 1314 nostrae
539 1256 673 1315 memoria
696 1270 779 1313 seius
800 1252 911 1313 feminei
932 1272 981 1330 per
1035 1255 1137 1328 liquum
1152 1254 1210 1326 ejus
1231 1269 1345 1326 corpus,
1369 1252 1396 1310 id
1414 1260 1474 1320 est,
1498 1250 1687 1308 oblectationis
1709 1265 1838 1309 assensus

176 1349 303 1407 subtilem
317 1350 521 1424 suggestionem
534 1349 676 1407 diabolice
686 1348 841 1406 calliditatis
852 1347 982 1422 obrepse-
1034 1349 1167 1407 illabatur.
1198 1349 1251 1422 Qui
1275 1345 1455 1420 proculdubio
1480 1347 1502 1402 si
1533 1344 1615 1402 fuerit
1646 1345 1836 1410 intromissus,

178 1443 231 1510 rit,
244 1436 257 1474 ¹³
270 1444 391 1515 primum
406 1444 596 1501 recordatione
614 1444 757 1516 praemissa
774 1442 880 1508 matris,
900 1458 980 1502 aoro—
1033 1457 1129 1500 morsu
1137 1439 1269 1498 virulento
1278 1449 1399 1497 mentem
1410 1438 1544 1496 interimet
1555 1437 1729 1510 captivatam.
1739 1438 1838 1494 Emer·

178 1546 255 1600 ruin,
273 1542 443 1605 pareutum,
464 1549 516 1591 seu
538 1542 612 1591 certe
626 1531 790 1590 laminarum
810 1540 979 1602 sanctarum,
1034 1542 1127 1607 gentes
1140 1535 1225 1591 etiam
1243 1541 1398 1606 peccatores
1410 1540 1617 1601 terraenostrae,
1630 1531 1724 1601 idest,
1738 1545 1837 1589 sensus

178 1627 342 1697 quantocius
361 1643 423 1684 eani
438 1628 473 1685 de
492 1628 605 1696 nostris,
630 1626 784 1684 recessibus
818 1626 981 1696 [sensibus]
1034 1628 1154 1687 carnales
1171 1629 1199 1685 in
1214 1627 1353 1684 matutinis
1373 1627 1414 1684 sui
1430 1634 1507 1683 ortus
1527 1639 1579 1682 nos
1601 1633 1710 1698 oportet
1730 1625 1836 1682 exstin-

179 1720 322 1778 extrudere
336 1720 523 1791 'festinemus3
548 1737 583 1779 ne
603 1721 626 1778 ai
647 1719 777 1778 fuerimus
791 1721 819 1777 in
836 1736 867 1777 ea
880 1720 982 1779 diutius
1035 1738 1133 1797 gnere,
1152 1731 1181 1779 et
1200 1721 1267 1778 dum
1288 1720 1380 1777 adbuc
1404 1719 1507 1792 parvuli
1519 1728 1598 1789 sunt,
1612 1712 1621 1751 ¹
1635 1719 1744 1775 allidere
1765 1717 1838 1776 filios

178 1811 354 1890 immorati„
376 1816 517 1873 occasione
538 1829 619 1874 serus
647 1815 733 1873 semel
752 1813 856 1888 indepti
872 1804 887 1848 d
916 1816 977 1874 illex
997 1807 1180 1890 BBabylonis
1189 1815 1223 1874 ad
1233 1823 1337 1889 petram
1350 1816 1465 1886 (Pselm.
1478 1814 1620 1883 carsii).
1633 1812 1686 1882 Qui
1697 1810 1836 1881 nisi,dum

723 1965 851 2020 Abstulit
870 1966 982 2023 GdZAEl
1001 1964 1285 2025 COMMENTARIUS.

213 2095 225 2124 ³
249 2094 282 2146 D.
296 2093 411 2149 Basilius
429 2093 457 2149 iu
471 2093 583 2167 Regulis
604 2092 658 2150 ius.
675 2092 777 2163 disput,
795 2092 904 2161 (Qttoest.
927 2099 980 2162 v):
1036 2112 1104 2153 num
1118 2094 1253 2151 inalarum
1275 2091 1404 2166 principia
1419 2091 1531 2160 elidere,
1549 2091 1602 2147 boc
1616 2099 1675 2159 est,
1690 2090 1730 2147 eis
1744 2088 1837 2148 statim

178 2162 266 2226 Omni,
281 2164 379 2234 inquit,
390 2165 510 2219 aetenae
524 2164 728 2220 custodiendum
741 2165 780 2218 est
794 2179 837 2218 eor
847 2170 979 2230 nostium,
1035 2175 1063 2223 ει
1074 2167 1132 2223 sine
1142 2164 1314 2223 cunctatione
1331 2165 1471 2232 resistere,
1486 2170 1513 2219 et
1530 2176 1673 2218 assensum
1689 2177 1744 2218 non
1763 2176 1836 2233 prae-

176 2248 262 2302 nepne
273 2235 435 2303 potiendum
449 2240 480 2288 ut
492 2236 605 2290 assidue
625 2235 658 2290 de
672 2240 724 2291 lieo
736 2236 861 2303 cogitatio
875 2240 980 2292 erem'·
1034 2236 1098 2294 bera
1127 2252 1210 2308 :quo
1231 2235 1343 2307 quidem
1362 2250 1441 2291 sensu
1471 2232 1522 2290 dici
1546 2241 1636 2315 potest
1666 2241 1836 2305 preceptum

176 2305 229 2356 mis
239 2305 338 2357 nostms
348 2305 479 2368 elebatur,
490 2321 553 2360 amre
562 2321 653 2362 eorum
662 2320 723 2376 pue
733 2306 897 2362 mirabiliter
906 2309 941 2363 ab
952 2324 981 2363 eo
1054 2308 1185 2376 uoddam,
1199 2307 1254 2364 sire
1268 2305 1426 2362 mandatum
1442 2304 1501 2369 Dei,
1519 2311 1603 2360 etiam
1617 2303 1772 2376 principale,
1782 2305 1836 2360 sub

176 2373 323 2440 factasunt
335 2377 462 2429 memorio
474 2373 726 2447 contuminelurper
736 2376 980 2447 futilescopitetio-
1034 2325 1085 2435 iilis
1098 2379 1186 2434 verbis
1199 2377 1277 2434 tacite
1289 2376 1422 2433 contineri
1433 2376 1520 2446 (Vide
1531 2391 1614 2445 supra
1627 2376 1677 2430 lib.
1693 2389 1722 2430 ii
1734 2391 1757 2430 c.
1771 2375 1834 2449 ³⁷.)-

176 2458 236 2508 nes;
247 2449 391 2516 contraque
403 2447 473 2502 illud
484 2449 620 2516 upmrdum
630 2448 748 2509 assidue,
763 2450 793 2501 ut
807 2454 981 2519 superparem
1072 2442 1199 2505 ‘illudit
1210 2448 1261 2504 illis
1275 2447 1363 2505 verbis
1381 2447 1452 2504 Psal.
1478 2461 1596 2503 cxxxvi
1619 2464 1626 2500 z
1648 2447 1721 2502 Filia
1737 2446 1838 2515 Baby-

175 2529 207 2568 ee
213 2517 363 2585 purissime
372 2519 554 2574 recordatione
562 2521 722 2589 impressum
732 2521 762 2572 in
770 2518 869 2573 oreimis
880 2523 980 2575 nostris
1034 2521 1112 2582 imin,
1123 2523 1243 2575 misere:
1257 2520 1365 2583 beatus,
1379 2521 1429 2589 qui
1449 2519 1549 2574 tenebit
1561 2523 1587 2573 et
1598 2517 1691 2573 allidet
1705 2517 1837 2587 porrulos

173 2587 251 2655 piem
271 2587 304 2640 de
327 2591 378 2643 Deo
397 2589 600 2657 cogitationem,
620 2591 693 2646 uelut
714 2587 856 2644 indelebile
869 2591 981 2660 nli'quod
1034 2595 1092 2646 ttms
1104 2591 1142 2645 ed
1154 2592 1279 2662 petrum!
1293 2591 1325 2644 ln
1336 2605 1398 2662 quae
1413 2597 1604 2645 commentans
1615 2587 1693 2644 ditus
1703 2587 1836 2657 augusti-

175 2659 282 2725 sr'pnum
302 2660 533 2725 circumferemus.
545 2661 688 2731 Siquidem
706 2662 763 2716 bees
786 2663 825 2715 est
847 2663 918 2716 ratio
930 2678 981 2731 per
1032 2677 1084 2718 nus
1098 2662 1135 2717 ita
1150 2661 1261 2717 scribit:
1283 2662 1336 2728 Qui
1349 2665 1412 2716 sunt
1421 2661 1534 2731 perculi
1544 2659 1838 2729 BabylonislNasoen-

176 2733 820 2801 quemcrpelieumaequiricliarituseonsueet't,
835 2735 981 2802 quesimiil
1034 2737 1073 2788 tes
1087 2734 1166 2788 melre
1179 2733 1351 2803 cupiditates.
1364 2732 1605 2800 Quandonoscitur
1616 2746 1648 2785 cu
1667 2729 1760 2792 ediles,
1774 2745 1836 2784 cum

176 2815 237 2853 caim
251 2800 288 2854 ed
301 2801 672 2858 obsemmtdulleimendetu
685 2818 733 2859 nos
748 2805 853 2867 caeter,
868 2807 926 2858 turn
939 2807 980 2859 ei·
1031 2805 1149 2876 paruulo
1164 2808 1212 2867 est,
1227 2807 1372 2874 malequam
1383 2804 1464 2857 robur
1473 2801 1641 2872 (accipiebat⁸
1683 2801 1768 2855 illem.
1781 2801 1837 2857 Sed

175 2872 265 2925 eissim
277 2887 381 2942 pinque
390 2873 425 2927 ab
435 2874 531 2928 ii'sdem
540 2877 601 2945 ipse
614 2875 650 2930 ed
658 2874 868 2946 perpetuitatem
874 2876 981 2930 stabilis
1034 2878 1122 2944 times,
1130 2891 1163 2930 ne
1177 2877 1242 2929 eliso
1256 2890 1308 2930 rien
1321 2876 1473 2929 morietur?
1484 2874 1567 2928 allide
1578 2872 1615 2927 ed
1626 2876 1742 2942 petrum,
1753 2874 1835 2942 petro

175 2947 353 2998 conservetur.
375 2944 451 3011 Orsod
464 2947 503 2999 ite
523 2962 578 3001 esse
597 2946 673 3000 docet
691 2946 821 3003 Dominus
843 2947 914 3015 ipse,
930 2949 980 3016 qui
1033 2951 1123 3001 autem
1141 2949 1180 3001 est
1202 2947 1323 3002 Christus
1347 2947 1370 3011 (l
1386 2945 1445 3002 Cor.
1462 2944 1513 3012 x).
1537 2942 1638 2999 Eodem
1652 2941 1738 2997 modo
1755 2940 1835 2998 dirus

176 3014 285 3081 quidem
297 3015 374 3069 modo
385 3015 452 3070 dicit
465 3019 553 3083 (lonii.
564 3016 629 3085 xiv)
642 3035 650 3069 r
663 3016 694 3071 Si
705 3015 824 3083 diligitis
837 3031 887 3084 me,
901 3032 979 3071 meri·
1033 3016 1220 3088 Hieronymus
1246 3014 1426 3071 Eustochium
1452 3011 1583 3086 uliginem
1615 3013 1766 3069 admonens
1790 3010 1836 3069 bis

176 3083 244 3136 doto
256 3100 314 3138 meu
323 3090 443 3151 semare,
454 3089 532 3141 niodo
542 3103 603 3142 uero
618 3087 669 3142 :Si
677 3089 813 3156 praecepte
824 3101 882 3139 mee
891 3101 980 3142 serue-
1034 3085 1123 3143 uerbis
1135 3089 1230 3159 (Epist.
1248 3087 1291 3157 ιι)
1311 3088 1395 3144 :Nolo
1409 3088 1484 3142 sines
1499 3087 1687 3156 cogitationem
1702 3098 1833 3148 meseum
1854 3134 1858 3141 .

175 3155 277 3215 uemsstis,
290 3156 433 3209 manebitis
443 3159 472 3210 in
483 3158 623 3212 dilectione
633 3172 701 3213 meu.
714 3159 749 3214 Et
759 3155 832 3225 qued
843 3158 979 3225 efficacius
1034 3157 1099 3213 dum
1112 3173 1212 3229 perruus
1224 3162 1263 3212 est
1275 3159 1366 3222 bostis,
1375 3159 1499 3227 ,iruertlee
1510 3176 1518 3211 ε
1531 3158 1662 3226 irepuiti'o,
1678 3170 1711 3211 ne
1724 3156 1833 3209 aisunie

177 3225 259 3276 etiem
277 3229 366 3293 posset
388 3241 546 3282 commouere
563 3247 571 3282 ε
590 3229 664 3284 Sicut
680 3244 728 3299 epo
741 3227 871 3282 mundius
888 3229 979 3284 Petris
1033 3234 1165 3292 crescent,
1189 3228 1308 3283 elidetur
1321 3231 1351 3283 in
1371 3230 1479 3283 semine.
1502 3230 1536 3282 Et
1553 3234 1714 3298 postpauca
1739 3225 1833 3292 :Ouio

177 3295 231 3346 mei
238 3298 355 3358 seruari,
367 3300 392 3350 et
400 3312 495 3352 moneo
506 3299 603 3353 irie‘us
613 3298 764 3355 dilectione.
779 3298 846 3354 llaec
854 3298 979 3370 Basilius,
1034 3302 1105 3354 enim
1127 3300 1292 3370 impossibile
1311 3301 1396 3355 estin
1416 3314 1521 3354 scissum
1535 3299 1649 3352 bominis
1663 3313 1715 3351 non
1730 3298 1833 3351 irruere

177 3370 206 3419 et
232 3379 295 3435 quae
318 3374 481 3438 sequuntur.
514 3319 582 3426 viiie
607 3369 636 3425 in
661 3369 789 3427 eamdem
814 3369 979 3425 sententiam
1033 3372 1159 3426 innatum
1172 3371 1351 3426 medullarum
1362 3370 1486 3433 colorem,
1499 3367 1835 3437 illeleudetur,illeprae·

177 3448 335 3491 sermonem
358 3440 393 3493 D.
416 3440 550 3497 Beruardi
571 3440 599 3496 in
623 3442 713 3514 pariis
739 3411 1014 3514 quadragesimumC
1033 3442 1143 3497 dicutur
1153 3443 1256 3504 beatus,
1267 3445 1317 3511 qui
1324 3443 1469 3512 utcoeperit
1477 3442 1594 3510 cogitare
1604 3439 1727 3506 sordido,
1739 3440 1835 3519 stetin

177 3514 298 3562 sextum.
1034 3515 1158 3583 interficit
1178 3517 1204 3568 et
1217 3513 1311 3567 ellidii
1332 3513 1369 3567 ed
1379 3517 1497 3583 petrem.
1522 3515 1555 3566 D.
1569 3509 1653 3566 etiam
1673 3508 1835 3566 Benedictus

213 3568 407 3643 bpraemissa,
423 3578 450 3635 id
470 3588 521 3647 est,
536 3582 611 3653 prius
630 3582 754 3640 immissa
781 3582 870 3652 (Vide
888 3583 977 3637 collat.
1035 3585 1115 3654 (Cep.
1130 3591 1147 3639 4
1166 3583 1282 3654 Regale)
1299 3583 1368 3639 inter
1381 3583 1561 3639 instrumenta
1573 3581 1628 3636 sive
1643 3579 1770 3636 exercitia
1783 3578 1834 3635 bo-

176 3660 245 3715 xix,
259 3664 281 3703 c.
297 3651 694 3731 16).Sensuseuimestquem
709 3653 855 3724 Dionysius
865 3650 917 3707 bac
930 3668 979 3708 sua
1033 3669 1132 3709 norum
1147 3668 1261 3724 operum
1276 3653 1366 3724 posuit
1382 3671 1389 3707 ε
1405 3655 1577 3722 cogitationes
1590 3652 1677 3706 moles
1695 3650 1772 3706 cordi
1785 3665 1834 3706 suo

177 3719 334 3790 paraphrasi
351 3721 430 3791 paulo
443 3721 589 3780 clariorem
601 3725 707 3781 reddit:
723 3723 835 3792 oriendo
851 3725 978 3778 memorie
1032 3725 1202 3780 aduenientes
1215 3741 1277 3778 moa
1287 3724 1324 3778 ed
1337 3724 1470 3781 Christum
1483 3723 1596 3783 allidere
1604 3727 1629 3778 et
1638 3724 1739 3777 seniori
1746 3723 1833 3792 spiri*-

176 3804 256 3844 serus
267 3792 380 3858 feminei·
392 3796 537 3848 occurrerit
556 3798 640 3850 menti
658 3801 773 3858 nostre,
787 3809 836 3864 per
853 3795 978 3849 subtilem
1033 3797 1106 3850 tueli
1119 3797 1281 3867 patefecere.
1298 3795 1402 3865 Quibus
1417 3793 1505 3850 verbis
1517 3795 1572 3850 duo
1586 3792 1730 3874 singularia
1741 3806 1833 3848 reme-

177 3861 319 3916 diabolice
328 3865 504 3932 superstionis
514 3866 700 3932 calliditatem,
712 3867 831 3922 immisso
837 3867 928 3934 primo
938 3882 978 3920 re·
1032 3863 1076 3921 dia
1088 3874 1116 3922 et
1133 3865 1255 3923 antidota
1272 3865 1402 3922 adsersus
1423 3881 1517 3936 pratas
1537 3873 1563 3921 et
1578 3879 1673 3920 noxias
1686 3861 1832 3935 cogitatio·

176 3932 330 3988 coriletioiie
344 3936 454 3997 metris,
476 3940 525 3990 out
541 3949 678 4002 'sororum
692 3941 746 3993 sire
762 3940 915 4007 peraratum,
930 3941 979 3991 aut
1033 3951 1081 3993 nes
1106 3936 1264 4010 complexus
1289 3945 1331 3992 est
1351 3957 1356 3993 :
1374 3951 1491 4008 quorum
1512 3935 1634 4008 primum
1655 3943 1715 4002 est,
1737 3948 1833 3989 earum

176 4007 245 4057 certe
254 4004 417 4071 seminarum
431 4011 598 4071 sanctarum,
611 4011 768 4077 festinemus
780 4023 840 4062 eam
858 4009 978 4062 celeriter
1033 4007 1106 4063 initia
1129 4023 1177 4065 seu
1208 4009 1313 4090 primos
1332 4016 1425 4064 motus
1449 4006 1636 4078 supprimere,
1661 4004 1755 4077 eisque
1779 4003 1833 4060 ob-

176 4075 321 4130 ertiurlere
334 4078 368 4132 de
377 4076 502 4135 mrdibus
513 4081 628 4147 nostris;
642 4097 676 4136 ne
691 4082 716 4136 si
727 4080 830 4134 diutius
845 4080 873 4131 in
884 4093 915 4132 eo
925 4080 977 4132 im-
1032 4078 1185 4136 orientibus
1197 4079 1308 4135 viriliter
1327 4078 1469 4147 obsistere,
1483 4077 1557 4148 quod
1570 4086 1611 4133 est
1624 4083 1705 4147 caput
1723 4091 1835 4147 serpen-

175 4160 320 4210 meremur,
333 4149 416 4204 etiem
428 4149 977 4223 niliilliestbnispeipessioeoesionesenus
1032 4148 1066 4205 tis
1082 4159 1236 4215 conterere,
1266 4157 1294 4205 et
1315 4147 1386 4205 filios
1407 4163 1455 4205 seu
1474 4148 1601 4219 parrulos
1626 4146 1775 4219 Babylonis
1796 4145 1833 4203 ad

173 4220 405 4288 propinquarum,
428 4224 477 4273 out
500 4227 654 4278 sanctorum
674 4237 868 4295 personarum,
889 4224 977 4276 tenren
1030 4228 1137 4292 petram
1159 4220 1287 4288 allidere,
1308 4219 1441 4290 alterum,
1461 4218 1593 4291 superiori
1613 4219 1652 4273 rel
1665 4217 1763 4273 seniori
1775 4216 1834 4288 spi-

174 4289 403 4345 eaiirdeileuoluot
412 4292 547 4348 subtiliter
559 4299 641 4364 cipite
651 4295 804 4366 precipitat
814 4296 927 4347 mentem
939 4293 977 4347 ed
1032 4291 1120 4347 rituali
1133 4307 1178 4347 eas
1193 4289 1354 4363 patefacere.
1377 4293 1418 4345 De
1434 4306 1488 4360 quo
1501 4289 1582 4345 etiam
1598 4289 1660 4344 alibi
1675 4288 1713 4344 ait
1724 4288 1800 4360 (Cup.
1813 4294 1829 4343 t

176 4374 219 4409 eus
228 4375 355 4438 personas
363 4378 412 4430 per
421 4378 490 4430 puna
497 4367 583 4432 possit
591 4369 707 4421 inserere
719 4365 795 4420 cordi
804 4365 977 4433 cogitationes
1031 4362 1147 4431 Repulae)
1168 4380 1174 4416 :
1202 4361 1318 4428 Quirites
1334 4361 1497 4416 humilitatis
1514 4361 1615 4430 prades
1629 4365 1682 4422 est,
1697 4361 1723 4415 si
1741 4374 1832 4414 manes

176 4442 294 4481 noerros.
311 4430 356 4484 Sic
369 4430 423 4485 ille.
437 4432 511 4487 Solet
522 4435 596 4489 enini
607 4435 733 4491 diabolus
752 4443 782 4490 ut
795 4440 916 4489 mentem
932 4449 979 4488 no*
1032 4435 1204 4502 cogitationes
1215 4432 1302 4485 moles
1312 4433 1387 4486 cordi
1394 4447 1441 4487 sue
1451 4432 1631 4492 aduenientes,
1644 4433 1685 4486 rel
1694 4431 1768 4485 melu
1778 4446 1834 4486 ose

175 4503 260 4551 stram
271 4498 359 4553 noxiis
373 4499 538 4569 imaginibus
551 4511 578 4557 et
588 4503 736 4572 phantasiis
761 4518 843 4559 serus
866 4502 977 4559 feminei
1032 4503 1157 4558 absconse
1167 4504 1321 4564 commissu,
1335 4517 1383 4572 per
1396 4503 1523 4558 liiimi'lem
1535 4505 1724 4571 consessionem
1738 4502 1835 4556 ebbuti

176 4575 290 4648 occupet
304 4576 331 4622 et
351 4568 488 4634 detineat,
512 4572 626 4628 subinde
641 4574 789 4628 immittere
806 4588 838 4628 ac
857 4573 977 4644 ingerere
1031 4588 1083 4628 rien
1100 4574 1226 4628 cripuerit
1244 4587 1300 4628 suo.
1315 4571 1396 4641 Quod
1418 4573 1614 4630 documentum
1629 4573 1710 4629 etiam
1732 4571 1835 4629 abillis

176 4647 370 4707 cogitationem
382 4682 390 4707 ,
403 4655 451 4695 seu
467 4641 687 4698 recordationem
708 4642 818 4710 matris,
832 4651 879 4697 aut
898 4659 976 4699 soro·
1031 4642 1157 4700 Patribus
1171 4654 1198 4700 et
1220 4642 1418 4717 antiquioribus
1440 4644 1583 4701 monacbis
1600 4652 1742 4714 acceptum
1758 4641 1833 4699 ride·

176 4722 253 4773 rum,
268 4717 316 4765 aut
335 4718 489 4766 sanctarum
506 4711 684 4783 feminarum,
699 4713 797 4786 quibus
811 4712 838 4768 in
852 4713 977 4769 animum
1031 4720 1087 4781 tur,
1100 4714 1199 4787 quibus
1213 4713 1285 4771 bunc
1300 4730 1406 4770 morem
1424 4723 1452 4771 et
1465 4715 1637 4787 disciplinam
1654 4715 1737 4770 luisse
1749 4712 1835 4771 refert

175 4778 319 4861 admissis,
335 4796 400 4837 cum
413 4782 448 4838 ab
473 4782 525 4839 illis
544 4783 635 4841 minus
647 4799 790 4842 caveamus
799 4824 808 4856 ,
824 4784 925 4840 sensim
941 4772 1015 4840 adl)
1032 4785 1176 4842 Cassianus
1189 4787 1257 4851 (bib.
1272 4800 1306 4841 iv
1321 4801 1343 4841 c.
1359 4790 1405 4853 9),
1417 4787 1572 4856 alieniores
1585 4790 1706 4858 primum
1717 4788 1837 4841 instrin-

175 4851 290 4908 aliarum
310 4854 456 4910 mulierum
473 4862 520 4910 aut
539 4870 632 4912 rerum
655 4856 775 4927 turpium
798 4854 977 4927 cogitationes
1031 4858 1343 4927 renturirullcspenilus
1356 4859 1528 4926 eopitetiones
1541 4860 1692 4928 prurientes
1712 4857 1834 4911 incorde

175 4924 339 4992 perniciosas
373 4925 560 4994 devolvamur,
594 4927 646 4984 nisi
691 4926 832 4984 uantocius
859 4927 976 4997 primam
1028 4929 1343 4999 pemieicsoeonsusicne
1352 4930 1452 4994 celer·e;
1465 4929 1672 4998 sedeonsestim,
1687 4931 1834 4983 uterortre

174 4993 249 5051 illam
270 4998 473 5070 suggestionem
487 4997 629 5056 diabolicae
641 4944 794 5056 caiiiditatls
805 4997 976 5070 repellemus.
1031 5002 1146 5068 suenni,
1159 5014 1204 5055 eas
1215 5015 1262 5055 suo
1274 5000 1428 5069 patefecere
1448 5003 1549 5056 seriori
1566 5020 1574 5055 ε
1589 5016 1634 5055 nee
1646 5014 1728 5069 sriper
1739 5014 1834 5053 eurum

210 5070 222 5098 ⁰
238 5066 267 5122 ld
280 5078 337 5133 est,
356 5070 448 5126 aiiimo
461 5071 584 5142 concepti
597 5086 644 5127 seu
662 5070 689 5127 iu
700 5071 823 5126 animum
837 5069 956 5125 admissi.
1026 5070 1354 5141 judicioquidpimmsue
1363 5071 1520 5127 discretioni
1528 5069 1834 5133 committere,sedillud

167 5197 172 5203 ,
209 5124 224 5167 d
246 5138 349 5209 Nempe
374 5138 517 5203 diabolus,
541 5149 571 5197 ut
589 5157 622 5197 ex
642 5140 864 5199 antecedentibus
883 5149 912 5196 et
933 5156 976 5198 se·
1030 5143 1135 5198 eredere
1152 5144 1253 5197 melum
1267 5158 1337 5210 esse,
1352 5143 1393 5197 rel
1414 5143 1522 5205 bonum,
1538 5144 1610 5213 quod
1631 5142 1789 5198 discusserit
1802 5156 1834 5195 ec

174 5206 320 5287 quentibus
343 5210 496 5335 colligitum
513 5211 574 5266 illei
604 5213 677 5269 enim
704 5213 843 5269 malorum
867 5212 975 5280 dicitur,
1029 5216 1247 5284 pronuntiaverit
1259 5216 1368 5268 seniore
1380 5229 1502 5268 eramen.
1519 5216 1578 5281 Qua
1589 5217 1693 5269 ratione
1704 5215 1745 5281 tlt,
1757 5216 1790 5265 ut
1803 5214 1833 5265 in

174 5291 236 5347 quia
257 5292 405 5349 sempera
449 5281 552 5336 malum
578 5282 654 5339 illicit
677 5291 704 5339 el
725 5286 872 5356 iproiocat.
897 5283 977 5340 Unde
1030 5286 1104 5339 nulle
1122 5286 1312 5340 circumuenire
1326 5284 1452 5352 juvenem
1472 5283 1835 5345 collidusinimicus,rrlut

176 5355 203 5401 et
226 5349 309 5403 Satan
330 5358 358 5405 et
377 5356 497 5407 tentator
521 5353 673 5424 appellatur
699 5356 807 5423 (Mutii.
826 5367 862 5408 iii
882 5359 908 5408 et
929 5369 976 5422 ir,
1031 5357 1200 5426 inexpertum
1220 5357 1399 5425 ignarumque
1410 5357 1573 5425 praecelsum
1594 5373 1639 5411 nec
1654 5357 1711 5410 ullu
1729 5354 1834 5421 [reuda

177 5419 187 5471 l
213 5419 287 5499 Thes.
314 5425 369 5485 ιιι).
1031 5426 1159 5497 decipere,
1173 5443 1251 5497 quen
1261 5427 1392 5496 proeiri'det
1405 5443 1457 5481 non
1468 5443 1529 5490 sue,
1543 5427 1590 5482 sed
1603 5429 1718 5482 scitioris
1735 5425 1833 5480 disere·

210 5490 322 5545 ’Princi
343 5491 384 5547 ale
406 5492 456 5548 Dei
477 5492 638 5551 mandatum
662 5495 730 5553 satis
754 5494 901 5566 improprie
927 5509 978 5566 ap·
1031 5499 1225 5560 tionemuni‘ri,
1238 5499 1454 5566 etampestiones
1468 5514 1545 5561 suos,
1559 5500 1600 5553 rel
1619 5500 1707 5568 ignite
1718 5495 1831 5566 jemla,

176 5559 275 5641 pellare
295 5507 401 5618 rigetur
421 5562 488 5619 illud
507 5565 580 5636 quod
598 5566 633 5623 de
652 5566 766 5622 muliere
779 5566 813 5621 ad
824 5573 978 5636 serpentem
1031 5568 1544 5639 quaecumqueirroorejusin'eeeiit,ut
1556 5566 1833 5629 serrioremeelet,iion

175 5645 231 5686 sire
245 5630 384 5689 diabolum
402 5632 753 5703 dictumest,Genes.1ii.
771 5639 806 5693 Et
820 5638 879 5707 ipse
890 5640 977 5692 eonte-
1029 5653 1110 5711 posse
1127 5640 1248 5696 suaderi.
1266 5637 1334 5694 Vide
1354 5587 1444 5696 celiel.
1460 5646 1476 5695 t
1491 5655 1550 5711 cap.
1568 5647 1596 5695 tt
1612 5648 1722 5711 etseq..
1736 5636 1783 5693 iibi
1797 5637 1835 5694 de

176 5706 216 5756 ret
240 5708 322 5786 cupiit
343 5710 428 5787 tuum.
447 5706 595 5764 conterere
615 5717 710 5765 autem
733 5714 814 5777 caput
828 5708 977 5778 serpentis,
1031 5709 1149 5766 utilitate
1173 5708 1342 5766 revelationis
1363 5718 1391 5766 et
1418 5708 1606 5779 patelaciienis
1631 5709 1833 5784 cogitationum

177 5772 229 5837 iel,
245 5782 275 5829 ut
291 5789 347 5846 ipse
369 5784 437 5832 citat
450 5791 485 5832 ex
500 5776 623 5834 versione
636 5777 820 5849 Septuaginta,
835 5778 979 5836 observare
1031 5780 1184 5838 senioribus
1207 5779 1338 5838 faciendae
1363 5781 1468 5854 plenius
1487 5782 1586 5855 agitur,
1609 5791 1635 5839 et
1656 5779 1753 5852 insigni
1778 5778 1832 5834 nii·

173 5851 257 5918 caput
275 5847 425 5920 serpentis,
447 5847 589 5905 moraliter
609 5851 815 5921 interpretatur,
837 5848 978 5923 cogitatio·
1031 5852 1124 5909 raculo
1159 5850 1255 5910 eadem
1291 5853 1487 5926 comprobatur
1516 5853 1599 5922 (Vide
1633 5854 1830 5909 lbrremcmat.
