<?xml version="1.0" encoding="UTF-8"?>
<!DOCTYPE html PUBLIC "-//W3C//DTD XHTML 1.0 Transitional//EN"
    "http://www.w3.org/TR/xhtml1/DTD/xhtml1-transitional.dtd">
<html xmlns="http://www.w3.org/1999/xhtml" xml:lang="en" lang="en">
 <head>
  <title>
</title>
<meta http-equiv="Content-Type" content="text/html;charset=utf-8" />
  <meta name='ocr-system' content='tesseract 3.04.00' />
  <meta name='ocr-capabilities' content='ocr_page ocr_carea ocr_par ocr_line ocrx_word'/>
</head>
<body>
  <div class='ocr_page' id='page_1' title='image "./patrologiaecurs29unkngoog/patrologiaecurs29unkngoog_0241.png"; bbox 0 0 3848 6158; ppageno 0'>
   <div class='ocr_carea' id='block_1_1' title="bbox 155 239 1803 323">
    <p class='ocr_par' dir='ltr' id='par_1_1' title="bbox 155 239 1803 323">
     <span class='ocr_line' id='line_1_1' title="bbox 155 239 1803 323; baseline -0.016 -2"><span class='ocrx_word' id='word_1_1' title='bbox 155 268 205 323; x_wconf 80' lang='lat' dir='ltr'>tar</span> <span class='ocrx_word' id='word_1_2' title='bbox 841 248 979 305; x_wconf 75' lang='lat' dir='ltr'>saisitis</span> <span class='ocrx_word' id='word_1_3' title='bbox 997 244 1150 303; x_wconf 69' lang='lat' dir='ltr'>cassidili</span> <span class='ocrx_word' id='word_1_4' title='bbox 1746 239 1803 294; x_wconf 73' lang='grc'>468</span> 
     </span>
    </p>
   </div>
   <div class='ocr_carea' id='block_1_2' title="bbox 150 359 1812 1111">
    <p class='ocr_par' dir='ltr' id='par_1_2' title="bbox 150 359 1810 832">
     <span class='ocr_line' id='line_1_2' title="bbox 154 359 1802 445; baseline -0.017 0"><span class='ocrx_word' id='word_1_5' title='bbox 154 387 297 445; x_wconf 86' lang='lat' dir='ltr'>concedit:</span> <span class='ocrx_word' id='word_1_6' title='bbox 315 373 947 442; x_wconf 87' lang='lat' dir='ltr'>etcumrenuutiationihilaliudsit,nisimor·</span> <span class='ocrx_word' id='word_1_7' title='bbox 960 375 987 437; x_wconf 80' lang='grc' dir='ltr'><strong>Α</strong></span> <span class='ocrx_word' id='word_1_8' title='bbox 1001 369 1109 427; x_wconf 82' lang='lat' dir='ltr'><strong>bantur.</strong></span> <span class='ocrx_word' id='word_1_9' title='bbox 1137 370 1223 440; x_wconf 88' lang='lat' dir='ltr'>Super</span> <span class='ocrx_word' id='word_1_10' title='bbox 1249 364 1309 422; x_wconf 77' lang='lat' dir='ltr'>baec</span> <span class='ocrx_word' id='word_1_11' title='bbox 1337 363 1419 437; x_wconf 90' lang='lat' dir='ltr'>igitur</span> <span class='ocrx_word' id='word_1_12' title='bbox 1450 360 1525 418; x_wconf 90' lang='lat' dir='ltr'>initia</span> <span class='ocrx_word' id='word_1_13' title='bbox 1554 359 1625 422; x_wconf 86' lang='lat' dir='ltr'>male</span> <span class='ocrx_word' id='word_1_14' title='bbox 1649 360 1802 433; x_wconf 83' lang='lat' dir='ltr'><strong>vitioseque</strong></span> 
     </span>
     <span class='ocr_line' id='line_1_3' title="bbox 150 455 1810 543; baseline -0.015 -6"><span class='ocrx_word' id='word_1_15' title='bbox 150 479 309 538; x_wconf 86' lang='lat' dir='ltr'>tilicationis</span> <span class='ocrx_word' id='word_1_16' title='bbox 328 487 355 534; x_wconf 91' lang='lat' dir='ltr'>et</span> <span class='ocrx_word' id='word_1_17' title='bbox 370 477 458 534; x_wconf 88' lang='lat' dir='ltr'>crucis</span> <span class='ocrx_word' id='word_1_18' title='bbox 481 474 630 540; x_wconf 88' lang='lat' dir='ltr'>iudicium,</span> <span class='ocrx_word' id='word_1_19' title='bbox 655 485 706 527; x_wconf 85' lang='lat' dir='ltr'>nec</span> <span class='ocrx_word' id='word_1_20' title='bbox 728 467 815 524; x_wconf 85' lang='lat' dir='ltr'>valeat</span> <span class='ocrx_word' id='word_1_21' title='bbox 827 466 889 523; x_wconf 89' lang='lat' dir='ltr'>aliis</span> <span class='ocrx_word' id='word_1_22' title='bbox 910 465 951 521; x_wconf 90' lang='lat' dir='ltr'>in·</span> <span class='ocrx_word' id='word_1_23' title='bbox 1003 464 1124 530; x_wconf 88' lang='lat' dir='ltr'>lundata,</span> <span class='ocrx_word' id='word_1_24' title='bbox 1151 476 1260 543; x_wconf 79' lang='lat' dir='ltr'>necesse</span> <span class='ocrx_word' id='word_1_25' title='bbox 1276 469 1319 516; x_wconf 87' lang='lat' dir='ltr'>est</span> <span class='ocrx_word' id='word_1_26' title='bbox 1336 466 1368 515; x_wconf 91' lang='lat' dir='ltr'>ut</span> <span class='ocrx_word' id='word_1_27' title='bbox 1384 457 1510 514; x_wconf 82' lang='lat' dir='ltr'>uniuersa</span> <span class='ocrx_word' id='word_1_28' title='bbox 1528 456 1653 527; x_wconf 73' lang='lat' dir='ltr'>deinceps</span> <span class='ocrx_word' id='word_1_29' title='bbox 1675 455 1810 512; x_wconf 78' lang='lat' dir='ltr'>vitiorum</span> 
     </span>
     <span class='ocr_line' id='line_1_4' title="bbox 152 549 1808 643; baseline -0.016 -12"><span class='ocrx_word' id='word_1_30' title='bbox 152 575 246 631; x_wconf 90' lang='lat' dir='ltr'>cboari</span> <span class='ocrx_word' id='word_1_31' title='bbox 262 572 301 628; x_wconf 84' lang='lat' dir='ltr'>rel</span> <span class='ocrx_word' id='word_1_32' title='bbox 314 585 479 643; x_wconf 77' lang='lat' dir='ltr'><strong>consurgere</strong></span> <span class='ocrx_word' id='word_1_33' title='bbox 493 565 690 631; x_wconf 81' lang='lat' dir='ltr'>fundamentis,</span> <span class='ocrx_word' id='word_1_34' title='bbox 708 578 790 634; x_wconf 90' lang='lat' dir='ltr'>quam</span> <span class='ocrx_word' id='word_1_35' title='bbox 804 569 834 617; x_wconf 93' lang='lat' dir='ltr'>ut</span> <span class='ocrx_word' id='word_1_36' title='bbox 845 575 875 618; x_wconf 91' lang='lat' dir='ltr'>se</span> <span class='ocrx_word' id='word_1_37' title='bbox 893 575 950 616; x_wconf 92' lang='lat' dir='ltr'>nou</span> <span class='ocrx_word' id='word_1_38' title='bbox 1003 567 1138 617; x_wconf 79' lang='lat' dir='ltr'>structura</span> <span class='ocrx_word' id='word_1_39' title='bbox 1153 562 1309 626; x_wconf 79' lang='lat' dir='ltr'>consurgat,</span> <span class='ocrx_word' id='word_1_40' title='bbox 1330 568 1381 608; x_wconf 86' lang='lat' dir='ltr'>uec</span> <span class='ocrx_word' id='word_1_41' title='bbox 1400 550 1549 623; x_wconf 85' lang='lat' dir='ltr'>quidquam</span> <span class='ocrx_word' id='word_1_42' title='bbox 1562 549 1706 620; x_wconf 82' lang='lat' dir='ltr'>superponi</span> <span class='ocrx_word' id='word_1_43' title='bbox 1719 549 1808 620; x_wconf 88' lang='lat' dir='ltr'>pessi·</span> 
     </span>
     <span class='ocr_line' id='line_1_5' title="bbox 150 641 1809 735; baseline -0.014 -12"><span class='ocrx_word' id='word_1_44' title='bbox 150 668 242 724; x_wconf 88' lang='lat' dir='ltr'>solum</span> <span class='ocrx_word' id='word_1_45' title='bbox 260 664 366 722; x_wconf 90' lang='lat' dir='ltr'>actibus</span> <span class='ocrx_word' id='word_1_46' title='bbox 380 663 461 735; x_wconf 83' lang='lat' dir='ltr'>hujus</span> <span class='ocrx_word' id='word_1_47' title='bbox 475 660 571 716; x_wconf 92' lang='lat' dir='ltr'>muudi</span> <span class='ocrx_word' id='word_1_48' title='bbox 584 657 738 730; x_wconf 86' lang='lat' dir='ltr'>spiritaliter</span> <span class='ocrx_word' id='word_1_49' title='bbox 748 654 854 712; x_wconf 86' lang='lat' dir='ltr'>noverit</span> <span class='ocrx_word' id='word_1_50' title='bbox 868 656 952 713; x_wconf 87' lang='lat' dir='ltr'>inter·</span> <span class='ocrx_word' id='word_1_51' title='bbox 1005 650 1058 707; x_wconf 91' lang='lat' dir='ltr'>mis</span> <span class='ocrx_word' id='word_1_52' title='bbox 1071 649 1158 706; x_wconf 86' lang='lat' dir='ltr'>valeat</span> <span class='ocrx_word' id='word_1_53' title='bbox 1176 645 1372 712; x_wconf 78' lang='lat' dir='ltr'>fundamentis,</span> <span class='ocrx_word' id='word_1_54' title='bbox 1389 643 1441 700; x_wconf 88' lang='lat' dir='ltr'>uisi</span> <span class='ocrx_word' id='word_1_55' title='bbox 1457 641 1530 714; x_wconf 92' lang='lat' dir='ltr'>quod</span> <span class='ocrx_word' id='word_1_56' title='bbox 1549 641 1732 699; x_wconf 78' lang='lat' dir='ltr'>miserabilem</span> <span class='ocrx_word' id='word_1_57' title='bbox 1749 643 1809 699; x_wconf 91' lang='lat' dir='ltr'>ani-</span> 
     </span>
     <span class='ocr_line' id='line_1_6' title="bbox 152 740 1535 832; baseline -0.019 -16"><span class='ocrx_word' id='word_1_58' title='bbox 152 768 293 832; x_wconf 91' lang='lat' dir='ltr'>emptum,</span> <span class='ocrx_word' id='word_1_59' title='bbox 312 771 408 813; x_wconf 87' lang='lat' dir='ltr'>verum</span> <span class='ocrx_word' id='word_1_60' title='bbox 431 755 515 811; x_wconf 84' lang='lat' dir='ltr'>etiam</span> <span class='ocrx_word' id='word_1_61' title='bbox 532 751 709 825; x_wconf 78' lang='lat' dir='ltr'>corporaliter</span> <span class='ocrx_word' id='word_1_62' title='bbox 723 751 845 824; x_wconf 92' lang='lat' dir='ltr'>quotidie</span> <span class='ocrx_word' id='word_1_63' title='bbox 859 749 953 807; x_wconf 90' lang='lat' dir='ltr'>credat</span> <span class='ocrx_word' id='word_1_64' title='bbox 973 805 981 815; x_wconf 71' lang='grc'>,</span> <span class='ocrx_word' id='word_1_65' title='bbox 1006 761 1081 801; x_wconf 90' lang='lat' dir='ltr'>mam</span> <span class='ocrx_word' id='word_1_66' title='bbox 1103 744 1181 799; x_wconf 87' lang='lat' dir='ltr'>ruina</span> <span class='ocrx_word' id='word_1_67' title='bbox 1196 740 1353 813; x_wconf 77' lang='lat' dir='ltr'>lugubriore</span> <span class='ocrx_word' id='word_1_68' title='bbox 1371 744 1535 809; x_wconf 88' lang='lat' dir='ltr'>prosternat.</span> 
     </span>
    </p>

    <p class='ocr_par' dir='ltr' id='par_1_3' title="bbox 152 832 1697 919">
     <span class='ocr_line' id='line_1_7' title="bbox 152 832 1697 919; baseline -0.02 -8"><span class='ocrx_word' id='word_1_69' title='bbox 152 868 212 911; x_wconf 90' lang='lat' dir='ltr'>esse</span> <span class='ocrx_word' id='word_1_70' title='bbox 235 851 419 919; x_wconf 80' lang='lat' dir='ltr'>moriturum3</span> <span class='ocrx_word' id='word_1_71' title='bbox 437 847 606 906; x_wconf 91' lang='lat' dir='ltr'>econtrario</span> <span class='ocrx_word' id='word_1_72' title='bbox 627 845 691 903; x_wconf 89' lang='lat' dir='ltr'>lacit</span> <span class='ocrx_word' id='word_1_73' title='bbox 705 862 768 903; x_wconf 89' lang='lat' dir='ltr'>cum</span> <span class='ocrx_word' id='word_1_74' title='bbox 789 846 870 901; x_wconf 84' lang='lat' dir='ltr'>vitam</span> <span class='ocrx_word' id='word_1_75' title='bbox 889 860 952 918; x_wconf 91' lang='lat' dir='ltr'>spe·</span> <span class='ocrx_word' id='word_1_76' title='bbox 1278 833 1398 890; x_wconf 83' lang='lat' dir='ltr'>CAPUT</span> <span class='ocrx_word' id='word_1_77' title='bbox 1414 832 1535 886; x_wconf 82' lang='lat' dir='ltr'>Xxvll.</span> <span class='ocrx_word' id='word_1_78' title='bbox 1693 903 1697 916; x_wconf 24' lang='lat' dir='ltr'>x</span> 
     </span>
    </p>

    <p class='ocr_par' dir='ltr' id='par_1_4' title="bbox 152 924 1812 1111">
     <span class='ocr_line' id='line_1_8' title="bbox 152 924 1812 1026; baseline -0.017 -20"><span class='ocrx_word' id='word_1_79' title='bbox 152 965 212 1009; x_wconf 87' lang='lat' dir='ltr'>rare</span> <span class='ocrx_word' id='word_1_80' title='bbox 231 949 396 1021; x_wconf 72' lang='lat' dir='ltr'>longuram,</span> <span class='ocrx_word' id='word_1_81' title='bbox 414 945 586 1002; x_wconf 84' lang='lat' dir='ltr'>infirmitates</span> <span class='ocrx_word' id='word_1_82' title='bbox 607 943 734 1016; x_wconf 89' lang='lat' dir='ltr'>proponit</span> <span class='ocrx_word' id='word_1_83' title='bbox 752 944 777 998; x_wconf 91' lang='lat' dir='ltr'>ei</span> <span class='ocrx_word' id='word_1_84' title='bbox 792 942 912 1015; x_wconf 82' lang='lat' dir='ltr'>prolixas</span> <span class='ocrx_word' id='word_1_85' title='bbox 926 950 955 998; x_wconf 91' lang='lat' dir='ltr'>et</span> <span class='ocrx_word' id='word_1_86' title='bbox 1007 935 1149 1004; x_wconf 70' lang='lat' dir='ltr'>depositio</span> <span class='ocrx_word' id='word_1_87' title='bbox 1160 933 1298 996; x_wconf 80' lang='lat' dir='ltr'>citiarum,</span> <span class='ocrx_word' id='word_1_88' title='bbox 1315 942 1374 996; x_wconf 78' lang='lat' dir='ltr'>quae</span> <span class='ocrx_word' id='word_1_89' title='bbox 1384 941 1434 995; x_wconf 85' lang='lat' dir='ltr'>per</span> <span class='ocrx_word' id='word_1_90' title='bbox 1447 924 1569 1026; x_wconf 54' lang='lat' dir='ltr'>morbum</span> <span class='ocrx_word' id='word_1_91' title='bbox 1585 924 1718 994; x_wconf 81' lang='lat' dir='ltr'>superbiae</span> <span class='ocrx_word' id='word_1_92' title='bbox 1731 939 1812 995; x_wconf 81' lang='lat' dir='ltr'>peue-</span> 
     </span>
     <span class='ocr_line' id='line_1_9' title="bbox 152 1002 1463 1111; baseline -0.014 -13"><span class='ocrx_word' id='word_1_93' title='bbox 152 1042 263 1108; x_wconf 91' lang='lat' dir='ltr'>multas,</span> <span class='ocrx_word' id='word_1_94' title='bbox 274 1041 466 1098; x_wconf 85' lang='lat' dir='ltr'>confusionem</span> <span class='ocrx_word' id='word_1_95' title='bbox 481 1053 591 1111; x_wconf 92' lang='lat' dir='ltr'>qunque</span> <span class='ocrx_word' id='word_1_96' title='bbox 603 1037 701 1093; x_wconf 86' lang='lat' dir='ltr'>incutit</span> <span class='ocrx_word' id='word_1_97' title='bbox 720 1052 752 1092; x_wconf 92' lang='lat' dir='ltr'>ac</span> <span class='ocrx_word' id='word_1_98' title='bbox 767 1035 912 1108; x_wconf 91' lang='lat' dir='ltr'>pudorem.</span> <span class='ocrx_word' id='word_1_99' title='bbox 925 1035 953 1092; x_wconf 88' lang='lat' dir='ltr'>Si</span> <span class='ocrx_word' id='word_1_100' title='bbox 1355 1002 1463 1051; x_wconf 64' lang='lat' dir='ltr'>&#39;&#39;amu’&#39;</span> 
     </span>
    </p>
   </div>
   <div class='ocr_carea' id='block_1_3' title="bbox 153 1128 1816 1296">
    <p class='ocr_par' dir='ltr' id='par_1_5' title="bbox 153 1128 1816 1296">
     <span class='ocr_line' id='line_1_10' title="bbox 153 1128 1506 1203; baseline -0.01 -11"><span class='ocrx_word' id='word_1_101' title='bbox 153 1135 245 1193; x_wconf 88' lang='lat' dir='ltr'>nudus</span> <span class='ocrx_word' id='word_1_102' title='bbox 264 1135 389 1202; x_wconf 76' lang='lat' dir='ltr'>elluatus,</span> <span class='ocrx_word' id='word_1_103' title='bbox 408 1131 502 1190; x_wconf 89' lang='lat' dir='ltr'>alienis</span> <span class='ocrx_word' id='word_1_104' title='bbox 526 1141 622 1188; x_wconf 90' lang='lat' dir='ltr'>etuon</span> <span class='ocrx_word' id='word_1_105' title='bbox 644 1130 761 1203; x_wconf 90' lang='lat' dir='ltr'>propriis</span> <span class='ocrx_word' id='word_1_106' title='bbox 784 1128 955 1186; x_wconf 79' lang='lat' dir='ltr'>facultatibus</span> <span class='ocrx_word' id='word_1_107' title='bbox 1270 1184 1294 1196; x_wconf 93' lang='lat'>..</span> <span class='ocrx_word' id='word_1_108' title='bbox 1428 1182 1434 1194; x_wconf 66' lang='lat'>‚</span> <span class='ocrx_word' id='word_1_109' title='bbox 1472 1181 1478 1193; x_wconf 62' lang='grc'>,</span> <span class='ocrx_word' id='word_1_110' title='bbox 1501 1182 1506 1193; x_wconf 66' lang='grc'>,</span> 
     </span>
     <span class='ocr_line' id='line_1_11' title="bbox 154 1184 1816 1296; baseline -0.01 -16"><span class='ocrx_word' id='word_1_111' title='bbox 154 1225 270 1296; x_wconf 87' lang='lat' dir='ltr'>coeperit</span> <span class='ocrx_word' id='word_1_112' title='bbox 280 1222 436 1286; x_wconf 88' lang='lat' dir='ltr'>sustentari,</span> <span class='ocrx_word' id='word_1_113' title='bbox 447 1220 592 1293; x_wconf 85' lang='lat' dir='ltr'>persuadet</span> <span class='ocrx_word' id='word_1_114' title='bbox 603 1220 686 1276; x_wconf 91' lang='lat' dir='ltr'>etiam</span> <span class='ocrx_word' id='word_1_115' title='bbox 698 1219 956 1276; x_wconf 88' lang='lat' dir='ltr'>multoessemelius</span> <span class='ocrx_word' id='word_1_116' title='bbox 1010 1197 1090 1260; x_wconf 70' lang='lat' dir='ltr'>³¹q⁰⁰</span> <span class='ocrx_word' id='word_1_117' title='bbox 1111 1184 1296 1245; x_wconf 49' lang='lat' dir='ltr'>‘&#39;demum&#39;&#39;</span> <span class='ocrx_word' id='word_1_118' title='bbox 1313 1193 1407 1256; x_wconf 66' lang='lat' dir='ltr'>¹⁰P⁰¹⁰</span> <span class='ocrx_word' id='word_1_119' title='bbox 1427 1196 1573 1253; x_wconf 63' lang='lat' dir='ltr'>¹⁰⁰¹P¹e¹¹st</span> <span class='ocrx_word' id='word_1_120' title='bbox 1593 1194 1702 1236; x_wconf 56' lang='lat' dir='ltr'>”me</span> <span class='ocrx_word' id='word_1_121' title='bbox 1719 1188 1761 1236; x_wconf 54' lang='lat'>⁰⁸³</span> <span class='ocrx_word' id='word_1_122' title='bbox 1779 1189 1816 1236; x_wconf 61' lang='lat'>¹¹⁸</span> 
     </span>
    </p>
   </div>
   <div class='ocr_carea' id='block_1_4' title="bbox 143 1272 1817 1472">
    <p class='ocr_par' dir='ltr' id='par_1_6' title="bbox 143 1272 1817 1472">
     <span class='ocr_line' id='line_1_12' title="bbox 155 1272 1817 1380; baseline -0.014 -14"><span class='ocrx_word' id='word_1_123' title='bbox 155 1313 261 1367; x_wconf 86' lang='lat' dir='ltr'>victum</span> <span class='ocrx_word' id='word_1_124' title='bbox 276 1309 525 1380; x_wconf 89' lang='lat' dir='ltr'>indumentumque</span> <span class='ocrx_word' id='word_1_125' title='bbox 540 1306 590 1363; x_wconf 90' lang='lat' dir='ltr'>sibi</span> <span class='ocrx_word' id='word_1_126' title='bbox 601 1323 649 1364; x_wconf 90' lang='lat' dir='ltr'>sua</span> <span class='ocrx_word' id='word_1_127' title='bbox 664 1309 755 1380; x_wconf 90' lang='lat' dir='ltr'>potius</span> <span class='ocrx_word' id='word_1_128' title='bbox 774 1322 856 1379; x_wconf 89' lang='lat' dir='ltr'>quam</span> <span class='ocrx_word' id='word_1_129' title='bbox 869 1306 957 1361; x_wconf 89' lang='lat' dir='ltr'>aliena</span> <span class='ocrx_word' id='word_1_130' title='bbox 1011 1281 1038 1337; x_wconf 58' lang='lat'>5¹¹</span> <span class='ocrx_word' id='word_1_131' title='bbox 1052 1280 1174 1338; x_wconf 55' lang='lat' dir='ltr'>deterius</span> <span class='ocrx_word' id='word_1_132' title='bbox 1194 1277 1317 1352; x_wconf 91' lang='lat' dir='ltr'>quotidie</span> <span class='ocrx_word' id='word_1_133' title='bbox 1339 1275 1475 1348; x_wconf 87' lang='lat' dir='ltr'>proficiat,</span> <span class='ocrx_word' id='word_1_134' title='bbox 1494 1282 1523 1330; x_wconf 69' lang='grc' dir='ltr'>θῑ</span> <span class='ocrx_word' id='word_1_135' title='bbox 1544 1272 1678 1345; x_wconf 56' lang='lat' dir='ltr'>&#39;Quinam</span> <span class='ocrx_word' id='word_1_136' title='bbox 1702 1287 1817 1345; x_wconf 62' lang='grc' dir='ltr'>(λῑῑθλῦθ</span> 
     </span>
     <span class='ocr_line' id='line_1_13' title="bbox 143 1364 1816 1472; baseline -0.01 -12"><span class='ocrx_word' id='word_1_137' title='bbox 143 1404 313 1461; x_wconf 70' lang='lat' dir='ltr'>&#39;substantia</span> <span class='ocrx_word' id='word_1_138' title='bbox 328 1403 487 1469; x_wconf 90' lang='lat' dir='ltr'>ministrari,</span> <span class='ocrx_word' id='word_1_139' title='bbox 505 1402 655 1458; x_wconf 89' lang='lat' dir='ltr'>secundum</span> <span class='ocrx_word' id='word_1_140' title='bbox 667 1402 732 1458; x_wconf 94' lang='lat' dir='ltr'>illud</span> <span class='ocrx_word' id='word_1_141' title='bbox 749 1400 848 1458; x_wconf 88' lang='lat' dir='ltr'>scilicet</span> <span class='ocrx_word' id='word_1_142' title='bbox 864 1399 958 1472; x_wconf 92' lang='lat' dir='ltr'>(quod</span> <span class='ocrx_word' id='word_1_143' title='bbox 1011 1376 1096 1431; x_wconf 58' lang='lat' dir='ltr'>Vitam</span> <span class='ocrx_word' id='word_1_144' title='bbox 1121 1388 1200 1430; x_wconf 59' lang='lat' dir='ltr'><strong>suam</strong></span> <span class='ocrx_word' id='word_1_145' title='bbox 1218 1370 1386 1429; x_wconf 63' lang='lat' dir='ltr'><strong>def⁰fm¹⁰¹⁰</strong></span> <span class='ocrx_word' id='word_1_146' title='bbox 1409 1369 1463 1425; x_wconf 59' lang='grc' dir='ltr'>ΗΒΘ</span> <span class='ocrx_word' id='word_1_147' title='bbox 1488 1365 1634 1424; x_wconf 60' lang='lat' dir='ltr'><strong>⁰⁰⁰⁰¹⁰d³t</strong></span> <span class='ocrx_word' id='word_1_148' title='bbox 1658 1387 1665 1423; x_wconf 79' lang='lat'><em>³</em></span> <span class='ocrx_word' id='word_1_149' title='bbox 1690 1364 1816 1439; x_wconf 62' lang='lat' dir='ltr'>dumque</span> 
     </span>
    </p>
   </div>
   <div class='ocr_carea' id='block_1_5' title="bbox 1043 1085 1916 1163">
    <p class='ocr_par' dir='ltr' id='par_1_7' title="bbox 1043 1085 1916 1163">
     <span class='ocr_line' id='line_1_14' title="bbox 1043 1085 1916 1163; baseline -0.008 -13"><span class='ocrx_word' id='word_1_150' title='bbox 1043 1092 1155 1152; x_wconf 87' lang='lat' dir='ltr'>Talibus</span> <span class='ocrx_word' id='word_1_151' title='bbox 1188 1089 1329 1163; x_wconf 89' lang='lat' dir='ltr'>siquidem</span> <span class='ocrx_word' id='word_1_152' title='bbox 1358 1104 1438 1145; x_wconf 91' lang='lat' dir='ltr'>meus</span> <span class='ocrx_word' id='word_1_153' title='bbox 1464 1085 1635 1159; x_wconf 87' lang='lat' dir='ltr'>passionibus</span> <span class='ocrx_word' id='word_1_154' title='bbox 1658 1085 1811 1155; x_wconf 89' lang='lat' dir='ltr'>obdurata,</span> <span class='ocrx_word' id='word_1_155' title='bbox 1910 1111 1916 1119; x_wconf 47' lang='lat'><strong>²</strong></span> 
     </span>
    </p>
   </div>
   <div class='ocr_carea' id='block_1_6' title="bbox 158 1494 960 1927">
    <p class='ocr_par' dir='ltr' id='par_1_8' title="bbox 158 1494 960 1853">
     <span class='ocr_line' id='line_1_15' title="bbox 158 1494 960 1570; baseline -0.004 -17"><span class='ocrx_word' id='word_1_156' title='bbox 158 1496 396 1570; x_wconf 87' lang='lat' dir='ltr'>quemadmodum</span> <span class='ocrx_word' id='word_1_157' title='bbox 418 1496 523 1553; x_wconf 91' lang='lat' dir='ltr'>dictum</span> <span class='ocrx_word' id='word_1_158' title='bbox 547 1495 602 1563; x_wconf 90' lang='lat' dir='ltr'>sit,</span> <span class='ocrx_word' id='word_1_159' title='bbox 611 1496 660 1551; x_wconf 91' lang='lat' dir='ltr'>tali</span> <span class='ocrx_word' id='word_1_160' title='bbox 687 1494 851 1552; x_wconf 83' lang='lat' dir='ltr'>hebetudine</span> <span class='ocrx_word' id='word_1_161' title='bbox 870 1511 902 1551; x_wconf 94' lang='lat' dir='ltr'>ac</span> <span class='ocrx_word' id='word_1_162' title='bbox 915 1503 960 1550; x_wconf 89' lang='lat' dir='ltr'>te-</span> 
     </span>
     <span class='ocr_line' id='line_1_16' title="bbox 159 1587 958 1663; baseline -0.004 -17"><span class='ocrx_word' id='word_1_163' title='bbox 159 1606 226 1663; x_wconf 91' lang='lat' dir='ltr'>pore</span> <span class='ocrx_word' id='word_1_164' title='bbox 242 1589 334 1647; x_wconf 88' lang='lat' dir='ltr'>cordis</span> <span class='ocrx_word' id='word_1_165' title='bbox 355 1589 456 1655; x_wconf 89' lang='lat' dir='ltr'>obtusi,</span> <span class='ocrx_word' id='word_1_166' title='bbox 470 1605 504 1644; x_wconf 91' lang='lat' dir='ltr'>ue</span> <span class='ocrx_word' id='word_1_167' title='bbox 520 1588 668 1661; x_wconf 87' lang='lat' dir='ltr'>intelligere</span> <span class='ocrx_word' id='word_1_168' title='bbox 682 1589 792 1659; x_wconf 91' lang='lat' dir='ltr'>quidem</span> <span class='ocrx_word' id='word_1_169' title='bbox 815 1587 958 1660; x_wconf 90' lang='lat' dir='ltr'>aliquando</span> 
     </span>
     <span class='ocr_line' id='line_1_17' title="bbox 158 1684 960 1754; baseline 0 -16"><span class='ocrx_word' id='word_1_170' title='bbox 158 1689 344 1754; x_wconf 90' lang='lat' dir='ltr'>potuerunt):</span> <span class='ocrx_word' id='word_1_171' title='bbox 362 1684 472 1738; x_wconf 84' lang='lat' dir='ltr'>Rectius</span> <span class='ocrx_word' id='word_1_172' title='bbox 496 1689 535 1738; x_wconf 90' lang='lat' dir='ltr'>est</span> <span class='ocrx_word' id='word_1_173' title='bbox 554 1687 642 1751; x_wconf 77' lang='lat' dir='ltr'>arripis</span> <span class='ocrx_word' id='word_1_174' title='bbox 664 1685 729 1738; x_wconf 82' lang='lat' dir='ltr'>darc</span> <span class='ocrx_word' id='word_1_175' title='bbox 748 1700 829 1753; x_wconf 82' lang='lat' dir='ltr'>qrram</span> <span class='ocrx_word' id='word_1_176' title='bbox 841 1685 960 1754; x_wconf 85' lang='lat' dir='ltr'>accipere</span> 
     </span>
     <span class='ocr_line' id='line_1_18' title="bbox 159 1777 738 1853; baseline 0 -20"><span class='ocrx_word' id='word_1_177' title='bbox 159 1778 240 1848; x_wconf 84' lang='lat' dir='ltr'>(Act.</span> <span class='ocrx_word' id='word_1_178' title='bbox 253 1792 295 1831; x_wconf 80' lang='lat' dir='ltr'>xx</span> <span class='ocrx_word' id='word_1_179' title='bbox 305 1781 323 1842; x_wconf 82' lang='lat' dir='ltr'>l.</span> <span class='ocrx_word' id='word_1_180' title='bbox 337 1781 346 1843; x_wconf 95' lang='lat'>(</span> <span class='ocrx_word' id='word_1_181' title='bbox 360 1777 429 1831; x_wconf 79' lang='lat' dir='ltr'>Vide</span> <span class='ocrx_word' id='word_1_182' title='bbox 440 1792 523 1846; x_wconf 83' lang='lat' dir='ltr'>supra</span> <span class='ocrx_word' id='word_1_183' title='bbox 537 1778 584 1830; x_wconf 85' lang='lat' dir='ltr'>lib.</span> <span class='ocrx_word' id='word_1_184' title='bbox 598 1793 619 1832; x_wconf 83' lang='lat' dir='ltr'>x</span> <span class='ocrx_word' id='word_1_185' title='bbox 632 1794 655 1831; x_wconf 92' lang='lat' dir='ltr'>c.</span> <span class='ocrx_word' id='word_1_186' title='bbox 674 1782 738 1853; x_wconf 79' lang='lat' dir='ltr'>is.)</span> 
     </span>
    </p>

    <p class='ocr_par' dir='ltr' id='par_1_9' title="bbox 430 1871 683 1927">
     <span class='ocr_line' id='line_1_19' title="bbox 430 1871 683 1927; baseline 0.008 -3"><span class='ocrx_word' id='word_1_187' title='bbox 430 1871 556 1926; x_wconf 78' lang='lat' dir='ltr'>,CAPUT</span> <span class='ocrx_word' id='word_1_188' title='bbox 574 1873 683 1927; x_wconf 83' lang='lat' dir='ltr'>xxvi.</span> 
     </span>
    </p>
   </div>
   <div class='ocr_carea' id='block_1_7' title="bbox 158 1965 961 2107">
    <p class='ocr_par' dir='ltr' id='par_1_10' title="bbox 158 1965 961 2107">
     <span class='ocr_line' id='line_1_20' title="bbox 158 1965 961 2092; baseline 0.001 -72"><span class='ocrx_word' id='word_1_189' title='bbox 158 1965 236 2033; x_wconf 73' lang='lat' dir='ltr'>Quod</span> <span class='ocrx_word' id='word_1_190' title='bbox 254 1966 324 2019; x_wconf 75' lang='lat' dir='ltr'>attale</span> <span class='ocrx_word' id='word_1_191' title='bbox 339 1967 476 2033; x_wconf 75' lang='lat' dir='ltr'>statuimus</span> <span class='ocrx_word' id='word_1_192' title='bbox 492 1966 533 2091; x_wconf 54' lang='lat' dir='ltr'>adl</span> <span class='ocrx_word' id='word_1_193' title='bbox 550 1966 706 2092; x_wconf 49' lang='lat' dir='ltr'>{citeriores</span> <span class='ocrx_word' id='word_1_194' title='bbox 725 1971 826 2022; x_wconf 83' lang='lat' dir='ltr'>statum</span> <span class='ocrx_word' id='word_1_195' title='bbox 841 1965 961 2037; x_wconf 71' lang='lat' dir='ltr'>quottidie</span> 
     </span>
     <span class='ocr_line' id='line_1_21' title="bbox 437 2048 644 2107; baseline 0 -16"><span class='ocrx_word' id='word_1_196' title='bbox 437 2048 644 2107; x_wconf 62' lang='lat' dir='ltr'>‘mwau</span> 
     </span>
    </p>
   </div>
   <div class='ocr_carea' id='block_1_8' title="bbox 162 2128 967 3124">
    <p class='ocr_par' dir='ltr' id='par_1_11' title="bbox 162 2128 967 3124">
     <span class='ocr_line' id='line_1_22' title="bbox 194 2128 960 2203; baseline 0.004 -19"><span class='ocrx_word' id='word_1_197' title='bbox 194 2130 280 2185; x_wconf 70' lang='lat' dir='ltr'>aTali</span> <span class='ocrx_word' id='word_1_198' title='bbox 294 2129 378 2203; x_wconf 85' lang='lat' dir='ltr'>igitur</span> <span class='ocrx_word' id='word_1_199' title='bbox 389 2128 541 2186; x_wconf 83' lang='lat' dir='ltr'>diffidentia</span> <span class='ocrx_word' id='word_1_200' title='bbox 560 2129 661 2186; x_wconf 90' lang='lat' dir='ltr'>mentis</span> <span class='ocrx_word' id='word_1_201' title='bbox 682 2129 797 2200; x_wconf 86' lang='lat' dir='ltr'>obsessi,</span> <span class='ocrx_word' id='word_1_202' title='bbox 811 2139 837 2187; x_wconf 91' lang='lat' dir='ltr'>ct</span> <span class='ocrx_word' id='word_1_203' title='bbox 854 2146 870 2187; x_wconf 90' lang='lat' dir='ltr'>a</span> <span class='ocrx_word' id='word_1_204' title='bbox 885 2131 960 2187; x_wconf 92' lang='lat' dir='ltr'>sciu-</span> 
     </span>
     <span class='ocr_line' id='line_1_23' title="bbox 162 2217 962 2292; baseline 0.003 -18"><span class='ocrx_word' id='word_1_205' title='bbox 162 2217 222 2275; x_wconf 91' lang='lat' dir='ltr'>tilla</span> <span class='ocrx_word' id='word_1_206' title='bbox 235 2218 298 2276; x_wconf 89' lang='lat' dir='ltr'>fidei</span> <span class='ocrx_word' id='word_1_207' title='bbox 310 2221 322 2288; x_wconf 87' lang='lat'><strong>(</strong></span> <span class='ocrx_word' id='word_1_208' title='bbox 334 2235 388 2291; x_wconf 91' lang='lat' dir='ltr'>qua</span> <span class='ocrx_word' id='word_1_209' title='bbox 409 2219 458 2275; x_wconf 86' lang='lat' dir='ltr'>visi</span> <span class='ocrx_word' id='word_1_210' title='bbox 472 2217 582 2275; x_wconf 80' lang='lat' dir='ltr'>fueraut</span> <span class='ocrx_word' id='word_1_211' title='bbox 599 2219 625 2274; x_wconf 93' lang='lat' dir='ltr'>in</span> <span class='ocrx_word' id='word_1_212' title='bbox 640 2220 798 2292; x_wconf 87' lang='lat' dir='ltr'>primordiis</span> <span class='ocrx_word' id='word_1_213' title='bbox 812 2234 870 2276; x_wconf 84' lang='lat' dir='ltr'>suae</span> <span class='ocrx_word' id='word_1_214' title='bbox 893 2236 962 2277; x_wconf 90' lang='lat' dir='ltr'>con·</span> 
     </span>
     <span class='ocr_line' id='line_1_24' title="bbox 162 2308 962 2380; baseline 0 -16"><span class='ocrx_word' id='word_1_215' title='bbox 162 2308 296 2365; x_wconf 87' lang='lat' dir='ltr'>versionis</span> <span class='ocrx_word' id='word_1_216' title='bbox 322 2308 445 2375; x_wconf 78' lang='lat' dir='ltr'>accensi)</span> <span class='ocrx_word' id='word_1_217' title='bbox 477 2308 608 2366; x_wconf 90' lang='lat' dir='ltr'>diabolica</span> <span class='ocrx_word' id='word_1_218' title='bbox 635 2308 792 2365; x_wconf 88' lang='lat' dir='ltr'>infidelitate</span> <span class='ocrx_word' id='word_1_219' title='bbox 824 2309 962 2380; x_wconf 84' lang='lat' dir='ltr'>revocati,</span> 
     </span>
     <span class='ocr_line' id='line_1_25' title="bbox 162 2391 963 2475; baseline 0.002 -19"><span class='ocrx_word' id='word_1_220' title='bbox 162 2391 176 2433; x_wconf 75' lang='lat'>‘¹</span> <span class='ocrx_word' id='word_1_221' title='bbox 196 2401 332 2473; x_wconf 92' lang='lat' dir='ltr'>incipiunt</span> <span class='ocrx_word' id='word_1_222' title='bbox 351 2402 493 2473; x_wconf 87' lang='lat' dir='ltr'>pecunias,</span> <span class='ocrx_word' id='word_1_223' title='bbox 519 2418 587 2475; x_wconf 90' lang='lat' dir='ltr'>quas</span> <span class='ocrx_word' id='word_1_224' title='bbox 606 2411 669 2458; x_wconf 89' lang='lat' dir='ltr'>ante</span> <span class='ocrx_word' id='word_1_225' title='bbox 690 2403 844 2474; x_wconf 84' lang='lat' dir='ltr'>dispergere</span> <span class='ocrx_word' id='word_1_226' title='bbox 869 2416 963 2475; x_wconf 88' lang='lat' dir='ltr'>coepe-</span> 
     </span>
     <span class='ocr_line' id='line_1_26' title="bbox 163 2495 963 2569; baseline 0.003 -19"><span class='ocrx_word' id='word_1_227' title='bbox 163 2503 244 2562; x_wconf 83' lang='lat' dir='ltr'>rant,</span> <span class='ocrx_word' id='word_1_228' title='bbox 264 2495 420 2568; x_wconf 87' lang='lat' dir='ltr'>diligeutius</span> <span class='ocrx_word' id='word_1_229' title='bbox 434 2496 589 2563; x_wconf 89' lang='lat' dir='ltr'>custodire,</span> <span class='ocrx_word' id='word_1_230' title='bbox 603 2504 631 2553; x_wconf 91' lang='lat' dir='ltr'>et</span> <span class='ocrx_word' id='word_1_231' title='bbox 643 2511 703 2564; x_wconf 91' lang='lat' dir='ltr'>eas,</span> <span class='ocrx_word' id='word_1_232' title='bbox 725 2497 798 2553; x_wconf 85' lang='lat' dir='ltr'>velut</span> <span class='ocrx_word' id='word_1_233' title='bbox 812 2498 858 2569; x_wconf 93' lang='lat' dir='ltr'>qui</span> <span class='ocrx_word' id='word_1_234' title='bbox 877 2497 963 2553; x_wconf 88' lang='lat' dir='ltr'>semel</span> 
     </span>
     <span class='ocr_line' id='line_1_27' title="bbox 165 2589 964 2665; baseline 0.003 -21"><span class='ocrx_word' id='word_1_235' title='bbox 165 2589 323 2660; x_wconf 85' lang='lat' dir='ltr'>profligatas</span> <span class='ocrx_word' id='word_1_236' title='bbox 345 2589 458 2647; x_wconf 91' lang='lat' dir='ltr'>ulterius</span> <span class='ocrx_word' id='word_1_237' title='bbox 482 2606 608 2665; x_wconf 89' lang='lat' dir='ltr'>reparare</span> <span class='ocrx_word' id='word_1_238' title='bbox 629 2606 686 2647; x_wconf 92' lang='grc' dir='ltr'>ιιοιι</span> <span class='ocrx_word' id='word_1_239' title='bbox 708 2591 830 2663; x_wconf 87' lang='lat' dir='ltr'>possint,</span> <span class='ocrx_word' id='word_1_240' title='bbox 853 2589 964 2647; x_wconf 85' lang='lat' dir='ltr'>avaritia</span> 
     </span>
     <span class='ocr_line' id='line_1_28' title="bbox 168 2683 964 2757; baseline 0.003 -19"><span class='ocrx_word' id='word_1_241' title='bbox 168 2683 375 2741; x_wconf 83' lang='lat' dir='ltr'>vehementiore</span> <span class='ocrx_word' id='word_1_242' title='bbox 398 2694 581 2742; x_wconf 83' lang='lat' dir='ltr'>conservant:</span> <span class='ocrx_word' id='word_1_243' title='bbox 604 2701 668 2754; x_wconf 91' lang='lat' dir='ltr'>seu,</span> <span class='ocrx_word' id='word_1_244' title='bbox 690 2684 764 2757; x_wconf 93' lang='lat' dir='ltr'>quod</span> <span class='ocrx_word' id='word_1_245' title='bbox 781 2693 823 2742; x_wconf 89' lang='lat' dir='ltr'>est</span> <span class='ocrx_word' id='word_1_246' title='bbox 835 2684 964 2754; x_wconf 89' lang='lat' dir='ltr'>deterius,</span> 
     </span>
     <span class='ocr_line' id='line_1_29' title="bbox 167 2777 965 2852; baseline -0.001 -18"><span class='ocrx_word' id='word_1_247' title='bbox 167 2791 198 2834; x_wconf 90' lang='lat' dir='ltr'>ea</span> <span class='ocrx_word' id='word_1_248' title='bbox 222 2793 285 2849; x_wconf 84' lang='lat' dir='ltr'>quae</span> <span class='ocrx_word' id='word_1_249' title='bbox 304 2779 380 2851; x_wconf 89' lang='lat' dir='ltr'>prius</span> <span class='ocrx_word' id='word_1_250' title='bbox 407 2778 579 2852; x_wconf 75' lang='lat' dir='ltr'>abiecerant,</span> <span class='ocrx_word' id='word_1_251' title='bbox 607 2785 792 2847; x_wconf 87' lang='lat' dir='ltr'>resumentes;</span> <span class='ocrx_word' id='word_1_252' title='bbox 816 2777 857 2835; x_wconf 84' lang='lat' dir='ltr'>uel</span> <span class='ocrx_word' id='word_1_253' title='bbox 877 2785 965 2845; x_wconf 85' lang='lat' dir='ltr'>certe,</span> 
     </span>
     <span class='ocr_line' id='line_1_30' title="bbox 169 2864 965 2940; baseline 0 -18"><span class='ocrx_word' id='word_1_254' title='bbox 169 2867 242 2938; x_wconf 89' lang='lat' dir='ltr'>qnod</span> <span class='ocrx_word' id='word_1_255' title='bbox 267 2876 309 2923; x_wconf 90' lang='lat' dir='ltr'>est</span> <span class='ocrx_word' id='word_1_256' title='bbox 332 2864 444 2924; x_wconf 87' lang='lat' dir='ltr'>tertium</span> <span class='ocrx_word' id='word_1_257' title='bbox 463 2884 495 2924; x_wconf 91' lang='lat' dir='ltr'>ac</span> <span class='ocrx_word' id='word_1_258' title='bbox 516 2867 694 2924; x_wconf 88' lang='lat' dir='ltr'>deterrimum</span> <span class='ocrx_word' id='word_1_259' title='bbox 719 2866 846 2940; x_wconf 83' lang='lat' dir='ltr'>nequitiae</span> <span class='ocrx_word' id='word_1_260' title='bbox 864 2880 965 2938; x_wconf 89' lang='lat' dir='ltr'>genus,</span> 
     </span>
     <span class='ocr_line' id='line_1_31' title="bbox 167 2959 966 3032; baseline 0 -18"><span class='ocrx_word' id='word_1_261' title='bbox 167 2975 229 3031; x_wconf 85' lang='lat' dir='ltr'>quae</span> <span class='ocrx_word' id='word_1_262' title='bbox 254 2974 306 3015; x_wconf 90' lang='lat' dir='ltr'>uec</span> <span class='ocrx_word' id='word_1_263' title='bbox 331 2969 394 3015; x_wconf 89' lang='lat' dir='ltr'>ante</span> <span class='ocrx_word' id='word_1_264' title='bbox 416 2961 529 3032; x_wconf 86' lang='lat' dir='ltr'>quidem</span> <span class='ocrx_word' id='word_1_265' title='bbox 553 2959 732 3031; x_wconf 83' lang='lat' dir='ltr'>possederant</span> <span class='ocrx_word' id='word_1_266' title='bbox 755 2967 966 3032; x_wconf 80' lang='lat' dir='ltr'>congregantes,</span> 
     </span>
     <span class='ocr_line' id='line_1_32' title="bbox 169 3047 967 3124; baseline 0.004 -21"><span class='ocrx_word' id='word_1_267' title='bbox 169 3047 236 3104; x_wconf 90' lang='lat' dir='ltr'>nihil</span> <span class='ocrx_word' id='word_1_268' title='bbox 255 3049 373 3120; x_wconf 90' lang='lat' dir='ltr'>amplius</span> <span class='ocrx_word' id='word_1_269' title='bbox 394 3051 494 3122; x_wconf 88' lang='lat' dir='ltr'>egressi</span> <span class='ocrx_word' id='word_1_270' title='bbox 513 3051 643 3108; x_wconf 86' lang='lat' dir='ltr'>esaeculo</span> <span class='ocrx_word' id='word_1_271' title='bbox 657 3067 852 3124; x_wconf 89' lang='lat' dir='ltr'>quamnomen</span> <span class='ocrx_word' id='word_1_272' title='bbox 871 3051 967 3123; x_wconf 91' lang='lat' dir='ltr'>acqui-</span> 
     </span>
    </p>
   </div>
   <div class='ocr_carea' id='block_1_9' title="bbox 1012 1458 1814 1540">
    <p class='ocr_par' dir='ltr' id='par_1_12' title="bbox 1012 1458 1814 1540">
     <span class='ocr_line' id='line_1_33' title="bbox 1012 1458 1814 1540; baseline -0.01 -16"><span class='ocrx_word' id='word_1_273' title='bbox 1012 1466 1204 1540; x_wconf 88' lang='lat' dir='ltr'>cupiditatibus</span> <span class='ocrx_word' id='word_1_274' title='bbox 1246 1464 1365 1536; x_wconf 88' lang='lat' dir='ltr'>pristinis</span> <span class='ocrx_word' id='word_1_275' title='bbox 1396 1461 1565 1532; x_wconf 85' lang='lat' dir='ltr'>oblectatur,</span> <span class='ocrx_word' id='word_1_276' title='bbox 1598 1474 1631 1515; x_wconf 91' lang='lat' dir='ltr'>ac</span> <span class='ocrx_word' id='word_1_277' title='bbox 1661 1458 1814 1517; x_wconf 85' lang='lat' dir='ltr'>secundum</span> 
     </span>
    </p>
   </div>
   <div class='ocr_carea' id='block_1_10' title="bbox 973 1556 1818 1914">
    <p class='ocr_par' dir='ltr' id='par_1_13' title="bbox 973 1556 1818 1914">
     <span class='ocr_line' id='line_1_34' title="bbox 1011 1556 1814 1638; baseline -0.01 -15"><span class='ocrx_word' id='word_1_278' title='bbox 1011 1565 1192 1638; x_wconf 78' lang='lat' dir='ltr'>Apostolum,</span> <span class='ocrx_word' id='word_1_279' title='bbox 1212 1562 1367 1635; x_wconf 77' lang='lat' dir='ltr'>csacrilega</span> <span class='ocrx_word' id='word_1_280' title='bbox 1388 1559 1553 1634; x_wconf 85' lang='lat' dir='ltr'>philargyria</span> <span class='ocrx_word' id='word_1_281' title='bbox 1578 1557 1709 1626; x_wconf 87' lang='lat' dir='ltr'>vincitur,</span> <span class='ocrx_word' id='word_1_282' title='bbox 1730 1557 1743 1594; x_wconf 74' lang='lat'>‘¹</span> <span class='ocrx_word' id='word_1_283' title='bbox 1775 1556 1814 1615; x_wconf 79' lang='lat' dir='ltr'>ita</span> 
     </span>
     <span class='ocr_line' id='line_1_35' title="bbox 1011 1653 1814 1731; baseline -0.014 -13"><span class='ocrx_word' id='word_1_284' title='bbox 1011 1660 1110 1718; x_wconf 89' lang='lat' dir='ltr'>codem</span> <span class='ocrx_word' id='word_1_285' title='bbox 1124 1656 1317 1731; x_wconf 90' lang='lat' dir='ltr'>pronuntiante</span> <span class='ocrx_word' id='word_1_286' title='bbox 1328 1655 1362 1711; x_wconf 90' lang='lat' dir='ltr'>de</span> <span class='ocrx_word' id='word_1_287' title='bbox 1377 1653 1420 1710; x_wconf 89' lang='lat' dir='ltr'>illa</span> <span class='ocrx_word' id='word_1_288' title='bbox 1438 1672 1444 1708; x_wconf 93' lang='lat'>:</span> <span class='ocrx_word' id='word_1_289' title='bbox 1464 1669 1524 1724; x_wconf 86' lang='lat' dir='ltr'>quoe</span> <span class='ocrx_word' id='word_1_290' title='bbox 1540 1656 1578 1708; x_wconf 88' lang='lat' dir='ltr'>est</span> <span class='ocrx_word' id='word_1_291' title='bbox 1592 1653 1814 1716; x_wconf 81' lang='lat' dir='ltr'>simulacrorum,</span> 
     </span>
     <span class='ocr_line' id='line_1_36' title="bbox 973 1745 1816 1848; baseline -0.009 -38"><span class='ocrx_word' id='word_1_292' title='bbox 973 1785 997 1848; x_wconf 78' lang='lat' dir='ltr'>B</span> <span class='ocrx_word' id='word_1_293' title='bbox 1012 1757 1068 1810; x_wconf 89' lang='lat' dir='ltr'>sice</span> <span class='ocrx_word' id='word_1_294' title='bbox 1081 1754 1216 1809; x_wconf 83' lang='lat' dir='ltr'>idolorum</span> <span class='ocrx_word' id='word_1_295' title='bbox 1224 1752 1338 1807; x_wconf 73' lang='lat' dir='ltr'>seruitus</span> <span class='ocrx_word' id='word_1_296' title='bbox 1351 1749 1463 1819; x_wconf 78' lang='lat' dir='ltr'>(pres.</span> <span class='ocrx_word' id='word_1_297' title='bbox 1475 1761 1512 1815; x_wconf 69' lang='grc' dir='ltr'>νς</span> <span class='ocrx_word' id='word_1_298' title='bbox 1529 1747 1627 1804; x_wconf 74' lang='lat' dir='ltr'>coloss.</span> <span class='ocrx_word' id='word_1_299' title='bbox 1640 1759 1673 1802; x_wconf 88' lang='lat' dir='ltr'>tn</span> <span class='ocrx_word' id='word_1_300' title='bbox 1684 1748 1704 1811; x_wconf 83' lang='lat'>),</span> <span class='ocrx_word' id='word_1_301' title='bbox 1719 1746 1753 1800; x_wconf 82' lang='lat' dir='ltr'>tt</span> <span class='ocrx_word' id='word_1_302' title='bbox 1766 1745 1816 1802; x_wconf 87' lang='lat' dir='ltr'>ite·</span> 
     </span>
     <span class='ocr_line' id='line_1_37' title="bbox 1013 1837 1818 1914; baseline -0.011 -11"><span class='ocrx_word' id='word_1_303' title='bbox 1013 1863 1075 1903; x_wconf 90' lang='lat' dir='ltr'>rum</span> <span class='ocrx_word' id='word_1_304' title='bbox 1091 1866 1097 1902; x_wconf 91' lang='lat'>:</span> <span class='ocrx_word' id='word_1_305' title='bbox 1112 1846 1206 1904; x_wconf 79' lang='lat' dir='ltr'>Radia</span> <span class='ocrx_word' id='word_1_306' title='bbox 1219 1847 1299 1908; x_wconf 85' lang='lat' dir='ltr'>euim,</span> <span class='ocrx_word' id='word_1_307' title='bbox 1315 1842 1411 1914; x_wconf 91' lang='lat' dir='ltr'>inquit,</span> <span class='ocrx_word' id='word_1_308' title='bbox 1422 1843 1542 1896; x_wconf 84' lang='lat' dir='ltr'>omnium</span> <span class='ocrx_word' id='word_1_309' title='bbox 1555 1840 1688 1894; x_wconf 76' lang='lat' dir='ltr'>maurum</span> <span class='ocrx_word' id='word_1_310' title='bbox 1702 1843 1741 1894; x_wconf 88' lang='lat' dir='ltr'>est</span> <span class='ocrx_word' id='word_1_311' title='bbox 1754 1837 1818 1909; x_wconf 91' lang='lat' dir='ltr'>phi·</span> 
     </span>
    </p>
   </div>
   <div class='ocr_carea' id='block_1_11' title="bbox 1014 1929 1818 2012">
    <p class='ocr_par' dir='ltr' id='par_1_14' title="bbox 1014 1929 1818 2012">
     <span class='ocr_line' id='line_1_38' title="bbox 1014 1929 1818 2012; baseline -0.009 -17"><span class='ocrx_word' id='word_1_312' title='bbox 1014 1938 1141 2012; x_wconf 86' lang='lat' dir='ltr'>largyria,</span> <span class='ocrx_word' id='word_1_313' title='bbox 1163 1941 1175 1970; x_wconf 77' lang='lat'><strong>⁸</strong></span> <span class='ocrx_word' id='word_1_314' title='bbox 1189 1945 1220 1994; x_wconf 92' lang='lat' dir='ltr'>ut</span> <span class='ocrx_word' id='word_1_315' title='bbox 1234 1949 1387 2008; x_wconf 88' lang='lat' dir='ltr'>numquam</span> <span class='ocrx_word' id='word_1_316' title='bbox 1402 1934 1488 2006; x_wconf 87' lang='lat' dir='ltr'>possit</span> <span class='ocrx_word' id='word_1_317' title='bbox 1503 1933 1530 1989; x_wconf 92' lang='lat' dir='ltr'>in</span> <span class='ocrx_word' id='word_1_318' title='bbox 1544 1930 1627 1989; x_wconf 86' lang='lat' dir='ltr'>corde</span> <span class='ocrx_word' id='word_1_319' title='bbox 1640 1946 1691 1988; x_wconf 92' lang='lat' dir='ltr'>suo</span> <span class='ocrx_word' id='word_1_320' title='bbox 1705 1929 1818 1988; x_wconf 81' lang='lat' dir='ltr'>bumili-</span> 
     </span>
    </p>
   </div>
   <div class='ocr_carea' id='block_1_12' title="bbox 1013 2027 1817 2102">
    <p class='ocr_par' dir='ltr' id='par_1_15' title="bbox 1013 2027 1817 2102">
     <span class='ocr_line' id='line_1_39' title="bbox 1013 2027 1817 2102; baseline -0.007 -14"><span class='ocrx_word' id='word_1_321' title='bbox 1013 2040 1100 2088; x_wconf 92' lang='lat' dir='ltr'>tatem</span> <span class='ocrx_word' id='word_1_322' title='bbox 1119 2031 1219 2088; x_wconf 88' lang='lat' dir='ltr'>Christi</span> <span class='ocrx_word' id='word_1_323' title='bbox 1233 2028 1385 2102; x_wconf 84' lang='lat' dir='ltr'>simplicem</span> <span class='ocrx_word' id='word_1_324' title='bbox 1394 2041 1541 2101; x_wconf 87' lang='lat' dir='ltr'>raramque</span> <span class='ocrx_word' id='word_1_325' title='bbox 1552 2029 1684 2098; x_wconf 85' lang='lat' dir='ltr'>suscipere</span> <span class='ocrx_word' id='word_1_326' title='bbox 1695 2027 1706 2095; x_wconf 95' lang='lat'>(</span> <span class='ocrx_word' id='word_1_327' title='bbox 1712 2027 1724 2081; x_wconf 96' lang='lat' dir='ltr'>l</span> <span class='ocrx_word' id='word_1_328' title='bbox 1744 2029 1817 2082; x_wconf 75' lang='lat' dir='ltr'>lim.</span> 
     </span>
    </p>
   </div>
   <div class='ocr_carea' id='block_1_13' title="bbox 1016 2118 1825 2944">
    <p class='ocr_par' dir='ltr' id='par_1_16' title="bbox 1016 2118 1825 2944">
     <span class='ocr_line' id='line_1_40' title="bbox 1016 2118 1818 2194; baseline -0.01 -10"><span class='ocrx_word' id='word_1_329' title='bbox 1016 2130 1080 2194; x_wconf 82' lang='grc' dir='ltr'>ιι),</span> <span class='ocrx_word' id='word_1_330' title='bbox 1103 2141 1166 2182; x_wconf 93' lang='lat' dir='ltr'>cum</span> <span class='ocrx_word' id='word_1_331' title='bbox 1190 2123 1294 2181; x_wconf 86' lang='lat' dir='ltr'>sibivel</span> <span class='ocrx_word' id='word_1_332' title='bbox 1308 2121 1342 2179; x_wconf 91' lang='lat' dir='ltr'>da</span> <span class='ocrx_word' id='word_1_333' title='bbox 1361 2121 1501 2178; x_wconf 92' lang='lat' dir='ltr'>nobilitate</span> <span class='ocrx_word' id='word_1_334' title='bbox 1523 2120 1657 2177; x_wconf 89' lang='lat' dir='ltr'>natalium</span> <span class='ocrx_word' id='word_1_335' title='bbox 1671 2118 1818 2194; x_wconf 87' lang='lat' dir='ltr'>gloriatur,</span> 
     </span>
     <span class='ocr_line' id='line_1_41' title="bbox 1016 2212 1820 2287; baseline -0.007 -11"><span class='ocrx_word' id='word_1_336' title='bbox 1016 2221 1057 2276; x_wconf 85' lang='lat' dir='ltr'>rel</span> <span class='ocrx_word' id='word_1_337' title='bbox 1071 2219 1183 2276; x_wconf 90' lang='lat' dir='ltr'>inliatur</span> <span class='ocrx_word' id='word_1_338' title='bbox 1193 2218 1227 2275; x_wconf 93' lang='lat' dir='ltr'>dc</span> <span class='ocrx_word' id='word_1_339' title='bbox 1240 2216 1332 2273; x_wconf 73' lang='lat' dir='ltr'>saculi</span> <span class='ocrx_word' id='word_1_340' title='bbox 1346 2221 1443 2287; x_wconf 90' lang='lat' dir='ltr'>(quam</span> <span class='ocrx_word' id='word_1_341' title='bbox 1456 2229 1583 2287; x_wconf 87' lang='lat' dir='ltr'>corpore,</span> <span class='ocrx_word' id='word_1_342' title='bbox 1593 2229 1650 2271; x_wconf 93' lang='grc' dir='ltr'>ιιοιι</span> <span class='ocrx_word' id='word_1_343' title='bbox 1667 2221 1758 2271; x_wconf 88' lang='lat' dir='ltr'>mente</span> <span class='ocrx_word' id='word_1_344' title='bbox 1768 2212 1820 2271; x_wconf 90' lang='lat' dir='ltr'>de-</span> 
     </span>
     <span class='ocr_line' id='line_1_42' title="bbox 1017 2306 1821 2385; baseline -0.007 -15"><span class='ocrx_word' id='word_1_345' title='bbox 1017 2313 1126 2383; x_wconf 88' lang='lat' dir='ltr'>seruit)</span> <span class='ocrx_word' id='word_1_346' title='bbox 1146 2311 1288 2385; x_wconf 88' lang='lat' dir='ltr'>dignitate,</span> <span class='ocrx_word' id='word_1_347' title='bbox 1300 2308 1340 2366; x_wconf 86' lang='lat' dir='ltr'>vel</span> <span class='ocrx_word' id='word_1_348' title='bbox 1354 2309 1475 2381; x_wconf 88' lang='lat' dir='ltr'>pecuniis</span> <span class='ocrx_word' id='word_1_349' title='bbox 1489 2324 1556 2380; x_wconf 93' lang='lat' dir='ltr'>quas</span> <span class='ocrx_word' id='word_1_350' title='bbox 1567 2306 1601 2365; x_wconf 88' lang='lat' dir='ltr'>ad</span> <span class='ocrx_word' id='word_1_351' title='bbox 1615 2307 1721 2364; x_wconf 89' lang='lat' dir='ltr'>ruinam</span> <span class='ocrx_word' id='word_1_352' title='bbox 1735 2323 1821 2365; x_wconf 91' lang='lat' dir='ltr'>suam</span> 
     </span>
     <span class='ocr_line' id='line_1_43' title="bbox 1017 2399 1820 2475; baseline -0.005 -13"><span class='ocrx_word' id='word_1_353' title='bbox 1017 2412 1144 2471; x_wconf 88' lang='lat' dir='ltr'>retentat,</span> <span class='ocrx_word' id='word_1_354' title='bbox 1168 2402 1320 2471; x_wconf 84' lang='lat' dir='ltr'>extollitur,</span> <span class='ocrx_word' id='word_1_355' title='bbox 1341 2417 1390 2475; x_wconf 91' lang='lat' dir='ltr'>per</span> <span class='ocrx_word' id='word_1_356' title='bbox 1412 2401 1552 2472; x_wconf 72' lang='lat' dir='ltr'>aquariam</span> <span class='ocrx_word' id='word_1_357' title='bbox 1577 2414 1630 2456; x_wconf 92' lang='lat' dir='ltr'>non</span> <span class='ocrx_word' id='word_1_358' title='bbox 1651 2399 1820 2458; x_wconf 84' lang='lat' dir='ltr'>monasterii</span> 
     </span>
     <span class='ocr_line' id='line_1_44' title="bbox 1019 2491 1821 2569; baseline -0.001 -17"><span class='ocrx_word' id='word_1_359' title='bbox 1019 2495 1138 2569; x_wconf 76' lang='lat' dir='ltr'>‘jugum</span> <span class='ocrx_word' id='word_1_360' title='bbox 1153 2495 1285 2551; x_wconf 90' lang='lat' dir='ltr'>sustinere</span> <span class='ocrx_word' id='word_1_361' title='bbox 1298 2502 1443 2550; x_wconf 88' lang='lat' dir='ltr'>contentus</span> <span class='ocrx_word' id='word_1_362' title='bbox 1459 2502 1510 2562; x_wconf 86' lang='lat' dir='ltr'>est,</span> <span class='ocrx_word' id='word_1_363' title='bbox 1533 2509 1588 2549; x_wconf 92' lang='lat' dir='ltr'>non</span> <span class='ocrx_word' id='word_1_364' title='bbox 1605 2491 1716 2549; x_wconf 89' lang='lat' dir='ltr'>senioris</span> <span class='ocrx_word' id='word_1_365' title='bbox 1734 2491 1821 2552; x_wconf 90' lang='lat' dir='ltr'>ullius</span> 
     </span>
     <span class='ocr_line' id='line_1_45' title="bbox 1019 2585 1823 2660; baseline 0 -14"><span class='ocrx_word' id='word_1_366' title='bbox 1019 2588 1120 2646; x_wconf 88' lang='lat' dir='ltr'>institui</span> <span class='ocrx_word' id='word_1_367' title='bbox 1141 2588 1291 2659; x_wconf 91' lang='lat' dir='ltr'>disciplina.</span> <span class='ocrx_word' id='word_1_368' title='bbox 1315 2587 1445 2660; x_wconf 88' lang='lat' dir='ltr'>Quisquis</span> <span class='ocrx_word' id='word_1_369' title='bbox 1470 2588 1546 2643; x_wconf 91' lang='lat' dir='ltr'>enim</span> <span class='ocrx_word' id='word_1_370' title='bbox 1568 2585 1700 2660; x_wconf 74' lang='lat' dir='ltr'>superbis</span> <span class='ocrx_word' id='word_1_371' title='bbox 1717 2587 1823 2646; x_wconf 88' lang='lat' dir='ltr'>morbo</span> 
     </span>
     <span class='ocr_line' id='line_1_46' title="bbox 1018 2681 1825 2756; baseline 0.001 -16"><span class='ocrx_word' id='word_1_372' title='bbox 1018 2683 1101 2742; x_wconf 90' lang='lat' dir='ltr'>fuerit</span> <span class='ocrx_word' id='word_1_373' title='bbox 1127 2692 1288 2754; x_wconf 91' lang='lat' dir='ltr'>occupatus,</span> <span class='ocrx_word' id='word_1_374' title='bbox 1317 2698 1372 2738; x_wconf 91' lang='lat' dir='ltr'>non</span> <span class='ocrx_word' id='word_1_375' title='bbox 1398 2681 1490 2739; x_wconf 90' lang='lat' dir='ltr'>solum</span> <span class='ocrx_word' id='word_1_376' title='bbox 1512 2681 1618 2739; x_wconf 90' lang='lat' dir='ltr'>nullam</span> <span class='ocrx_word' id='word_1_377' title='bbox 1646 2681 1825 2756; x_wconf 84' lang='lat' dir='ltr'>subjectionis</span> 
     </span>
     <span class='ocr_line' id='line_1_47' title="bbox 1020 2774 1823 2850; baseline 0 -16"><span class='ocrx_word' id='word_1_378' title='bbox 1020 2787 1067 2834; x_wconf 92' lang='lat' dir='ltr'>aut</span> <span class='ocrx_word' id='word_1_379' title='bbox 1084 2777 1245 2835; x_wconf 76' lang='lat' dir='ltr'>obedientia</span> <span class='ocrx_word' id='word_1_380' title='bbox 1264 2778 1386 2850; x_wconf 89' lang='lat' dir='ltr'>regulam</span> <span class='ocrx_word' id='word_1_381' title='bbox 1409 2774 1547 2833; x_wconf 88' lang='lat' dir='ltr'>custodire</span> <span class='ocrx_word' id='word_1_382' title='bbox 1565 2776 1708 2849; x_wconf 89' lang='lat' dir='ltr'>dignatur,</span> <span class='ocrx_word' id='word_1_383' title='bbox 1722 2791 1823 2834; x_wconf 79' lang='lat' dir='ltr'>rerum</span> 
     </span>
     <span class='ocr_line' id='line_1_48' title="bbox 1019 2867 1825 2944; baseline -0.004 -15"><span class='ocrx_word' id='word_1_384' title='bbox 1019 2887 1054 2929; x_wconf 89' lang='lat' dir='ltr'>ue</span> <span class='ocrx_word' id='word_1_385' title='bbox 1077 2873 1164 2944; x_wconf 90' lang='lat' dir='ltr'>ipsam</span> <span class='ocrx_word' id='word_1_386' title='bbox 1178 2871 1290 2928; x_wconf 89' lang='lat' dir='ltr'>auribus</span> <span class='ocrx_word' id='word_1_387' title='bbox 1305 2868 1418 2943; x_wconf 89' lang='lat' dir='ltr'>quidem</span> <span class='ocrx_word' id='word_1_388' title='bbox 1432 2869 1489 2926; x_wconf 92' lang='lat' dir='ltr'>suis</span> <span class='ocrx_word' id='word_1_389' title='bbox 1503 2867 1658 2926; x_wconf 89' lang='lat' dir='ltr'>doctrinam</span> <span class='ocrx_word' id='word_1_390' title='bbox 1677 2867 1825 2941; x_wconf 84' lang='lat' dir='ltr'>perfectio·</span> 
     </span>
    </p>
   </div>
   <div class='ocr_carea' id='block_1_14' title="bbox 1021 2963 1826 3127">
    <p class='ocr_par' dir='ltr' id='par_1_17' title="bbox 1021 2963 1826 3127">
     <span class='ocr_line' id='line_1_49' title="bbox 1021 2963 1824 3036; baseline 0.001 -16"><span class='ocrx_word' id='word_1_391' title='bbox 1021 2965 1065 3021; x_wconf 90' lang='lat' dir='ltr'>uis</span> <span class='ocrx_word' id='word_1_392' title='bbox 1078 2965 1198 3021; x_wconf 89' lang='lat' dir='ltr'>admittit</span> <span class='ocrx_word' id='word_1_393' title='bbox 1222 2986 1228 3021; x_wconf 95' lang='lat'>:</span> <span class='ocrx_word' id='word_1_394' title='bbox 1254 2971 1417 3035; x_wconf 89' lang='lat' dir='ltr'>tantumque</span> <span class='ocrx_word' id='word_1_395' title='bbox 1435 2964 1585 3021; x_wconf 87' lang='lat' dir='ltr'>concrescit</span> <span class='ocrx_word' id='word_1_396' title='bbox 1605 2964 1634 3019; x_wconf 90' lang='lat' dir='ltr'>in</span> <span class='ocrx_word' id='word_1_397' title='bbox 1656 2963 1738 3020; x_wconf 91' lang='lat' dir='ltr'>corde</span> <span class='ocrx_word' id='word_1_398' title='bbox 1757 2963 1824 3036; x_wconf 86' lang='lat' dir='ltr'>ejus</span> 
     </span>
     <span class='ocr_line' id='line_1_50' title="bbox 1022 3050 1826 3127; baseline 0.001 -17"><span class='ocrx_word' id='word_1_399' title='bbox 1022 3053 1149 3127; x_wconf 86' lang='lat' dir='ltr'>spiritalis</span> <span class='ocrx_word' id='word_1_400' title='bbox 1165 3052 1241 3109; x_wconf 86' lang='lat' dir='ltr'>verbi</span> <span class='ocrx_word' id='word_1_401' title='bbox 1260 3050 1410 3119; x_wconf 82' lang='lat' dir='ltr'>fastidium,</span> <span class='ocrx_word' id='word_1_402' title='bbox 1426 3060 1456 3109; x_wconf 91' lang='lat' dir='ltr'>ut</span> <span class='ocrx_word' id='word_1_403' title='bbox 1470 3062 1559 3109; x_wconf 70' lang='lat' dir='ltr'>tcum</span> <span class='ocrx_word' id='word_1_404' title='bbox 1579 3051 1650 3109; x_wconf 90' lang='lat' dir='ltr'>lorte</span> <span class='ocrx_word' id='word_1_405' title='bbox 1663 3054 1725 3110; x_wconf 86' lang='lat' dir='ltr'>talis</span> <span class='ocrx_word' id='word_1_406' title='bbox 1739 3052 1826 3111; x_wconf 86' lang='lat' dir='ltr'>luerit</span> 
     </span>
    </p>
   </div>
   <div class='ocr_carea' id='block_1_15' title="bbox 168 3133 1824 3218">
    <p class='ocr_par' dir='ltr' id='par_1_18' title="bbox 168 3133 1824 3218">
     <span class='ocr_line' id='line_1_51' title="bbox 168 3133 1824 3218; baseline 0.004 -22"><span class='ocrx_word' id='word_1_407' title='bbox 168 3143 236 3198; x_wconf 89' lang='lat' dir='ltr'>sisse</span> <span class='ocrx_word' id='word_1_408' title='bbox 252 3143 445 3199; x_wconf 90' lang='lat' dir='ltr'>tantummodo</span> <span class='ocrx_word' id='word_1_409' title='bbox 463 3160 495 3200; x_wconf 91' lang='lat' dir='ltr'>ac</span> <span class='ocrx_word' id='word_1_410' title='bbox 515 3144 677 3202; x_wconf 79' lang='lat' dir='ltr'>vocabulum</span> <span class='ocrx_word' id='word_1_411' title='bbox 696 3143 822 3202; x_wconf 89' lang='lat' dir='ltr'>monachi</span> <span class='ocrx_word' id='word_1_412' title='bbox 838 3160 970 3218; x_wconf 92' lang='lat' dir='ltr'>compro·</span> <span class='ocrx_word' id='word_1_413' title='bbox 984 3133 1006 3197; x_wconf 89' lang='lat' dir='ltr'>C</span> <span class='ocrx_word' id='word_1_414' title='bbox 1022 3146 1118 3203; x_wconf 90' lang='lat' dir='ltr'>oborta</span> <span class='ocrx_word' id='word_1_415' title='bbox 1135 3145 1254 3215; x_wconf 90' lang='lat' dir='ltr'>collatio,</span> <span class='ocrx_word' id='word_1_416' title='bbox 1270 3150 1324 3201; x_wconf 91' lang='lat' dir='ltr'>uuo</span> <span class='ocrx_word' id='word_1_417' title='bbox 1343 3146 1370 3201; x_wconf 90' lang='lat' dir='ltr'>iu</span> <span class='ocrx_word' id='word_1_418' title='bbox 1392 3145 1452 3203; x_wconf 91' lang='lat' dir='ltr'>loco</span> <span class='ocrx_word' id='word_1_419' title='bbox 1466 3152 1537 3201; x_wconf 91' lang='lat' dir='ltr'>stare</span> <span class='ocrx_word' id='word_1_420' title='bbox 1551 3145 1656 3201; x_wconf 89' lang='lat' dir='ltr'>nesciat</span> <span class='ocrx_word' id='word_1_421' title='bbox 1669 3145 1725 3218; x_wconf 85' lang='lat' dir='ltr'>ejus</span> <span class='ocrx_word' id='word_1_422' title='bbox 1738 3146 1824 3203; x_wconf 88' lang='lat' dir='ltr'>obtu-</span> 
     </span>
    </p>
   </div>
   <div class='ocr_carea' id='block_1_16' title="bbox 713 3272 1271 3329">
    <p class='ocr_par' dir='ltr' id='par_1_19' title="bbox 713 3272 1271 3329">
     <span class='ocr_line' id='line_1_52' title="bbox 713 3272 1271 3329; baseline 0 -2"><span class='ocrx_word' id='word_1_423' title='bbox 713 3272 840 3328; x_wconf 77' lang='lat' dir='ltr'>stauai</span> <span class='ocrx_word' id='word_1_424' title='bbox 859 3273 972 3329; x_wconf 85' lang='lat' dir='ltr'>GAZAEi</span> <span class='ocrx_word' id='word_1_425' title='bbox 991 3272 1271 3329; x_wconf 74' lang='lat' dir='ltr'><strong>COMMENTARIUS.</strong></span> 
     </span>
    </p>
   </div>
   <div class='ocr_carea' id='block_1_17' title="bbox 146 3383 975 4154">
    <p class='ocr_par' dir='ltr' id='par_1_20' title="bbox 146 3383 975 4154">
     <span class='ocr_line' id='line_1_53' title="bbox 171 3383 969 3457; baseline 0.008 -18"><span class='ocrx_word' id='word_1_426' title='bbox 171 3383 244 3439; x_wconf 88' lang='lat' dir='ltr'>illam</span> <span class='ocrx_word' id='word_1_427' title='bbox 267 3401 320 3456; x_wconf 87' lang='lat' dir='ltr'>qua</span> <span class='ocrx_word' id='word_1_428' title='bbox 339 3388 412 3443; x_wconf 88' lang='lat' dir='ltr'>venit</span> <span class='ocrx_word' id='word_1_429' title='bbox 433 3388 606 3446; x_wconf 82' lang='lat' dir='ltr'>ostenderet?</span> <span class='ocrx_word' id='word_1_430' title='bbox 630 3392 704 3445; x_wconf 89' lang='lat' dir='ltr'>Dum</span> <span class='ocrx_word' id='word_1_431' title='bbox 724 3388 850 3457; x_wconf 89' lang='lat' dir='ltr'>castella,</span> <span class='ocrx_word' id='word_1_432' title='bbox 875 3389 969 3457; x_wconf 87' lang='lat' dir='ltr'>villas,</span> 
     </span>
     <span class='ocr_line' id='line_1_54' title="bbox 171 3456 971 3532; baseline 0.008 -23"><span class='ocrx_word' id='word_1_433' title='bbox 171 3456 263 3524; x_wconf 89' lang='lat' dir='ltr'>urbes,</span> <span class='ocrx_word' id='word_1_434' title='bbox 280 3457 389 3525; x_wconf 86' lang='lat' dir='ltr'>liuvios,</span> <span class='ocrx_word' id='word_1_435' title='bbox 406 3475 438 3515; x_wconf 91' lang='lat' dir='ltr'>ac</span> <span class='ocrx_word' id='word_1_436' title='bbox 448 3468 569 3523; x_wconf 87' lang='lat' dir='ltr'>montes,</span> <span class='ocrx_word' id='word_1_437' title='bbox 581 3476 629 3532; x_wconf 90' lang='lat' dir='ltr'>per</span> <span class='ocrx_word' id='word_1_438' title='bbox 639 3475 708 3530; x_wconf 91' lang='lat' dir='ltr'>quos</span> <span class='ocrx_word' id='word_1_439' title='bbox 718 3461 865 3528; x_wconf 89' lang='lat' dir='ltr'>transierit,</span> <span class='ocrx_word' id='word_1_440' title='bbox 879 3461 971 3516; x_wconf 90' lang='lat' dir='ltr'>nomi-</span> 
     </span>
     <span class='ocr_line' id='line_1_55' title="bbox 172 3530 969 3601; baseline 0.008 -22"><span class='ocrx_word' id='word_1_441' title='bbox 172 3534 236 3592; x_wconf 90' lang='lat' dir='ltr'>nat,</span> <span class='ocrx_word' id='word_1_442' title='bbox 259 3543 339 3583; x_wconf 91' lang='lat' dir='ltr'>suum</span> <span class='ocrx_word' id='word_1_443' title='bbox 360 3530 521 3586; x_wconf 90' lang='lat' dir='ltr'>denuntians</span> <span class='ocrx_word' id='word_1_444' title='bbox 542 3531 602 3593; x_wconf 87' lang='lat' dir='ltr'>iter,</span> <span class='ocrx_word' id='word_1_445' title='bbox 620 3538 700 3586; x_wconf 91' lang='lat' dir='ltr'>tuum</span> <span class='ocrx_word' id='word_1_446' title='bbox 724 3532 772 3586; x_wconf 91' lang='lat' dir='ltr'>tibi</span> <span class='ocrx_word' id='word_1_447' title='bbox 797 3531 969 3601; x_wconf 82' lang='lat' dir='ltr'>praenuntiat,</span> 
     </span>
     <span class='ocr_line' id='line_1_56' title="bbox 172 3597 971 3672; baseline 0.008 -22"><span class='ocrx_word' id='word_1_448' title='bbox 172 3597 210 3651; x_wconf 92' lang='lat' dir='ltr'>ita</span> <span class='ocrx_word' id='word_1_449' title='bbox 226 3605 256 3651; x_wconf 92' lang='lat' dir='ltr'>ut</span> <span class='ocrx_word' id='word_1_450' title='bbox 275 3599 369 3653; x_wconf 88' lang='lat' dir='ltr'>eadem</span> <span class='ocrx_word' id='word_1_451' title='bbox 389 3601 446 3655; x_wconf 88' lang='lat' dir='ltr'>loca</span> <span class='ocrx_word' id='word_1_452' title='bbox 464 3616 497 3656; x_wconf 94' lang='lat' dir='ltr'>co</span> <span class='ocrx_word' id='word_1_453' title='bbox 535 3616 612 3656; x_wconf 90' lang='lat' dir='ltr'>oscas</span> <span class='ocrx_word' id='word_1_454' title='bbox 638 3599 742 3669; x_wconf 87' lang='lat' dir='ltr'>eundo,</span> <span class='ocrx_word' id='word_1_455' title='bbox 766 3617 829 3672; x_wconf 81' lang='lat' dir='ltr'>quae</span> <span class='ocrx_word' id='word_1_456' title='bbox 847 3602 890 3656; x_wconf 89' lang='lat' dir='ltr'>ille</span> <span class='ocrx_word' id='word_1_457' title='bbox 909 3616 971 3671; x_wconf 93' lang='lat' dir='ltr'>per-</span> 
     </span>
     <span class='ocr_line' id='line_1_57' title="bbox 146 3668 972 3736; baseline 0.008 -15"><span class='ocrx_word' id='word_1_458' title='bbox 146 3728 150 3736; x_wconf 49' lang='lat'>,</span> <span class='ocrx_word' id='word_1_459' title='bbox 172 3668 278 3723; x_wconf 88' lang='lat' dir='ltr'>transiit</span> <span class='ocrx_word' id='word_1_460' title='bbox 295 3670 433 3726; x_wconf 83' lang='lat' dir='ltr'>veniendo.</span> <span class='ocrx_word' id='word_1_461' title='bbox 456 3673 487 3726; x_wconf 93' lang='lat' dir='ltr'>ln</span> <span class='ocrx_word' id='word_1_462' title='bbox 524 3686 556 3726; x_wconf 91' lang='lat' dir='ltr'>ac</span> <span class='ocrx_word' id='word_1_463' title='bbox 575 3669 699 3725; x_wconf 85' lang='lat' dir='ltr'>similiter</span> <span class='ocrx_word' id='word_1_464' title='bbox 711 3680 803 3727; x_wconf 89' lang='lat' dir='ltr'>nostra</span> <span class='ocrx_word' id='word_1_465' title='bbox 817 3672 972 3728; x_wconf 87' lang='lat' dir='ltr'>descensio-</span> 
     </span>
     <span class='ocr_line' id='line_1_58' title="bbox 172 3739 973 3865; baseline 0.007 -72"><span class='ocrx_word' id='word_1_466' title='bbox 172 3754 217 3805; x_wconf 85' lang='lat' dir='ltr'>ne,</span> <span class='ocrx_word' id='word_1_467' title='bbox 227 3739 331 3865; x_wconf 77' lang='lat' dir='ltr'>gradus</span> <span class='ocrx_word' id='word_1_468' title='bbox 344 3741 512 3797; x_wconf 84' lang='lat' dir='ltr'>ascensorios</span> <span class='ocrx_word' id='word_1_469' title='bbox 523 3740 638 3797; x_wconf 80' lang='lat' dir='ltr'>iormsse</span> <span class='ocrx_word' id='word_1_470' title='bbox 651 3742 778 3812; x_wconf 88' lang='lat' dir='ltr'>reperies,</span> <span class='ocrx_word' id='word_1_471' title='bbox 793 3759 863 3814; x_wconf 91' lang='lat' dir='ltr'>quos</span> <span class='ocrx_word' id='word_1_472' title='bbox 875 3758 973 3799; x_wconf 89' lang='lat' dir='ltr'>ascen-</span> 
     </span>
     <span class='ocr_line' id='line_1_59' title="bbox 173 3810 972 3883; baseline 0.006 -17"><span class='ocrx_word' id='word_1_473' title='bbox 173 3810 224 3866; x_wconf 93' lang='lat' dir='ltr'>den</span> <span class='ocrx_word' id='word_1_474' title='bbox 246 3812 374 3867; x_wconf 89' lang='lat' dir='ltr'>omelius</span> <span class='ocrx_word' id='word_1_475' title='bbox 384 3821 414 3868; x_wconf 90' lang='lat' dir='ltr'>tu</span> <span class='ocrx_word' id='word_1_476' title='bbox 428 3812 454 3867; x_wconf 91' lang='lat' dir='ltr'>iu</span> <span class='ocrx_word' id='word_1_477' title='bbox 468 3821 516 3870; x_wconf 94' lang='lat' dir='ltr'>tuo</span> <span class='ocrx_word' id='word_1_478' title='bbox 529 3812 623 3881; x_wconf 88' lang='lat' dir='ltr'>corda,</span> <span class='ocrx_word' id='word_1_479' title='bbox 634 3827 716 3883; x_wconf 91' lang='lat' dir='ltr'>quam</span> <span class='ocrx_word' id='word_1_480' title='bbox 731 3813 759 3868; x_wconf 93' lang='lat' dir='ltr'>iu</span> <span class='ocrx_word' id='word_1_481' title='bbox 771 3823 867 3871; x_wconf 92' lang='lat' dir='ltr'>nostro</span> <span class='ocrx_word' id='word_1_482' title='bbox 880 3814 972 3871; x_wconf 88' lang='lat' dir='ltr'>codice</span> 
     </span>
     <span class='ocr_line' id='line_1_60' title="bbox 172 3881 401 3953; baseline 0.013 -17"><span class='ocrx_word' id='word_1_483' title='bbox 172 3881 254 3953; x_wconf 83' lang='lat' dir='ltr'>leges.</span> <span class='ocrx_word' id='word_1_484' title='bbox 270 3888 370 3939; x_wconf 90' lang='lat' dir='ltr'>Amen.</span> <span class='ocrx_word' id='word_1_485' title='bbox 390 3908 401 3932; x_wconf 78' lang='grc' dir='ltr'>ν</span> 
     </span>
     <span class='ocr_line' id='line_1_61' title="bbox 209 3955 973 4027; baseline 0.004 -18"><span class='ocrx_word' id='word_1_486' title='bbox 209 3955 344 4009; x_wconf 75' lang='lat' dir='ltr'>Dilatavit</span> <span class='ocrx_word' id='word_1_487' title='bbox 368 3959 492 4025; x_wconf 77' lang='lat' dir='ltr'>issemus</span> <span class='ocrx_word' id='word_1_488' title='bbox 516 3959 637 4012; x_wconf 85' lang='lat' dir='ltr'>animam</span> <span class='ocrx_word' id='word_1_489' title='bbox 660 3971 747 4020; x_wconf 85' lang='lat' dir='ltr'>suam,</span> <span class='ocrx_word' id='word_1_490' title='bbox 774 3961 799 4011; x_wconf 90' lang='lat' dir='ltr'>et</span> <span class='ocrx_word' id='word_1_491' title='bbox 820 3959 927 4027; x_wconf 87' lang='lat' dir='ltr'>aperuit</span> <span class='ocrx_word' id='word_1_492' title='bbox 944 3972 973 4012; x_wconf 91' lang='lat' dir='ltr'>os</span> 
     </span>
     <span class='ocr_line' id='line_1_62' title="bbox 174 4027 975 4152; baseline 0.004 -72"><span class='ocrx_word' id='word_1_493' title='bbox 174 4039 253 4080; x_wconf 76' lang='lat' dir='ltr'>suram</span> <span class='ocrx_word' id='word_1_494' title='bbox 261 4046 271 4152; x_wconf 67' lang='grc' dir='ltr'>Ιτ</span> <span class='ocrx_word' id='word_1_495' title='bbox 284 4031 309 4079; x_wconf 89' lang='lat' dir='ltr'>ct</span> <span class='ocrx_word' id='word_1_496' title='bbox 321 4027 477 4084; x_wconf 81' lang='lat' dir='ltr'>descenderat</span> <span class='ocrx_word' id='word_1_497' title='bbox 487 4031 570 4096; x_wconf 75' lang='lat' dir='ltr'>sortes</span> <span class='ocrx_word' id='word_1_498' title='bbox 584 4035 610 4084; x_wconf 89' lang='lat' dir='ltr'>et</span> <span class='ocrx_word' id='word_1_499' title='bbox 620 4027 755 4096; x_wconf 81' lang='lat' dir='ltr'>sublimes,</span> <span class='ocrx_word' id='word_1_500' title='bbox 767 4030 929 4098; x_wconf 74' lang='lat' dir='ltr'>gloriosique</span> <span class='ocrx_word' id='word_1_501' title='bbox 938 4029 975 4083; x_wconf 84' lang='lat' dir='ltr'>ad</span> 
     </span>
     <span class='ocr_line' id='line_1_63' title="bbox 160 4112 351 4154; baseline 0.016 -4"><span class='ocrx_word' id='word_1_502' title='bbox 160 4112 245 4151; x_wconf 81' lang='lat' dir='ltr'>¹curra.</span> <span class='ocrx_word' id='word_1_503' title='bbox 273 4113 313 4152; x_wconf 91' lang='lat' dir='ltr'>sa.</span> <span class='ocrx_word' id='word_1_504' title='bbox 327 4114 351 4154; x_wconf 93' lang='lat' dir='ltr'>v.</span> 
     </span>
    </p>
   </div>
   <div class='ocr_carea' id='block_1_18' title="bbox 1024 3388 1844 4171">
    <p class='ocr_par' dir='ltr' id='par_1_21' title="bbox 1024 3388 1828 3658">
     <span class='ocr_line' id='line_1_64' title="bbox 1025 3388 1828 3461; baseline 0 -15"><span class='ocrx_word' id='word_1_505' title='bbox 1025 3391 1175 3459; x_wconf 78' lang='lat' dir='ltr'>Corrscssio.</span> <span class='ocrx_word' id='word_1_506' title='bbox 1188 3406 1210 3446; x_wconf 89' lang='lat' dir='ltr'>c.</span> <span class='ocrx_word' id='word_1_507' title='bbox 1225 3392 1269 3457; x_wconf 78' lang='lat'>2);</span> <span class='ocrx_word' id='word_1_508' title='bbox 1283 3388 1408 3461; x_wconf 86' lang='lat' dir='ltr'>speciali,</span> <span class='ocrx_word' id='word_1_509' title='bbox 1424 3397 1557 3460; x_wconf 88' lang='lat' dir='ltr'>quatenus</span> <span class='ocrx_word' id='word_1_510' title='bbox 1571 3403 1620 3459; x_wconf 85' lang='lat' dir='ltr'>per</span> <span class='ocrx_word' id='word_1_511' title='bbox 1630 3403 1691 3446; x_wconf 87' lang='lat' dir='ltr'>eam</span> <span class='ocrx_word' id='word_1_512' title='bbox 1706 3388 1828 3446; x_wconf 82' lang='lat' dir='ltr'>violatur</span> 
     </span>
     <span class='ocr_line' id='line_1_65' title="bbox 1024 3459 1825 3542; baseline 0.005 -29"><span class='ocrx_word' id='word_1_513' title='bbox 1024 3471 1119 3517; x_wconf 82' lang='lat' dir='ltr'>votum</span> <span class='ocrx_word' id='word_1_514' title='bbox 1144 3460 1311 3542; x_wconf 88' lang='lat' dir='ltr'>paupertatis</span> <span class='ocrx_word' id='word_1_515' title='bbox 1332 3461 1507 3527; x_wconf 76' lang='lat' dir='ltr'>monasticae,</span> <span class='ocrx_word' id='word_1_516' title='bbox 1527 3474 1589 3532; x_wconf 86' lang='lat' dir='ltr'>quas</span> <span class='ocrx_word' id='word_1_517' title='bbox 1607 3459 1718 3516; x_wconf 78' lang='lat' dir='ltr'>violatio</span> <span class='ocrx_word' id='word_1_518' title='bbox 1738 3459 1825 3517; x_wconf 90' lang='lat' dir='ltr'>etiam</span> 
     </span>
     <span class='ocr_line' id='line_1_66' title="bbox 1026 3529 1827 3657; baseline 0.002 -70"><span class='ocrx_word' id='word_1_519' title='bbox 1026 3532 1060 3587; x_wconf 93' lang='lat' dir='ltr'>ad</span> <span class='ocrx_word' id='word_1_520' title='bbox 1085 3532 1258 3657; x_wconf 59' lang='lat' dir='ltr'>agerilegrum</span> <span class='ocrx_word' id='word_1_521' title='bbox 1284 3530 1393 3602; x_wconf 92' lang='lat' dir='ltr'>proprie</span> <span class='ocrx_word' id='word_1_522' title='bbox 1417 3529 1523 3587; x_wconf 84' lang='lat' dir='ltr'>dietum</span> <span class='ocrx_word' id='word_1_523' title='bbox 1545 3531 1671 3602; x_wconf 91' lang='lat' dir='ltr'>pertinet,</span> <span class='ocrx_word' id='word_1_524' title='bbox 1694 3538 1724 3586; x_wconf 93' lang='lat' dir='ltr'>ut</span> <span class='ocrx_word' id='word_1_525' title='bbox 1741 3531 1827 3590; x_wconf 90' lang='lat' dir='ltr'>docet</span> 
     </span>
     <span class='ocr_line' id='line_1_67' title="bbox 1024 3605 1206 3658; baseline -0.011 -1"><span class='ocrx_word' id='word_1_526' title='bbox 1024 3605 1059 3658; x_wconf 93' lang='lat' dir='ltr'>D.</span> <span class='ocrx_word' id='word_1_527' title='bbox 1074 3605 1097 3657; x_wconf 86' lang='lat' dir='ltr'>T</span> <span class='ocrx_word' id='word_1_528' title='bbox 1118 3617 1206 3657; x_wconf 88' lang='lat' dir='ltr'>omas.</span> 
     </span>
    </p>

    <p class='ocr_par' dir='ltr' id='par_1_22' title="bbox 1025 3669 1844 4171">
     <span class='ocr_line' id='line_1_68' title="bbox 1060 3669 1844 3743; baseline 0.003 -15"><span class='ocrx_word' id='word_1_529' title='bbox 1060 3672 1200 3728; x_wconf 75' lang='lat' dir='ltr'>lDuobus</span> <span class='ocrx_word' id='word_1_530' title='bbox 1224 3670 1252 3726; x_wconf 92' lang='lat' dir='ltr'>in</span> <span class='ocrx_word' id='word_1_531' title='bbox 1274 3669 1341 3727; x_wconf 92' lang='lat' dir='ltr'>locis</span> <span class='ocrx_word' id='word_1_532' title='bbox 1362 3670 1397 3726; x_wconf 90' lang='lat' dir='ltr'>ita</span> <span class='ocrx_word' id='word_1_533' title='bbox 1417 3671 1603 3743; x_wconf 86' lang='lat' dir='ltr'>pronuntiavit</span> <span class='ocrx_word' id='word_1_534' title='bbox 1622 3671 1769 3742; x_wconf 81' lang='lat' dir='ltr'>Apostolus</span> <span class='ocrx_word' id='word_1_535' title='bbox 1788 3671 1844 3730; x_wconf 89' lang='lat' dir='ltr'>de-</span> 
     </span>
     <span class='ocr_line' id='line_1_69' title="bbox 1025 3741 1824 3814; baseline -0.001 -14"><span class='ocrx_word' id='word_1_536' title='bbox 1025 3743 1147 3808; x_wconf 89' lang='lat' dir='ltr'>avaritia,</span> <span class='ocrx_word' id='word_1_537' title='bbox 1161 3745 1279 3814; x_wconf 90' lang='lat' dir='ltr'>primum</span> <span class='ocrx_word' id='word_1_538' title='bbox 1289 3741 1324 3797; x_wconf 91' lang='lat' dir='ltr'>ad</span> <span class='ocrx_word' id='word_1_539' title='bbox 1336 3742 1467 3813; x_wconf 86' lang='lat' dir='ltr'>Ephesios</span> <span class='ocrx_word' id='word_1_540' title='bbox 1477 3760 1494 3797; x_wconf 88' lang='lat' dir='ltr'><strong>v</strong></span> <span class='ocrx_word' id='word_1_541' title='bbox 1505 3765 1511 3799; x_wconf 92' lang='lat'>:</span> <span class='ocrx_word' id='word_1_542' title='bbox 1524 3746 1619 3801; x_wconf 77' lang='lat' dir='ltr'>Scitote</span> <span class='ocrx_word' id='word_1_543' title='bbox 1631 3743 1824 3811; x_wconf 72' lang='lat' dir='ltr'>intelligentes,</span> 
     </span>
     <span class='ocr_line' id='line_1_70' title="bbox 1026 3815 1826 3885; baseline -0.001 -14"><span class='ocrx_word' id='word_1_544' title='bbox 1026 3816 1097 3885; x_wconf 82' lang='lat' dir='ltr'>quod</span> <span class='ocrx_word' id='word_1_545' title='bbox 1112 3818 1198 3870; x_wconf 83' lang='lat' dir='ltr'>omnis</span> <span class='ocrx_word' id='word_1_546' title='bbox 1216 3816 1384 3882; x_wconf 65' lang='lat' dir='ltr'>fonticulos,</span> <span class='ocrx_word' id='word_1_547' title='bbox 1402 3819 1450 3869; x_wconf 87' lang='lat' dir='ltr'>out</span> <span class='ocrx_word' id='word_1_548' title='bbox 1468 3815 1632 3877; x_wconf 69' lang='lat' dir='ltr'>rssmaurrudus,</span> <span class='ocrx_word' id='word_1_549' title='bbox 1652 3817 1702 3867; x_wconf 83' lang='lat' dir='ltr'>aut</span> <span class='ocrx_word' id='word_1_550' title='bbox 1719 3829 1826 3870; x_wconf 72' lang='lat' dir='ltr'>octones</span> 
     </span>
     <span class='ocr_line' id='line_1_71' title="bbox 1028 3884 1827 3958; baseline 0 -17"><span class='ocrx_word' id='word_1_551' title='bbox 1028 3887 1118 3956; x_wconf 83' lang='lat' dir='ltr'>(quod</span> <span class='ocrx_word' id='word_1_552' title='bbox 1133 3891 1170 3940; x_wconf 87' lang='lat' dir='ltr'>est</span> <span class='ocrx_word' id='word_1_553' title='bbox 1185 3885 1318 3940; x_wconf 78' lang='lat' dir='ltr'>idolorum</span> <span class='ocrx_word' id='word_1_554' title='bbox 1329 3888 1444 3941; x_wconf 78' lang='lat' dir='ltr'>seruitus</span> <span class='ocrx_word' id='word_1_555' title='bbox 1455 3885 1525 3958; x_wconf 77' lang='lat' dir='ltr'>locu</span> <span class='ocrx_word' id='word_1_556' title='bbox 1535 3886 1614 3941; x_wconf 82' lang='lat' dir='ltr'>babet</span> <span class='ocrx_word' id='word_1_557' title='bbox 1636 3884 1827 3941; x_wconf 76' lang='lat' dir='ltr'>hereditatem</span> 
     </span>
     <span class='ocr_line' id='line_1_72' title="bbox 1028 3954 1828 4027; baseline -0.006 -16"><span class='ocrx_word' id='word_1_558' title='bbox 1028 3960 1058 4013; x_wconf 86' lang='lat' dir='ltr'>ia</span> <span class='ocrx_word' id='word_1_559' title='bbox 1072 3973 1153 4027; x_wconf 74' lang='lat' dir='ltr'>r¹cqato</span> <span class='ocrx_word' id='word_1_560' title='bbox 1172 3957 1449 4014; x_wconf 66' lang='lat' dir='ltr'>structuraulla</span> <span class='ocrx_word' id='word_1_561' title='bbox 1473 3959 1591 4014; x_wconf 83' lang='lat' dir='ltr'>Graece:</span> <span class='ocrx_word' id='word_1_562' title='bbox 1616 3954 1774 4020; x_wconf 70' lang='grc' dir='ltr'>πλεονέκτας,</span> <span class='ocrx_word' id='word_1_563' title='bbox 1799 3957 1828 4019; x_wconf 71' lang='grc' dir='ltr'>ὅς</span> 
     </span>
     <span class='ocr_line' id='line_1_73' title="bbox 1029 4026 1828 4099; baseline 0.003 -18"><span class='ocrx_word' id='word_1_564' title='bbox 1029 4027 1096 4082; x_wconf 80' lang='grc' dir='ltr'>ἐστιν</span> <span class='ocrx_word' id='word_1_565' title='bbox 1124 4027 1317 4099; x_wconf 80' lang='grc' dir='ltr'>εἰδωλολάτρης,</span> <span class='ocrx_word' id='word_1_566' title='bbox 1341 4042 1450 4094; x_wconf 83' lang='lat' dir='ltr'>avarus,</span> <span class='ocrx_word' id='word_1_567' title='bbox 1476 4028 1523 4099; x_wconf 91' lang='lat' dir='ltr'>qui</span> <span class='ocrx_word' id='word_1_568' title='bbox 1544 4035 1585 4083; x_wconf 88' lang='lat' dir='ltr'>est</span> <span class='ocrx_word' id='word_1_569' title='bbox 1603 4026 1759 4094; x_wconf 87' lang='lat' dir='ltr'>idololatra,</span> <span class='ocrx_word' id='word_1_570' title='bbox 1782 4027 1828 4084; x_wconf 87' lang='lat' dir='ltr'>vel</span> 
     </span>
     <span class='ocr_line' id='line_1_74' title="bbox 1029 4097 1828 4171; baseline -0.001 -16"><span class='ocrx_word' id='word_1_571' title='bbox 1029 4101 1163 4156; x_wconf 91' lang='lat' dir='ltr'>idolorum</span> <span class='ocrx_word' id='word_1_572' title='bbox 1176 4099 1274 4155; x_wconf 87' lang='lat' dir='ltr'>cultor.</span> <span class='ocrx_word' id='word_1_573' title='bbox 1292 4101 1387 4171; x_wconf 88' lang='lat' dir='ltr'>ltaque</span> <span class='ocrx_word' id='word_1_574' title='bbox 1401 4097 1508 4155; x_wconf 88' lang='lat' dir='ltr'>videtur</span> <span class='ocrx_word' id='word_1_575' title='bbox 1522 4107 1615 4154; x_wconf 90' lang='lat' dir='ltr'>noster</span> <span class='ocrx_word' id='word_1_576' title='bbox 1633 4099 1768 4169; x_wconf 84' lang='lat' dir='ltr'>interpres</span> <span class='ocrx_word' id='word_1_577' title='bbox 1784 4097 1828 4155; x_wconf 90' lang='lat' dir='ltr'>le·</span> 
     </span>
    </p>
   </div>
   <div class='ocr_carea' id='block_1_19' title="bbox 173 4168 1829 4574">
    <p class='ocr_par' dir='ltr' id='par_1_23' title="bbox 173 4168 1829 4574">
     <span class='ocr_line' id='line_1_75' title="bbox 210 4168 1827 4242; baseline -0.002 -19"><span class='ocrx_word' id='word_1_578' title='bbox 210 4177 223 4203; x_wconf 82' lang='lat'>⁸</span> <span class='ocrx_word' id='word_1_579' title='bbox 238 4168 410 4241; x_wconf 85' lang='lat' dir='ltr'>Dionysius:</span> <span class='ocrx_word' id='word_1_580' title='bbox 428 4172 490 4226; x_wconf 85' lang='lat' dir='ltr'>Tuli</span> <span class='ocrx_word' id='word_1_581' title='bbox 509 4174 597 4242; x_wconf 82' lang='lat' dir='ltr'>iqitur</span> <span class='ocrx_word' id='word_1_582' title='bbox 611 4174 717 4228; x_wconf 83' lang='lat' dir='ltr'>desidia</span> <span class='ocrx_word' id='word_1_583' title='bbox 738 4173 834 4225; x_wconf 75' lang='lat' dir='ltr'>martas</span> <span class='ocrx_word' id='word_1_584' title='bbox 856 4174 931 4239; x_wconf 84' lang='lat' dir='ltr'>uicti,</span> <span class='ocrx_word' id='word_1_585' title='bbox 949 4176 974 4226; x_wconf 90' lang='lat' dir='ltr'>et</span> <span class='ocrx_word' id='word_1_586' title='bbox 1026 4172 1097 4241; x_wconf 86' lang='lat' dir='ltr'>gissa</span> <span class='ocrx_word' id='word_1_587' title='bbox 1106 4170 1248 4227; x_wconf 90' lang='lat' dir='ltr'>articulum</span> <span class='ocrx_word' id='word_1_588' title='bbox 1259 4171 1414 4225; x_wconf 77' lang='lat' dir='ltr'>neutrumd</span> <span class='ocrx_word' id='word_1_589' title='bbox 1442 4184 1473 4224; x_wconf 94' lang='lat' dir='ltr'>ro</span> <span class='ocrx_word' id='word_1_590' title='bbox 1486 4171 1522 4236; x_wconf 75' lang='grc' dir='ltr'>ὅς,</span> <span class='ocrx_word' id='word_1_591' title='bbox 1533 4168 1827 4241; x_wconf 72' lang='grc' dir='ltr'>αιειλλωλολατρειαριο</span> 
     </span>
     <span class='ocr_line' id='line_1_76' title="bbox 174 4186 1829 4313; baseline 0.002 -20"><span class='ocrx_word' id='word_1_592' title='bbox 174 4240 337 4307; x_wconf 75' lang='lat' dir='ltr'>infidelitate</span> <span class='ocrx_word' id='word_1_593' title='bbox 347 4242 482 4309; x_wconf 73' lang='lat' dir='ltr'>ditabalica</span> <span class='ocrx_word' id='word_1_594' title='bbox 498 4246 613 4299; x_wconf 80' lang='lat' dir='ltr'>revocati</span> <span class='ocrx_word' id='word_1_595' title='bbox 630 4243 779 4299; x_wconf 84' lang='lat' dir='ltr'>ascintillc</span> <span class='ocrx_word' id='word_1_596' title='bbox 792 4244 866 4311; x_wconf 71' lang='lat' dir='ltr'>fidei,</span> <span class='ocrx_word' id='word_1_597' title='bbox 877 4258 932 4313; x_wconf 87' lang='lat' dir='ltr'>qua</span> <span class='ocrx_word' id='word_1_598' title='bbox 946 4243 975 4296; x_wconf 84' lang='lat' dir='ltr'>ia</span> <span class='ocrx_word' id='word_1_599' title='bbox 1028 4242 1219 4310; x_wconf 75' lang='grc' dir='ltr'>εἰδωλολάτρης.</span> <span class='ocrx_word' id='word_1_600' title='bbox 1231 4243 1335 4296; x_wconf 90' lang='lat' dir='ltr'>lterum</span> <span class='ocrx_word' id='word_1_601' title='bbox 1343 4239 1378 4295; x_wconf 90' lang='lat' dir='ltr'>ad</span> <span class='ocrx_word' id='word_1_602' title='bbox 1387 4186 1565 4297; x_wconf 60' lang='lat' dir='ltr'>CoYossenses</span> <span class='ocrx_word' id='word_1_603' title='bbox 1574 4256 1620 4309; x_wconf 89' lang='grc' dir='ltr'>ιιι,</span> <span class='ocrx_word' id='word_1_604' title='bbox 1631 4240 1679 4297; x_wconf 92' lang='lat' dir='ltr'>ubi</span> <span class='ocrx_word' id='word_1_605' title='bbox 1691 4242 1729 4297; x_wconf 88' lang='lat' dir='ltr'>ait</span> <span class='ocrx_word' id='word_1_606' title='bbox 1741 4260 1747 4295; x_wconf 93' lang='lat'>:</span> <span class='ocrx_word' id='word_1_607' title='bbox 1759 4241 1829 4296; x_wconf 80' lang='lat' dir='ltr'>ilar·</span> 
     </span>
     <span class='ocr_line' id='line_1_77' title="bbox 173 4311 1829 4383; baseline 0.004 -22"><span class='ocrx_word' id='word_1_608' title='bbox 173 4311 334 4377; x_wconf 78' lang='lat' dir='ltr'>primu-diis</span> <span class='ocrx_word' id='word_1_609' title='bbox 350 4326 405 4364; x_wconf 76' lang='lat' dir='ltr'>suae</span> <span class='ocrx_word' id='word_1_610' title='bbox 423 4317 600 4369; x_wconf 77' lang='lat' dir='ltr'>coricensioais</span> <span class='ocrx_word' id='word_1_611' title='bbox 614 4318 659 4370; x_wconf 87' lang='lat' dir='ltr'>usi</span> <span class='ocrx_word' id='word_1_612' title='bbox 675 4317 802 4382; x_wconf 74' lang='lat' dir='ltr'>sueram,</span> <span class='ocrx_word' id='word_1_613' title='bbox 817 4318 843 4368; x_wconf 90' lang='lat' dir='ltr'>et</span> <span class='ocrx_word' id='word_1_614' title='bbox 861 4315 973 4377; x_wconf 76' lang='lat' dir='ltr'>amatu,</span> <span class='ocrx_word' id='word_1_615' title='bbox 1027 4312 1698 4383; x_wconf 71' lang='lat' dir='ltr'>titutemaauacestrn,qraaesuntsnperterrom,</span> <span class='ocrx_word' id='word_1_616' title='bbox 1710 4312 1829 4380; x_wconf 67' lang='lat' dir='ltr'>fonsca-</span> 
     </span>
     <span class='ocr_line' id='line_1_78' title="bbox 177 4381 1828 4453; baseline 0.003 -22"><span class='ocrx_word' id='word_1_617' title='bbox 177 4381 322 4446; x_wconf 76' lang='lat' dir='ltr'>incipiant,</span> <span class='ocrx_word' id='word_1_618' title='bbox 337 4386 388 4433; x_wconf 89' lang='lat' dir='ltr'>etc.</span> <span class='ocrx_word' id='word_1_619' title='bbox 409 4383 517 4452; x_wconf 89' lang='lat' dir='ltr'>Spectat</span> <span class='ocrx_word' id='word_1_620' title='bbox 532 4383 583 4437; x_wconf 91' lang='lat' dir='ltr'>hoc</span> <span class='ocrx_word' id='word_1_621' title='bbox 592 4393 674 4452; x_wconf 86' lang='lat' dir='ltr'>eaput</span> <span class='ocrx_word' id='word_1_622' title='bbox 687 4383 862 4453; x_wconf 89' lang='lat' dir='ltr'>potissimum</span> <span class='ocrx_word' id='word_1_623' title='bbox 875 4382 909 4439; x_wconf 90' lang='lat' dir='ltr'>ad</span> <span class='ocrx_word' id='word_1_624' title='bbox 921 4398 974 4437; x_wconf 91' lang='lat' dir='ltr'>no·</span> <span class='ocrx_word' id='word_1_625' title='bbox 1027 4387 1134 4449; x_wconf 78' lang='lat' dir='ltr'>tioium,</span> <span class='ocrx_word' id='word_1_626' title='bbox 1144 4382 1353 4444; x_wconf 82' lang='lat' dir='ltr'>immurrditiam,</span> <span class='ocrx_word' id='word_1_627' title='bbox 1366 4381 1514 4446; x_wconf 76' lang='lat' dir='ltr'>libidinem,</span> <span class='ocrx_word' id='word_1_628' title='bbox 1523 4385 1760 4453; x_wconf 78' lang='lat' dir='ltr'>concupiscentium</span> <span class='ocrx_word' id='word_1_629' title='bbox 1769 4397 1828 4436; x_wconf 87' lang='lat' dir='ltr'>ma·</span> 
     </span>
     <span class='ocr_line' id='line_1_79' title="bbox 178 4448 1829 4574; baseline 0.005 -74"><span class='ocrx_word' id='word_1_630' title='bbox 178 4448 274 4514; x_wconf 77' lang='lat' dir='ltr'>citios,</span> <span class='ocrx_word' id='word_1_631' title='bbox 295 4449 329 4503; x_wconf 93' lang='lat' dir='ltr'>de</span> <span class='ocrx_word' id='word_1_632' title='bbox 345 4464 464 4517; x_wconf 92' lang='lat' dir='ltr'>quorum</span> <span class='ocrx_word' id='word_1_633' title='bbox 480 4451 648 4508; x_wconf 88' lang='lat' dir='ltr'>institutione</span> <span class='ocrx_word' id='word_1_634' title='bbox 665 4461 693 4507; x_wconf 90' lang='lat' dir='ltr'>et</span> <span class='ocrx_word' id='word_1_635' title='bbox 716 4451 858 4521; x_wconf 90' lang='lat' dir='ltr'>disciplina</span> <span class='ocrx_word' id='word_1_636' title='bbox 876 4454 930 4508; x_wconf 91' lang='lat' dir='ltr'>late</span> <span class='ocrx_word' id='word_1_637' title='bbox 948 4459 976 4508; x_wconf 93' lang='lat' dir='ltr'>et</span> <span class='ocrx_word' id='word_1_638' title='bbox 1029 4455 1082 4508; x_wconf 87' lang='lat' dir='ltr'>lam</span> <span class='ocrx_word' id='word_1_639' title='bbox 1092 4458 1118 4507; x_wconf 89' lang='lat' dir='ltr'>et</span> <span class='ocrx_word' id='word_1_640' title='bbox 1127 4454 1285 4519; x_wconf 71' lang='lat' dir='ltr'>nasutium,</span> <span class='ocrx_word' id='word_1_641' title='bbox 1301 4467 1361 4574; x_wconf 72' lang='grc' dir='ltr'>ροιω</span> <span class='ocrx_word' id='word_1_642' title='bbox 1373 4458 1411 4507; x_wconf 88' lang='lat' dir='ltr'>est</span> <span class='ocrx_word' id='word_1_643' title='bbox 1418 4455 1621 4509; x_wconf 79' lang='lat' dir='ltr'>simulacrorum</span> <span class='ocrx_word' id='word_1_644' title='bbox 1631 4457 1756 4510; x_wconf 81' lang='lat' dir='ltr'>seruitus.</span> <span class='ocrx_word' id='word_1_645' title='bbox 1769 4452 1829 4509; x_wconf 87' lang='lat' dir='ltr'>Ubi</span> 
     </span>
    </p>
   </div>
   <div class='ocr_carea' id='block_1_20' title="bbox 79 4517 1827 4598">
    <p class='ocr_par' dir='ltr' id='par_1_24' title="bbox 79 4517 1827 4598">
     <span class='ocr_line' id='line_1_80' title="bbox 79 4517 1827 4598; baseline 0.003 -26"><span class='ocrx_word' id='word_1_646' title='bbox 79 4587 83 4593; x_wconf 30' lang='grc' dir='ltr'>Ι</span> <span class='ocrx_word' id='word_1_647' title='bbox 178 4532 211 4572; x_wconf 80' lang='lat' dir='ltr'>ex</span> <span class='ocrx_word' id='word_1_648' title='bbox 223 4517 345 4598; x_wconf 80' lang='lat' dir='ltr'>professo</span> <span class='ocrx_word' id='word_1_649' title='bbox 362 4517 504 4574; x_wconf 88' lang='lat' dir='ltr'>disseritur</span> <span class='ocrx_word' id='word_1_650' title='bbox 513 4528 572 4576; x_wconf 95' lang='lat' dir='ltr'>toto</span> <span class='ocrx_word' id='word_1_651' title='bbox 584 4521 652 4576; x_wconf 89' lang='lat' dir='ltr'>libro</span> <span class='ocrx_word' id='word_1_652' title='bbox 666 4529 765 4593; x_wconf 90' lang='lat' dir='ltr'>quarto</span> <span class='ocrx_word' id='word_1_653' title='bbox 780 4521 878 4578; x_wconf 89' lang='lat' dir='ltr'>barum</span> <span class='ocrx_word' id='word_1_654' title='bbox 893 4523 976 4578; x_wconf 89' lang='lat' dir='ltr'>lusti-</span> <span class='ocrx_word' id='word_1_655' title='bbox 1030 4524 1136 4590; x_wconf 86' lang='lat' dir='ltr'>Graece,</span> <span class='ocrx_word' id='word_1_656' title='bbox 1151 4522 1193 4575; x_wconf 82' lang='grc' dir='ltr'>καλ</span> <span class='ocrx_word' id='word_1_657' title='bbox 1214 4520 1259 4587; x_wconf 81' lang='grc' dir='ltr'>τὴν</span> <span class='ocrx_word' id='word_1_658' title='bbox 1283 4544 1301 4577; x_wconf 80' lang='grc' dir='ltr'>α</span> <span class='ocrx_word' id='word_1_659' title='bbox 1319 4523 1438 4588; x_wconf 67' lang='lat' dir='ltr'>consilae,</span> <span class='ocrx_word' id='word_1_660' title='bbox 1457 4525 1509 4591; x_wconf 72' lang='grc' dir='ltr'>ἥτις</span> <span class='ocrx_word' id='word_1_661' title='bbox 1532 4524 1594 4586; x_wconf 81' lang='grc' dir='ltr'>ἔςτλν</span> <span class='ocrx_word' id='word_1_662' title='bbox 1619 4523 1827 4594; x_wconf 71' lang='grc' dir='ltr'>νὶδωλολατρεῑα.</span> 
     </span>
    </p>
   </div>
   <div class='ocr_carea' id='block_1_21' title="bbox 124 4588 1837 5878">
    <p class='ocr_par' dir='ltr' id='par_1_25' title="bbox 124 4588 1837 5878">
     <span class='ocr_line' id='line_1_81' title="bbox 178 4588 1831 4670; baseline 0.005 -28"><span class='ocrx_word' id='word_1_663' title='bbox 178 4596 328 4670; x_wconf 79' lang='lat' dir='ltr'>turianum.</span> <span class='ocrx_word' id='word_1_664' title='bbox 345 4588 413 4645; x_wconf 90' lang='lat' dir='ltr'>Vide</span> <span class='ocrx_word' id='word_1_665' title='bbox 426 4593 461 4645; x_wconf 89' lang='lat' dir='ltr'>D.</span> <span class='ocrx_word' id='word_1_666' title='bbox 478 4592 647 4648; x_wconf 80' lang='lat' dir='ltr'>bernardum</span> <span class='ocrx_word' id='word_1_667' title='bbox 662 4606 745 4647; x_wconf 87' lang='lat' dir='ltr'>serm.</span> <span class='ocrx_word' id='word_1_668' title='bbox 762 4597 796 4648; x_wconf 78' lang='grc'>63</span> <span class='ocrx_word' id='word_1_669' title='bbox 809 4608 889 4665; x_wconf 91' lang='lat' dir='ltr'>super</span> <span class='ocrx_word' id='word_1_670' title='bbox 903 4595 976 4649; x_wconf 83' lang='lat' dir='ltr'>Can-</span> <span class='ocrx_word' id='word_1_671' title='bbox 1030 4595 1092 4663; x_wconf 87' lang='lat' dir='ltr'>Quo</span> <span class='ocrx_word' id='word_1_672' title='bbox 1108 4594 1289 4664; x_wconf 87' lang='lat' dir='ltr'>utroqueloco</span> <span class='ocrx_word' id='word_1_673' title='bbox 1299 4594 1453 4651; x_wconf 89' lang='lat' dir='ltr'>notandum</span> <span class='ocrx_word' id='word_1_674' title='bbox 1464 4611 1520 4650; x_wconf 93' lang='lat' dir='ltr'>non</span> <span class='ocrx_word' id='word_1_675' title='bbox 1530 4595 1623 4653; x_wconf 90' lang='lat' dir='ltr'>haberi</span> <span class='ocrx_word' id='word_1_676' title='bbox 1637 4595 1789 4667; x_wconf 71' lang='grc' dir='ltr'>φιλάργυρον</span> <span class='ocrx_word' id='word_1_677' title='bbox 1801 4603 1831 4651; x_wconf 91' lang='lat' dir='ltr'>et</span> 
     </span>
     <span class='ocr_line' id='line_1_82' title="bbox 124 4665 1831 4744; baseline 0.005 -30"><span class='ocrx_word' id='word_1_678' title='bbox 124 4726 135 4740; x_wconf 82' lang='lat'><em>.</em></span> <span class='ocrx_word' id='word_1_679' title='bbox 177 4667 242 4715; x_wconf 83' lang='lat' dir='ltr'>tica.</span> <span class='ocrx_word' id='word_1_680' title='bbox 948 4724 951 4729; x_wconf 69' lang='lat'><em>‚</em></span> <span class='ocrx_word' id='word_1_681' title='bbox 990 4682 1015 4744; x_wconf 74' lang='lat' dir='ltr'>D</span> <span class='ocrx_word' id='word_1_682' title='bbox 1030 4666 1209 4737; x_wconf 70' lang='grc' dir='ltr'>φιλαργυρίαν,</span> <span class='ocrx_word' id='word_1_683' title='bbox 1225 4673 1257 4721; x_wconf 92' lang='lat' dir='ltr'>ut</span> <span class='ocrx_word' id='word_1_684' title='bbox 1270 4665 1377 4722; x_wconf 89' lang='lat' dir='ltr'>videtur</span> <span class='ocrx_word' id='word_1_685' title='bbox 1393 4665 1437 4721; x_wconf 92' lang='lat' dir='ltr'>hic</span> <span class='ocrx_word' id='word_1_686' title='bbox 1452 4672 1556 4723; x_wconf 90' lang='lat' dir='ltr'>Auctor</span> <span class='ocrx_word' id='word_1_687' title='bbox 1570 4667 1686 4723; x_wconf 89' lang='lat' dir='ltr'>innuere</span> <span class='ocrx_word' id='word_1_688' title='bbox 1698 4676 1746 4723; x_wconf 91' lang='lat' dir='ltr'>aut</span> <span class='ocrx_word' id='word_1_689' title='bbox 1760 4681 1831 4738; x_wconf 92' lang='lat' dir='ltr'>sup-</span> 
     </span>
     <span class='ocr_line' id='line_1_83' title="bbox 215 4724 1830 4811; baseline 0.002 -23"><span class='ocrx_word' id='word_1_690' title='bbox 215 4724 311 4788; x_wconf 75' lang='lat' dir='ltr'>bTres</span> <span class='ocrx_word' id='word_1_691' title='bbox 327 4731 428 4803; x_wconf 90' lang='lat' dir='ltr'>species</span> <span class='ocrx_word' id='word_1_692' title='bbox 445 4731 614 4808; x_wconf 72' lang='lat' dir='ltr'>philargyriae</span> <span class='ocrx_word' id='word_1_693' title='bbox 627 4734 689 4791; x_wconf 91' lang='lat' dir='ltr'>alibi</span> <span class='ocrx_word' id='word_1_694' title='bbox 708 4733 843 4806; x_wconf 84' lang='lat' dir='ltr'>expositas</span> <span class='ocrx_word' id='word_1_695' title='bbox 857 4734 902 4792; x_wconf 92' lang='lat' dir='ltr'>hic</span> <span class='ocrx_word' id='word_1_696' title='bbox 913 4734 977 4792; x_wconf 91' lang='lat' dir='ltr'>obi·</span> <span class='ocrx_word' id='word_1_697' title='bbox 1030 4752 1142 4808; x_wconf 88' lang='lat' dir='ltr'>ponere,</span> <span class='ocrx_word' id='word_1_698' title='bbox 1157 4735 1207 4793; x_wconf 91' lang='lat' dir='ltr'>sed</span> <span class='ocrx_word' id='word_1_699' title='bbox 1223 4735 1374 4805; x_wconf 77' lang='grc' dir='ltr'>πλεονέκτην</span> <span class='ocrx_word' id='word_1_700' title='bbox 1387 4746 1415 4793; x_wconf 90' lang='lat' dir='ltr'>et</span> <span class='ocrx_word' id='word_1_701' title='bbox 1425 4736 1578 4804; x_wconf 74' lang='grc' dir='ltr'>πλεονεξίαν,</span> <span class='ocrx_word' id='word_1_702' title='bbox 1589 4753 1650 4810; x_wconf 76' lang='lat' dir='ltr'>quaa</span> <span class='ocrx_word' id='word_1_703' title='bbox 1665 4737 1776 4811; x_wconf 92' lang='lat' dir='ltr'>quidem</span> <span class='ocrx_word' id='word_1_704' title='bbox 1787 4736 1830 4792; x_wconf 88' lang='lat' dir='ltr'>la·</span> 
     </span>
     <span class='ocr_line' id='line_1_84' title="bbox 179 4805 1830 4888; baseline 0.004 -31"><span class='ocrx_word' id='word_1_705' title='bbox 179 4809 221 4858; x_wconf 89' lang='lat' dir='ltr'>ter</span> <span class='ocrx_word' id='word_1_706' title='bbox 237 4805 480 4888; x_wconf 66' lang='lat' dir='ltr'>perstringitliib.</span> <span class='ocrx_word' id='word_1_707' title='bbox 496 4822 554 4869; x_wconf 84' lang='grc' dir='ltr'>ιιι,</span> <span class='ocrx_word' id='word_1_708' title='bbox 567 4823 589 4862; x_wconf 90' lang='lat' dir='ltr'>c.</span> <span class='ocrx_word' id='word_1_709' title='bbox 603 4807 662 4876; x_wconf 82' lang='lat' dir='ltr'>lt),</span> <span class='ocrx_word' id='word_1_710' title='bbox 677 4807 705 4862; x_wconf 95' lang='lat' dir='ltr'>in</span> <span class='ocrx_word' id='word_1_711' title='bbox 717 4808 894 4879; x_wconf 85' lang='lat' dir='ltr'>quassensim</span> <span class='ocrx_word' id='word_1_712' title='bbox 911 4822 975 4863; x_wconf 91' lang='lat' dir='ltr'>mo·</span> <span class='ocrx_word' id='word_1_713' title='bbox 1028 4808 1083 4865; x_wconf 91' lang='lat' dir='ltr'>tius</span> <span class='ocrx_word' id='word_1_714' title='bbox 1098 4816 1199 4880; x_wconf 92' lang='lat' dir='ltr'>patent,</span> <span class='ocrx_word' id='word_1_715' title='bbox 1218 4815 1250 4863; x_wconf 93' lang='lat' dir='ltr'>ut</span> <span class='ocrx_word' id='word_1_716' title='bbox 1263 4807 1328 4864; x_wconf 88' lang='lat' dir='ltr'>alias</span> <span class='ocrx_word' id='word_1_717' title='bbox 1346 4810 1450 4865; x_wconf 91' lang='lat' dir='ltr'>dictum</span> <span class='ocrx_word' id='word_1_718' title='bbox 1467 4818 1517 4865; x_wconf 90' lang='lat' dir='ltr'>est.</span> <span class='ocrx_word' id='word_1_719' title='bbox 1537 4811 1591 4867; x_wconf 87' lang='lat' dir='ltr'>Sed</span> <span class='ocrx_word' id='word_1_720' title='bbox 1607 4809 1671 4880; x_wconf 88' lang='lat' dir='ltr'>quia</span> <span class='ocrx_word' id='word_1_721' title='bbox 1691 4824 1764 4881; x_wconf 84' lang='lat' dir='ltr'>saepe</span> <span class='ocrx_word' id='word_1_722' title='bbox 1777 4822 1830 4880; x_wconf 91' lang='lat' dir='ltr'>pro</span> 
     </span>
     <span class='ocr_line' id='line_1_85' title="bbox 179 4874 1829 4955; baseline 0.005 -26"><span class='ocrx_word' id='word_1_723' title='bbox 179 4874 275 4955; x_wconf 77' lang='lat' dir='ltr'>sachi,</span> <span class='ocrx_word' id='word_1_724' title='bbox 292 4885 443 4947; x_wconf 77' lang='lat' dir='ltr'>praesertim</span> <span class='ocrx_word' id='word_1_725' title='bbox 461 4878 569 4944; x_wconf 81' lang='lat' dir='ltr'>novitii,</span> <span class='ocrx_word' id='word_1_726' title='bbox 590 4877 669 4934; x_wconf 83' lang='lat' dir='ltr'>rudos</span> <span class='ocrx_word' id='word_1_727' title='bbox 692 4887 719 4934; x_wconf 88' lang='lat' dir='ltr'>et</span> <span class='ocrx_word' id='word_1_728' title='bbox 742 4878 873 4945; x_wconf 87' lang='lat' dir='ltr'>carnales,</span> <span class='ocrx_word' id='word_1_729' title='bbox 890 4895 906 4935; x_wconf 88' lang='lat' dir='ltr'>a</span> <span class='ocrx_word' id='word_1_730' title='bbox 921 4878 977 4953; x_wconf 88' lang='lat' dir='ltr'>spi·</span> <span class='ocrx_word' id='word_1_731' title='bbox 1029 4878 1126 4937; x_wconf 90' lang='lat' dir='ltr'>iisdem</span> <span class='ocrx_word' id='word_1_732' title='bbox 1144 4878 1321 4950; x_wconf 90' lang='lat' dir='ltr'>accipiuntur,</span> <span class='ocrx_word' id='word_1_733' title='bbox 1343 4878 1445 4935; x_wconf 92' lang='lat' dir='ltr'>idcirco</span> <span class='ocrx_word' id='word_1_734' title='bbox 1464 4879 1523 4938; x_wconf 82' lang='lat' dir='ltr'>baec</span> <span class='ocrx_word' id='word_1_735' title='bbox 1535 4881 1659 4938; x_wconf 85' lang='lat' dir='ltr'>confudit</span> <span class='ocrx_word' id='word_1_736' title='bbox 1673 4880 1829 4937; x_wconf 84' lang='lat' dir='ltr'>Cassianus.</span> 
     </span>
     <span class='ocr_line' id='line_1_86' title="bbox 179 4947 1831 5024; baseline 0.005 -26"><span class='ocrx_word' id='word_1_737' title='bbox 179 4953 232 4999; x_wconf 83' lang='lat' dir='ltr'>ritu</span> <span class='ocrx_word' id='word_1_738' title='bbox 247 4947 382 5016; x_wconf 73' lang='lat' dir='ltr'>superbias</span> <span class='ocrx_word' id='word_1_739' title='bbox 395 4949 514 5020; x_wconf 88' lang='lat' dir='ltr'>superati</span> <span class='ocrx_word' id='word_1_740' title='bbox 531 4948 721 5007; x_wconf 85' lang='lat' dir='ltr'>devolvuntur.</span> <span class='ocrx_word' id='word_1_741' title='bbox 1029 4953 1132 5008; x_wconf 79' lang='lat' dir='ltr'>catera</span> <span class='ocrx_word' id='word_1_742' title='bbox 1148 4951 1175 5005; x_wconf 93' lang='lat' dir='ltr'>in</span> <span class='ocrx_word' id='word_1_743' title='bbox 1186 4949 1296 5006; x_wconf 89' lang='lat' dir='ltr'>easdem</span> <span class='ocrx_word' id='word_1_744' title='bbox 1307 4950 1455 5008; x_wconf 88' lang='lat' dir='ltr'>sententias</span> <span class='ocrx_word' id='word_1_745' title='bbox 1465 4953 1590 5024; x_wconf 81' lang='lat' dir='ltr'>Apostoli</span> <span class='ocrx_word' id='word_1_746' title='bbox 1599 4951 1664 5007; x_wconf 92' lang='lat' dir='ltr'>alibi</span> <span class='ocrx_word' id='word_1_747' title='bbox 1679 4959 1774 5009; x_wconf 87' lang='lat' dir='ltr'>notata</span> <span class='ocrx_word' id='word_1_748' title='bbox 1786 4949 1831 5006; x_wconf 81' lang='lat' dir='ltr'>u-</span> 
     </span>
     <span class='ocr_line' id='line_1_87' title="bbox 215 5015 1209 5096; baseline 0.009 -28"><span class='ocrx_word' id='word_1_749' title='bbox 215 5016 230 5096; x_wconf 77' lang='lat'>⁰.</span> <span class='ocrx_word' id='word_1_750' title='bbox 251 5015 419 5088; x_wconf 85' lang='lat' dir='ltr'>Plrilargtria</span> <span class='ocrx_word' id='word_1_751' title='bbox 437 5021 464 5074; x_wconf 93' lang='lat' dir='ltr'>in</span> <span class='ocrx_word' id='word_1_752' title='bbox 477 5021 613 5078; x_wconf 89' lang='lat' dir='ltr'>monacho</span> <span class='ocrx_word' id='word_1_753' title='bbox 623 5022 751 5094; x_wconf 89' lang='lat' dir='ltr'>sacrilega</span> <span class='ocrx_word' id='word_1_754' title='bbox 764 5019 865 5078; x_wconf 87' lang='lat' dir='ltr'>dicitur</span> <span class='ocrx_word' id='word_1_755' title='bbox 877 5018 976 5093; x_wconf 90' lang='lat' dir='ltr'>duplici</span> <span class='ocrx_word' id='word_1_756' title='bbox 1030 5021 1095 5079; x_wconf 90' lang='lat' dir='ltr'>dere</span> <span class='ocrx_word' id='word_1_757' title='bbox 1110 5022 1209 5077; x_wconf 91' lang='lat' dir='ltr'>licebit.</span> 
     </span>
     <span class='ocr_line' id='line_1_88' title="bbox 180 5089 1831 5166; baseline 0.005 -27"><span class='ocrx_word' id='word_1_758' title='bbox 180 5091 296 5153; x_wconf 83' lang='lat' dir='ltr'>ratione,</span> <span class='ocrx_word' id='word_1_759' title='bbox 320 5089 438 5159; x_wconf 89' lang='lat' dir='ltr'>generali</span> <span class='ocrx_word' id='word_1_760' title='bbox 459 5097 487 5145; x_wconf 93' lang='lat' dir='ltr'>et</span> <span class='ocrx_word' id='word_1_761' title='bbox 509 5091 615 5162; x_wconf 91' lang='lat' dir='ltr'>speciali</span> <span class='ocrx_word' id='word_1_762' title='bbox 643 5112 649 5148; x_wconf 92' lang='lat'>:</span> <span class='ocrx_word' id='word_1_763' title='bbox 672 5092 805 5166; x_wconf 89' lang='lat' dir='ltr'>generali,</span> <span class='ocrx_word' id='word_1_764' title='bbox 829 5108 909 5163; x_wconf 91' lang='lat' dir='ltr'>quam</span> <span class='ocrx_word' id='word_1_765' title='bbox 931 5090 977 5148; x_wconf 92' lang='lat' dir='ltr'>hic</span> <span class='ocrx_word' id='word_1_766' title='bbox 1065 5090 1470 5158; x_wconf 59' lang='lat' dir='ltr'>‘transmontanorum</span> <span class='ocrx_word' id='word_1_767' title='bbox 1494 5097 1647 5164; x_wconf 83' lang='lat' dir='ltr'>Numquam</span> <span class='ocrx_word' id='word_1_768' title='bbox 1661 5097 1759 5164; x_wconf 82' lang='lat' dir='ltr'>potest,</span> <span class='ocrx_word' id='word_1_769' title='bbox 1774 5099 1831 5149; x_wconf 90' lang='lat' dir='ltr'>etc.</span> 
     </span>
     <span class='ocr_line' id='line_1_89' title="bbox 180 5157 1833 5247; baseline 0.005 -37"><span class='ocrx_word' id='word_1_770' title='bbox 180 5157 311 5227; x_wconf 83' lang='lat' dir='ltr'>exprimit</span> <span class='ocrx_word' id='word_1_771' title='bbox 324 5162 437 5225; x_wconf 89' lang='lat' dir='ltr'>Auctor,</span> <span class='ocrx_word' id='word_1_772' title='bbox 449 5160 511 5240; x_wconf 82' lang='lat' dir='ltr'>quia</span> <span class='ocrx_word' id='word_1_773' title='bbox 525 5161 674 5218; x_wconf 73' lang='lat' dir='ltr'>meandum</span> <span class='ocrx_word' id='word_1_774' title='bbox 684 5162 848 5235; x_wconf 90' lang='lat' dir='ltr'>Apostolum</span> <span class='ocrx_word' id='word_1_775' title='bbox 863 5164 975 5235; x_wconf 81' lang='lat' dir='ltr'>(coloss.</span> <span class='ocrx_word' id='word_1_776' title='bbox 1031 5166 1102 5221; x_wconf 84' lang='lat' dir='ltr'>Nam</span> <span class='ocrx_word' id='word_1_777' title='bbox 1115 5169 1146 5219; x_wconf 86' lang='lat' dir='ltr'>ui</span> <span class='ocrx_word' id='word_1_778' title='bbox 1157 5162 1301 5231; x_wconf 91' lang='lat' dir='ltr'>redundat,</span> <span class='ocrx_word' id='word_1_779' title='bbox 1313 5170 1340 5218; x_wconf 89' lang='lat' dir='ltr'>et</span> <span class='ocrx_word' id='word_1_780' title='bbox 1353 5178 1463 5219; x_wconf 75' lang='lat' dir='ltr'>mnsam</span> <span class='ocrx_word' id='word_1_781' title='bbox 1474 5165 1625 5247; x_wconf 90' lang='lat' dir='ltr'>suspendit,</span> <span class='ocrx_word' id='word_1_782' title='bbox 1637 5166 1677 5220; x_wconf 86' lang='lat' dir='ltr'>rel</span> <span class='ocrx_word' id='word_1_783' title='bbox 1688 5163 1833 5220; x_wconf 89' lang='lat' dir='ltr'>obscurat.</span> 
     </span>
     <span class='ocr_line' id='line_1_90' title="bbox 181 5229 1835 5308; baseline 0.007 -28"><span class='ocrx_word' id='word_1_784' title='bbox 181 5239 235 5293; x_wconf 83' lang='lat'>1¹¹3</span> <span class='ocrx_word' id='word_1_785' title='bbox 250 5231 347 5300; x_wconf 80' lang='lat' dir='ltr'>Ephes.</span> <span class='ocrx_word' id='word_1_786' title='bbox 359 5237 414 5296; x_wconf 87' lang='grc' dir='ltr'>ιιι)</span> <span class='ocrx_word' id='word_1_787' title='bbox 428 5229 603 5304; x_wconf 80' lang='lat' dir='ltr'>philargyria,</span> <span class='ocrx_word' id='word_1_788' title='bbox 622 5233 678 5291; x_wconf 86' lang='lat' dir='ltr'>sive</span> <span class='ocrx_word' id='word_1_789' title='bbox 692 5234 804 5289; x_wconf 83' lang='lat' dir='ltr'>avaritia</span> <span class='ocrx_word' id='word_1_790' title='bbox 816 5232 977 5290; x_wconf 89' lang='lat' dir='ltr'>simulacro·</span> <span class='ocrx_word' id='word_1_791' title='bbox 1066 5235 1208 5308; x_wconf 78' lang='lat' dir='ltr'>‘Apparet</span> <span class='ocrx_word' id='word_1_792' title='bbox 1220 5234 1263 5290; x_wconf 93' lang='lat' dir='ltr'>hic</span> <span class='ocrx_word' id='word_1_793' title='bbox 1276 5233 1463 5303; x_wconf 84' lang='lat' dir='ltr'>soloecismus,</span> <span class='ocrx_word' id='word_1_794' title='bbox 1477 5236 1528 5293; x_wconf 82' lang='lat' dir='ltr'>nist</span> <span class='ocrx_word' id='word_1_795' title='bbox 1541 5235 1720 5293; x_wconf 89' lang='lat' dir='ltr'>subaudiatur</span> <span class='ocrx_word' id='word_1_796' title='bbox 1734 5250 1835 5306; x_wconf 82' lang='lat' dir='ltr'>sarper-</span> 
     </span>
     <span class='ocr_line' id='line_1_91' title="bbox 180 5299 1833 5384; baseline 0.006 -34"><span class='ocrx_word' id='word_1_797' title='bbox 180 5310 254 5364; x_wconf 88' lang='lat' dir='ltr'>rum,</span> <span class='ocrx_word' id='word_1_798' title='bbox 265 5299 324 5379; x_wconf 77' lang='lat' dir='ltr'>sire</span> <span class='ocrx_word' id='word_1_799' title='bbox 335 5299 472 5382; x_wconf 83' lang='lat' dir='ltr'>idolorum</span> <span class='ocrx_word' id='word_1_800' title='bbox 483 5311 525 5357; x_wconf 87' lang='lat' dir='ltr'>est</span> <span class='ocrx_word' id='word_1_801' title='bbox 538 5303 670 5373; x_wconf 80' lang='lat' dir='ltr'>servitus,</span> <span class='ocrx_word' id='word_1_802' title='bbox 686 5305 713 5362; x_wconf 93' lang='lat' dir='ltr'>id</span> <span class='ocrx_word' id='word_1_803' title='bbox 723 5312 776 5369; x_wconf 89' lang='lat' dir='ltr'>est,</span> <span class='ocrx_word' id='word_1_804' title='bbox 786 5303 890 5374; x_wconf 89' lang='lat' dir='ltr'>species</span> <span class='ocrx_word' id='word_1_805' title='bbox 902 5319 978 5384; x_wconf 85' lang='lat' dir='ltr'>quae-</span> <span class='ocrx_word' id='word_1_806' title='bbox 1032 5307 1129 5362; x_wconf 76' lang='lat' dir='ltr'>bustel</span> <span class='ocrx_word' id='word_1_807' title='bbox 1143 5305 1209 5377; x_wconf 92' lang='lat' dir='ltr'>quid</span> <span class='ocrx_word' id='word_1_808' title='bbox 1220 5305 1309 5361; x_wconf 88' lang='lat' dir='ltr'>simile</span> <span class='ocrx_word' id='word_1_809' title='bbox 1326 5323 1332 5359; x_wconf 93' lang='lat'>:</span> <span class='ocrx_word' id='word_1_810' title='bbox 1352 5320 1416 5361; x_wconf 93' lang='lat' dir='ltr'>cum</span> <span class='ocrx_word' id='word_1_811' title='bbox 1428 5321 1487 5362; x_wconf 90' lang='lat' dir='ltr'>nou</span> <span class='ocrx_word' id='word_1_812' title='bbox 1500 5308 1667 5378; x_wconf 80' lang='lat' dir='ltr'>praecesserit</span> <span class='ocrx_word' id='word_1_813' title='bbox 1677 5306 1750 5363; x_wconf 88' lang='lat' dir='ltr'>aliud</span> <span class='ocrx_word' id='word_1_814' title='bbox 1761 5303 1833 5361; x_wconf 89' lang='lat' dir='ltr'>sub-</span> 
     </span>
     <span class='ocr_line' id='line_1_92' title="bbox 181 5364 1835 5457; baseline 0.007 -36"><span class='ocrx_word' id='word_1_815' title='bbox 181 5364 243 5449; x_wconf 85' lang='lat' dir='ltr'>dam</span> <span class='ocrx_word' id='word_1_816' title='bbox 264 5368 439 5436; x_wconf 81' lang='lat' dir='ltr'>rdololatrrae,</span> <span class='ocrx_word' id='word_1_817' title='bbox 457 5387 490 5428; x_wconf 88' lang='lat' dir='ltr'>eo</span> <span class='ocrx_word' id='word_1_818' title='bbox 507 5388 603 5440; x_wconf 89' lang='lat' dir='ltr'>sensu,</span> <span class='ocrx_word' id='word_1_819' title='bbox 619 5390 701 5457; x_wconf 86' lang='lat' dir='ltr'>quem</span> <span class='ocrx_word' id='word_1_820' title='bbox 722 5375 787 5431; x_wconf 88' lang='lat' dir='ltr'>alias</span> <span class='ocrx_word' id='word_1_821' title='bbox 804 5389 978 5445; x_wconf 80' lang='lat' dir='ltr'>exposuimus</span> <span class='ocrx_word' id='word_1_822' title='bbox 1030 5379 1191 5443; x_wconf 86' lang='lat' dir='ltr'>stantivum,</span> <span class='ocrx_word' id='word_1_823' title='bbox 1213 5391 1267 5447; x_wconf 89' lang='lat' dir='ltr'>quo</span> <span class='ocrx_word' id='word_1_824' title='bbox 1286 5374 1419 5432; x_wconf 80' lang='lat' dir='ltr'>reseratur</span> <span class='ocrx_word' id='word_1_825' title='bbox 1436 5383 1587 5441; x_wconf 81' lang='lat' dir='ltr'>contentus,</span> <span class='ocrx_word' id='word_1_826' title='bbox 1602 5379 1663 5444; x_wconf 91' lang='lat' dir='ltr'>uisi,</span> <span class='ocrx_word' id='word_1_827' title='bbox 1678 5391 1750 5432; x_wconf 78' lang='lat' dir='ltr'>otuu</span> <span class='ocrx_word' id='word_1_828' title='bbox 1760 5390 1835 5446; x_wconf 83' lang='lat' dir='ltr'>pus·</span> 
     </span>
     <span class='ocr_line' id='line_1_93' title="bbox 182 5435 1836 5524; baseline 0.004 -29"><span class='ocrx_word' id='word_1_829' title='bbox 182 5435 264 5518; x_wconf 62' lang='lat' dir='ltr'>(deb.</span> <span class='ocrx_word' id='word_1_830' title='bbox 277 5454 320 5523; x_wconf 74' lang='grc' dir='ltr'>ιιι</span> <span class='ocrx_word' id='word_1_831' title='bbox 334 5457 394 5524; x_wconf 83' lang='lat' dir='ltr'>cap.</span> <span class='ocrx_word' id='word_1_832' title='bbox 409 5449 437 5510; x_wconf 88' lang='grc'>7)</span> <span class='ocrx_word' id='word_1_833' title='bbox 450 5461 455 5496; x_wconf 95' lang='lat'><strong>:</strong></span> <span class='ocrx_word' id='word_1_834' title='bbox 469 5444 542 5515; x_wconf 90' lang='lat' dir='ltr'>atqui</span> <span class='ocrx_word' id='word_1_835' title='bbox 560 5460 652 5502; x_wconf 82' lang='lat' dir='ltr'>omnis</span> <span class='ocrx_word' id='word_1_836' title='bbox 662 5445 786 5503; x_wconf 88' lang='lat' dir='ltr'>idolatria</span> <span class='ocrx_word' id='word_1_837' title='bbox 806 5454 834 5500; x_wconf 92' lang='lat' dir='ltr'>et</span> <span class='ocrx_word' id='word_1_838' title='bbox 844 5445 978 5516; x_wconf 88' lang='lat' dir='ltr'>supersli-</span> <span class='ocrx_word' id='word_1_839' title='bbox 1031 5449 1150 5503; x_wconf 76' lang='lat' dir='ltr'>sionibus</span> <span class='ocrx_word' id='word_1_840' title='bbox 1162 5449 1305 5515; x_wconf 82' lang='lat' dir='ltr'>obdurata,</span> <span class='ocrx_word' id='word_1_841' title='bbox 1317 5447 1396 5503; x_wconf 90' lang='lat' dir='ltr'>initio</span> <span class='ocrx_word' id='word_1_842' title='bbox 1406 5463 1466 5519; x_wconf 87' lang='lat' dir='ltr'>cap.</span> <span class='ocrx_word' id='word_1_843' title='bbox 1479 5449 1554 5505; x_wconf 85' lang='lat' dir='ltr'>Vidit</span> <span class='ocrx_word' id='word_1_844' title='bbox 1564 5448 1617 5505; x_wconf 90' lang='lat' dir='ltr'>boc</span> <span class='ocrx_word' id='word_1_845' title='bbox 1628 5447 1836 5521; x_wconf 87' lang='lat' dir='ltr'>paraphrastes,</span> 
     </span>
     <span class='ocr_line' id='line_1_94' title="bbox 180 5513 1836 5600; baseline 0.007 -38"><span class='ocrx_word' id='word_1_846' title='bbox 180 5515 220 5565; x_wconf 87' lang='lat' dir='ltr'>tro</span> <span class='ocrx_word' id='word_1_847' title='bbox 246 5514 419 5584; x_wconf 83' lang='lat' dir='ltr'>sacrilegium</span> <span class='ocrx_word' id='word_1_848' title='bbox 443 5513 553 5571; x_wconf 90' lang='lat' dir='ltr'>dicitur.</span> <span class='ocrx_word' id='word_1_849' title='bbox 582 5516 662 5574; x_wconf 90' lang='lat' dir='ltr'>Unde</span> <span class='ocrx_word' id='word_1_850' title='bbox 686 5513 816 5573; x_wconf 83' lang='lat' dir='ltr'>sacrificia</span> <span class='ocrx_word' id='word_1_851' title='bbox 841 5514 978 5573; x_wconf 90' lang='lat' dir='ltr'>idolorum</span> <span class='ocrx_word' id='word_1_852' title='bbox 1031 5518 1077 5600; x_wconf 89' lang='lat' dir='ltr'>qui</span> <span class='ocrx_word' id='word_1_853' title='bbox 1099 5518 1160 5573; x_wconf 91' lang='lat' dir='ltr'>aliis</span> <span class='ocrx_word' id='word_1_854' title='bbox 1184 5517 1273 5574; x_wconf 89' lang='lat' dir='ltr'>verbis</span> <span class='ocrx_word' id='word_1_855' title='bbox 1296 5533 1383 5575; x_wconf 86' lang='lat' dir='ltr'>usus:</span> <span class='ocrx_word' id='word_1_856' title='bbox 1404 5522 1463 5578; x_wconf 85' lang='lat' dir='ltr'>Nou</span> <span class='ocrx_word' id='word_1_857' title='bbox 1480 5523 1635 5591; x_wconf 85' lang='lat' dir='ltr'>acquiescit,</span> <span class='ocrx_word' id='word_1_858' title='bbox 1658 5518 1836 5593; x_wconf 65' lang='lat' dir='ltr'>inquitisum</span> 
     </span>
     <span class='ocr_line' id='line_1_95' title="bbox 181 5584 1445 5660; baseline 0.01 -27"><span class='ocrx_word' id='word_1_859' title='bbox 181 5591 314 5639; x_wconf 87' lang='lat' dir='ltr'>vocantur</span> <span class='ocrx_word' id='word_1_860' title='bbox 341 5584 375 5640; x_wconf 87' lang='lat' dir='ltr'>ab</span> <span class='ocrx_word' id='word_1_861' title='bbox 397 5586 550 5657; x_wconf 87' lang='lat' dir='ltr'>Augustino</span> <span class='ocrx_word' id='word_1_862' title='bbox 571 5595 600 5642; x_wconf 90' lang='lat' dir='ltr'>et</span> <span class='ocrx_word' id='word_1_863' title='bbox 621 5587 681 5644; x_wconf 91' lang='lat' dir='ltr'>aliis</span> <span class='ocrx_word' id='word_1_864' title='bbox 700 5585 826 5644; x_wconf 89' lang='lat' dir='ltr'>Patribus</span> <span class='ocrx_word' id='word_1_865' title='bbox 850 5586 978 5660; x_wconf 86' lang='lat' dir='ltr'>sacrilega</span> <span class='ocrx_word' id='word_1_866' title='bbox 1026 5605 1125 5660; x_wconf 62' lang='lat' dir='ltr'>gaqum</span> <span class='ocrx_word' id='word_1_867' title='bbox 1138 5592 1295 5645; x_wconf 82' lang='lat' dir='ltr'>monasterii</span> <span class='ocrx_word' id='word_1_868' title='bbox 1305 5592 1445 5646; x_wconf 78' lang='lat' dir='ltr'>sustinere.</span> 
     </span>
     <span class='ocr_line' id='line_1_96' title="bbox 180 5656 1833 5735; baseline 0.008 -30"><span class='ocrx_word' id='word_1_869' title='bbox 180 5664 271 5735; x_wconf 81' lang='lat' dir='ltr'>sacra,</span> <span class='ocrx_word' id='word_1_870' title='bbox 300 5662 329 5710; x_wconf 92' lang='lat' dir='ltr'>ct</span> <span class='ocrx_word' id='word_1_871' title='bbox 351 5663 427 5727; x_wconf 87' lang='lat' dir='ltr'>pacta</span> <span class='ocrx_word' id='word_1_872' title='bbox 455 5672 517 5713; x_wconf 91' lang='lat' dir='ltr'>cum</span> <span class='ocrx_word' id='word_1_873' title='bbox 543 5656 717 5714; x_wconf 71' lang='lat' dir='ltr'>daemonibus</span> <span class='ocrx_word' id='word_1_874' title='bbox 743 5656 871 5731; x_wconf 89' lang='lat' dir='ltr'>sacrilega</span> <span class='ocrx_word' id='word_1_875' title='bbox 900 5667 978 5730; x_wconf 88' lang='lat' dir='ltr'>pacta</span> <span class='ocrx_word' id='word_1_876' title='bbox 1066 5662 1233 5733; x_wconf 78' lang='lat' dir='ltr'>⁸Frequens</span> <span class='ocrx_word' id='word_1_877' title='bbox 1248 5660 1293 5717; x_wconf 93' lang='lat' dir='ltr'>hic</span> <span class='ocrx_word' id='word_1_878' title='bbox 1310 5661 1413 5718; x_wconf 91' lang='lat' dir='ltr'>mentio</span> <span class='ocrx_word' id='word_1_879' title='bbox 1434 5660 1619 5718; x_wconf 89' lang='lat' dir='ltr'>Collationum</span> <span class='ocrx_word' id='word_1_880' title='bbox 1632 5660 1833 5734; x_wconf 88' lang='lat' dir='ltr'>spiritualium,</span> 
     </span>
     <span class='ocr_line' id='line_1_97' title="bbox 183 5721 1837 5807; baseline 0.008 -30"><span class='ocrx_word' id='word_1_881' title='bbox 183 5721 296 5788; x_wconf 75' lang='lat' dir='ltr'>(staca</span> <span class='ocrx_word' id='word_1_882' title='bbox 309 5727 327 5780; x_wconf 88' lang='lat' dir='ltr'>l.</span> <span class='ocrx_word' id='word_1_883' title='bbox 349 5742 397 5795; x_wconf 92' lang='grc' dir='ltr'>ιιι,</span> <span class='ocrx_word' id='word_1_884' title='bbox 410 5731 489 5798; x_wconf 80' lang='lat' dir='ltr'>epist.</span> <span class='ocrx_word' id='word_1_885' title='bbox 512 5733 559 5794; x_wconf 74' lang='lat'>¹23</span> <span class='ocrx_word' id='word_1_886' title='bbox 569 5731 599 5786; x_wconf 88' lang='lat' dir='ltr'>S.</span> <span class='ocrx_word' id='word_1_887' title='bbox 622 5730 713 5784; x_wconf 73' lang='lat' dir='ltr'>Tuom.</span> <span class='ocrx_word' id='word_1_888' title='bbox 732 5734 790 5797; x_wconf 70' lang='grc' dir='ltr'>Μ,</span> <span class='ocrx_word' id='word_1_889' title='bbox 806 5746 834 5798; x_wconf 89' lang='lat' dir='ltr'>q.</span> <span class='ocrx_word' id='word_1_890' title='bbox 847 5735 894 5799; x_wconf 83' lang='grc'>99,</span> <span class='ocrx_word' id='word_1_891' title='bbox 906 5746 933 5784; x_wconf 92' lang='lat' dir='ltr'>a.</span> <span class='ocrx_word' id='word_1_892' title='bbox 944 5735 976 5800; x_wconf 65' lang='grc' dir='ltr'>ὃς</span> <span class='ocrx_word' id='word_1_893' title='bbox 1032 5746 1093 5804; x_wconf 83' lang='lat' dir='ltr'>quae</span> <span class='ocrx_word' id='word_1_894' title='bbox 1104 5733 1175 5790; x_wconf 86' lang='lat' dir='ltr'>iuter</span> <span class='ocrx_word' id='word_1_895' title='bbox 1184 5741 1287 5790; x_wconf 79' lang='lat' dir='ltr'>veteres</span> <span class='ocrx_word' id='word_1_896' title='bbox 1297 5734 1447 5790; x_wconf 89' lang='lat' dir='ltr'>monachos</span> <span class='ocrx_word' id='word_1_897' title='bbox 1456 5733 1540 5790; x_wconf 92' lang='lat' dir='ltr'>etiam</span> <span class='ocrx_word' id='word_1_898' title='bbox 1553 5733 1582 5789; x_wconf 91' lang='lat' dir='ltr'>in</span> <span class='ocrx_word' id='word_1_899' title='bbox 1589 5732 1739 5791; x_wconf 88' lang='lat' dir='ltr'>solitudine</span> <span class='ocrx_word' id='word_1_900' title='bbox 1748 5748 1837 5807; x_wconf 66' lang='lat' dir='ltr'>agam</span> 
     </span>
     <span class='ocr_line' id='line_1_98' title="bbox 179 5797 1837 5878; baseline 0.007 -28"><span class='ocrx_word' id='word_1_901' title='bbox 179 5797 279 5854; x_wconf 79' lang='lat' dir='ltr'>uiant.</span> <span class='ocrx_word' id='word_1_902' title='bbox 303 5797 389 5855; x_wconf 84' lang='lat' dir='ltr'>dicio.</span> <span class='ocrx_word' id='word_1_903' title='bbox 404 5802 471 5857; x_wconf 76' lang='lat' dir='ltr'>lant.</span> <span class='ocrx_word' id='word_1_904' title='bbox 484 5800 532 5855; x_wconf 86' lang='lat' dir='ltr'>tu.</span> <span class='ocrx_word' id='word_1_905' title='bbox 552 5814 578 5863; x_wconf 89' lang='grc' dir='ltr'>ι,</span> <span class='ocrx_word' id='word_1_906' title='bbox 594 5816 616 5857; x_wconf 87' lang='lat' dir='ltr'>c.</span> <span class='ocrx_word' id='word_1_907' title='bbox 632 5804 680 5870; x_wconf 79' lang='lat'>213</span> <span class='ocrx_word' id='word_1_908' title='bbox 696 5800 815 5871; x_wconf 62' lang='lat' dir='ltr'>aluqust.</span> <span class='ocrx_word' id='word_1_909' title='bbox 837 5800 884 5858; x_wconf 86' lang='lat' dir='ltr'>lib.</span> <span class='ocrx_word' id='word_1_910' title='bbox 901 5800 962 5859; x_wconf 85' lang='lat' dir='ltr'>vrri</span> <span class='ocrx_word' id='word_1_911' title='bbox 1031 5811 1073 5860; x_wconf 88' lang='lat' dir='ltr'>tes</span> <span class='ocrx_word' id='word_1_912' title='bbox 1085 5801 1177 5861; x_wconf 85' lang='lat' dir='ltr'>haberi</span> <span class='ocrx_word' id='word_1_913' title='bbox 1192 5804 1290 5862; x_wconf 82' lang='lat' dir='ltr'>solitae.</span> <span class='ocrx_word' id='word_1_914' title='bbox 1310 5807 1353 5862; x_wconf 85' lang='lat' dir='ltr'>Da</span> <span class='ocrx_word' id='word_1_915' title='bbox 1364 5805 1465 5877; x_wconf 91' lang='lat' dir='ltr'>quibus</span> <span class='ocrx_word' id='word_1_916' title='bbox 1476 5819 1528 5862; x_wconf 91' lang='lat' dir='ltr'>suo</span> <span class='ocrx_word' id='word_1_917' title='bbox 1540 5805 1602 5861; x_wconf 90' lang='lat' dir='ltr'>loco</span> <span class='ocrx_word' id='word_1_918' title='bbox 1611 5804 1754 5878; x_wconf 83' lang='lat' dir='ltr'>agendum</span> <span class='ocrx_word' id='word_1_919' title='bbox 1766 5803 1837 5862; x_wconf 83' lang='lat' dir='ltr'>crit.</span> 
     </span>
    </p>
   </div>
   <div class='ocr_carea' id='block_1_22' title="bbox 0 0 1956 6148">
    <p class='ocr_par' dir='ltr' id='par_1_26' title="bbox 0 0 1956 6148">
     <span class='ocr_line' id='line_1_99' title="bbox 0 0 1956 6148; baseline 0 0"><span class='ocrx_word' id='word_1_920' title='bbox 0 0 1956 6148; x_wconf 95' lang='lat' dir='ltr'> </span> 
     </span>
    </p>
   </div>
  </div>
 </body>
</html>
