3848 6158
127 203 178 257 616
669 194 808 255 cornuis
821 182 977 249 ’6166116
997 190 1239 247 6611616666.
1724 183 1780 236 aas

125 327 236 383 lidiorcs
252 340 334 398 quam
357 338 419 393 nos,
432 323 553 381 carnales
577 323 679 378 scilicet
703 329 785 392 atque
813 319 963 386 terreni,A
980 317 1081 374 mercio
1092 326 1265 387 nequaquam
1283 325 1375 368 carere
1388 308 1548 382 poterimus.
1572 306 1685 376 Semper
1704 304 1781 360 enim

126 424 226 494 quippe
236 420 362 478 cumillis
374 419 513 492 spiritalis,
533 424 614 488 atquc
635 415 707 470 aeria
720 426 847 469 66666666
862 412 926 468 sub-
979 415 1005 469 iu
1018 410 1097 468 uobis
1112 408 1193 467 edulii
1206 416 1233 464 et
1246 420 1370 463 escarum
1389 413 1421 462 61
1433 403 1569 477 ingenitus
1592 416 1625 456 ac
1647 400 1783 455 naturalis

126 515 225 572 stantia
238 516 274 572 sit
289 515 376 586 (l'r'de
389 514 505 568 collata
522 515 546 565 ct
560 516 592 563 12
602 509 621 579 ).
979 506 1050 562 vivet
1065 507 1157 576 (Lips.
1171 506 1300 570 1616666.
1315 495 1542 572 11661161166166,
1561 493 1625 550 licet
1638 501 1783 563 amputare

412 615 535 669 CAPUT
550 612 641 667 Xllll.
979 597 1132 670 superfluos
1151 597 1209 669 ejus
1230 593 1365 667 appetitus
1387 607 1419 647 ac
1440 589 1573 646 desideria
1592 586 1783 643 festinemus:

128 714 349 784 1616666611616
365 712 564 783 comparatione
582 712 680 779 septem
694 709 814 777 6661166
832 713 926 765 616616
980 692 1127 766 (11111810111
1138 689 1284 764 lll³¹0¹¹¹¹¹ia
1305 688 1387 745 deleri
1406 702 1464 743 ⁰⁰¹¹
1481 691 1604 757 l¹⁰³⁸¹¹¹²b
1626 682 1664 738 ¹¹³
1680 681 1786 738 dfbem

464 784 604 836 l’i‘fffl'l‘m·
980 785 1098 860 quadam
1112 784 1292 842 declinatione
1301 782 1391 840 111661.
1408 783 1450 836 De
1462 779 1512 836 bac
1525 777 1568 834 eni
1572 792 1599 832 m
1609 775 1713 833 1161166
1726 795 1734 831 :
1750 778 1786 831 Et

163 888 317 941 Germanus
330 903 336 938 :
349 881 498 953 Quomodo
517 883 600 956 igitur
622 891 684 940 octo
699 891 762 939 sunt
780 882 845 939 vitia
865 898 927 955 666
980 884 1069 937 carnis
1076 894 1208 935 curcmne
1214 879 1332 946 16661116
1340 880 1369 931 la
1376 871 1616 943 desideriislllom.
1624 870 1701 940 xur)
1712 870 1784 925 Dum

127 993 177 1035 uos
188 979 358 1050 impugnant,
375 992 437 1033 cum
448 992 497 1051 per
508 979 622 1051 Moysen
634 975 927 1048 septemdioumeratae
981 976 1064 1048 bujns
1076 990 1140 1048 ergo
1155 989 1228 1031 curae
1243 987 1329 1046 quam
1347 969 1522 1043 precipimur
1542 981 1601 1023 non
1620 980 1669 1038 per
1688 963 1786 1021 omnia
1817 1001 1819 1005 -

127 1070 181 1126 sint
196 1077 291 1142 gentes
303 1085 364 1142 666
373 1068 550 1126 adversantur
558 1067 661 1142 populo
670 1070 764 1138 lsrael,
779 1069 820 1126 vel
829 1084 927 1141 quem·
980 1069 1148 1136 abscindere,
1168 1066 1216 1125 ssd
1237 1066 1340 1138 absque
1361 1062 1503 1121 desideriis
1521 1059 1659 1127 exhibere,
1679 1059 1788 1116 retine-

128 1161 280 1219 admodum
307 1172 395 1220 terras
417 1165 553 1221 61116666
578 1162 758 1221 commodum
783 1163 865 1221 nobis
886 1173 929 1221 est
981 1180 1044 1222 mus
1057 1162 1201 1232 affectum,
1222 1160 1362 1218 evidenter
1387 1157 1541 1234 Egyptian
1564 1155 1707 1212 nationem
1729 1168 1788 1210 non

128 1256 284 1332 possidere?
980 1258 1189 1331 exstinguimus,
1205 1255 1255 1314 661
1264 1255 1298 1312 sb
1317 1255 1375 1327 ipsa
1391 1252 1510 1325 quadam
1531 1248 1694 1308 discretione
1705 1263 1788 1321 seps-

413 1354 534 1411 011111
554 1355 652 1410 livill.
980 1368 1083 1422 66666,
1099 1369 1155 1409 666
1166 1351 1201 1408 16
1220 1349 1364 1425 superfluis
1376 1364 1424 1406 seu
1445 1344 1608 1403 lautioribus
1620 1343 1720 1416 [epulis
1737 1358 1789 1399 co-

128 1459 270 1528 Responsio
287 1457 417 1527 quomodo
434 1458 577 1513 secandam
591 1458 727 1512 61661116
738 1460 795 1511 octo
806 1456 926 1525 6661166
980 1448 1108 1521 61166166,
1121 1447 1180 1516 661,
1191 1445 1344 1503 secundum
1357 1441 1532 1515 Apostolum,
1541 1440 1614 1496 61616
1625 1437 1790 1511 quotidiano

360 1545 488 1584 1111111111
499 1530 653 1599 1111111111·
981 1543 1196 1613 indumentoque
1207 1538 1328 1595 contenti
1339 1537 1369 1608 (1
1382 1534 1525 1606 11611).
1541 1530 1624 1604 Quod
1635 1533 1672 1588 ita
1684 1531 1791 1604 figura·

164 1628 295 1700 Serapiou
314 1631 400 1685 :Octo
423 1644 483 1685 esse
501 1628 660 1702 principalia
668 1628 737 1711 'vitia
751 1643 814 1700 quae
838 1629 928 1701 impu-
982 1629 1789 1708 1666111616166666161666Ν66616616616616Μ66

129 1732 213 1795 gnant
226 1723 404 1792 monachum,
423 1732 586 1780 cunctorum
599 1723 723 1779 absoluta
734 1720 869 1778 sententia
880 1730 929 1779 est.
946 1724 970 1788 B
986 1732 1142 1800 11666616
1158 1729 1242 1796 (anti
1251 1727 1341 1783 incola
1351 1728 1460 1781 mterra
1473 1723 1531 1794 6166
1546 1722 1663 1794 (Denter.
1677 1722 1792 1792 xxttr).

129 1819 198 1888 Quae
209 1819 359 1892 1111111111
370 1819 424 1876 ⁸⁰¹³
442 1821 566 1893 8111111111
580 1803 713 1875 1051111110
725 1818 875 1885 ”miniter
895 1818 935 1875 id·
987 1820 1241 1882 Necessarinsenim
1257 1817 1343 1875 rictus
1357 1817 1477 1889 corpori,
1498 1831 1555 1872 non
1568 1830 1623 1872 nus
1639 1815 1679 1870 vel
1698 1813 1790 1886 ipsius
1864 1800 1867 1811 '

129 1915 200 1971 circo
207 1931 280 1971 nunc
290 1916 384 1972 omnia
396 1929 453 1971 non
465 1922 613 1987 ponuntur,
626 1927 659 1969 ec
670 1911 745 1985 qnod
754 1911 869 1985 egressis
876 1911 933 1984 jam
987 1914 1156 1991 permcievel
1173 1915 1272 1971 anime
1289 1911 1390 1968 scelere
1410 1910 1567 1982 denegatur.
1577 1907 1693 1979 11116166
1716 1921 1789 1962 sero

130 2012 164 2069 de
185 2014 303 2083 AEgypto
323 2018 352 2066 ct
374 2008 493 2065 liberatis
516 2008 551 2063 ab
571 2022 627 2063 una
651 2015 731 2080 geute
755 2006 933 2068 validissima,
985 2020 1090 2085 septem
1104 2008 1355 2082 perturbationum,
1366 2005 1441 2063 16161
1452 2002 1618 2061 omnimodis
1628 2004 1792 2067 noxiarum,

132 2105 159 2162 11
169 2115 221 2174 est,
233 2105 434 2177 AEgyptiorum,
446 2106 565 2174 Moyses,
573 2101 616 2157 vel
628 2103 775 2174 peripsum
784 2102 932 2173 Dominus,
985 2107 1020 2164 de
1043 2104 1196 2163 recessibus
1220 2103 1318 2160 animae
1337 2109 1438 2158 uostrae
1462 2101 1571 2173 penitus
1588 2096 1793 2155 examinandi

131 2200 158 2256 in
171 2197 385 2255 Deuteronomio
407 2195 569 2268 loquebatur
588 2195 707 2266 (Denter.
722 2212 765 2253 vu
775 2199 795 2269 1.
812 2200 880 2270 Quae
901 2196 935 2253 fi·
986 2209 1051 2257 sunt
1064 2206 1165 2255 motus.
1181 2201 1223 2254 De
1235 2194 1278 2254 bis
1291 2196 1364 2252 enim
1383 2196 1422 2251 ita
1440 2192 1539 2251 dicitur
1553 2212 1559 2248 :
1574 2193 1666 2250 06616
1689 2192 1795 2246 66661-

131 2307 199 2362 gura
216 2293 241 2346 in
252 2291 333 2347 uobis
345 2305 453 2363 quoque
463 2290 617 2346 rectissime
626 2299 699 2348 stare
712 2291 932 2364 deprehenditur,
987 2294 1061 2357 1616,
1071 2295 1128 2361 ira,
1137 2292 1336 2360 etindtqnatio,
1345 2291 1488 2356 etclamor,
1500 2291 1526 2343 et
1535 2285 1795 2359 blaspbemantia-
1839 2363 1843 2370 .

130 2383 176 2453 qui
188 2381 322 2440 16666611
342 2381 445 2452 laqueis
459 2380 585 2453 expediti,
608 2382 815 2456 gastrimargia,
830 2382 858 2439 11
880 2391 932 2449 est,
982 2392 1032 2443 tur
1045 2387 1142 2441 666116
1157 2400 1217 2440 666
1227 2384 1417 2439 omnimalitt'a
1429 2378 1790 2453 (speculariorum

132 2477 236 2533 ventris
249 2477 290 2534 vel
303 2477 373 2550 gulae
383 2477 448 2532 nitio
459 2475 580 2533 caruisse
591 2475 793 2550 cognoscimur.
808 2477 934 2535 Etbabe-
986 2481 1138 2539 Fornicatio
1152 2483 1242 2534 66166
1252 2480 1373 2534 6166616
1386 2477 1559 2531 immundius
1573 2479 1598 2529 et
1611 2476 1797 2533 6666116661

131 2572 261 2644 musjam
281 2580 376 2628 contro
400 2570 450 2628 bas
469 2569 593 2627 residuas
612 2581 716 2644 septem
737 2580 831 2645 gentes
851 2572 933 2631 simili
985 2578 1138 2631 nominetur
1147 2576 1177 2629 16
1188 2574 1270 2637 nobb,
1285 2576 1334 2627 aut
1348 2571 1500 2642 turpitudo,
1516 2573 1566 2625 661
1574 2570 1794 2640 stultiloquam,

131 2669 236 2723 ratione
252 2666 423 2734 conflictum,
447 2666 538 2738 prima
551 2666 655 2724 scilicet
675 2667 811 2740 quaejam
832 2666 932 2726 divicta
985 2666 1532 2740 6616661111661116166.1116666666
1541 2680 1607 2738 ergo
1618 2664 1797 2737 horumque

131 2761 673 2834 6616161666666616166616661166
690 2769 762 2818 terra
782 2761 811 2818 in
826 2778 932 2836 posses·
984 2772 1099 2822 naturae·
1110 2761 1303 2836 superinducta
1324 2768 1389 2817 sunt
1403 2760 1508 2817 radices
1529 2757 1693 2815 abscindere
1710 2758 1794 2817 vitio·

131 2857 237 2913 sionem
247 2856 341 2914 lsraeli
353 2872 410 2912 non
424 2855 514 2922 dator,
528 2853 575 2911 scd
589 2862 620 2911 ut
631 2856 739 2913 deserat
753 2870 814 2912 eam
837 2873 932 2929 perpe·
983 2845 1178 2925 66616666
1194 2870 1259 2919 sero
1272 2854 1471 2928 gastrimargiae
1489 2867 1663 2925 nequaquam
1690 2852 1796 2911 valebi-

131 2957 188 3016 tuo,
204 2959 231 3005 et
245 2949 400 3022 egrediatur
412 2950 447 3005 ab
460 2963 505 3015 en,
520 2947 634 3005 Domini
646 2949 828 3020 praeceptione
841 2949 931 3005 sauci-
984 2936 1048 3010 mus
1063 2959 1212 3024 amputare.
1224 2953 1287 3008 Nou
1309 2949 1385 3008 enim
1409 2962 1565 3021 possumus,
1588 2946 1797 3020 quantumlibet

132 3049 186 3097 tur.
203 3044 238 3097 Et
255 3041 356 3099 idcirco
375 3043 412 3098 ita
431 3050 496 3099 sunt
510 3041 676 3099 moderanda
687 3040 800 3115 1616616,
824 3049 855 3099 61
875 3059 931 3100 666
985 3046 1190 3121 profecerimus,
1205 3044 1234 3102 id
1245 3060 1301 3101 non
1314 3059 1373 3101 esse
1384 3041 1458 3116 quod
1473 3041 1622 3099 noscimur.
1651 3029 1746 3111 Quod
1756 3042 1796 3101 116

131 3148 242 3188 necesse
262 3133 297 3188 sit
319 3148 367 3204 per
389 3134 644 3192 immoderationem
664 3135 848 3204 cononentiae,
871 3151 933 3208 666
947 3126 971 3191 C
985 3149 1227 3207 6666666616,
1246 3139 1292 3210 661
1309 3153 1405 3195 sumus
1426 3136 1532 3209 exigui,
1554 3149 1639 3206 quam
1661 3135 1795 3193 omnium
1830 3163 1835 3169 ·

132 3225 282 3281 defectione
295 3227 383 3282 carnis
396 3228 437 3282 661
449 3229 605 3286 1616611616
618 3237 820 3299 contractaest,
834 3233 933 3291 reverti
988 3236 1171 3310 perfectorum
1186 3234 1239 3290 vita
1254 3241 1283 3288 et
1296 3230 1509 3298 conversatione,
1530 3235 1724 3296 monstratur;
1748 3229 1795 3302 qui

132 3334 230 3375 rursus
251 3319 284 3375 ad
312 3322 641 3394 AEgyptioromterram,
667 3323 694 3382 id
717 3332 767 3396 est,
792 3324 934 3397 pristinam
989 3346 1052 3387 cum
1067 3326 1395 3400 reliquarumpassionum
1403 3323 1550 3380 reciderint
1560 3322 1699 3391 stimulos,
1710 3331 1796 3395 atque

132 3414 204 3487 gulae
216 3422 245 3472 et
262 3415 351 3472 caruis
364 3417 621 3491 concupiscentiam,
636 3434 729 3493 quam,
750 3436 814 3476 cum
828 3403 932 3479 mundo
985 3437 1109 3480 666666
1122 3429 1181 3479 1616
1188 3421 1289 3477 666116
1303 3418 1409 3476 fervore
1425 3426 1452 3474 et
1464 3416 1589 3489 corporis
1598 3423 1729 3489 expetant
1741 3431 1794 3472 oa·

133 3511 195 3567 buia
208 3512 472 3583 abrenuntiaremus,
499 3515 658 3587 abjecimus.
681 3501 761 3589 Quod
781 3515 934 3591 figuraliter
986 3512 1079 3583 ditate,
1092 3513 1269 3572 6111661666
1285 3510 1435 3585 6661111661
1461 3509 1549 3566 victus
1576 3507 1745 3581 providentia
1763 3517 1795 3565 et

133 3606 171 3661 1111
186 3609 306 3678 perpessi
320 3616 383 3665 snut
395 3609 442 3680 qui
452 3609 552 3682 egressi
565 3609 594 3665 in
603 3608 780 3666 solitudinem
789 3611 932 3680 virtutum,
986 3609 1070 3665 annui
1082 3607 1158 3680 panis
1168 3605 1366 3681 preparatione
1376 3612 1516 3678 nequeunt
1524 3603 1644 3660 liberari.

131 3708 144 3735 ⁸
165 3713 258 3755 rursus
285 3699 507 3757 desideraverunt
531 3699 599 3756 ollas
624 3698 748 3757 carnium
764 3714 847 3773 super
864 3717 934 3775 quas
1281 3709 1402 3766 CAPUT
1419 3710 1487 3765 xx.

132 3792 261 3857 sedebant
275 3794 300 3852 in
315 3796 432 3868 AEgypto
449 3794 545 3866 (Num.
565 3793 627 3865 11).
737 3790 740 3797 ’
770 3868 776 3883 ,
987 3807 1435 3877 116661666666161666616,61
1463 3805 1671 3861 simetitndinem
1692 3807 1796 3878 aqurloe

418 3898 642 3954 6666666166,
735 3938 737 3942 ,
1150 3883 1310 3950 comparatae
1330 3877 1625 3948 (intemperatae).

133 4003 185 4056 Cur
198 4005 276 4057 66166
291 4002 405 4071 1166611
417 4015 481 4070 qens
493 3999 591 4069 deseri,
610 3998 784 4070 6611666666
801 3999 934 4070 iubentur
1021 3988 1035 4024 ‘¹
1048 3984 1280 4059 Η11111811138ἰοιὶἰὸ
1295 3982 1391 4057 figurae
1404 3998 1457 4056 ll¹¹³
1474 3997 1584 4039 necesse
1605 3990 1648 4038 ⁰⁸²
1665 3984 1796 4053 (11111111ῑῦ

460 4074 607 4142 ecstinqni.
986 4082 1134 4153 spiritalem
1157 4092 1354 4150 summumque
1375 4076 1544 4134 monachum
1569 4077 1719 4145 coarctari,
1733 4093 1796 4148 pro-

168 4177 247 4246 Quod
261 4184 357 4233 autum
372 4175 416 4232 illa
429 4192 495 4249 gens
509 4177 536 4233 iu
549 4193 601 4252 qua
619 4175 675 4232 nati
689 4185 755 4234 6661
774 4175 823 4233 filii
839 4176 931 4233 lsrael.
988 4177 1044 4249 pris
1057 4176 1125 4233 satis
1148 4173 1244 4247 aquilae
1270 4170 1444 4229 similitudine
1455 4170 1622 4243 designatur.
1637 4172 1709 4242 Quae
1730 4186 1794 4227 cunr

55 4248 62 4263 ’
131 4271 305 4340 nonpeuitus
324 4271 467 4343 exstingui,
482 4271 530 4329 sed
556 4271 749 4328 tantummodo
769 4270 856 4328 deseri
875 4254 933 4343 ejus
987 4269 1168 4327 excelsissimo
1179 4269 1272 4325 volatu
1284 4267 1354 4325 ultra
1370 4266 1485 4323 nubium
1507 4264 1590 4323 fuerit
1613 4265 1793 4324 altitudinem

133 4368 203 4415 terra
219 4361 382 4433 praecipitur,
397 4363 442 4418 bae
456 4380 520 4420 vero
533 4373 637 4437 septem
656 4364 792 4436 usquead
813 4365 932 4421 interne·
987 4361 1141 4429 sublimata,
1155 4375 1267 4433 seseque
1290 4361 1323 4418 ab
1343 4359 1431 4417 oculis
1451 4367 1614 4416 cunctorum
1626 4360 1792 4417 mortalium

133 4451 241 4505 cionem
261 4451 393 4521 jubentur
415 4454 560 4526 exsangui,
592 4454 652 4510 baec
677 4455 746 4510 ratio
769 4464 829 4512 est:
860 4455 933 4528 quod
987 4470 1046 4511 666
1063 4452 1791 4521 166161661616116661666616611,6666666166111616

133 4539 410 4616 66661611161661666
432 4544 540 4617 spiritus
558 4547 681 4601 succensi
704 4561 829 4602 eremum
849 4549 933 4604 virtu·
948 4523 974 4585 Ῑ)
988 4549 1045 4604 166
1063 4546 1198 4617 submitti,
1217 4556 1245 4603 61
1257 4548 1291 4604 ad
1301 4557 1407 4604 terrena
1419 4545 1594 4614 descendere,
1610 4562 1643 4602 ac
1666 4548 1792 4603 mortici-

134 4644 193 4693 tum
208 4633 342 4694 fuerimus
356 4635 480 4709 ingressi,
494 4636 630 4694 vicinitate
642 4653 674 4694 ac
692 4638 849 4711 magisterio
872 4654 933 4712 gas·
988 4643 1033 4699 nis
1043 4641 1219 4699 cadaveribus
1231 4641 1372 4715 implicari,
1384 4642 1486 4698 ventris
1497 4641 1657 4697 necessitate
1671 4641 1792 4712 compet-

135 4733 297 4806 inmergite,
323 4740 350 4789 61
371 4731 578 4806 quodammodo
593 4731 752 4804 quotidiano
776 4734 834 4807 ejus
856 4750 934 4792 com·
988 4737 1061 4792 litur.
1085 4736 1193 4807 Quibus
1217 4735 1438 4794 manifestissime
1460 4738 1656 4808 comprobatur
1685 4736 1790 4792 indiciis

681 4895 807 4951 Abolani
827 4897 938 4952 dazisi
958 4897 1239 4954 COMMENTARIUS.

171 5056 184 5081 ⁸
199 5047 234 5100 1).
254 5046 436 5118 Hieronymus
447 5049 496 5103 lib,
509 5063 533 5103 rr
548 5047 677 5105 adversus
687 5049 863 5105 Jovinianum
874 5065 934 5123 cap.
988 5051 1107 5118 petonem
1117 5051 1205 5104 cibem
1218 5054 1419 5118 conterrentes,
1433 5065 1527 5105 carnes
1538 5053 1683 5120 AEqyptias
1698 5053 1790 5121 suspi-

138 5125 171 5172 10
185 5136 192 5173 :
206 5120 322 5189 Ejectns,
342 5118 440 5189 iuquit,
466 5120 499 5173 de
520 5123 633 5190 AEqypto
732 5122 773 5175 lus
796 5122 888 5184 lsrael,
911 5127 936 5176 et
989 5123 1101 5177 661661.

136 5193 164 5242 in
180 5196 277 5245 166666
291 5191 505 5260 repromissionis
516 5191 583 5244 lacte
596 5196 621 5245 et
635 5194 687 5246 mel
698 5208 712 5245 6
725 5196 878 5246 manantem
890 5196 935 5247 16-
1025 5193 1037 5228 ‘¹
1057 5193 1125 5249 Vide
1139 5193 1295 5250 Cassianum
1308 5192 1355 5249 lib.
1372 5209 1388 5246 1
1410 5193 1528 5251 16611161.
1548 5208 1608 5265 cap.
1625 5199 1654 5259 8,
1680 5200 1708 5250 61
1729 5207 1790 5248 seu·

136 5262 325 5322 traducendas,
348 5263 609 5331 acupenserem,
635 5268 661 5316 et
680 5277 804 5333 pqrorres,
828 5264 936 5332 altaque
987 5264 1501 5335 16611661).(16666611111666116166.

136 5331 394 5402 (16116661111661.
417 5346 470 5386 616
479 5348 491 5400 ,·
504 5334 584 5388 Num.
604 5343 662 5402 xc).
680 5336 798 5398 11116666,
812 5333 936 5458 16661126(Ξ
1025 5335 1275 5406 ⁶Gastrimargiam
1290 5335 1342 5393 boc
1357 5337 1417 5392 loco
1437 5328 1597 5408 improprie,
1619 5338 1707 5392 immo
1726 5335 1791 5391 abn-

136 5402 567 5471 6111666666666666616116616
588 5408 662 5458 terra
681 5405 803 5473 AEqqpti,
828 5418 882 5471 666
989 5406 1055 5471 6166,
1066 5406 1151 5461 sumit
1164 5406 1246 5461 61166
1269 5424 1318 5480 pro
1341 5409 1494 5464 neccssaria
1515 5408 1638 5479 corporis
1659 5407 1790 5463 alimonia

136 5487 216 5541 super
230 5472 296 5527 ollas
310 5475 431 5528 6666166
444 5474 606 5529 sedebamus.
622 5478 658 5532 st
676 5477 782 5531 t'terrtm.
802 5473 867 5540 Quis
888 5489 935 5529 nos
989 5484 1100 5544 etcura,
1112 5486 1234 5549 utsupra
1250 5479 1428 5536 cenodoxiam
1448 5496 1498 5551 pro
1517 5479 1715 5552 cujuscumque
1734 5478 1792 5551 glo·

134 5548 225 5615 pascet
237 5545 380 5600 6666111661
393 5546 508 5601 Veniunt
521 5549 668 5601 tumentem
677 5547 754 5600 nobis
764 5545 860 5614 pisces,
869 5561 934 5614 qnos
988 5548 1037 5604 riae
1051 5548 1189 5613 bumanae,
1210 5550 1292 5607 etiam
1305 5551 1376 5607 licito
1394 5559 1422 5607 ct
1435 5550 1590 5606 rationabili
1602 5552 1737 5622 appetitu.

137 5616 167 5668 in
180 5617 295 5684 AEpypto
313 5617 513 5672 comedebamus
525 5619 622 5686 pratis,
635 5621 661 5671 et
674 5629 830 5677 6661666666,
846 5621 872 5670 61
888 5633 936 5687 pc·
1024 5608 1037 5650 d
1051 5620 1196 5691 Dionysius
1215 5621 1253 5676 sic
1267 5622 1434 5692 simplicius:
1454 5623 1651 5692 1166666616,
1674 5630 1730 5677 616.
1749 5623 1792 5677 De

137 5700 226 5755 portes,
240 5688 935 5758 616661616666,616111666166666616666616
988 5690 1083 5762 nquilae
1098 5700 1204 5758 natura,
1218 5693 1310 5749 volatu
1328 5693 1459 5750 altissimo
1471 5701 1498 5750 et
1507 5693 1668 5761 voracitate,
1688 5691 1724 5749 dc
1738 5706 1792 5767 qua

136 5755 230 5820 arida;
243 5759 314 5812 nibil
327 5761 489 5814 6161166666
503 5759 571 5812 oncle
581 5761 668 5813 crestal
681 5759 853 5828 6666611661.
878 5761 935 5814 An·
989 5761 1044 5828 bic,
1065 5762 1445 5834 quasiinundantes.
