3848 6158
128 224 182 281 teti
667 229 835 289 COLLATIO
853 230 911 289 xii.
930 260 966 275 -
984 232 1030 289 DE
1047 230 1250 291 casalinis.
1732 242 1788 299 890

129 348 249 408 lantibus
268 350 372 409 ratione
392 352 548 411 uerissime
566 354 772 427 comprobatur.
790 356 928 429 Quidquid
942 360 1119 431 Apotierint,
1130 360 1269 430 tietitiisu
1282 362 1486 433 Patremeoqui
1496 364 1608 421 ineolis
1620 369 1660 421 cet
1673 366 1785 433 (daut.

128 442 279 503 enimcum
293 444 387 503 labore
399 448 605 517 comprimitur,
615 451 779 523 temporales
789 451 931 510 dimimnti
983 460 1085 523 xvrtt).
1100 454 1229 527 Quisquis
1247 470 1312 529 ergo
1327 465 1338 492 ²
1352 455 1543 515 intellectualis
1556 458 1629 516 illius
1642 458 1741 529 Jacob,
1755 459 1785 517 id

129 547 243 610 praestat
267 539 401 611 inducias,
415 557 474 600 non
491 550 587 601 tamen
600 551 757 617 perpetuam
778 546 931 603 recantatis
983 557 1046 617 est,
1071 550 1286 623 supplantatoris
1309 551 1511 610 transcenderit
1534 552 1668 625 gradum,
1686 553 1785 611 abilin

130 634 249 704 quietem
267 634 366 692 tribuit
379 644 442 708 post
455 634 588 723 laborem.
602 637 743 711 Quidquid
757 646 850 697 eutem
864 654 929 712 pro·
983 645 1162 703 continentiae
1185 646 1383 703 colluctatione
1403 662 1436 703 ec
1463 648 1684 721 supplantatione
1709 648 1789 707 titio-

128 722 213 783 iunda
233 724 429 787 iueriteirtute
443 728 594 799 devictum,
610 729 713 803 absque
724 732 781 788 ulia
792 731 930 803 inquietu-
982 752 1056 803 rum,
1070 736 1261 811 obstupefacto
1275 736 1392 795 semotis
1411 754 1506 805 nervo,
1528 740 1564 797 ad
1577 740 1686 799 israelis
1697 742 1785 799 meri-

128 817 203 875 dinis
226 821 379 892 suspicione
396 822 580 895 compositum
593 864 602 889 ,
615 821 714 895 jugem
735 823 808 897 pacis
831 823 929 880 victori
982 839 1045 887 tum
1065 836 1194 905 perpetua
1217 832 1309 889 cordis
1327 832 1477 890 directione
1498 834 1672 892 conscendet.
1695 837 1785 907 Quem

128 914 253 973 conseret
267 918 435 975 firmitatem.
451 918 639 989 Quamobrem
653 919 740 977 donec
751 920 854 994 pulsari
877 935 929 977 nos
983 924 1108 982 ordinem
1121 927 1204 982 etiam
1218 926 1315 984 beatus
1336 926 1424 984 David
1442 928 1478 983 ita
1499 928 1617 1001 Spiritus
1637 930 1725 986 macti
1739 944 1785 986 ra·

128 1013 217 1069 carnis
230 1014 420 1071 commotione
433 1016 578 1084 sentimus,
592 1018 752 1073 noverimus
769 1015 866 1073 nosad
880 1030 929 1072 ca-
982 1019 1140 1077 ticinatione
1162 1020 1296 1087 distinxit,
1318 1020 1345 1078 in
1368 1020 1466 1093 primis
1484 1022 1627 1094 inquiens,
1643 1028 1730 1081 Notus
1754 1026 1785 1081 io

127 1105 228 1164 utitatis
249 1108 368 1165 necdum
386 1110 541 1182 peruenisse
559 1108 684 1181 fastigia,
707 1109 755 1166 sed
767 1109 859 1166 adbuc
877 1108 929 1165 sub
982 1114 1077 1171 indua
1088 1116 1170 1181 Deus,
1182 1112 1209 1170 id
1223 1122 1276 1182 est,
1292 1113 1320 1169 in
1334 1114 1425 1170 anima
1439 1130 1502 1185 quae
1517 1115 1608 1171 adbuc
1626 1115 1678 1172 sub
1689 1132 1784 1188 pecea-

129 1199 289 1261 infirmitate
308 1203 484 1263 continentia
508 1204 674 1261 constitutos
684 1203 786 1276 pretiis
800 1202 928 1277 fatigari,
982 1214 1074 1263 torum
1091 1205 1265 1263 confessione
1277 1206 1423 1273 retinetur,
1436 1206 1534 1264 ludoea
1555 1208 1630 1264 enim
1641 1207 1780 1267 confessio

128 1293 270 1366 inquibus
288 1312 399 1355 necesse
412 1304 457 1355 est
470 1297 571 1355 dubios
590 1312 702 1369 semper
724 1311 785 1355 esse
804 1305 927 1354 eventus.
983 1300 1200 1373 interpretatur:
1223 1300 1253 1357 iu
1265 1300 1349 1358 lsrael
1364 1309 1473 1365 numm,
1494 1300 1524 1357 id
1545 1310 1603 1371 est,
1628 1302 1657 1358 in
1681 1317 1715 1359 eo
1737 1303 1785 1375 qui

128 1388 211 1460 Quod
222 1397 315 1446 atatem
333 1390 514 1449 inevitabilem
534 1406 594 1448 esse
610 1390 824 1446 commotionem
837 1389 928 1447 earnis
981 1394 1057 1452 videt
1071 1397 1168 1463 Deum,
1182 1396 1238 1451 sive
1258 1398 1299 1461 (ut
1318 1395 1430 1467 quidam
1444 1396 1669 1469 interpretantur)
1686 1397 1783 1455 rectis·

127 1482 181 1539 boc
192 1493 315 1541 astruere
329 1486 452 1543 voluistis
463 1485 575 1553 indicio,
587 1484 742 1557 quodeane
751 1484 803 1558 ipsi
815 1484 929 1557 quidem
981 1489 1070 1546 simus
1079 1489 1130 1546 Dei
1143 1498 1196 1558 est,
1209 1504 1268 1546 non
1285 1490 1376 1545 solum
1385 1497 1479 1558 notus,
1493 1491 1542 1547 ned
1556 1490 1640 1547 etiem
1650 1506 1785 1563 magnum

127 1577 242 1633 eunuchi
268 1593 362 1635 carere
381 1579 498 1651 demptis
515 1577 681 1652 genitalibus
699 1586 825 1651 possunt,
840 1579 929 1634 scien-
981 1590 1024 1639 est
1035 1598 1138 1638 nomen
1161 1583 1229 1656 ejus.
1253 1581 1362 1639 Deinde
1380 1582 1416 1640 nd
1434 1582 1597 1640 sublimiora
1621 1600 1673 1641 uos
1687 1600 1785 1656 proro-

130 1670 197 1728 dum
213 1680 276 1728 est·
289 1688 346 1729 non
357 1673 526 1730 eiscarueies
537 1681 621 1731 aestus
631 1688 682 1729 nec
694 1670 825 1729 affectum
838 1671 930 1729 libidi-
981 1692 1058 1743 eans,
1079 1692 1113 1732 ac
1128 1676 1222 1733 rolens
1240 1676 1324 1733 etiam
1348 1677 1439 1734 locum
1460 1677 1552 1749 ipsum
1566 1694 1622 1750 quo
1646 1678 1785 1735 Dominus

99 1764 103 1771 ’
132 1762 186 1833 nis,
205 1764 253 1822 sed
267 1764 358 1823 solam
371 1765 467 1823 satiem
484 1766 671 1840 generationis
684 1766 779 1822 deesse
790 1764 928 1821 virtutem.
943 1796 968 1859 B
983 1770 1143 1839 delectatur,
1156 1769 1298 1827 estendere
1312 1789 1319 1825 ε
1335 1774 1371 1828 lit
1383 1773 1475 1839 suctu
1489 1776 1540 1839 est,
1561 1770 1661 1844 inquit,
1676 1776 1706 1827 in
1719 1788 1787 1843 pree

131 1863 214 1921 Unde
226 1863 402 1921 manifestum
417 1872 510 1922 estne
525 1864 588 1922 ilios
601 1865 713 1937 quidem
724 1864 748 1922 si
762 1864 797 1922 td
811 1865 882 1921 banc
895 1865 931 1922 ad
982 1868 1056 1922 leertt
1073 1867 1148 1935 ejece,
1163 1865 1191 1922 id
1215 1873 1271 1931 est,
1293 1880 1350 1922 non
1376 1866 1404 1923 in
1421 1866 1556 1922 conilietu
1572 1865 1732 1923 certaminis
1758 1875 1787 1923 et

131 1974 217 2031 quam
228 1976 280 2017 nos
295 1962 410 2018 nitimur
423 1962 587 2030 mstimtem,
601 1964 717 2034 cupiunt
728 1964 881 2035 pervenire,
895 1962 931 2019 ab
983 1956 1176 2013 colluctatione
1197 1957 1348 2025 vitiorum,
1374 1957 1424 2014 sed
1441 1955 1651 2015 incastimonite
1677 1973 1745 2031 pace
1757 1966 1786 2015 et

132 2052 289 2110 bumilitate
299 2062 328 2111 et
340 2053 505 2111 contritione
522 2054 663 2112 cordisvel
678 2056 855 2113 continentiae
870 2056 930 2111 dis-
984 2050 1012 2107 in
1030 2050 1123 2108 cordis
1141 2050 1335 2122 tranquillitate
1346 2060 1486 2123 perpetua.
1510 2055 1593 2109 llunc
1606 2052 1692 2125 igitur
1709 2053 1785 2125 pacis

131 2145 259 2202 trictione
274 2146 373 2205 debere
389 2146 486 2216 laxari,
499 2147 563 2205 licet
583 2162 759 2222 nequaquam
777 2149 814 2205 sit
826 2148 931 2205 discre-
985 2144 1076 2201 locum
1104 2144 1285 2201 exstinctione
1311 2146 1464 2202 carnalium
1490 2146 1648 2218 passionum
1672 2147 1696 2203 si
1723 2146 1786 2220 quis

130 2238 254 2297 (lendum
273 2242 382 2299 minore
398 2242 432 2299 ab
446 2243 486 2299 eis
497 2241 689 2299 matimoninm
704 2257 784 2315 posse
797 2240 933 2299 leboreeo
984 2238 1118 2296 meruerit
1129 2238 1262 2302 obtinere,
1274 2254 1309 2297 ex
1323 2239 1377 2297 boc
1397 2241 1664 2313 quoqueproiiciens
1682 2240 1785 2313 pedu,

132 2333 223 2391 studio
238 2335 442 2407 comprehendi.
985 2344 1019 2387 ac
1036 2335 1049 2369 ‘¹
1068 2331 1133 2388 Sion
1144 2330 1288 2403 spiritalis,
1303 2330 1333 2388 id
1349 2340 1410 2399 eet,
1427 2331 1536 2405 specula
1548 2332 1601 2389 Dei
1614 2346 1786 2405 consequen-

434 2428 555 2485 CAPUT
567 2430 621 2485 xi.
984 2432 1027 2479 ter
1039 2422 1164 2491 eliscus,
1176 2426 1229 2482 erit
1248 2428 1333 2482 etiam
1351 2426 1482 2484 habitatio
1495 2426 1562 2498 eius
1575 2429 1639 2484 lion
1661 2426 1737 2483 enirn
1756 2428 1786 2485 in

132 2519 209 2587 Quod
219 2520 451 2576 maeliumintersit
462 2524 533 2577 inter
546 2522 930 2577 metitotemeieoatituutiam.
985 2518 1116 2574 conilictu
1129 2518 1316 2585 continentia,
1339 2518 1387 2575 sed
1406 2519 1433 2574 in
1445 2518 1503 2592 jugi
1526 2519 1659 2577 virtutum
1673 2519 1785 2593 specula

167 2613 359 2686 Quamobrem
376 2614 505 2686 perfectio
527 2615 661 2672 eastitatis
676 2631 691 2671 a
705 2614 849 2673 laboriosis
862 2631 932 2672 eon-
986 2612 1121 2668 Dominus
1142 2619 1343 2679 commoratur,
1366 2612 1413 2668 ubi
1431 2614 1490 2684 jam
1504 2628 1559 2668 non
1575 2612 1714 2683 retundit,
1727 2630 1786 2670 non

131 2707 258 2765 tinentiae
271 2708 433 2767 rudimentis
452 2716 584 2781 perpetua
603 2708 802 2781 tranquillitate
827 2708 932 2765 discer-
984 2705 1162 2778 comprimit,
1183 2704 1279 2762 sedin
1300 2714 1465 2778 perpetuum
1487 2704 1625 2779 confregit
1645 2707 1784 2778 potentias

130 2804 217 2860 nitur.
227 2805 296 2861 llaee
309 2812 351 2861 est
370 2804 446 2861 enirn
471 2818 543 2862 rum
562 2804 768 2860 consummatio
788 2804 932 2869 castitatis,
985 2816 1112 2869 arcuum,
1127 2798 1266 2873 exquibus
1278 2799 1401 2856 videlicet
1413 2800 1561 2857 adversum
1574 2814 1627 2856 nos
1639 2799 1785 2858 libidinum

130 2912 195 2970 quae
213 2913 270 2954 non
280 2899 443 2970 impugnans
454 2898 569 2956 carnaiis
584 2899 812 2972 concupiscentiae
827 2907 931 2969 motus,
986 2892 1127 2966 cuondam
1146 2891 1236 2965 jacula
1258 2891 1445 2965 dirigebantur
1475 2892 1570 2965 ignita.
1595 2892 1702 2951 Videtis
1720 2908 1787 2966 ergo

131 2992 182 3047 sed
204 2999 265 3047 toto
277 2990 390 3047 horrore
403 2992 558 3060 detestans,
570 2994 666 3065 jugem
688 3001 770 3065 atque
789 2993 932 3050 inviolabi·
986 2987 1050 3060 quia
1061 2986 1134 3043 sicut
1146 3001 1203 3042 non
1220 2993 1263 3042 est
1276 2986 1303 3041 in
1316 2985 1507 3043 colluctatione
1524 2987 1719 3057 continentiae,
1734 2987 1783 3044 sed

131 3083 188 3139 lem
203 3084 244 3139 sui
270 3082 369 3139 retinet
387 3079 574 3155 puritatem,b
594 3100 646 3141 nec
666 3094 757 3158 potest
775 3084 851 3142 aliud
868 3085 933 3157 quid
986 3079 1016 3135 in
1029 3080 1162 3136 castitatis
1178 3094 1243 3152 pace
1261 3080 1338 3136 loeus
1357 3080 1488 3151 Domini,
1503 3080 1540 3137 ita
1553 3081 1638 3139 etiam
1652 3080 1786 3139 habitatio

131 3191 292 3248 essequam
313 3178 455 3235 sanctitas.
476 3179 538 3233 Hoc
554 3178 723 3243 eutemiiet,
744 3176 855 3251 quando
873 3178 931 3248 J'am
948 3171 1045 3253 c⁰l⁰⁸
1069 3172 1097 3227 in
1134 3170 1242 3245 specula
1264 3168 1303 3228 ¹sit
1324 3180 1353 3227 et
1379 3173 1611 3245 contemplatione
1642 3173 1785 3233 virtutum.

131 3268 263 3328 desinens
276 3286 341 3328 earo
353 3272 483 3329 adsersus
500 3272 630 3344 spiritum
644 3272 849 3344 concupiscere,
861 3271 933 3329 desi·
987 3264 1069 3321 Unde
1081 3281 1137 3321 non
1150 3266 1289 3322 immerito
1309 3275 1396 3338 portat
1409 3266 1476 3323 Sion
1486 3270 1593 3325 cunctis
1604 3268 1788 3326 tabemeeuiis

130 3364 217 3424 deriis
231 3367 292 3439 ejus
312 3367 460 3439 virtutique
472 3367 650 3434 consenserit,
672 3365 859 3439 eoeperintque
875 3366 926 3421 sibi
987 3359 1073 3416 Jacob
1099 3358 1282 3431 praeferuntur
1304 3379 1311 3415 :
1331 3362 1428 3429 Diligit
1447 3360 1521 3417 enim
1544 3365 1673 3419 Dominio
1692 3368 1787 3433 portos

130 3460 250 3517 inuicem
276 3475 342 3532 pace
369 3461 526 3517 firmissima
553 3460 700 3529 ioedemri,
727 3468 756 3517 et
783 3458 933 3516 meandum
987 3454 1052 3511 siba
1065 3468 1144 3524 super
1158 3454 1247 3507 omitia
1261 3452 1438 3507 iebematula
1450 3454 1530 3509 deb
1542 3454 1630 3524 lPsal.
1646 3458 1786 3522 lxxiiii·

132 3554 334 3628 psalmographi
373 3557 537 3613 sententiam
564 3554 747 3627 habitaverint
779 3553 877 3611 iratres
904 3555 934 3611 in
987 3549 1068 3620 Quod
1094 3556 1187 3606 autem
1211 3564 1260 3621 per
1282 3548 1337 3605 hoe
1362 3549 1545 3607 inevitabilem
1571 3564 1631 3607 esse
1661 3565 1785 3609 commo

131 3665 222 3707 unum
239 3653 326 3717 (Ptol.
342 3652 467 3723 castra),
482 3651 556 3708 iiiam
571 3650 932 3724 repromissameDomino
986 3644 1088 3701 iiontm
1113 3644 1203 3701 camis
1223 3643 1367 3712 mritis,
1385 3644 1459 3716 quod
1480 3646 1558 3702 urina
1581 3661 1645 3703 cum
1669 3646 1787 3703 'isicem

131 3742 330 3805 beatitudinem
344 3744 516 3817 possidentes
527 3747 562 3801 de
575 3760 627 3817 qua
642 3745 682 3802 eit
701 3746 753 3801 :Si
765 3746 819 3801 dato
832 3760 867 3801 eo
883 3760 933 3801 eo·
982 3741 1041 3816 jugi
1066 3741 1241 3799 instillatione
1267 3743 1430 3815 repleverit,
1457 3743 1546 3814 quieta
1570 3744 1652 3799 etiem
1675 3744 1788 3801 suscitet

130 3838 357 3896 bismiueaseriut
364 3845 561 3910 eupatorium,
570 3840 603 3895 de
612 3840 686 3894 omiti
698 3856 727 3894 re
737 3854 932 3909 quemcumque
985 3836 1121 3906 membra,
1145 3836 1211 3893 licet
1230 3835 1302 3893 teris
1322 3834 1503 3893 sectatoribus
1518 3836 1647 3909 puritatis
1664 3835 1700 3892 ad
1713 3834 1786 3891 obii·

678 3980 805 4035 bLthDl
825 3980 938 4035 Gazffit
958 3980 1238 4038 COMMENTARIUS.

129 4106 166 4163 sit
180 4106 277 4177 integri
296 4113 325 4161 et
334 4102 413 4159 liberi
426 4102 529 4159 arbitrii
537 4144 545 4169 ,
557 4110 585 4159 et
596 4100 699 4185 judieii,
715 4102 737 4158 si
759 4104 928 4173 consentiat,
982 4104 1075 4161 dinem
1088 4105 1195 4185 caeteris
1209 4103 1352 4176 proniores
1364 4118 1437 4185 esse.¹
1447 4106 1482 4159 Et
1493 4107 1529 4185 D.
1538 4103 1726 4175 Hieronymus
1736 4102 1785 4160 lib.

128 4192 187 4233 non
202 4177 286 4232 hebet
299 4190 355 4247 quo
367 4182 528 4239 excusorum
550 4173 693 4230 dormiens
704 4190 779 4241 vero,
794 4190 857 4231 cum
875 4189 929 4229 non
982 4191 993 4231 r
1009 4174 1038 4229 in
1048 4176 1225 4230 Jovinaanum
1236 4195 1243 4230 ε
1256 4178 1288 4230 ln
1301 4178 1417 4245 imapum,
1430 4182 1529 4247 inquit,
1538 4189 1712 4300 murramque
1724 4176 1787 4231 iibi-

127 4248 231 4305 ltebeat
243 4245 361 4301 liberum
375 4244 486 4301 rationis
500 4260 591 4314 usum,
605 4261 656 4301 nec
666 4246 821 4301 consentire
829 4252 929 4318 potest,
983 4248 1074 4302 dinem
1084 4250 1204 4301 anacetus
1246 4247 1308 4301 odo.
1321 4246 1426 4315 Quibus
1433 4252 1567 4301 consonat
1576 4245 1660 4303 iliaSa
1671 4244 1781 4302 emonis

127 4334 185 4375 nec
208 4315 365 4383 dissentire,
389 4316 503 4387 proinde
519 4332 571 4372 nec
594 4315 663 4372 bene
680 4332 760 4389 agere
780 4332 830 4373 nec
847 4317 928 4372 maie.
982 4318 1142 4373 sententia:
1159 4318 1214 4387 Spq
1264 4318 1434 4387 complectens
1451 4319 1593 4388 virgenere,
1610 4321 1785 4445 ettuffsirous

130 4392 168 4446 Ei
180 4388 239 4441 tileo
251 4388 324 4456 quod
337 4389 397 4457 opit
410 4390 555 4455 dormiens,
566 4404 619 4443 non
631 4390 819 4459 impietatum·
829 4388 868 4442 od
879 4389 931 4443 etti-
984 4390 1073 4462 (Pron
1089 4387 1170 4459 xrs),
1185 4390 1248 4460 quie
1262 4388 1395 4445 nimirum
1405 4389 1500 4460 nequit
1511 4390 1619 4459 explere
1633 4387 1680 4444 libi
1699 4389 1783 4457 inem,

126 4475 209 4533 pam,
222 4461 291 4513 suut
302 4460 428 4513 rteeillud
438 4460 511 4529 quod
524 4462 584 4529 agit
595 4462 718 4528 semones
729 4460 930 4527 autumarent
984 4470 1013 4519 et
1026 4459 1099 4529 quod
1113 4460 1241 4515 ardenter
1253 4462 1357 4585 agpetit
1371 4474 1453 4531 opere
1466 4461 1614 4532 complere.

132 4532 164 4587 S.
179 4528 300 4585 Thomas
316 4532 338 4597 (t
350 4546 392 4600 p.,
408 4548 436 4601 q.
456 4536 484 4594 8,
500 4536 554 4585 oet.
572 4536 604 4589 8.
623 4538 684 4595 2·2,
698 4548 726 4601 q.
743 4534 806 4599 154,
821 4535 876 4585 ort.
891 4504 970 4599 ill)
1017 4523 1133 4586 ”Etiam
1146 4530 1210 4587 alibi
1225 4532 1270 4599 (Li
1287 4573 1294 4586 .
1311 4546 1343 4587 vr
1357 4535 1490 4601 rintorp.
1500 4536 1533 4586 15
1544 4536 1570 4586 et
1586 4534 1629 4601 iii)
1645 4531 1786 4589 contendit

127 4599 513 4673 llineD.Prosperlib.1ude
525 4600 585 4655 Vita
597 4600 880 4672 contemplativamp.
894 4606 929 4657 6:
984 4600 1492 4674 Cassiannscestitatemabdpostoio
1509 4602 1567 4657 desi
1606 4610 1680 4657 atam
1694 4602 1784 4657 nomi·

129 4674 218 4739 uena,
229 4671 495 4743 inquit,ubsentibus
505 4672 932 4743 pierumqueimaqinidusddee-
984 4686 1019 4726 ne
1033 4672 1259 4730 sanctificationis
1276 4682 1305 4729 et
1324 4672 1524 4731 sanctimoniae.
1544 4674 1556 4724 l
1619 4672 1700 4725 essai.
1726 4686 1781 4725 av:

130 4749 218 4807 tatur,
229 4745 333 4811 offecto
345 4744 502 4807 eontuliter,
508 4744 630 4798 utaintiu
638 4744 756 4797 sordida
761 4746 932 4812 cogitationis
984 4744 1048 4799 litae
1059 4748 1098 4799 est
1108 4747 1234 4801 colunias
1245 4747 1296 4801 Det'
1306 4745 1483 4813 euoetfflcotio
1495 4746 1596 4796 emera.
1607 4742 1642 4795 iit
1653 4738 1688 4795 ad
1698 4739 1783 4795 llebr.

130 4815 280 4871 intentione
286 4814 444 4881 delinquen
453 4815 507 4869 sibi
514 4815 645 4882 imagines
658 4828 797 4883 cauponem
808 4814 932 4868 uidentur
983 4828 1023 4869 xta
1038 4818 1150 4870 :l‘ueem
1167 4816 1309 4869 sectemini
1322 4830 1383 4869 urm
1397 4812 1517 4867 emendus
1532 4815 1558 4865 et
1568 4812 1783 4880 tentamentum,

130 4884 304 4954 (implorari,
319 4886 366 4939 sed
379 4900 502 4955 coepero.
518 4888 587 4941 Hinc
605 4889 644 4939 est
662 4884 734 4955 qttoti
747 4885 792 4939 iile
814 4888 931 4953 eorporis
985 4886 1109 4954 steteque
1119 4886 1309 4939 auuottidebit
1321 4888 1416 4940 amm.

129 4958 234 5027 paean,
246 4955 295 5023 quat·
307 4958 339 5027 fit
356 4958 385 5009 in
396 4956 590 5011 dormientibus
609 4957 666 5009 sine
680 4957 775 5025 culpo,
794 4956 932 5009 intedum
1020 4956 1086 5009 ⁰Dc
1096 4963 1212 5024 utraque
1225 4956 1444 5020 nomenclatura,
1464 4952 1550 5009 Jacob
1564 4962 1591 5009 et
1603 4953 1720 5021 israelis,
1734 4953 1783 5011 de·

130 5026 312 5097 oeqt'lunte'bus
325 5030 464 5096 coretiaqut
475 5044 509 5082 ea
520 5028 608 5097 euripo.
624 5027 712 5081 Aliud
725 5029 795 5081 eoam
809 5027 933 5095 estquod
985 5039 1039 5095 que
1051 5024 1221 5079 intellectuali
1235 5024 1294 5079 sive
1314 5024 1473 5097 intelligibili
1488 5026 1586 5094 iacob,
1611 5026 1719 5097 egimus
1729 5027 1783 5082 aiio

130 5101 163 5153 in
175 5099 322 5153 domnicata
333 5100 374 5167 fit,
387 5097 668 5166 ulittdqttoduiqilurts
680 5098 810 5165 (uetiti
821 5102 933 5151 nuituu-
986 5094 1057 5151 loco.
1071 5094 1140 5150 Vide
1156 5094 1292 5164 pluralib.
1306 5095 1401 5152 vnde
1415 5098 1548 5153 incarnat
1568 5113 1627 5169 cap.
1641 5104 1669 5153 9.

131 5170 197 5225 liter
205 5169 346 5239 plenitudo
360 5170 525 5223 demotites
556 5168 642 5233 iliter,
654 5170 696 5222 itie
708 5170 826 5237 liupila-r
835 5182 932 5222 coatrae·
1021 5154 1036 5199 ‘¹
1052 5169 1092 5221 lta
1106 5174 1134 5220 et
1148 5168 1185 5221 D.
1208 5166 1392 5238 Hieronymus
1406 5166 1603 5239 interpretatur
1619 5182 1668 5237 ep..
1680 5170 1735 5221 te:
1750 5168 1783 5222 lo

156 5242 263 5295 ‘scentia
274 5240 439 5309 publicetur.
453 5240 506 5295 Sed
535 5254 571 5293 erc
580 5239 855 5309 eonmtpr'seentioillie
868 5241 933 5307 eigi-
985 5238 1059 5306 Sion,
1072 5238 1103 5292 id
1113 5243 1163 5307 eet,
1171 5240 1202 5293 in
1215 5240 1334 5309 spectile,
1350 5242 1380 5293 in
1389 5240 1555 5295 aribiimiiute
1566 5240 1724 5309 dogmatum
1738 5242 1782 5293 ot·

180 5312 252 5365 libas
263 5311 332 5364 bunc
343 5312 414 5366 elicit
425 5314 542 5379 diaeum,
551 5310 649 5379 quibus
658 5326 708 5380 per
719 5310 933 5381 (mdeteoiloquin
982 5324 1033 5379 que
1043 5312 1183 5364 uirtutum.
1195 5311 1321 5363 iaiaitima
1335 5310 1477 5365 credentis.
1492 5313 1524 5365 lit
1535 5310 1601 5367 alibi
1612 5311 1702 5379 :stou
1717 5324 1779 5379 quae

130 5382 273 5439 sorditiam
287 5384 455 5437 commoverit
468 5385 630 5465 appetitum,
643 5392 696 5436 etc.
986 5382 1181 5451 interpretatur
1194 5382 1311 5451 speculo,
1324 5396 1352 5435 eo
1366 5381 1438 5451 quod
1453 5384 1485 5436 in
1498 5386 1586 5437 monte
1596 5384 1649 5436 sito
1662 5382 1715 5449 sit,
1725 5396 1779 5435 ura

169 5454 183 5485 ¹
212 5454 254 5507 De
277 5452 465 5523 spadonibus,
487 5468 544 5508 save
568 5451 719 5517 eunuchis,
742 5450 801 5508 larse
825 5450 934 5507 disserit
984 5454 1495 5523 eoeotur:reliquoouteenurbispurs
1508 5453 1656 5507 imitatem
1669 5451 1780 5515 diodor,

134 5524 169 5579 D.
183 5522 301 5579 Basilius
315 5522 364 5578 lili.
375 5522 410 5578 de
421 5524 490 5579 Vera
507 5524 683 5595 i'irginitate,
702 5520 749 5579 ubi
769 5522 832 5578 iilos
846 5538 930 5577 eunu-
986 5537 1046 5591 quare
1056 5524 1135 5591 pateis
1147 5522 1424 5593 reppellubrutriebue
1435 5524 1567 5577 eteniam.
1579 5526 1620 5579 De
1633 5523 1700 5579 Sion
1710 5524 1783 5594 spiri·

130 5593 201 5651 elios
225 5593 394 5665 damnatqui
409 5594 519 5651 tuendae
532 5594 664 5651 eastitatis
676 5608 759 5650 rausa
771 5592 876 5664 seipsos
889 5608 932 5647 ex·
984 5592 1031 5647 tali
1045 5592 1131 5648 muita
1155 5594 1261 5649 entdite
1282 5601 1310 5649 et
1330 5595 1439 5665 prolixe
1461 5596 1559 5649 Petnrs
1574 5596 1736 5651 llercborius
1754 5594 1782 5649 in

130 5672 288 5727 secuerunt,
300 5674 332 5720 ut
351 5664 481 5747 Origenes
496 5682 504 5718 ε
519 5666 692 5738 ostenditque
711 5664 868 5736 hujusmodi
886 5662 932 5719 ho·
984 5678 1034 5719 suo
1054 5664 1153 5720 ntoraii
1168 5664 1335 5721 Dictionario
1346 5708 1353 5731 ‚
1365 5665 1411 5721 ubi
1421 5665 1552 5721 lateralia
1568 5666 1722 5739 signiileata
1740 5666 1781 5720 in·

131 5736 223 5793 mines
236 5744 379 5800 castratos,
393 5736 455 5791 lecet
467 5736 501 5791 ed
510 5736 615 5791 coitum
631 5734 932 5807 inhabilee,majoribus
984 5742 1151 5809 terpretatur
1163 5738 1229 5794 Sion
1240 5737 1408 5811 religionem,
1422 5737 1478 5793 site
1493 5738 1668 5811 religiosum.

131 5808 251 5865 luxuriat
265 5807 383 5864 stimulis
397 5806 492 5879 agitari
505 5822 537 5863 ac
547 5798 709 5879 peruigeri,
723 5813 806 5878 atque
818 5808 848 5863 in
867 5805 930 5861 libi-
