3848 6158
29 676 37 684 “
132 681 219 741 uitiis,
232 681 390 732 irascamur.
407 675 469 735 llaec
483 680 510 728 et
530 671 582 727 alia
600 673 634 725 l).
648 668 796 739 Gregorius
814 669 843 724 in
862 683 935 724 cam·

110 222 178 288 ,331
802 203 942 262 tondetis
961 204 1113 262 casstelt'l
1734 210 1791 281 332

130 340 224 399 omnis
237 340 277 397 ira
289 338 400 396 tollatur
418 353 433 394 a
452 335 541 405 vobis,
554 333 660 392 nullam
672 332 782 406 penitus
796 331 869 388 velut
881 346 930 388 ne·
945 334 973 397 Α
985 330 1134 388 cessariam
1150 338 1178 387 et
1191 328 1287 386 utilem
1298 329 1380 387 nobis
1401 328 1514 400 excepit.
1528 331 1540 362 ³
1553 327 1789 401 Delinquentem·

680 439 809 494 ntxntn
827 438 940 494 GAZAEl
958 435 1239 494 COMMENTARIUS.
1321 478 1328 493 .

132 536 314 607 linquentibus
326 535 427 589 colunt.
443 532 474 589 Si
487 533 557 585 enim
566 529 717 599 mouimus,
730 531 761 581 ut
773 542 830 590 nos,
843 542 935 582 amare
988 525 1014 583 id
1029 533 1081 592 est,
1096 523 1278 592 ulciscentes),
1301 522 1478 606 cbamssimt;
1491 523 1538 578 sed
1557 524 1719 581 dotciacum
1737 527 1792 584 ira

130 610 307 679 precipimur
312 625 320 673 ;
330 609 413 660 restat
421 604 495 657 utsic
503 617 592 656 earum
602 599 825 667 erratibus‚sieut
836 600 935 654 nostres
988 595 1127 723 Scrigrtum
1137 604 1177 652 est
1185 596 1259 652 enim
1271 616 1280 677 ².
1290 595 1520 677 llilricmdictam,
1531 598 1557 648 et
1566 611 1613 665 epo
1624 598 1790 681 retribuam.

988 672 1019 722 4ο
1063 681 1146 722 inan
1173 675 1246 722 reeta
1274 674 1438 732 intentione,
1464 680 1563 736 nempe
1590 673 1619 723 ut
1648 683 1792 738 proximus
1827 677 1839 688 ⁸

133 747 198 806 dem
209 748 381 805 sententiam.
394 743 450 800 Ubi
464 742 585 814 primum
597 741 722 797 observet
732 741 817 796 lector
828 747 934 812 postre-
986 736 1161 806 emendetur,
1183 736 1288 810 justitia
1311 745 1337 793 et
1360 736 1504 808 disciplina
1526 745 1659 804 serretur,
1679 748 1790 799 ettam

133 821 188 876 mis
202 819 290 874 uerbis
303 815 425 873 recitatis
444 813 524 870 tacite
537 811 699 885 reprehendi
716 819 844 869 nostrum
864 811 931 867 Cas·
986 809 1033 881 qui
1046 808 1117 867 laesit
1128 823 1210 879 quam
1221 809 1270 890 'alii
1283 808 1309 862 in
1326 808 1510 890 posterumnab
1524 808 1624 880 injuria
1638 825 1793 894 coercean-

133 891 253 957 sianum,
273 895 321 944 aut
341 889 387 957 qui
403 885 565 946 Cassianum
583 899 640 941 non
656 891 730 940 recte
750 882 932 955 intelligentes
985 888 1045 947 tur,
1068 877 1117 935 sed
1135 895 1168 935 ex
1181 878 1246 935 odio
1261 887 1289 961 et
1303 879 1505 961 malevolentia,
1521 877 1574 935 boc
1589 887 1792 963 est,·ea1ntsn-

134 967 232 1032 putant
241 956 432 1015 tantummodo
441 955 532 1022 nobis,
545 970 593 1011 seu
604 954 705 1010 nostris
718 954 862 1022 erratibus,
873 966 932 1008 non
986 952 1071 1019 tione,
1085 950 1154 1032 utel
1168 950 1239 1006 male
1253 957 1353 1032 senuero.
1365 964 1439 1005 enim
1454 958 1496 1006 est
1507 957 1585 1006 actus
1600 950 1667 1033 adri,
1680 960 1707 1010 et
1719 971 1792 1013 con-

134 1032 219 1087 etiam
238 1029 372 1102 proximis
391 1027 547 1084 enantibus
565 1034 594 1081 et
612 1025 835 1098 delinquentibus
850 1024 930 1080 licere
986 1030 1028 1079 tra
1050 1021 1211 1103 charitatem
1223 1036 1379 1103 ‘proximu'
1391 1034 1446 1092 quo
1460 1021 1594 1103 modode
1611 1037 1650 1105 rra
1667 1024 1796 1086 solemus

135 1102 231 1158 irasci·
246 1117 308 1156 curn
321 1100 357 1155 sit
370 1097 516 1169 utrobique
529 1096 625 1153 eadem
641 1096 719 1153 ratio
734 1098 803 1152 Nam
818 1094 840 1152 si
851 1092 933 1151 nobis
987 1094 1014 1148 lo
1034 1092 1076 1159 ui,
1093 1108 1157 1148 cnm
1177 1092 1295 1148 dicimus
1314 1091 1442 1148 tinnitum
1463 1107 1523 1149 esse
1544 1108 1642 1174 irasci,
1666 1096 1742 1154 unde
1764 1107 1794 1157 et

135 1146 280 1228 irascimur
291 1179 400 1241 propter
416 1167 550 1225 ollensam
563 1168 628 1233 Dei,
643 1183 692 1223 cur
706 1183 761 1222 non
777 1167 872 1223 eadem
887 1181 935 1222 ra-
989 1109 1111 1245 edgaris·
1121 1163 1160 1219 ira
1174 1163 1275 1246 dicitur
1286 1171 1380 1218 motus
1394 1163 1498 1221 scilicet
1509 1165 1594 1220 animi
1611 1166 1683 1249 male
1695 1169 1793 1227 rolen-

135 1244 210 1300 tione
225 1243 357 1315 proximis
373 1245 462 1296 Deum
474 1236 682 1296 offendentibus
694 1238 865 1294 irascamur?
883 1238 935 1293 Se·
988 1234 1023 1290 tis
1036 1234 1113 1290 alieri
1128 1233 1163 1290 ob
1179 1250 1206 1288 ιιι
1218 1250 1307 1291 uriam
1324 1242 1478 1307 acceptam,
1495 1243 1521 1291 et
1534 1234 1637 1294 dolores
1651 1237 1792 1298 ultionem

136 1314 229 1371 cundo
242 1329 275 1369 ex
294 1311 385 1382 verbis
401 1309 623 1368 antecedentibus
641 1308 773 1366 discimus
785 1307 855 1363 iram
876 1322 940 1368 esse,
990 1304 1148 1388 expetentis.
1161 1249 1216 1388 Sed
1233 1313 1309 1361 etex
1338 1376 1343 1387 Ι
1363 1314 1403 1362 rte
1414 1305 1499 1378 ipsius
1511 1308 1796 1392 motusseu'impetus

136 1384 289 1456 duplicem,
303 1385 419 1440 alteram
432 1382 534 1439 bonam
552 1382 586 1451 etj
601 1380 701 1437 rationi
713 1387 934 1447 consentaneam,
990 1392 1048 1443 rrae,
1065 1392 1144 1433 ranis
1160 1375 1254 1433 rudem
1268 1391 1315 1432 mo
1336 1392 1360 1432 rs
1371 1384 1506 1458 peccatur,
1522 1377 1589 1434 dum
1601 1380 1643 1435 rel
1655 1382 1795 1441 immede·

136 1455 251 1513 alteram
274 1456 376 1511 malam
402 1461 430 1510 et
455 1452 593 1508 vitiosam.
622 1454 672 1507 Est
698 1450 772 1507 enim
796 1450 835 1506 ira
864 1450 934 1507 bona
988 1449 1074 1504 ratius
1087 1446 1254 1517 effervescit,
1269 1447 1310 1503 rel
1323 1446 1423 1504 diutius
1439 1464 1524 1530 quam
1574 1459 1640 1506 rest
1649 1451 1793 1522 perduret.

137 1533 165 1582 et
191 1526 348 1592 laudabilis,
373 1525 462 1608 primo
486 1537 549 1579 cum
577 1521 702 1590 diabolo,
735 1522 848 1595 ejusque
874 1536 936 1604 sug·
992 1517 1538 1602 QuaconsiderntioneD.Gregoriustln]
1557 1523 1732 1604 wileradu.
1748 1528 1797 1594 8²)

138 1598 307 1671 gestionibus
321 1594 428 1652 lortrter
437 1594 604 1663 resistimus,
625 1601 652 1649 et
668 1601 750 1664 eaput
763 1592 896 1664 serpentis
910 1606 938 1647 ιιι
992 1598 1112 1662 quatuor
1125 1591 1174 1646 irae
1185 1591 1289 1661 species
1302 1605 1349 1646 seu
1361 1590 1463 1673 gradus
1476 1590 1558 1647 distm
1597 1600 1619 1647 rt
1630 1600 1657 1649 et
1668 1593 1796 1669 depingit

137 1669 195 1740 ipso
216 1676 327 1734 exortu,
350 1675 381 1723 ut
403 1665 468 1721 alias
489 1664 673 1729 dictumest,
695 1665 863 1719 conterimus
880 1662 940 1718 :sic
995 1661 1037 1716 his
1060 1661 1170 1718 uerbis:
1192 1662 1347 1726 Sciendum,
1370 1670 1471 1734 inquit,
1494 1678 1546 1732 quo
1584 1666 1727 1723 nonrrullos
1750 1669 1795 1724 ira

139 1739 265 1797 Christus
273 1746 436 1794 tentatorem
444 1736 530 1792 iratus
539 1734 750 1807 repulit,dieens
756 1735 864 1801 (blattis.
874 1737 939 1801 ιιι);
995 1735 1075 1787 citius
1087 1734 1216 1796 accendit,
1229 1733 1342 1802 facilius
1354 1734 1467 1797 deserit,
1486 1733 1626 1790 nonnullos
1640 1751 1702 1792 uero
1714 1739 1796 1796 tarde

141 1811 227 1873 Vade,
240 1811 354 1872 satana,
366 1810 495 1878 scriptum
510 1810 549 1860 cst
560 1807 640 1873 enim,
656 1813 720 1861 etc·
739 1803 858 1861 secundo
872 1821 935 1862 cum
952 1811 976 1873 Β
988 1804 1097 1874 quidem
1108 1809 1259 1872 commonet,
1274 1805 1321 1860 sed
1334 1805 1438 1859 diutius
1453 1809 1533 1861 tenet.
1549 1805 1611 1862 Alii
1619 1822 1737 1879 nomque
1749 1825 1796 1866 oc·

137 1881 305 1953 nobisipsis,
318 1880 371 1935 lroc
388 1887 440 1946 est,
454 1876 558 1933 nostris
578 1876 670 1948 pravis
688 1847 851 1943 adfectibus,
864 1876 937 1949 cupi·
990 1877 1074 1931 cmsis
1083 1875 1195 1930 colomis
1205 1877 1389 1959 similandam
1399 1877 1506 1960 oodbres
1517 1882 1699 1962 perstrepunt,
1712 1883 1798 1951 masi

138 1951 273 2008 ditatibus
293 1959 322 2007 et
339 1949 412 2005 ritiis
430 1962 638 2014 succensemus,
653 1954 680 2003 et
694 1955 725 2003 ut
738 1947 884 2004 Cassianus
900 1947 938 2005 ait
1010 1947 1121 2002 uosdam
1130 1948 1598 2011 meantonrssuasonrtusrcddunt,
1611 1952 1722 2007 ctcrtius
1732 1955 1797 2022 qui·

139 2026 232 2094 (lutra
255 2039 278 2078 a,
298 2029 313 2077 7
338 2026 363 2077 et
385 2022 428 2088 8),
441 2028 537 2075 corrtra
560 2016 728 2074 lascivientes
748 2018 835 2074 animi
851 2019 938 2075 nostri
991 1964 1052 2073 dem
1066 2020 1329 2087 (tammamluciunt,
1344 2020 1390 2073 sed
1400 2020 1524 2090 protinus
1538 2021 1568 2074 in
1580 2020 1681 2086 lucilio
1692 2024 1794 2093 tripes

139 2103 232 2150 motus
256 2093 429 2164 indignantes
440 2089 600 2157 lremimus,
620 2096 648 2144 et
665 2087 747 2161 digna
771 2089 939 2160 poenitentiae
992 2090 1793 2164 cunt.Aliiliqrrisqr·arioribusdurioribusquenoudiqrores,

139 2164 245 2220 fructus
258 2161 475 2229 iacimus-,tertio
483 2170 547 2215 cunt
557 2174 622 2230 erga
631 2157 730 2216 iratres
740 2176 787 2216 seu
798 2160 939 2232 proximos
992 2163 1171 2216 accensionem
1183 2160 1260 2216 tarde
1271 2162 1431 2231 suscipiunt,
1446 2161 1493 2216 sed
1503 2166 1590 2217 tamen
1600 2167 1705 2220 accensi
1715 2167 1796 2222 senet

140 2234 329 2304 delinquentes
342 2241 369 2287 et
391 2234 481 2287 Deum
499 2228 672 2287 oltendentes
692 2231 751 2287 zelo
765 2231 879 2303 justitiae
896 2231 938 2289 vel
994 2232 1137 2302 difficilius
1146 2233 1510 2301 cestioquuniurmtqmnse
1517 2233 1796 2307 bordiersinosperita·

140 2305 281 2361 clrnritatis
295 2309 514 2369 commoremur,
528 2316 628 2373 eosque
641 2299 683 2356 rel
692 2300 810 2358 fraterne
824 2303 940 2375 corripi·
995 2312 1048 2358 tem
1059 2306 1201 2365 concinent,
1211 2305 1316 2370 terrores
1326 2306 1371 2358 sui
1381 2304 1482 2358 diutius
1494 2306 1583 2373 iqacm
1595 2312 1711 2362 renunt.
1723 2308 1794 2372 dlii,

139 2391 220 2443 mus,
235 2376 275 2432 rel
299 2375 425 2431 subditos
446 2388 478 2428 ex
499 2371 593 2429 allicio
613 2373 754 2454 punimus.
774 2373 940 2499 Bakusmodi
994 2375 1795 2448 quodnequiusest,ctcitiusiracundioellommasaem'piunt,

140 2447 212 2504 iram
227 2447 296 2503 solet
311 2445 448 2516 Scriptura
463 2443 552 2499 zelum
569 2443 767 2514 Detappellare
783 2459 819 2499 :o
857 2459 940 2514 quem
995 2450 1021 2499 et
1035 2445 1298 2514 tordiusdeponunt.
1312 2446 1796 2506 Nonnullieerobosettardcsnsei-

139 2534 197 2575 non
209 2518 298 2574 solum
310 2519 430 2588 bloyses,
446 2513 578 2583 Phineos,
596 2513 722 2582 Samuel,
741 2513 840 2583 Dario,
854 2515 940 2583 Elias,
991 2517 1084 2586 piant,
1099 2520 1125 2569 ct
1138 2517 1217 2570 cilices
1232 2517 1371 2571 amittunt.
1384 2518 1416 2571 ln
1428 2518 1527 2587 quibus
1540 2518 1666 2573 nimirum
1675 2522 1797 2589 quatuor

140 2598 168 2645 ct
183 2590 227 2645 alii
246 2588 296 2645 riri
309 2587 397 2644 sancti
413 2600 577 2659 magnopere
595 2584 840 2653 commendantur3
853 2586 941 2644 sedet
994 2586 1080 2642 modis
1092 2585 1418 2656 liquidolcctoroqnoscit,
1432 2590 1498 2657 quia
1509 2589 1798 2659 etadtranquillitotis

140 2660 265 2718 Christus
276 2659 413 2716 Dominus
422 2656 549 2714 eumdem
562 2655 590 2711 in
600 2657 688 2726 seipso
698 2656 799 2728 saepius
808 2656 939 2723 exhibuit,
995 2657 1090 2712 bonam
1103 2657 1215 2712 ultimus
1226 2658 1374 2728 plusquam
1385 2660 1491 2728 primm
1504 2661 1718 2731 appropinquat,
1729 2664 1796 2720 etin

140 2747 206 2787 cum
219 2734 233 2786 J
237 2730 329 2788 udaeos
343 2747 403 2785 cum
417 2731 460 2784 iro
473 2729 699 2798 circumspiciens,
715 2731 889 2784 contristatus
902 2733 941 2785 est
994 2729 1064 2783 mulo
1075 2729 1217 2784 secundum
1228 2732 1323 2784 tertius
1334 2734 1454 2800 superat.
1473 2732 1540 2786 llaec
1554 2731 1797 2803 GregoriuslVide

140 2818 222 2874 super
243 2804 351 2859 duritia
372 2805 397 2857 et
418 2802 536 2855 cantate
550 2800 638 2855 cordis
657 2815 749 2855 corum
763 2802 856 2865 (blare
873 2801 940 2870 111);
994 2803 1118 2856 nomme
1133 2800 1256 2856 lib.11dc
1269 2801 1329 2856 Fid.
1349 2817 1372 2856 c.
1388 2803 1436 2868 lb;
1457 2806 1482 2856 ct
1494 2803 1521 2858 S.
1537 2803 1627 2859 Tbom.
1641 2807 1694 2870 1·2‚
1705 2819 1735 2875 q.
1747 2807 1797 2868 la,

140 2889 204 2931 com
214 2874 360 2931 rendentes
370 2880 397 2928 et
405 2879 528 2928 ementes
537 2869 617 2942 ejecit
628 2884 643 2925 e
653 2868 757 2951 templo
768 2872 876 2936 (blattis.
888 2886 941 2928 xxx
995 2877 1052 2926 orl.
1066 2876 1093 2938 8,
1110 2876 1136 2927 et
1148 2876 1209 2933 2-2,
1224 2888 1252 2941 q.
1272 2876 1335 2943 158,
1348 2889 1375 2926 a.
1390 2875 1429 2941 ⁵).
1441 2874 1528 2929 Porro
1543 2874 1689 2930 Cassianus
1699 2873 1792 2932 collat

140 2951 166 3001 et
176 2949 253 3002 Joan.
263 2952 315 3011 11lt
329 2959 393 3000 cum
409 2944 437 2998 iu
456 2940 607 2997 Pharisaeos
622 2948 649 2996 et
661 2939 771 2996 Scribas
789 2948 846 2995 tam
863 2955 940 2998 acer·
995 2947 1012 2996 5
1033 2942 1107 3013 (Gap.
1127 2944 1170 3006 lt)
1184 2941 1237 2998 tria
1252 2942 1355 2998 irarum
1377 2959 1475 3015 genera
1495 2942 1547 3000 alia
1566 2944 1674 3001 ratione
1697 2944 1794 3003 dmm·

140 3014 185 3083 be,
199 3024 226 3071 et
234 3016 316 3071 toties
325 3013 436 3083 repetito
451 3012 497 3067 illa
514 3010 699 3080 increpatione
709 3019 735 3066 et
745 3010 942 3081 imprecatione
994 3013 1072 3086 guit,
1088 3021 1118 3068 ut
1131 3011 1167 3068 ibi
1182 3013 1272 3069 videre
1286 3022 1336 3071 est.
1352 3017 1393 3069 Ex
1404 3014 1482 3071 dictis
1497 3013 1575 3071 facile
1589 3024 1631 3072 est
1642 3015 1796 3091 intelligere

141 3085 267 3140 inuectus
279 3092 320 3139 est
336 3101 343 3137 ε
362 3087 410 3140 Va
428 3084 521 3137 robis!
533 3081 632 3136 Scriba
651 3086 676 3136 et
688 3083 821 3137 Pharisaei
833 3081 938 3153 (blattis.
995 3099 1049 3155 qua
1063 3083 1169 3140 ratione
1178 3083 1302 3140 voluerit.
1316 3085 1465 3158 Apostolus
1478 3100 1590 3142 omnem
1602 3086 1701 3161 irama
1713 3086 1798 3147 nobis

141 3170 225 3211 xxrrr
236 3160 261 3210 et
273 3157 326 3211 Luc
337 3155 382 3219 xx)
396 3169 402 3204 :
417 3167 482 3208 cunt
495 3154 605 3207 Petrum
617 3152 772 3222 apostolum
785 3169 802 3209 a
815 3152 941 3224 passione
996 3154 1103 3211 excludi
1113 3164 1140 3211 et
1152 3153 1266 3220 auferri,
1279 3172 1343 3211 cum
1359 3164 1400 3211 tot
1412 3172 1444 3212 ae
1455 3165 1512 3213 tam
1525 3158 1606 3214 varim
1620 3158 1677 3215 sint
1688 3157 1794 3216 irenem

142 3226 233 3296 ipsum
247 3225 430 3281 deterrentem
444 3231 503 3278 tant
517 3236 612 3293 aspere
627 3222 775 3349 increpavit
790 3245 796 3281 :
813 3225 868 3280 Abi
879 3201 978 3297 postC
995 3226 1115 3296 species,
1132 3234 1160 3282 et
1180 3225 1341 3298 multiplicia
1362 3235 1470 3298 peccam
1487 3249 1501 3310 ε.
1515 3243 1570 3298 quo
1594 3227 1690 3286 itidem
1710 3244 1794 3289 reum

141 3313 192 3359 me,
207 3298 330 3361 Setana3
345 3294 473 3350 scarrdalo
485 3293 556 3348 mibi
566 3308 592 3349 es
610 3297 695 3360 (llatt
718 3338 723 3349 .
739 3294 814 3366 xri).
831 3295 939 3353 Omitto
994 3297 1138 3355 Cassiam
1148 3296 1248 3355 dixerit
1258 3298 1361 3354 nrrllam
1371 3299 1480 3371 penitus
1494 3314 1563 3355 tram
1576 3299 1652 3357 uelut
1667 3315 1794 3360 neem·

142 3375 239 3424 caetera
251 3374 409 3424 sanctorum
422 3364 556 3436 exempla,
571 3380 641 3438 quos
655 3375 747 3423 sancte
760 3375 787 3423 et
795 3366 941 3425 salubriter
993 3368 1065 3424 riam
1086 3376 1113 3424 et
1133 3369 1228 3425 utilem
1246 3368 1323 3426 nobis
1343 3370 1429 3451 excipi
1438 3389 1447 3438 ς
1460 3384 1515 3425 non
1532 3371 1606 3427 euim
1619 3370 1696 3429 aliud
1707 3373 1796 3431 inten-

141 3439 226 3495 irntos
247 3439 331 3495 luisse
349 3437 489 3519 Scriptura
507 3446 718 3493 commemorat.
735 3440 784 3494 Est
801 3437 883 3510 igitur
900 3439 940 3495 ira
994 3438 1036 3495 dit
1046 3454 1130 3511 quam
1142 3438 1300 3520 Apostolus,
1311 3440 1430 3512 alioquin
1439 3440 1490 3497 sibi
1508 3441 1565 3512 ipse
1574 3442 1686 3514 suisque
1705 3441 1791 3519 scrip

142 3510 269 3581 quaedam
284 3509 369 3578 bona,
384 3509 496 3565 uitiiset
511 3508 675 3575 necessaria,
689 3524 773 3580 quam
789 3509 941 3567 secundum
995 3510 1031 3566 tis
1053 3509 1262 3579 contradiceret,
1286 3526 1349 3568 com
1372 3511 1462 3638 Rlures
1485 3511 1600 3584 ipsemet
1619 3514 1797 3587 exceptiones

142 3581 277 3637 rationem
290 3580 328 3636 vel
342 3579 517 3646 assumimus,
530 3579 571 3634 rel
584 3577 769 3647 admittimus;
783 3595 816 3635 ae
827 3580 942 3653 proinde
995 3578 1088 3636 iaciat.
1106 3579 1160 3637 Sed
1171 3596 1236 3637 cum
1248 3581 1276 3637 in
1297 3580 1340 3638 liis
1354 3582 1372 3637 li
1394 3583 1430 3638 ris
1443 3583 1497 3639 hoe
1514 3591 1577 3657 agat
1592 3591 1620 3640 et
1631 3592 1751 3656 spectet,
1763 3593 1794 3644 ul

142 3651 229 3708 virtus
250 3648 378 3719 dicenda,
402 3665 456 3704 non
479 3649 588 3718 vitium,
607 3664 691 3720 quarn
711 3666 762 3707 nee
780 3651 940 3722 Apostolus,
994 3666 1091 3707 rerum
1105 3667 1137 3708 ae
1153 3651 1304 3724 perlectum
1323 3653 1491 3711 monachum
1508 3654 1572 3711 rivis
1589 3655 1733 3715 coloribus
1743 3656 1794 3716 de·

141 3738 192 3780 nee
213 3722 358 3781 Cassianus
380 3719 511 3790 excludit,
528 3728 577 3776 aut
597 3720 725 3791 damnat3
745 3721 792 3778 sed
812 3722 939 3779 vitiosam
995 3721 1042 3792 pin
1061 3729 1103 3789 at,
1122 3730 1203 3805 atque
1215 3723 1553 3782 adcomonaehosomnes
1565 3725 1599 3782 ad
1617 3724 1796 3799 perfeetionis

142 3793 254 3851 damnat
272 3801 299 3851 et
313 3790 511 3858 inordinatam,
532 3806 594 3863 quae
613 3791 716 3848 scilicet
737 3792 849 3849 rationis
861 3792 940 3865 judi·
994 3739 1130 3862 studium,
1156 3810 1184 3850 ιιι
1204 3810 1259 3867 quo
1281 3794 1398 3867 religiosi
1415 3804 1504 3853 status
1523 3812 1631 3853 summa
1651 3797 1792 3868 consistit,

141 3866 216 3922 cium
227 3864 369 3936 opprimit,
383 3872 431 3919 aut
445 3863 468 3919 ei
484 3877 540 3921 non
554 3862 726 3934 obtemperat
739 3883 745 3918 :
759 3864 834 3936 quod
846 3865 940 3922 multis
994 3873 1124 3937 provocet
1145 3873 1173 3921 et
1193 3864 1360 3933 inllammet;
1379 3866 1470 3924 modis
1488 3867 1617 3925 omnibus
1635 3868 1744 3928 studuit
1762 3883 1794 3929 et

142 3936 233 3993 modis
244 3935 380 4008 contingit
392 3942 449 3991 tom
463 3950 499 3990 ex
513 3942 591 4006 parte
608 3934 705 4007 objecti
719 3951 802 4006 quam
815 3950 848 3991 ex
863 3943 939 4006 parte
994 3951 1149 4008 proponere
1163 3944 1243 4019 atque
1264 3936 1398 3993 inculcare
1418 3955 1479 4009 quae
1500 3937 1536 3994 ad
1554 3940 1629 3996 illam
1650 3939 1796 4010 perlectio-

140 4016 298 4077 motos,seu
309 4003 830 4079 impetusirae,utdictumest.Exparte
838 4005 938 4080 objecti
993 4022 1058 4063 nem
1089 4007 1272 4082 euangelicam
1302 4009 1453 4080 pertinent,
1479 4025 1595 4082 quaeque
1625 4011 1794 4071 monachum

139 4080 213 4135 mala
226 4087 277 4147 est,
296 4086 324 4134 et
336 4087 492 4149 peceatum,
515 4080 543 4132 1⁰
555 4075 578 4133 si
592 4077 654 4148 quis
665 4087 775 4149 appetat
788 4085 836 4134 aut
846 4087 940 4135 sumat
993 4079 1113 4135 maxime
1127 4078 1277 4137 condecent
1294 4087 1321 4136 et
1334 4089 1447 4149 ornant,
1468 4091 1549 4153 atque
1561 4080 1627 4138 illud
1640 4080 1670 4138 in
1686 4082 1792 4156 primis,

138 4151 289 4208 uindictam
298 4148 767 4222 injustam,obeausamseilicetnon
777 4147 938 4222 legitimam,
993 4157 1024 4206 ut
1038 4166 1137 4222 pravos
1148 4150 1234 4207 aninxi
1247 4159 1351 4219 motus,
1367 4153 1519 4223 praesertim
1534 4152 1582 4209 irae
1594 4159 1621 4208 et
1631 4151 1792 4223 iracundiae,

138 4222 267 4301 autabeo
274 4221 321 4293 qui
329 4238 384 4278 oon
390 4221 502 4287 merdin
513 4224 543 4275 ²⁰
552 4220 575 4276 si
586 4220 814 4304 appetntquidem
826 4221 936 4292 ustam,
993 4228 1126 4293 quantum
1148 4221 1177 4277 in
1191 4237 1220 4277 se
1234 4229 1290 4289 est,
1304 4237 1444 4290 coercere,
1457 4222 1569 4279 domare
1584 4231 1610 4280 et
1624 4225 1796 4284 mortificare

138 4289 249 4356 honest,
256 4301 329 4360 justa
341 4308 372 4347 ex
382 4308 472 4357 causa,
483 4289 532 4347 sed
542 4307 825 4365 gravioremquamcu
837 4307 937 4364 pame-

138 4369 224 4426 retur,
236 4376 299 4486 3⁰ae
312 4361 411 4441 dicitur
425 4361 584 4429 crudelitas,
602 4378 649 4418 seu
667 4363 795 4419 atrocitas
808 4363 900 4445 animi·
909 4362 938 4421 in

139 4431 234 4502 exigen
255 4431 279 4485 is
290 4447 392 4500 pmn1s;
402 4428 435 4486 de
447 4445 500 4501 qua
511 4431 611 4487 Seneca
622 4433 668 4488 lib.
685 4449 708 4490 ιι
722 4433 755 4490 de
767 4435 935 4490 Clementia:

138 4503 215 4568 lllos,
236 4501 339 4571 inquit,
359 4501 595 4563 cundelesnoeabo,
611 4506 660 4571 qui
675 4504 807 4572 partiendi
828 4520 937 4560 caenam

138 4573 247 4635 babent,
260 4573 368 4627 modium
380 4588 431 4626 reon
451 4572 567 4637 lralrent;
583 4575 651 4627 sieut
665 4575 693 4628 in
711 4575 840 4638 Plralori,
857 4579 935 4645 quem

137 4647 216 4700 aiurrt
233 4660 286 4698 uon
300 4644 408 4714 quidem
425 4644 455 4698 in
472 4643 589 4698 nomines
612 4646 778 4708 innocentes,
792 4645 840 4700 scd
852 4662 935 4719 supra

137 4716 287 4772 temanum
298 4715 505 4786 reprobabilem
518 4715 627 4770 modum
637 4719 752 4772 secuse.
763 4717 824 4773 Huc
833 4727 937 4789 spectat

136 4788 211 4861 quod
227 4791 263 4843 l).
284 4787 447 4844 Benedictus
461 4791 508 4852 (ex
531 4801 585 4858 quo
602 4786 718 4843 libenter
733 4787 838 4860 accipio
852 4788 934 4862 quid-

136 4860 201 4933 quid
214 4859 248 4917 ad
261 4876 319 4916 rem
333 4858 412 4925 lacit)
426 4859 530 4931 pueris,
544 4857 613 4927 sire,
631 4867 662 4915 ut
675 4868 764 4924 vocat,
780 4862 934 4927 insontibus

134 4932 260 5002 risqucad
268 4935 394 5002 quintum
402 4933 745 4999 decimumanrrumatatis,
754 4933 936 4991 statuitdisci·

130 5006 215 5074 plinee
224 5003 689 5069 diliqentiamadlriberietmestodirr
696 5003 821 5071 mediae,
831 5004 931 5077 inquit,

134 5089 194 5129 eum
205 5075 280 5127 omni
291 5089 416 5128 mersura
430 5077 455 5128 et
474 5074 588 5130 ratione.
602 5077 716 5133 Nomia
729 5077 840 5144 fortiori
853 5081 933 5133 atate

134 5143 247 5211 (scilieet
259 5142 419 5200 existentem
433 5158 494 5199 uem
544 5145 615 5201 ultra
632 5161 737 5202 annum
753 5152 795 5214 15)
806 5149 933 5218 quipras-

133 5216 277 5286 sumpserit
290 5215 462 5284 aliquatenus
472 5212 495 5284 (a
507 5214 598 5340 idum
611 5215 724 5286 eaedere)
735 5220 792 5273 sine
801 5224 933 5289 precepto

134 5286 520 5356 abbatis,eelr'rripsisinterriti
538 5287 793 5343 ussinediseretione
800 5292 935 5347 emerserit

133 5357 239 5426 (idest,
254 5355 369 5411 modum
390 5356 554 5424 excesserit),
569 5358 721 5428 disciplina
739 5360 934 5429 repulerisab-

129 5431 232 5503 jaceat,
241 5430 307 5498 quio
315 5429 445 5498 scriptum
454 5431 511 5483 est:
525 5429 601 5496 Quod
613 5430 666 5485 tibi
676 5445 729 5485 non
740 5431 854 5500 endem,
868 5432 932 5488 loliis

133 5518 166 5559 ne
177 5502 282 5570 temris.
293 5503 322 5553 3ο
337 5499 366 5554 Si
377 5498 478 5569 privam
488 5499 659 5566 auctoritate,
672 5508 722 5557 aut
733 5515 792 5556 non
809 5501 932 5575 legitima

131 5580 278 5646 potestate,
293 5578 320 5626 et
333 5568 486 5629 secundnm
507 5570 531 5625 le
551 5570 659 5627 ‘timum
679 5570 804 5628 ordinem
822 5587 932 5655 pmnam

130 5645 233 5717 exigat.
248 5646 318 5699 Nam
332 5640 449 5697 uindicta
462 5640 497 5698 ad
504 5587 636 5713 judicem,
647 5649 678 5698 ut
695 5642 746 5726 Dei
762 5643 932 5716 ministrum,

130 5723 246 5791 spectat,
261 5722 289 5770 et
300 5712 363 5770 ideo
376 5710 484 5784 priuatis
498 5711 658 5769 hominibus
684 5712 837 5772 robrbetur.
846 5718 931 5774 Rom.

127 5804 178 5850 xxx
191 5806 198 5845 :
212 5789 271 5848 Non
280 5786 451 5855 nosmetipsos
462 5783 635 5852 defendentes
647 5728 753 5853 (genoe
767 5784 929 5856 ἐκδικοῦντες,

992 4291 1114 4360 studeam
1127 4291 1378 4361 mansuetudinem,
1392 4293 1566 4364 modestiam,
1582 4294 1743 4368 patientiam
1761 4296 1792 4354 in

992 4362 1121 4419 omnibus
1132 4362 1269 4430 exhibeat,
1280 4365 1404 4422 animum
1417 4381 1525 4438 semper
1537 4374 1665 4439 pacatum
1677 4375 1705 4423 et
1713 4375 1793 4425 tran·

991 4432 1109 4558 quillum
1128 4434 1249 4490 retineat.
1276 4435 1356 4505 Quod
1377 4451 1428 4493 sno
1449 4438 1575 4509 exemplo
1589 4437 1685 4494 docuit
1707 4432 1796 4497 ubis

991 4503 1038 4560 ile
1050 4504 1188 4574 Ioannes,
1203 4521 1282 4562 verus
1304 4515 1331 4563 et
1353 4507 1489 4579 perlectus
1505 4508 1662 4566 monachus
1683 4517 1713 4565 et
1731 4524 1794 4567 ane

950 4586 976 4649 Ι)
991 4573 1114 4642 eboreta,
1128 4576 1172 4631 cui
1185 4593 1248 4633 cum
1264 4577 1333 4634 alter
1342 4579 1432 4636 senior
1445 4580 1558 4637 dixisset
1572 4602 1578 4636 :
1593 4574 1793 4652 torquemus

990 4647 1030 4702 sol
1051 4649 1211 4718 retinentem
1232 4649 1320 4717 uidit3
1336 4651 1520 4721 responderet
1538 4667 1566 4708 se
1582 4654 1656 4709 :lieo
1669 4668 1721 4717 me,
1738 4653 1789 4718 uit,

989 4719 1059 4774 uidit
1073 4721 1184 4787 iratam,
1198 4727 1230 4775 ut
1239 4719 1321 4777 relert
1335 4721 1483 4779 Cassianus
1495 4669 1539 4779 tid.
1550 4739 1602 4779 ve.
1616 4727 1661 4778 27.
1673 4725 1709 4780 ln
1719 4738 1792 4781 eunt·

990 4788 1054 4845 dem
1068 4791 1231 4847 sententiam
1245 4793 1277 4848 D.
1293 4793 1466 4867 Augustinus
1484 4795 1563 4866 epist.
1583 4800 1633 4850 149
1646 4793 1700 4850 hoe
1714 4793 1793 4853 salu·

989 4860 1038 4917 bre
1050 4860 1137 4918 tradit
1148 4861 1345 4920 documentum
1360 4882 1366 4918 ε
1382 4865 1466 4921 diretta
1479 4867 1574 4922 arelius
1588 4883 1635 4922 ricc
1642 4866 1719 4949 iente
1731 4866 1791 4925 eni·

989 4949 1072 5004 qaam
1080 4935 1235 5001 irascimur,
1245 4951 1327 5006 quom
1338 4936 1488 5006 uelretjnstc
1495 4938 1632 4993 irascendo
1640 4936 1792 5009 rnolicnp'rts

988 5006 1080 5060 odium
1088 5007 1138 5060 irae
1152 5006 1252 5061 occulta
1262 5006 1398 5074 facilitate
1411 5006 1573 5063 delabimur.
1586 5011 1618 5065 ln
1630 5008 1794 5080 recipiendis

988 5079 1059 5132 enim
1073 5078 1222 5148 hospitibus
1233 5080 1332 5147 iqnotis
1342 5079 1396 5132 ista
1406 5080 1520 5134 solemus
1534 5080 1632 5144 dicere,
1641 5080 1794 5139 rnultoeste

987 5150 1081 5204 melius
1090 5149 1522 5221 matuariominemperpctiquam
1529 5150 1793 5223 (orsitorrperiqnm

988 5221 1108 5275 raetiam
1128 5220 1238 5275 occludi
1248 5221 1361 5284 bonum,
1375 5222 1440 5277 dum
1461 5237 1581 5278 careatus
1595 5239 1628 5279 ne
1640 5224 1792 5294 recipietur

988 5292 1086 5347 malus.
1098 5292 1151 5348 Sed
1164 5293 1193 5345 in
1202 5292 1350 5360 affectibus
1360 5295 1447 5347 animi
1454 5298 1545 5348 corstra
1559 5299 1614 5361 est;
1625 5310 1681 5349 nan
1692 5295 1792 5351 incom-

984 5363 1152 5434 parabiliter
1162 5363 1297 5420 salubrius
1311 5369 1350 5420 est
1364 5366 1445 5420 etiam
1457 5365 1586 5435 irajuste
1597 5367 1727 5437 psdsonti
1738 5379 1792 5422 non

988 5436 1094 5504 operire
1100 5434 1237 5505 penetrale
1245 5436 1343 5499 cordis,
1354 5451 1437 5505 quam
1446 5436 1648 5493 admitteremu
1656 5435 1743 5505 femie
1753 5446 1800 5509 re,

988 5520 1121 5561 uenarum
1134 5511 1160 5561 et
1171 5500 1361 5576 pdreenturom
1372 5507 1517 5562 desurculo
1526 5509 1563 5564 ad
1572 5509 1674 5564 trabem
1686 5525 1694 5563 ε
1707 5506 1793 5567 audet

987 5577 1087 5703 quippe
1098 5578 1353 5648 irnpudeateretmm
1364 5593 1475 5636 cresenc
1484 5580 1563 5636 citius
1574 5582 1789 5652 puompntatttr.

1003 5654 1032 5704 ta
1044 5652 1088 5704 Aa
1108 5649 1225 5706 ustinus.

1023 5722 1036 5751 ⁸
1051 5664 1255 5794 IngGregorius
1266 5720 1301 5780 ad
1313 5718 1439 5780 illudlob
1453 5737 1564 5792 xxxvi,
1577 5725 1636 5782 lion
1649 5726 1675 5781 te
1684 5724 1792 5796 sinaut

987 5790 1043 5857 iro,
1058 5796 1089 5849 ut
1103 5793 1222 5863 aliquan
1240 5795 1381 5866 opprimas
1395 5815 1404 5852 .-
1420 5794 1521 5859 Omrn's,
1536 5793 1635 5868 inquit,
1647 5811 1700 5868 per
1710 5806 1791 5867 queat
