3848 6158
129 310 181 364 etr
341 301 509 360 contario
529 302 587 357 Vll.
607 331 642 341 -
660 302 705 357 DE
723 301 840 357 AlltltAE
859 302 1067 360 thBiLlTATE
1090 306 1132 362 ET
1152 308 1387 365 SPlfllTALlBUS
1406 311 1587 380 NEQUlTllS.
1739 324 1790 377 ers

129 428 243 498 sederit,
270 442 354 484 unum
376 426 522 484 dumtaxat
540 425 707 495 desiderans,
720 443 803 483 unum
828 427 933 494 sitiens,
949 431 976 493 Α
992 426 1102 486 lendum
1129 430 1243 488 facultas
1267 433 1385 490 violenta
1418 445 1581 508 suppeteret.
1606 439 1791 506 Quamobrem

130 520 168 578 ad
181 537 266 578 unum
278 535 375 576 omnes
388 521 543 576 nonsolum
559 528 637 576 actus
648 536 725 589 suos,
736 535 830 577 rerum
849 521 931 576 etiam
986 521 1082 578 dsicut
1095 523 1188 578 inillis
1206 533 1247 580 est
1265 526 1448 599 instigationis
1466 531 1554 602 copia,
1576 530 1612 587 ita
1626 541 1653 587 et
1664 532 1691 587 iu
1713 534 1792 591 uobis

128 617 310 689 cogitationes
335 631 445 687 semper
468 615 621 687 intendens,
649 624 680 673 ut
706 614 772 672 illud
803 615 879 688 quod
906 616 932 672 in
987 617 1080 673 virtus
1094 618 1239 690 respuendi
1255 621 1310 677 sive
1321 623 1511 694 acquiescendi
1528 625 1639 683 libertas
1653 635 1693 683 est
1710 629 1794 687 ,attri-

128 708 254 766 futurum
267 708 367 766 dicitur
385 708 419 766 de
437 710 514 767 beata
536 711 742 768 conversatione
762 719 933 778 sanctorum,
987 711 1062 769 buta.
1076 712 1202 781 Quorum
1220 722 1312 771 umen
1327 719 1477 789 potentiam
1495 728 1522 774 et
1536 720 1755 792 impugnationes
1769 724 1791 782 si

128 802 209 874 'pm
221 803 414 862 subarrhatum
426 813 517 862 teneat
535 805 565 861 iu
590 806 729 879 praesenti,
742 804 770 864 id
795 807 874 874 est,b
898 805 935 862 sit
986 807 1220 879 pertimescimus,
1244 809 1326 866 etiam
1348 813 1530 883 protectiones
1553 822 1635 887 atque
1659 816 1790 888 adjutoria

129 897 156 953 ei
171 900 246 955 Deus
258 899 349 955 omnia
365 899 395 955 in
408 898 546 957 omnibus.
987 898 1039 955 Dei
1057 903 1208 959 econtrario
1225 902 1407 971 conferamus,
1426 906 1460 963 de
1479 921 1534 978 qno
1545 908 1681 975 dicitur,⁸
1701 912 1790 982 Major

437 1002 560 1059 CAPUT
569 1003 631 1058 vu,
988 995 1108 1050 esteuirn
1120 999 1170 1067 qui
1187 1000 1215 1052 in
1229 1001 1305 1053 nohis
1319 1004 1369 1068 est,
1390 1018 1472 1070 quom
1485 1006 1535 1072 qui
1545 1007 1573 1058 in
1591 1006 1637 1059 hoc
1649 1007 1748 1061 mundo
1762 1007 1787 1077 (i

129 1102 310 1173 gamm-0
335 1103 368 1160 de
390 1106 538 1162 mobilitate
556 1108 655 1161 ,mm
683 1111 709 1161 ,g
734 1107 937 1178 ,mmmmm
988 1091 1065 1144 ioan.
1079 1105 1111 1146 tv
1119 1093 1139 1158 l.
1151 1092 1236 1162 Cujus
1254 1092 1353 1148 acutia
1364 1093 1453 1149 multo
1464 1094 1666 1155 vehementiore
1675 1100 1792 1156 militant

360 1180 545 1248 nequitiarum
556 1178 710 1233 celestium.
989 1181 1086 1238 virtute
1098 1199 1147 1254 pro
1161 1185 1252 1252 nohis,
1266 1201 1348 1256 quam
1362 1185 1507 1244 adversum
1524 1205 1684 1247 noseorum
1699 1194 1793 1250 multi·

165 1280 323 1336 Germanus
339 1304 344 1334 :
361 1282 457 1336 Posset
471 1278 585 1336 forsitan
600 1279 660 1336 haec
671 1279 825 1336 volubilitas
835 1283 934 1336 mentis
989 1273 1056 1330 ludo
1073 1275 1205 1348 confligit·
1228 1279 1300 1334 llam
1328 1277 1463 1334 bonarum
1494 1296 1586 1336 rerum
1608 1298 1664 1338 non
1683 1293 1792 1341 tantum

128 1369 303 1450 aliquatenus
316 1373 445 1442 coerceri,
458 1372 481 1429 si
499 1389 561 1429 eam
580 1389 637 1430 nou
650 1381 741 1429 tantm
761 1371 933 1429 adversario·
987 1377 1141 1440 suggestor,
1154 1369 1296 1427 sedetiam
1310 1371 1401 1427 fautor
1415 1381 1495 1444 atque
1504 1375 1636 1446 impulsor
1645 1385 1686 1432 est
1700 1380 1788 1447 Deus,

130 1481 194 1521 mm
219 1482 351 1524 numerus
370 1467 575 1524 eircumvallans
588 1467 622 1524 ad
648 1482 678 1523 ea
704 1482 766 1538 qnae
786 1483 842 1525 non
863 1467 932 1537 vult,
987 1461 1025 1518 ita
1037 1461 1047 1496 ¹
1061 1470 1092 1518 ut
1104 1479 1313 1536 nonnumquam
1325 1480 1376 1522 nos
1389 1467 1473 1524 etiam
1488 1468 1585 1525 invitos
1598 1477 1625 1525 et
1635 1469 1790 1543 ignorantes

132 1557 285 1630 immoque
297 1559 373 1615 illam
386 1575 496 1632 quoquc
510 1575 568 1617 suae
580 1568 686 1616 naturae
698 1559 837 1617 mobilitas
849 1561 931 1633 rapit,
986 1556 1106 1613 attrahat
1117 1556 1152 1614 ad
1165 1559 1291 1616 salutem.
1308 1560 1422 1616 Constat
1441 1577 1505 1634 ergo
1523 1564 1661 1621 neminem
1680 1582 1758 1637 posse
1772 1584 1788 1624 a

133 1652 314 1713 indesinenter
330 1653 492 1726 impelleret.
518 1655 608 1724 Quam
628 1669 691 1710 cum
705 1662 762 1711 tam
778 1656 936 1712 innumera·
991 1649 1100 1708 diabolo
1125 1651 1221 1723 decipi,
1239 1653 1290 1709 nisi
1310 1654 1388 1710 illum
1411 1656 1457 1728 qui
1478 1655 1642 1727 praehereilli
1661 1660 1789 1717 maluerit

132 1747 211 1816 biles,
232 1757 288 1805 tarn
313 1758 446 1821 potentes,
468 1759 581 1823 tamque
599 1750 732 1808 terribiles
750 1751 936 1824 circumagant
990 1744 1204 1802 suavotnntatis
1219 1761 1370 1804 assensum.
1382 1748 1462 1819 Quod
1473 1749 1649 1808 Ecclesiastes
1668 1752 1711 1810 his
1730 1771 1793 1812 ver·

133 1839 244 1909 inimici,
264 1843 353 1900 resisti
370 1844 422 1903 illis
439 1845 473 1901 ab
496 1845 548 1901 hac
570 1845 722 1917 pracsertim
741 1844 831 1925 fragili
852 1861 933 1902 carne
946 1838 1029 1924 Btbis
1044 1839 1182 1897 evidenter
1205 1842 1346 1913 expressit:
1379 1846 1448 1911 Quin
1473 1847 1542 1900 etim
1563 1862 1614 1903 nen
1637 1851 1667 1917 fit
1686 1854 1793 1905 cortro-

121 1933 301 2020 Nimpossihile
325 1938 509 2008 crederemus,
541 1939 594 1996 nisi
626 1939 660 1997 ad
684 1939 754 1995 banc
779 1938 935 2012 opinionem
988 1934 1111 1988 dietioolr
1125 1934 1166 1989 his
1176 1936 1223 2004 qui
1232 1937 1339 2002 faciunt
1356 1938 1458 1991 molum
1477 1940 1539 2002 cito,
1548 1940 1607 1995 ideo
1616 1941 1746 2011 repletum
1754 1948 1794 2000 est

134 2030 231 2087 mm„
244 2031 384 2090 minutiis
396 2033 474 2090 volut
490 2033 645 2093 ooepggpjbug
667 2034 852 2092 animaremur
873 2049 934 2091 οη.
988 2043 1032 2084 cor
1044 2028 1161 2096 filiorum
1172 2029 1313 2084 lentinum
1328 2031 1357 2085 in
1371 2032 1438 2101 ipsis
1453 2037 1483 2086 ut
1492 2027 1789 2108 socmntmalumicnp.

134 2121 214 2179 culis.
988 2123 1063 2194 riri).
1077 2125 1150 2196 Ergo
1161 2121 1339 2180 manifestum
1354 2134 1395 2181 est
1416 2125 1479 2182 hinc
1499 2142 1723 2201 unumquemque
1741 2130 1793 2188 de-

438 2221 554 2280 cgpm‘
567 2224 641 2281 vlu,
989 2214 1122 2286 linquere,
1148 2214 1222 2287 quod
1244 2215 1433 2288 ingruentibus
1458 2217 1672 2290 cogitationibus
1701 2224 1793 2294 pravis

136 2319 281 2392 &mensib
307 2338 389 2395 supe,
416 2327 551 2397 ,aqum
584 2330 630 2384 Dm·
661 2332 687 2385 eg
718 2327 798 2384 χώρη·
824 2328 937 2384 arbim,-
989 2326 1045 2366 non
1064 2307 1209 2366 confestim
1237 2311 1374 2383 repulsam
1416 2312 1639 2372 contradictionis
1672 2317 1790 2390 objiciat.

463 2403 602 2470 potestate.
989 2407 1059 2460 Nam
1073 2414 1087 2448 ⁸
1103 2407 1218 2461 resistite
1231 2408 1265 2474 ei,
1276 2405 1374 2477 inquit,
1389 2409 1513 2478 effugiet
1528 2425 1545 2462 a
1559 2411 1630 2466 uobis
1645 2410 1716 2482 (loc.
1730 2428 1762 2470 iv
1771 2414 1790 2486 i.

171 2494 310 2553 Serenus:
333 2497 513 2559 Adversarios
531 2502 611 2559 nobis
625 2501 737 2576 quidem
753 2501 855 2576 jugiter
872 2503 936 2561 insi·
1294 2502 1416 2560 CAPUT
1435 2505 1487 2559 lx.

136 2585 214 2658 dian,
243 2590 410 2668 quicumque
438 2595 574 2654 interioris
601 2596 721 2654 hominis
746 2598 846 2669 experti
872 2605 936 2653 sunt
989 2593 1258 2664 heterogotiosuper
1272 2597 1414 2650 animem
1432 2596 1585 2653 demonum
1599 2600 1792 2669 coequestrem.

136 2697 252 2754 pugnas,
262 2683 387 2743 dubitare
409 2704 465 2745 non
484 2697 607 2761 possunt,
619 2689 673 2746 Sed
691 2691 726 2745 ita
746 2688 864 2746 dicimus
884 2688 935 2746 hos
1025 2689 1178 2745 Germanus
1195 2705 1201 2740 :
1215 2680 1229 2718 ¹¹
1245 2686 1328 2759 Quod
1341 2686 1426 2757 istud,
1439 2704 1544 2760 quaeso,
1558 2700 1600 2747 est
1613 2693 1710 2749 animte
1728 2711 1793 2751 cum

136 2778 240 2840 nostris
253 2780 423 2852 profectibus
444 2782 591 2854 adversari,
613 2793 645 2841 ut
672 2798 720 2840 eos
739 2782 936 2841 tantummodo
990 2782 1193 2855 istisspiritibus
1205 2798 1325 2856 nequam
1343 2791 1400 2839 tam
1412 2783 1591 2842 indiscretum
1614 2789 1793 2859 permixtum·

136 2881 149 2911 ⁰
171 2877 325 2935 incentores
345 2875 494 2945 malorum,
515 2894 571 2934 non
590 2879 673 2936 etiam
696 2878 857 2952 impulsores
878 2893 936 2936 esse
990 2891 1043 2950 que
1056 2876 1236 2946 consortium,
1251 2893 1306 2949 quo
1318 2876 1358 2934 sic
1373 2877 1530 2935 eidemnon
1544 2878 1731 2955 dicamjungi,
1745 2883 1793 2941 scd

136 2971 291 3029 credamus.
307 2972 443 3028 Caeterum
455 2973 546 3031 nullus
560 2973 706 3055 bominum
722 2982 813 3047 posset
824 2973 936 3031 omnino
991 2970 1060 3027 uniri
1074 2970 1188 3043 possint,
1199 2979 1227 3026 et
1237 2969 1337 3043 alioqui
1357 2986 1419 3027 eam
1435 2972 1635 3044 insensibiliter,
1650 2983 1678 3030 et
1695 2975 1791 3040 inseri,

135 3064 573 3139 ritarepeocatumquodcumque
594 3066 670 3122 illiin
688 3066 817 3122 cordibus
838 3065 938 3122 nostris
991 3072 1071 3136 atque
1089 3065 1220 3137 inspirare
1234 3064 1273 3119 illi
1293 3080 1473 3138 quaeoumque
1498 3067 1643 3132 voluerint,
1666 3076 1694 3124 et
1706 3068 1742 3126 ad
1762 3085 1793 3125 ea

135 3158 246 3216 inurere
273 3159 362 3230 [lips.
380 3159 409 3214 in
423 3175 511 3230 marg.
522 3160 660 3232 ingerere]
680 3158 841 3229 voluissent,
862 3159 939 3215 sicis
991 3172 1054 3229 quae
1068 3156 1216 3229 placuerint
1230 3172 1291 3213 eam
1302 3159 1407 3213 valeant
1418 3158 1558 3231 instigare,
1582 3160 1694 3233 ejusque
1705 3160 1793 3235 'cogi-

137 3249 372 3324 quemadmodum
386 3250 421 3309 ad
440 3251 649 3326 suggerendum,
670 3252 747 3308 itaet
764 3251 799 3308 ad
820 3251 940 3323 compel-
955 3236 977 3301 C
993 3251 1110 3307 tationes
1118 3268 1150 3308 ac
1164 3259 1258 3307 motus
1277 3251 1384 3309 rideant
1402 3261 1482 3326 atque
1502 3255 1685 3327 perlustrent:
1707 3265 1795 3314 tanta-

685 3360 814 3415 ALARDI
834 3359 949 3415 GAZAEI
967 3353 1247 3414 COMMENTARIUS.

173 3467 187 3495 ⁸
211 3457 242 3515 fd
267 3466 318 3524 est,
343 3457 395 3514 sub
418 3456 583 3526 arrhabone,
611 3455 651 3513 rel
675 3456 761 3514 instar
778 3456 940 3512 arrhabonis
993 3453 1171 3520 intellectum,
1184 3450 1330 3510 auferendo
1339 3453 1543 3526 impedimenta,
1553 3455 1729 3517 immittendo
1739 3466 1795 3518 ter·

139 3529 321 3601 impartitum,
336 3530 377 3585 rel
389 3529 608 3601 oppignoratam.
628 3529 674 3587 Sic
698 3533 731 3585 Β.
754 3533 846 3602 Agnes
868 3527 940 3601 apud
993 3542 1084 3583 rorem
1100 3523 1295 3596 diriuijudlcii,
1315 3525 1499 3583 damnationis
1519 3536 1630 3587 mternae
1653 3538 1681 3586 et
1698 3548 1795 3604 poeua·

141 3602 171 3656 S.
188 3600 360 3657 Ambrosium
376 3601 421 3672 (ln
447 3603 511 3656 Vite
533 3603 562 3659 S.
586 3603 734 3672 Agnetis).
759 3601 869 3659 Annulo
891 3615 939 3656 suo
992 3614 1055 3654 rum
1072 3594 1182 3664 inferni,
1197 3596 1292 3652 etaliis
1309 3596 1409 3665 modis,
1424 3597 1523 3668 quibus
1536 3601 1613 3656 norit
1627 3616 1659 3657 er
1677 3604 1793 3660 nolenti·

139 3673 362 3728 subarrhaoitme
375 3675 504 3729 hominm
519 3689 593 3729 mnis
606 3677 680 3731 Jesus
695 3670 863 3737 Chennn,id
886 3680 938 3740 est,
992 3668 1055 3739 hus,
1073 3668 1177 3734 invitis,
1192 3666 1257 3722 nihil
1270 3667 1361 3724 minus
1372 3669 1563 3743 cogitantibus,
1573 3672 1660 3730 immo
1669 3683 1696 3731 et
1706 3675 1795 3732 rebel-

139 3743 191 3800 sibi
201 3743 353 3809 obstrinxit,
368 3744 505 3814 obligarit,
516 3744 670 3817 despondit.
993 3740 1075 3810 libus,
1089 3740 1220 3806 volentes,
1231 3747 1386 3811 promptos,
1409 3742 1587 3812 obsequentes
1606 3752 1635 3799 et
1654 3757 1794 3803 currentes

174 3816 243 3871 hlle
255 3815 390 3872 intellectu
417 3815 498 3886 hujus
521 3818 664 3873 senteutiae
682 3816 851 3884 apostoticae,
874 3813 938 3870 alibi
991 3811 1090 3869 facere.
1108 3812 1237 3868 Voluntas
1244 3813 1315 3866 enim
1325 3811 1440 3866 hominis
1453 3814 1491 3867 sic
1503 3818 1542 3867 est
1555 3815 1584 3866 in
1594 3821 1725 3884 potestate
1734 3820 1794 3881 Dei,

139 3884 242 3942 dictum
256 3895 297 3943 est
309 3885 317 3956 (
328 3893 357 3942 t.
380 3888 500 3941 vInstit.
522 3902 582 3956 cop.
598 3887 630 3966 4)
650 3902 683 3942 ex
694 3889 730 3940 D.
757 3888 937 3956 Hieronymo.
993 3889 1024 3938 ut
1033 3899 1196 3954 quocumque
1205 3883 1328 3945 coluerit,
1342 3887 1367 3937 et
1381 3884 1488 3952 quondo
1500 3883 1625 3949 calamit,
1640 3888 1794 3952 sociateom

175 3959 368 4023 ⁶1nceutores,
390 3956 489 4011 melius
512 3970 596 4025 quam
619 3969 785 4021 incensores,
813 3963 845 4010 ut
873 3955 940 4012 alias
993 3957 1131 4017 inclinari,
1149 3954 1186 4008 ait
1198 3956 1234 4008 D.
1245 3953 1432 4025 Augustinus,
1458 3952 1508 4009 sed
1522 3953 1600 4025 plane
1624 3957 1753 4019 suaviter,
1767 3967 1795 4014 et

139 4025 256 4085 dictum.
271 4028 406 4082 Dicuntur
420 4032 511 4079 autem
524 4024 664 4080 daemones
682 4025 837 4080 incentores
850 4024 941 4079 malo·
992 4023 1132 4096 quomodo
1145 4040 1194 4095 par
1204 4032 1245 4079 est
1254 4026 1344 4079 Deum
1355 4040 1436 4096 agere
1448 4040 1512 4080 cum
1531 4025 1668 4083 voluntate
1693 4027 1793 4096 libera,

139 4113 214 4164 rum,
246 4114 304 4154 non
328 4094 503 4167 impulsores,
527 4109 575 4150 seu
599 4093 797 4166 compulsores,
822 4093 885 4165 quia
905 4093 941 4151 ad
990 4104 1023 4150 ut
1036 4093 1192 4149 libertatem
1210 4093 1317 4149 arbitrii
1331 4110 1390 4150 non
1407 4097 1539 4150 destruat.
1558 4097 1794 4154 Sicenimdicitur

138 4171 309 4241 peccandum
321 4182 367 4222 seu
387 4165 610 4222 consentiendum
631 4174 741 4238 peccato
754 4165 868 4222 incitare
887 4164 941 4221 ho·
993 4168 1067 4221 Deus
1082 4163 1207 4220 homines
1220 4164 1348 4220 trahere:
1364 4168 1525 4223 Nernoecnit
1537 4167 1575 4222 cd
1588 4186 1639 4234 me,
1650 4172 1704 4225 nisi
1712 4172 1795 4225 Pater

137 4241 246 4296 minem
257 4245 347 4309 potest
358 4235 482 4302 diabolus
507 4253 555 4308 per
568 4237 682 4293 modum
707 4237 855 4296 suadentis.
883 4235 940 4292 alli·
993 4237 1113 4292 tranent
1133 4251 1202 4290 enm.
1229 4236 1377 4306 Quomodo
1403 4236 1518 4293 dicimus
1531 4258 1537 4294 :
1551 4239 1595 4296 ille
1607 4258 1653 4298 me
1669 4242 1695 4296 in
1714 4257 1794 4297 suam

136 4310 250 4371 cientis,
265 4305 438 4371 blandientis,
460 4316 487 4364 et
508 4308 675 4365 delectabilia
695 4307 882 4381 proponentis,
904 4307 942 4364 ait
993 4306 1156 4363 sententiani
1179 4310 1276 4372 trarit3
1300 4314 1327 4362 et
1347 4308 1452 4363 Poeta:
1479 4312 1574 4366 Trahit
1593 4329 1643 4368 suat
1664 4330 1795 4386 picemque

136 4384 169 4438 S.
182 4380 322 4445 Thomas(
335 4384 390 4445 t-e,
406 4395 433 4449 q.
447 4382 492 4446 80,
504 4385 560 4436 art.
577 4378 625 4452 th
640 4389 839 4452 cogereautem
851 4379 938 4435 nemi-
993 4380 1126 4449 uoluptas.
1138 4377 1191 4434 Sed
1210 4378 1244 4435 de
1254 4377 1296 4432 iris
1303 4377 1409 4449 plenius
1426 4378 1481 4436 alio
1496 4381 1565 4438 loco.

138 4467 206 4508 nem
218 4457 315 4521 potest.
334 4453 392 4522 Qua
403 4451 568 4524 dercplura
582 4451 646 4508 alibi
659 4452 938 4518 notavimusicollot.
1028 4449 1132 4506 uscire
1154 4453 1189 4506 D.
1218 4449 1367 4522 Gregorius
1390 4451 1531 4509 diabolum
1554 4462 1696 4526 comparat
1726 4454 1796 4514 leoni

140 4529 172 4579 tl
188 4538 247 4593 cup.
262 4520 400 4594 19).'lloc
411 4521 499 4593 ipsum
518 4523 624 4579 notant
634 4523 718 4579 etiam
742 4523 854 4581 Photius
869 4523 941 4579 iuter
993 4522 1112 4578 simulet
1135 4521 1265 4579 formicae.
1288 4522 1369 4579 Unde
1387 4532 1415 4578 et
1438 4525 1680 4596 llyrmicaleonem
1705 4538 1794 4597 vocat,

140 4593 192 4649 alia
205 4592 285 4666 hujus
299 4592 449 4648 collationis
461 4594 547 4664 capita
569 4594 605 4649 ita
617 4594 737 4651 scribens
749 4611 756 4648 :
770 4597 843 4650 Fieri
860 4597 942 4649 m'mi·
994 4594 1078 4737 guasi·
1087 4609 1120 4649 ex
1130 4592 1244 4650 formica
1263 4604 1290 4650 et
1301 4594 1378 4650 leorrc
1388 4597 1571 4666 compositum
1583 4615 1592 4647 :
1604 4600 1691 4663 Recte,
1704 4598 1796 4670 inquit

141 4681 203 4720 rum
212 4680 265 4719 non
276 4680 362 4734 posse,
379 4667 447 4734 quin
462 4667 585 4721 turbetur
595 4682 612 4720 u
622 4666 786 4722 doemonibus
803 4681 876 4721 mets
886 4666 941 4720 ltu-
1012 4666 1096 4722 Libe
1107 4667 1203 4721 Morol.
1218 4667 1313 4736 c.17).
1326 4668 1529 4736 Mgnnicoleon,
1542 4666 1631 4726 idest,
1642 4666 1680 4719 leo
1698 4673 1723 4720 et
1735 4670 1794 4733 for·

140 4752 233 4798 mono,
248 4752 413 4806 qaromquum
427 4738 637 4807 competitutique
658 4738 806 4792 necessario
813 4740 904 4804 oogiut
913 4738 943 4791 io
956 4774 982 4837 D
995 4738 1186 4801 micodicitnm
1198 4734 1793 4805 immicisentmieoest,volatilibussormico:

140 4807 244 4862 molum
258 4807 360 4863 incidet
369 4823 516 4877 numquam
537 4814 634 4878 queat;
654 4813 775 4863 nostrum
794 4810 865 4862 enim
889 4821 943 4862 esse
996 4810 1061 4877 quio
1070 4809 1197 4861 nimirum
1207 4809 1336 4874 antiquus
1344 4807 1437 4868 ltostis,
1449 4807 1519 4858 sicut
1531 4806 1797 4861 curtracensentien·

123 4878 265 4933 ⁴morbum
277 4877 353 4934 illum
360 4885 513 4949 motumque
530 4880 571 4935 oct
588 4880 719 4949 depellere
730 4879 771 4933 cel
790 4879 942 4933 admittere.
998 4879 1127 4944 tersoriis
1151 4880 1199 4937 est,
1211 4879 1253 4928 itu
1273 4880 1364 4929 ceretro
1383 4875 1532 4928 resistentes
1548 4872 1653 4928 debilis.
1673 4875 1705 4930 Si
1725 4881 1795 4933 enim

176 4936 190 4981 ‘¹
207 4948 322 5004 Consule
341 4951 546 5006 annotationem
572 4957 695 5011 comeam
710 4947 823 5023 Cuychii
837 4948 871 5005 ad
890 4949 944 5006 eal·
998 4948 1055 5018 eius
1068 4946 1279 5014 suggestionibus
1294 4944 1566 5027 essenus'proehetur,
1583 4947 1664 5015 quasi
1682 4947 1719 5002 leo
1730 4951 1797 5005 tole·

138 5037 200 5080 cem
215 5019 316 5091 operis.
803 5046 807 5057 ·
998 5020 1233 5086 romnequaqunm
1242 5019 1796 5088 potestrsroutcmresistetur,quesitor-

174 5097 186 5125 ⁸
202 5090 339 5159 Christus,
350 5091 396 5165 qui
413 5092 440 5147 in
455 5091 583 5149 cordibus
592 5091 699 5162 piorum
713 5090 818 5148 habitat
826 5107 873 5163 per
880 5105 939 5163 gra·
993 5089 1207 5169 miccotteritur.
1223 5087 1296 5169 Aliis
1309 5102 1370 5156 ergo
1389 5089 1427 5142 leo
1438 5093 1486 5151 est,
1507 5090 1570 5143 aliis
1582 5090 1705 5156 smnus,
1730 5095 1795 5161 quiet

138 5161 218 5230 ham,
233 5163 323 5234 major
334 5168 414 5219 estet
425 5162 523 5220 fortior
540 5162 662 5231 diabolo,
684 5163 730 5235 qui
744 5164 771 5218 in
782 5161 897 5231 mundo,
912 5161 939 5219 id
993 5159 1179 5217 cntdclitotcm
1190 5159 1392 5234 tiliuscarnoles
1406 5163 1560 5215 mentesoic
1578 5160 1701 5228 tolerunt,
1714 5165 1795 5233 spiri·
1851 5186 1855 5193 ·

139 5243 182 5292 est
201 5233 229 5289 in
253 5233 408 5291 bominibus
435 5234 591 5301 mundanis,
618 5233 797 5290 dominatur:
817 5234 890 5289 urrde
912 5241 940 5289 et
993 5234 1058 5288 tules
1071 5247 1132 5313 uero
1141 5232 1325 5312 inpunitatem
1335 5231 1408 5312 illius
1421 5232 1481 5312 *ede
1490 5233 1601 5287 virtutis
1609 5233 1721 5314 amcam.

140 5305 363 5449 tuleritis
376 5304 939 5445 tellstitterliltttt’ltlit
993 5297 1402 5446 altitetttllltlllt..
1420 5303 1796 5447 liltlls‘rlltltel

142 5449 340 5513 atriumsuum,
353 5456 405 5505 etc.
965 5470 968 5475 ’
993 5461 1147 5512 assensum,
1168 5443 1264 5515 objicit
1287 5452 1382 5501 contra
1407 5445 1561 5502 Germanus
1582 5454 1687 5501 tantam
1712 5448 1795 5505 videri

179 5510 188 5549 ¹
206 5520 275 5577 Hinc
288 5521 407 5576 Ecclesia
418 5520 448 5578 in
469 5520 585 5593 quadam
595 5529 697 5579 secreta
712 5531 793 5582 orat:
814 5524 849 5578 Ut
859 5522 896 5577 od
912 5537 940 5576 se
993 5517 1108 5574 subinde
1120 5515 1341 5588 conjunctionem
1355 5517 1508 5573 animarum
1529 5526 1557 5572 et
1570 5517 1728 5588 spirituum,
1740 5522 1796 5577 sire

140 5595 346 5648 neceesarium
355 5592 463 5648 rebelles
479 5595 619 5665 compellat
637 5597 775 5666 propitius
790 5593 940 5648 uoluntates
994 5588 1162 5655 daemonum,
1176 5598 1208 5644 ut
1221 5594 1404 5658 utrorumque
1418 5594 1522 5651 motus,
1533 5598 1636 5660 gestus,
1648 5598 1735 5657 actus,
1750 5593 1794 5647 vix

140 5664 294 5731 (uomina
311 5666 483 5735 postPentec.
494 5670 514 5730 ).
530 5667 605 5722 Facit
623 5675 713 5723 autem
729 5665 782 5721 boc
794 5667 878 5734 Deus,
894 5663 940 5746 qui
994 5668 1095 5732 queant
1109 5675 1164 5717 ase
1175 5659 1291 5715 invicem
1306 5658 1432 5716 discerni.
1455 5662 1558 5715 Verum
1573 5658 1626 5716 hoc
1647 5677 1793 5734 argumen-

138 5736 260 5792 suariter
285 5735 379 5792 omnia
404 5734 533 5818 disponit,
559 5753 614 5793 non
639 5737 772 5811 cogendo,
798 5752 855 5793 non
883 5751 940 5791 rim
993 5739 1054 5815 tum
1069 5730 1214 5790 dilucidius
1226 5738 1254 5788 et
1270 5729 1429 5806 explicatius
1448 5730 1611 5805 proponitur
1628 5747 1687 5805 cap.
1709 5733 1796 5789 unde·

138 5805 263 5877 aliquam
283 5812 331 5864 aut
348 5814 537 5865 neremtrtem
553 5806 695 5865 inferendo
716 5806 861 5875 voluntati,
891 5805 939 5865 sed
995 5819 1079 5862 ormo.

138 5876 301 5959 efficaciter,
333 5879 384 5937 etsi
414 5878 533 5960 suaviter
558 5878 747 5962 portugdendo
776 5877 938 5938 ihusuaudo
