3848 6158
135 249 189 302 585

441 244 612 301 COLLthO
633 247 678 301 lV.
698 276 734 287 -
752 248 796 302 ott
815 247 1106 303 CONCUPISCENTIA
1125 248 1248 304 cshNts
1266 249 1309 303 ET
1328 249 1493 305 slttttttt's.

1745 259 1815 315 ibit

135 371 175 427 nii
201 379 243 428 est
259 370 386 444 praelatus
414 369 546 427 cilicium.
569 373 599 426 lu
616 379 722 427 tantum
746 372 820 427 enim
840 371 936 431 beatus
949 375 977 438 Α
990 372 1049 427 nire
1071 370 1202 427 sentiret:
1228 387 1260 428 ac
1281 387 1392 429 rursum
1405 373 1486 430 nullis
1511 375 1689 434 existentibus
1708 381 1819 439 causis.

135 464 307 537 Paphnutius
336 463 482 519 virtutibus
504 464 588 533 ipsius
613 463 794 536 adgaudebat,
810 473 840 520 ιιι
854 480 938 537 quem

57 558 64 568 '
135 557 201 614 ritae
215 555 316 612 meritis
328 555 381 612 sibi
401 564 428 610 ct
445 555 531 625 gratia
551 571 644 627 parem
655 564 780 622 noverat,
795 572 938 630 coaequare

133 647 185 704 sibi
205 647 301 709 ,etiarn
328 647 472 704 sacerdotii
496 647 591 704 ordine
622 645 778 717 festinarem
802 649 938 721 siquidem

131 756 307 813 nequaquam
324 738 413 797 lerens
427 740 453 795 in
472 739 601 797 inferiore
623 757 688 798 eum
705 741 860 799 ministerio
875 743 939 801 diu-

132 836 188 892 tius
210 836 372 903 immorari,
397 837 410 868 ⁸
436 843 589 907 optansque
612 833 724 893 sibimet
752 852 937 895 successorem

131 927 325 1002 dignissimum
349 928 507 1002 providere,
531 937 671 1000 superstes
689 945 755 986 eum
787 930 938 1004 presbyteri

130 1019 238 1078 honore
247 1021 383 1093 prorexit.
405 1019 458 1093 Qui
473 1028 569 1076 tamen
580 1021 680 1093 prioris
693 1021 852 1080 humilitatis
866 1039 937 1080 con-

129 1116 306 1175 suetudinem
328 1133 386 1175 non
411 1116 552 1181 omittens,
580 1116 646 1172 nihil
671 1132 802 1190 umquam
824 1119 877 1175 sibi
890 1119 937 1176 illo

131 1219 267 1282 praesente
288 1211 322 1268 de
342 1210 513 1267 sublimioris
526 1209 629 1266 ordinis
643 1209 794 1283 adjectione
815 1211 936 1282 donavit,

129 1302 180 1359 sed
207 1319 316 1377 semper
339 1303 438 1360 abbate
467 1297 654 1374 Paphnutiob
678 1304 812 1375 spiritales
835 1304 940 1365 hostias

131 1392 277 1461 offerente,
301 1395 344 1451 hic
370 1394 443 1450 reiut
466 1393 597 1451 diaconus
616 1393 642 1448 in
665 1395 763 1465 prioris
798 1394 939 1453 ministerii

133 1485 391 1558 permansitolddo.
406 1490 438 1542 ln
451 1501 505 1557 quo
518 1493 611 1540 tamen
622 1484 732 1540 beatum
743 1472 938 1559 paphnutium,

135 1595 197 1637 cum
223 1579 283 1636 talis
305 1581 344 1636 rir
369 1589 440 1637 esset
455 1595 487 1636 ac
508 1587 611 1644 mutus,
627 1587 658 1636 ut
680 1579 709 1635 in
732 1580 827 1638 multis
849 1582 935 1640 etiam

134 1671 307 1744 praescientiae
326 1674 444 1745 gratiam
465 1671 628 1745 possideret,
647 1671 707 1730 haec
730 1688 792 1746 spes
804 1674 935 1731 substitu-

135 1765 217 1822 tionis
234 1772 261 1821 et
275 1765 370 1822 electio
384 1763 514 1822 frustrata
535 1772 587 1821 est.
603 1766 674 1822 llam
693 1781 751 1829 non
770 1767 858 1824 multo
874 1775 972 1841 postss

134 1865 258 1931 tempore
284 1858 356 1916 hunc
384 1874 467 1933 quem
490 1858 543 1916 sibi
570 1868 711 1932 paraverat
737 1877 934 1929 successorem,

136 1951 267 2022 praemisit
278 1951 312 2009 ad
324 1954 425 2009 Deum.

351 2064 354 2070 ·
446 2048 571 2106 CAPUT
586 2050 622 2105 ll.

136 2140 242 2207 Quoerit
254 2141 323 2196 unde
344 2143 451 2197 orictm
469 2146 608 2213 repentino
619 2145 788 2198 commutatio
810 2147 938 2199 mentium

174 2211 361 2335 masticet&
374 2214 469 2268 letitie
478 2216 507 2268 in
516 2216 706 2269 moestt'ssimurt
719 2216 805 2269 enimi
813 2215 939 2284 dejecteb-

992 472 1067 520 tanta
1088 464 1180 522 subito
1201 465 1337 522 anxietate
1356 468 1547 538 repleremur,
1569 477 1597 526 et
1618 470 1795 531 irrationabili

992 558 1113 628 quodam
1122 574 1244 615 ntoerore
1260 574 1458 631 premeremur,
1468 570 1563 617 utnon
1573 562 1796 623 solumnosmot-

993 650 1067 722 ipsos
1085 651 1243 725 hujusmodi
1258 650 1383 708 sensibus
1407 667 1528 709 arescere
1550 654 1725 725 sentiremus,
1748 675 1798 715 ve-

992 760 1054 800 rum
1068 745 1152 801 ctiam
1167 745 1289 802 horreret
1303 745 1381 814 cella,
1403 744 1528 803 sorderet
1545 746 1636 813 lectio,
1646 747 1702 819 ipsa
1724 765 1796 821 quo-

992 853 1044 909 que
1059 838 1192 895 instabilis
1206 854 1238 896 ac
1256 838 1427 908 nutabunda,
1451 848 1479 897 ct
1499 839 1707 914 quodammodo
1722 843 1796 904 ebria

992 925 1161 988 emitteretur
1180 931 1278 1001 oratio,
1296 932 1331 988 ita
1346 943 1375 989 ut
1394 933 1634 1007 ingemiscentibus
1648 944 1675 992 et
1689 953 1796 995 conan-

991 1023 1064 1081 tibus
1082 1026 1171 1093 nobis,
1186 1025 1221 1082 ad
1239 1025 1419 1081 directionem
1442 1026 1586 1098 pristinam
1611 1029 1703 1085 reduci
1718 1047 1796 1090 mens

992 1127 1086 1174 nostra
1100 1135 1157 1174 non
1170 1128 1273 1189 posset,
1288 1126 1446 1190 quantoque
1456 1119 1587 1175 intentius
1597 1120 1632 1177 ad
1651 1123 1701 1178 Dei
1714 1124 1796 1181 redu-

991 1219 1099 1267 ceretur
1117 1211 1260 1280 intuitum,
1279 1218 1358 1266 tanto
1381 1209 1568 1268 vehementius
1594 1210 1629 1269 ad
1657 1213 1796 1275 discursus

994 1305 1134 1364 instabiles
1160 1306 1263 1365 lubrico
1293 1315 1434 1378 raperetur
1460 1321 1583 1376 excessu,
1610 1315 1638 1363 et
1661 1308 1698 1364 ita
1719 1296 1795 1368 omni

993 1397 1110 1472 spiritali
1136 1399 1226 1456 fructu
1251 1398 1411 1457 redderetur
1430 1396 1532 1468 clieta,
1547 1408 1579 1456 ut
1597 1415 1647 1457 nec
1661 1400 1796 1460 desiderio

991 1492 1069 1565 regni
1093 1491 1240 1562 coelorum,
1263 1507 1313 1549 nec
1338 1499 1415 1549 metu
1437 1491 1569 1566 gehennae
1595 1494 1733 1567 proposito
1760 1497 1809 1557 ab.

989 1583 1041 1641 boc
1073 1584 1164 1642 lethali
1192 1585 1314 1658 quodam
1336 1601 1437 1642 somno
1462 1586 1564 1644 valeret
1587 1588 1728 1655 suscitari;
1759 1590 1795 1647 ita

990 1677 1151 1750 respondit:
1290 1732 1302 1761 ἱ

1296 1787 1418 1846 CAPUT
1437 1791 1487 1845 lll.

1115 1902 1345 1971 Desportsioseper
1357 1904 1498 1972 proposita
1512 1904 1667 1972 questione.

1025 2008 1192 2081 ‘tripartita
1213 2007 1292 2064 nobis
1310 2024 1326 2064 a
1352 2008 1501 2083 maioribus
1522 2025 1604 2083 super
1626 2010 1688 2080 bac,
1710 2027 1794 2086 quam

990 2099 1244 2168 dolositatibus
1260 2100 1362 2157 mentis
1380 2101 1480 2158 tradita
1492 2102 1562 2158 ratio
1579 2112 1631 2159 est.
1653 2111 1710 2160 Aut
1720 2106 1794 2162 enim

990 2194 1025 2251 de
1036 2193 1196 2268 negligentia
1216 2201 1320 2262 nostra,
1335 2201 1384 2250 aut
1401 2193 1436 2251 de
1456 2195 1661 2267 impugnatione
1682 2197 1794 2263 diaboli,

989 2298 1036 2344 aut
1054 2289 1087 2344 de
1102 2288 1303 2359 dispensatione
1317 2288 1428 2344 Domini
1448 2304 1481 2344 ae
1503 2288 1664 2360 probatione
1678 2290 1794 2348 descen·

174 2374 227 2430 Hio
242 2373 323 2446 igitur
338 2375 434 2433 beatus
448 2377 556 2444 Daniel,
570 2378 770 2450 inquirentibus
784 2377 872 2447 nobis,
888 2395 937 2437 eur
989 2382 1040 2441 dit.
1059 2381 1073 2418 ‘¹
1094 2384 1128 2439 Et
1148 2383 1183 2440 de
1205 2381 1369 2455 negligentia
1389 2381 1511 2453 quidem,
1531 2397 1594 2439 cum
1613 2391 1706 2441 nostro
1726 2385 1794 2443 vitio

136 2464 276 2522 interdum
298 2464 450 2525 residentes
465 2467 494 2524 in
510 2463 604 2526 cellula
619 2477 698 2526 tanta
722 2469 859 2528 alacritate
873 2487 937 2528 cor·
990 2484 1085 2549 tepore
1115 2475 1286 2548 praecedente
1308 2475 1536 2547 incircumspecte
1560 2477 1744 2548 nosmetipsos
1767 2487 1795 2535 ct

139 2558 191 2627 dis,
214 2573 279 2615 cum
293 2557 429 2616 ineffabili
453 2562 573 2633 quodam
586 2561 686 2635 gaudio
710 2571 737 2619 et
762 2564 936 2621 exuberantia
990 2567 1131 2624 remissius
1149 2567 1318 2634 exhibentes,
1335 2574 1364 2622 et
1382 2582 1431 2637 per
1453 2567 1591 2639 ignaviam
1615 2575 1643 2623 et
1662 2569 1795 2627 desidiam

136 2652 386 2709 secretissimorum
405 2668 536 2711 sensuum
557 2656 738 2728 repleremur,
752 2664 784 2712 ut
805 2672 867 2713 earn
880 2673 937 2714 non
992 2661 1082 2717 noxiis
1109 2657 1324 2731 cogitationibus
1351 2658 1430 2728 pasti,
1459 2665 1562 2713 terram
1587 2657 1679 2713 cordis
1709 2662 1796 2717 nostri

85 2810 96 2825 δ
138 2743 227 2802 dicam
249 2761 341 2803 sermo
363 2746 512 2820 subsequi,
530 2748 579 2806 sed
597 2765 631 2805 ne
652 2749 710 2821 ipse
726 2746 836 2822 quidem
855 2765 939 2809 sensu
992 2752 1084 2826 spinas
1099 2761 1127 2808 et
1149 2750 1264 2808 tribulos
1284 2750 1400 2808 iacimus
1418 2750 1581 2823 germinare,
1596 2750 1699 2822 quibus
1720 2753 1750 2807 in
1764 2768 1797 2810 ea

137 2846 293 2895 occurreret
303 2861 311 2907 3
322 2841 412 2896 oratio
425 2857 536 2914 quoque
547 2858 614 2914 pura
627 2857 659 2900 ac
673 2850 810 2915 prompta,
823 2849 851 2899 et
860 2857 939 2900 mens
992 2844 1186 2917 pullulantibus
1206 2853 1404 2916 consequenter
1418 2843 1555 2901 allicimur
1577 2843 1692 2909 steriles,
1715 2853 1796 2917 atque

137 2932 214 3003 plena
229 2933 396 3005 spiritalibus
412 2934 546 2991 fructibus
565 2950 660 3007 preces
682 2949 745 2992 suas
762 2934 886 2993 efficaces
909 2952 940 2994 ac
993 2938 1029 2995 ab
1047 2937 1122 2993 omni
1132 2935 1272 2994 reddimur
1285 2937 1400 3008 spiritali
1414 2937 1503 2993 fructu
1517 2945 1544 2993 et
1562 2937 1796 3010 contemplatione

136 3022 211 3082 leves
223 3026 303 3085 etiam
320 3042 368 3100 per
384 3043 514 3100 soporem
528 3028 683 3101 supplicans
695 3028 729 3086 ad
739 3032 828 3086 Deum
843 3045 942 3102 perre-
991 3031 1087 3104 jejuni.
1106 3037 1117 3062 ⁸
1138 3033 1180 3087 De
1194 3031 1398 3104 impugnatione
1418 3046 1484 3088 vero
1498 3029 1611 3099 diaboli,
1628 3044 1692 3086 cum
1710 3029 1796 3088 etiam

687 3129 814 3186 struet
833 3132 946 3189 GAZAEI
965 3132 1245 3189 COMMENTARIUS.

173 3236 187 3264 ⁸
203 3226 291 3285 Simili
305 3227 431 3300 exemplo
446 3227 531 3283 abbas
540 3230 670 3295 ioannes,
690 3237 721 3284 ut
732 3226 818 3284 refert
832 3231 974 3304 Auctore
1028 3240 1039 3266 ⁰
1065 3230 1157 3301 Hujus
1181 3229 1220 3285 rei
1252 3229 1357 3301 insigne
1382 3229 1543 3300 exemplum
1566 3227 1652 3284 habes
1673 3228 1699 3282 in
1726 3227 1797 3286 Vitis

137 3297 185 3355 lib.
201 3315 234 3356 xv
248 3301 366 3355 institut.
377 3315 437 3370 cap.
458 3305 504 3366 ιι),
520 3298 642 3355 Mucium
657 3298 825 3355 monachum
839 3300 939 3356 obsin·
993 3302 1106 3357 Parrum
1118 3300 1187 3371 (Lib.
1205 3313 1230 3354 tt
1241 3315 1262 3354 c.
1279 3302 1327 3368 29)
1339 3299 1380 3355 his
1393 3299 1482 3355 uerbis
1491 3299 1607 3354 relatum
1619 3298 1647 3352 in
1661 3299 1796 3356 hlacario,

137 3370 260 3442 gularem
292 3378 320 3426 et
352 3367 515 3441 stupendam
548 3369 709 3426 obedientia
735 3369 937 3442 probationem,

137 3456 223 3514 quam
246 3441 273 3496 in
294 3456 327 3498 eo
345 3449 515 3506 exercuerat,
543 3441 697 3513 mortijam
713 3442 863 3513 proximus,
879 3458 939 3497 eum

133 3526 292 3583 preponens
306 3515 406 3568 cunctis
427 3511 562 3580 frutribus
585 3526 755 3568 successorem
770 3512 833 3580 sibi,
857 3517 939 3583 atque

125 3584 262 3638 ‘cebetem
282 3585 441 3638 monisterio
463 3583 616 3654 dereliquit.
642 3584 766 3653 Quorum
796 3583 938 3640 occasione

137 3654 254 3726 quaestio
277 3655 320 3710 hic
340 3654 443 3709 moveri
458 3663 566 3726 posset,
588 3670 623 3710 an
641 3656 726 3713 abbas
748 3653 789 3710 vcl
810 3654 938 3726 prelatus

137 3725 225 3796 possit
245 3724 297 3781 sibi
319 3740 503 3781 successorem
524 3726 634 3798 diligere
651 3735 678 3783 ct
699 3725 861 3782 instituere?
881 3727 937 3781 Ve-

137 3811 200 3852 rum
219 3795 277 3851 haec
291 3796 404 3878 quaestio
422 3797 535 3868 majoris
552 3796 748 3868 disquisitionis
760 3803 789 3852 et
800 3794 937 3853 difficilio=

136 3868 179 3922 ris
201 3867 369 3922 tractationis
386 3883 446 3922 esse
462 3866 592 3934 ridebunt
605 3882 688 3937 quam
701 3875 732 3920 ut
747 3865 873 3921 hocloco
887 3881 937 3938 pro

136 3937 245 3994 ratione
264 3937 377 3992 instituti
396 3935 542 3990 commode
556 3935 673 4004 expediri
714 3934 804 3989 ussit:
844 3934 939 3991 roinde

136 4022 199 4063 eam
210 4009 271 4064 alibi
287 4005 485 4064 discutiendam
499 4003 623 4073 relinquo
636 4003 684 4073 (Vi
726 4005 797 4056 inter
807 3951 877 4057 efres
889 4005 938 4058 ad·

136 4078 251 4134 ditiones
263 4080 299 4133 cd
313 4079 410 4132 colcem
423 4072 533 4154 operis).
828 4122 830 4126 ,

173 4143 187 4180 ¹¹
208 4151 281 4205 Nota
295 4145 429 4215 spiritales
448 4144 562 4210 hostias,
580 4142 607 4199 id
621 4150 662 4199 est
676 4143 817 4214 mysticam
830 4141 940 4198 Eucha-

133 4218 220 4278 ristiae
237 4217 472 4282 oblationem,seu
483 4214 574 4270 Missas
587 4213 750 4270 sacddcium
768 4213 853 4269 etiam
867 4212 939 4295 apud

132 4290 316 4348 anachoretas
328 4286 387 4340 illos
402 4283 608 4358 frequentatum.
626 4285 732 4341 Dicitur
749 4292 841 4339 autern
855 4284 938 4355 sptri-

130 4358 222 4418 tualis
236 4357 335 4424 hostia,
348 4364 409 4411 tum
428 4356 488 4428 quia
506 4356 637 4427 spirituali
660 4364 687 4413 et
702 4354 831 4412 inellabili
853 4354 936 4412 modo

993 3371 1119 3442 Quodam
1141 3377 1264 3440 ternpore
1279 3377 1360 3425 nocte
1381 3369 1409 3425 in
1427 3368 1515 3441 specie
1536 3367 1664 3423 monachi
1686 3369 1796 3426 daemon

991 3442 1026 3498 ad
1040 3442 1100 3514 ejus
1113 3441 1216 3497 ostium
1231 3438 1345 3564 pulsavit
1357 3438 1470 3522 dicens:
1485 3440 1583 3510 Surge,
1598 3438 1794 3521 abba'blacari,

991 3520 1020 3569 et
1033 3526 1127 3569 eamus
1147 3509 1181 3567 ad
1202 3511 1356 3579 coiectum,
1377 3512 1423 3567 ubr
1440 3507 1540 3565 iratres
1556 3508 1591 3565 ad
1610 3510 1710 3582 vrgrlras
1726 3524 1797 3567 con-

991 3590 1148 3712 gregantur.
1175 3581 1224 3639 llle
1247 3597 1311 3638 vero
1332 3580 1419 3655 gratia
1445 3580 1495 3636 Dei
1520 3579 1640 3653 repletus
1665 3581 1796 3637 intellexit

1011 3655 1093 3711 iabcli
1105 3652 1251 3720 fallaciam,
1265 3661 1294 3708 et
1306 3653 1343 3708 ait
1361 3671 1367 3707 ε
1384 3655 1408 3709 0
1425 3651 1541 3708 mendax
1562 3658 1590 3707 et
1602 3652 1723 3708 veritatis
1743 3653 1797 3706 ini-

992 3726 1072 3794 mice,
1097 3724 1161 3798 quid
1183 3723 1232 3779 tibi
1251 3723 1390 3785 consortii,
1412 3723 1479 3795 quid
1494 3722 1630 3778 societatis
1646 3738 1711 3778 cum
1737 3722 1796 3778 col-

991 3798 1060 3854 lecta
1076 3794 1505 3868 ercongregationesanctorum?
1518 3797 1555 3847 At
1567 3792 1611 3847 ille
1632 3792 1669 3846 ait
1686 3811 1692 3846 :
1715 3794 1798 3848 Latet

990 3883 1058 3932 ergo
1082 3874 1160 3933 tc,o
1184 3865 1297 3928 Macati,
1318 3864 1392 3948 quod
1410 3863 1468 3918 siue
1488 3861 1567 3918 uobis
1591 3861 1664 3915 nulla
1684 3861 1796 3916 collecta

991 3938 1090 4019 agitur,
1106 3933 1589 4018 nullacongregatromonachorum?
1610 3930 1678 3985 Veni
1703 3938 1732 3984 tu
1746 3928 1797 3985 de-

991 4021 1091 4077 ntque,
1115 4014 1144 4061 et
1168 4005 1271 4062 videbrs
1297 4006 1332 4062 tbi
1360 4020 1442 4086 opera
1465 4011 1569 4058 nostra.
1602 4001 1679 4056 Dixit
1702 4007 1795 4056 autem

994 4078 1022 4132 S.
1053 4075 1187 4130 Macarius
1210 4078 1354 4146 :lmperet
1368 4073 1417 4129 ttbi
1437 4073 1585 4143 Dominus,
1602 4073 1712 4127 daemon
1740 4072 1796 4126 im·

993 4144 1108 4202 munde.
1124 4147 1159 4198 Et
1171 4159 1317 4199 conversus
1330 4143 1365 4199 ad
1380 4143 1544 4208 orationem,
1555 4142 1632 4212 petiit
1643 4157 1658 4196 a
1676 4141 1796 4198 Domino

993 4225 1025 4273 ut
1035 4215 1087 4272 sibi
1105 4213 1261 4270 ostenderet
1274 4213 1298 4269 si
1316 4215 1370 4269 hoc
1393 4228 1486 4269 rerum
1506 4220 1578 4269 esset
1589 4213 1664 4285 quod
1685 4210 1797 4270 dmmon

992 4285 1169 4360 gloriabatur.
1182 4284 1255 4340 Abiit
1267 4300 1332 4357 ergo
1351 4282 1385 4340 ad
1400 4283 1552 4352 collectam,
1567 4283 1640 4340 ubia
1662 4281 1795 4341 fratribus

990 4357 1088 4432 vigiliae
1100 4354 1315 4425 celebrabantur,
1326 4364 1353 4413 et
1365 4355 1464 4412 iterum
1473 4355 1629 4411 inoratione
1643 4355 1798 4411 Dominum

131 4429 261 4488 Christus
276 4429 331 4498 ipsc
342 4427 467 4483 sacerdos
478 4436 503 4484 et
515 4427 623 4484 victima
638 4425 753 4484 oliortur
765 4436 792 4484 et
805 4426 936 4495 sumitur,
991 4429 1185 4503 deprecabatur
1204 4437 1236 4484 ut
1259 4437 1287 4485 et
1307 4427 1332 4484 ei
1353 4427 1493 4484 veritatem
1506 4425 1581 4482 verbi
1597 4427 1683 4497 hujus
1697 4436 1794 4484 osten-

133 4511 199 4559 tum
213 4500 276 4569 quia
288 4498 438 4569 spirituales
455 4496 519 4555 iacit
533 4515 569 4556 ex
587 4498 751 4555 carnalibus.
990 4501 1077 4559 deret.
1097 4502 1133 4555 Et
1154 4515 1216 4556 ecce
1228 4498 1294 4564 ridit
1318 4514 1366 4571 per
1379 4506 1466 4555 totam
1480 4499 1621 4556 ecclesiam
1656 4499 1712 4554 nasi
1731 4515 1795 4570 par·

174 4574 186 4604 ⁶
205 4570 313 4640 triplex
340 4585 419 4624 causa
434 4571 559 4640 spiritalis
582 4569 764 4633 desolationis,
790 4583 872 4640 quam
894 4566 939 4624 bic
992 4572 1070 4629 culos
1088 4571 1222 4644 quosdam
1243 4586 1345 4644 pueros
1368 4570 1508 4642 AEthiopes
1532 4571 1560 4627 ni
1581 4586 1625 4625 ros
1636 4515 1796 4625 ‘discurrere

136 4642 308 4724 sterilitatem
333 4641 390 4695 sire
412 4640 565 4697 ariditatem
596 4640 706 4708 nterrtis,
726 4638 789 4694 alibi
815 4649 939 4710 teporem
953 4619 978 4683 D
994 4644 1048 4700 hue
1061 4643 1227 4724 atqueilluc,
1244 4650 1279 4724 ¹et
1299 4640 1373 4723 velut
1393 4639 1537 4722 volitando·
1553 4587 1662 4760 ‹fellerri
1683 4640 1797 4758 Risum·

136 4729 195 4815 swf
202 4713 567 4839 lttegifftcaatuguniobantnotavit
581 4784 615 4838 D.
632 4780 783 4854 Gregorius
804 4795 826 4836 x
841 4781 940 4837 Moral-
993 4712 1797 4852 {iffitisuiretmorldltlioffempbffitsi&aaute⁵¹q¹>¹sgalilub:illilusugffilre

137 4870 201 4925 cat>-
217 4862 242 4909 ⁷·
267 4848 460 4923 Soepe,inq‘uit,
478 4853 617 4908 immunda
638 4852 764 4923 dwdssm
784 4852 826 4905 vel
845 4852 942 4907 ilb‘ea'ta
994 4857 1112 4920 debeam
1124 4862 1151 4909 et
1170 4852 1194 4908 si
1206 4852 1249 4907 cui
1268 4867 1300 4906 ex
1311 4851 1345 4906 iis
1360 4849 1454 4929 oculos
1465 4795 1573 4927 duobus
1584 4842 1703 4927 digitulis
1715 4861 1797 4927 eom·

137 4927 232 4982 ocimo
242 4939 388 4990 torstenus,
400 4926 528 4992 quotiesc
539 4924 662 4994 precibus
672 4923 943 4986 vamme-esmona
1015 4925 1165 4987 cessissent,
1187 4922 1278 4976 statim
1301 4918 1486 4984 dormttttbat;
1508 4932 1530 4972 st
1556 4932 1599 4972 cut
1626 4931 1689 4971 tero
1713 4933 1741 4972 ru
1766 4932 1797 4974 os

137 5012 166 5052 se
177 5010 251 5051 mens
264 4996 301 5048 ud
311 4992 432 5049 studium
448 4997 575 5049 orationis
599 4997 727 5061 creuerit,
748 5008 944 5048 rerumrerum
997 4993 1196 5052 immersissent
1207 4990 1335 5063 digitum,
1349 4987 1466 5067 oscitare
1482 5003 1547 5046 eum
1563 4985 1706 5043 iaciebant.
1724 4992 1796 5045 ltem

139 5071 269 5136 tmaqirtes
292 5067 462 5120 reuerterutu
484 5068 602 5135 potitur,
625 5066 723 5136 quibus
736 5065 849 5118 libenter
865 5066 943 5133 priate
998 5073 1062 5141 post
1072 5063 1208 5135 psalmum
1228 5078 1294 5117 oum
1308 5061 1343 5117 ad
1357 5059 1492 5117 orandum
1512 5074 1541 5115 se
1554 5060 1729 5131 projecissent
1742 5060 1797 5115 lra-

138 5138 448 5207 otiosopremebotur3et
459 5136 602 5206 quostiam
609 5138 706 5204 sociem
716 5136 753 5190 cd
763 5137 943 5191 Dmmonima
996 5148 1052 5194 tres
1083 5131 1278 5207 percurrebant
1297 5133 1397 5188 iterum
1419 5131 1557 5204 singulos;
1581 5139 1608 5185 et
1626 5137 1688 5184 ante
1709 5130 1795 5186 alium

137 5207 944 5277 leeureuettsufficit,qeioinsertimirttmirrquinutomertte
967 5198 975 5213 “
997 5178 1107 5281 quidem
1127 5204 1265 5278 jacentem
1288 5204 1316 5259 in
1337 5203 1478 5270 oratione,
1498 5201 1575 5275 quasi
1597 5200 1626 5256 in
1651 5201 1796 5281 mulierum

138 5280 259 5335 merarius
280 5280 391 5348 pollute
423 5281 590 5347 cogitationis
615 5278 846 5347 accessissem
871 5278 944 5333 curib
996 5277 1086 5353 specie
1110 5276 1300 5340 vertebrorum
1318 5282 1381 5331 ante
1404 5275 1487 5330 alium
1511 5273 1588 5346 quasi
1617 5271 1795 5346 aetlthcantes,

140 5351 235 5405 mundi
252 5351 364 5403 liberarer
386 5365 561 5421 occupamur,
580 5366 691 5420 cumque
716 5350 826 5419 postiteo
854 5348 943 5404 studio
997 5359 1045 5408 aut
1062 5365 1096 5422 ap
1115 5357 1235 5406 ortantes
1248 5346 1363 5417 aliquid,
1379 5354 1426 5402 aut
1440 5346 1545 5400 diversa
1560 5359 1673 5425 quaeque
1687 5354 1799 5416 agentes

140 5422 267 5476 cretionis
286 5421 460 5484 intrudentes,
471 5436 643 5490 nequequam
655 5437 683 5477 se
695 5435 768 5475 mens
778 5420 814 5474 od
825 5417 944 5475 celestio
997 5365 1171 5494 apparessant.
1190 5421 1226 5474 tr
1240 5432 1420 5501 quaecumque
1431 5416 1570 5472 daetttones
1583 5431 1657 5496 quast
1675 5418 1799 5495 ludentes

140 5493 228 5558 eripit,
243 5495 305 5561 qtriu
316 5493 421 5561 potiolus
434 5493 503 5547 hunc
516 5497 628 5547 terreno
641 5491 830 5547 sollicitudinis
840 5492 869 5546 irs
880 5507 943 5563 pro·
997 5493 1174 5556 formassent,
1187 5490 1244 5545 haec
1255 5496 1364 5545 orantes
1377 5488 1413 5543 tlli
1427 5487 1453 5542 in
1469 5488 1559 5545 cordis
1576 5502 1617 5541 sur
1635 5493 1799 5564 cogitatione

138 5562 259 5629 surtdttm
272 5566 365 5618 mersit
370 5584 380 5630 ;
394 5568 419 5618 et
431 5564 459 5617 in
471 5579 548 5634 prece
556 5566 640 5631 furies
652 5563 756 5619 maredo
769 5565 944 5619 conectendi·
998 5562 1151 5619 versabaut.
1167 5561 1211 5617 Ab
1223 5560 1367 5632 aliquantis
1377 5568 1467 5615 tameo
1480 5556 1619 5620 iratribus,
1636 5556 1679 5609 ubi
1697 5555 1799 5627 ahquid

140 5638 198 5695 tur,
222 5637 286 5702 qtu'o
308 5636 592 5705 capitatio-tristudine
609 5636 665 5690 luto
691 5634 854 5689 maculetur.
878 5637 945 5689 ilaec
998 5635 1098 5690 horum
1120 5647 1201 5706 agere
1227 5634 1387 5759 ctczisseuh
1414 5630 1491 5700 quasi
1521 5629 1652 5683 violenter
1683 5629 1798 5697 repulsi,

138 5705 298 5776 Gregorius.
313 5705 382 5761 Vide
392 5706 526 5761 Joauncm
538 5706 690 5762 Climacum
700 5705 784 5780 gradu
794 5705 893 5776 28,qui
904 5711 946 5760 est
999 5705 1159 5778 precipitati
1180 5702 1275 5776 dejicie
1294 5711 1384 5767 autur,
1410 5702 1447 5756 ita
1469 5709 1499 5757 ut
1514 5716 1565 5755 nec
1579 5710 1651 5755 stare
1670 5707 1733 5778 aute
1751 5712 1800 5752 eos

136 5776 172 5835 de
184 5777 327 5833 Orationi·
999 5787 1047 5834 aut
1065 5775 1180 5832 transire
1195 5775 1334 5832 auderent.
1357 5773 1414 5830 Alii
1435 5772 1517 5828 etiam
1538 5787 1619 5842 supra
1641 5773 1800 5843 seruasset

251 5863 382 5920 Person.
403 5862 510 5921 xiix.
1625 5859 1658 5907 ¹⁰
