3848 6158
126 331 178 385 aaa
798 326 937 385 tuturus
955 326 1106 384 CASSlANl

127 455 205 526 plena
227 453 408 527 probatio,si
427 453 469 512 sel
490 455 564 512 nulla
577 455 670 528 imago
686 453 825 526 decipiens
838 453 968 527 quies-A
1279 448 1400 507 CAPUT
1424 450 1480 505 xl.

125 545 253 604 centibus
268 546 364 617 nobis,
378 556 405 605 et
426 548 455 604 in
469 563 599 620 soporem
613 546 713 604 laxetis
727 555 874 615 occurrat,
888 545 928 603 vel

128 648 203 697 certe
213 640 390 714 interpellans
399 642 491 698 nullas
500 641 728 714 concupiscentie
740 638 930 696 matussaleat
1091 637 1147 704 orio
1169 635 1237 691 sitio
1260 634 1350 690 itluseb
1371 637 1502 689 nocturna
1517 633 1656 704 promdm.

130 734 257 790 excitare.
271 738 284 767 ¹
297 735 375 792 Licet
388 736 463 791 enim
472 734 506 792 ad
516 734 626 807 plenam
639 734 742 806 peceati
756 749 860 790 noxam
870 733 930 790 talis

132 828 283 883 commotio
295 828 409 884 minime
423 836 580 899 reputetur;
591 837 687 885 tamen
697 827 815 885 necdum
830 825 932 899 perlec-
1021 819 1035 859 ¹³
1049 826 1171 899 Qualitas
1182 827 1257 883 enim
1271 827 1479 899 cogitationum,
1493 841 1555 898 qua
1571 825 1786 887 distentionibus

133 927 170 975 tae
184 920 285 975 mentis
301 921 435 977 indicium
453 929 506 990 est,
520 935 572 978 nec
583 920 618 979 ad
631 937 734 994 purum
752 920 857 979 excocti
871 919 930 977 vitii
984 919 1037 977 diei
1058 920 1239 993 negligentius
1258 920 1422 988 custoditur,
1446 919 1579 993 probatur
1603 919 1694 992 quiete
1718 937 1788 980 noc

135 1011 336 1081 manifestatio,
351 1029 415 1071 cum
429 1030 478 1088 per
498 1012 609 1072 ludaeos
622 1015 757 1088 imagines
772 1011 931 1088 hujusmodi
984 1021 1080 1084 tuma,
1102 1021 1129 1070 et
1143 1013 1244 1071 idcirco
1257 1017 1269 1047 ⁰
1283 1028 1348 1069 cum
1361 1013 1544 1070 intercesserit
1564 1013 1655 1087 aliqua
1677 1015 1741 1073 talis
1754 1015 1789 1073 ll·

134 1113 261 1177 operatur
275 1106 371 1163 illusio
987 1107 1073 1177 lusio,
1095 1123 1153 1164 non
1165 1107 1244 1181 eulpa
1263 1107 1355 1166 somni
1369 1107 1504 1165 credenda
1517 1115 1575 1178 est,
1587 1109 1636 1166 sed
1649 1109 1788 1184 negligen-

676 1231 808 1288 Amaut
827 1191 943 1288 cazat
961 1230 1245 1288 conuenientes,

148 1359 245 1414 erpere
263 1347 360 1401 mortis
374 1345 478 1417 hujus?
493 1346 524 1403 ld
544 1355 601 1412 est,
615 1345 649 1404 de
663 1362 789 1420 corpore,
802 1347 886 1403 morti
906 1355 935 1404 et
986 1349 1120 1414 membra3
1134 1350 1192 1403 lecet
1206 1347 1277 1403 veris
1287 1347 1460 1402 sectatoribus
1471 1349 1602 1417 puritates
1615 1347 1653 1402 ad
1666 1349 1796 1419 obtinem,

135 1413 264 1485 peccandi
281 1414 426 1473 affectibus
438 1417 570 1474 obnoxio.
593 1421 628 1474 Et
642 1426 735 1474 tamen
751 1418 813 1489 quis
827 1417 935 1474 dubitet
987 1419 1051 1472 dam
1063 1434 1121 1473 eom
1138 1419 1210 1473 nihil
1225 1418 1448 1488 projudieetista
1460 1420 1613 1480 commotio,
1628 1434 1709 1487 quam
1730 1421 1787 1476 hac

137 1492 246 1540 tantum
269 1488 433 1559 Apostolum
450 1488 644 1560 perfectionem
663 1488 790 1561 puritatis
801 1496 830 1545 et
848 1488 933 1544 casti-
987 1490 1052 1544 solet
1064 1489 1200 1544 interdum
1213 1491 1294 1543 diam
1305 1504 1355 1559 per
1367 1504 1486 1558 soporem
1498 1491 1640 1544 necessitas
1652 1492 1784 1559 cautere,

138 1557 243 1613 monta
263 1555 346 1615 suine
359 1565 533 1618 assecmum?
549 1560 674 1617 &cundo
687 1574 837 1632 repugnare
850 1559 934 1615 edam
987 1561 1122 1615 summum
1140 1566 1229 1615 tamen
1253 1563 1307 1627 est,
1326 1561 1399 1630 quod
1420 1562 1461 1614 ito
1487 1563 1512 1614 si
1533 1565 1661 1615 commota
1681 1562 1790 1629 (umor

137 1627 266 1684 ridentur
279 1630 447 1700 gravissimae
460 1631 507 1688 SS.
521 1633 645 1698 Petrum,
661 1631 807 1703 Augustini
821 1645 935 1703 praeser-
988 1632 1124 1694 membru,
1139 1631 1177 1685 ad
1186 1632 1301 1701 quietem
1317 1631 1460 1700 propriam
1478 1631 1641 1685 reducantur
1652 1634 1790 1688 castitatis

136 1698 205 1765 tim,
220 1700 399 1757 auctoritates
410 1717 442 1757 ac
453 1702 630 1768 testimonia,
650 1701 750 1774 quibus
768 1700 868 1774 passim
890 1715 933 1757 ns·
989 1703 1113 1772 imperio,
1128 1705 1159 1755 ut
1173 1717 1225 1756 non
1240 1701 1316 1755 modo
1328 1716 1388 1754 cum
1400 1701 1475 1755 nullo
1485 1703 1608 1770 pruritu,
1623 1701 1670 1756 sed
1681 1717 1714 1756 nc
1727 1717 1788 1758 aun

138 1778 236 1824 serunt
248 1779 340 1826 motus
356 1773 446 1828 carnis
459 1773 488 1829 in
510 1773 635 1829 haesita
656 1787 713 1828 non
730 1786 811 1843 posse
860 1770 936 1827 nitus
991 1775 1103 1827 minimo
1123 1772 1233 1842 quidem
1254 1772 1376 1826 libidinis
1391 1772 1575 1826 recordatione
1594 1771 1731 1828 sedentur.
1753 1774 1790 1829 lit

138 1839 286 1913 exstingui.
299 1842 343 1898 Sic
352 1842 429 1898 enim
440 1844 610 1915 Augustinus
625 1843 674 1898 lib.
688 1850 784 1899 contra
796 1786 974 1898 lussnumss
992 1857 1088 1899 rursus
1109 1843 1138 1897 in
1157 1843 1211 1898 bne
1230 1841 1354 1913 ejusdem
1365 1841 1521 1898 collationis
1536 1842 1612 1913 (Gap.
1635 1844 1682 1912 ιιι)
1699 1861 1706 1898 :
1725 1846 1790 1901 Hac

139 1925 198 1982 cap.
220 1917 260 1966 5:
278 1912 531 1984 Conuepisecotiam,
551 1914 648 1987 inquit,
663 1914 939 1985 quicombiqatposse
991 1918 1030 1969 est
1044 1915 1234 1969 consummatio
1245 1914 1396 1976 castitates,
1412 1918 1443 1966 ut
1455 1915 1611 1983 vigilantum
1629 1915 1789 1970 monacham

138 1984 604 2054 mistui,nonposseeoasumi?etD.
615 1983 806 2054 Gregorius,in
817 1982 938 2054 primum
992 1985 1128 2040 oblectatio
1149 1984 1272 2039 libidinis
1285 1983 1360 2038 arella
1372 1986 1549 2053 perstnaqot,
1565 1989 1591 2038 ct
1613 1986 1789 2054 quiescentem

137 2053 246 2124 Regum
261 2056 334 2119 (Lib.
350 2069 382 2110 v.
393 2071 453 2125 cop.
467 2062 497 2112 tt
515 2062 540 2111 et
551 2056 600 2110 lib.
612 2068 645 2111 vr
658 2055 753 2111 Morol.
764 2071 787 2109 c.
802 2059 848 2121 ιι)
861 2074 868 2109 :
881 2057 941 2113 Non
992 2058 1152 2111 somniorum
1164 2070 1218 2109 non
1231 2054 1315 2120 tollat
1326 2055 1434 2109 illusio:
1448 2055 1495 2109 sed
1503 2071 1562 2109 cum
1572 2055 1718 2109 donatarii
1729 2060 1791 2112 tan·

140 2125 248 2193 quidem
258 2127 317 2181 tolli
324 2131 411 2194 potest
420 2130 507 2195 carni,
518 2127 589 2197 quod
603 2128 648 2181 lea
656 2128 745 2181 carnis
756 2127 876 2182 menbra
883 2140 936 2181 non
989 2131 1046 2181 tum
1055 2142 1106 2195 per
1117 2129 1211 2196 sopita
1221 2128 1316 2180 mente's
1325 2127 1461 2180 incuriam
1472 2128 1608 2181 commotio
1616 2128 1705 2181 carms
1715 2127 1789 2183 obre·

138 2200 256 2262 mouson
270 2197 318 2251 sed
336 2199 423 2252 tamen
442 2199 502 2253 tolli
510 2200 597 2268 potest
611 2199 688 2252 cauri
700 2198 827 2252 uiolentia
841 2199 936 2252 motti]-
988 2200 1087 2268 pscrit,
1103 2196 1325 2267 quenadmodum
1337 2198 1394 2251 sirie
1408 2197 1465 2250 ulla
1474 2197 1629 2252 titillatione
1642 2197 1790 2267 uoluptatis

139 2267 198 2328 nes,
214 2267 427 2336 utrelinquotur
441 2271 467 2322 ei
479 2273 576 2331 motus,
597 2267 644 2322 sed
660 2266 745 2323 cidem
756 2269 842 2322 notui
853 2269 938 2323 omnes
992 2270 1112 2322 excitata
1125 2272 1177 2330 est,
1190 2269 1230 2322 ita
1243 2269 1324 2320 etrum
1342 2269 1399 2322 sine
1414 2265 1469 2321 ιιιιο
1478 2270 1589 2337 pruritu
1601 2270 1717 2337 corporis
1728 2282 1791 2323 con·

139 2335 322 2391 delectationis
338 2339 482 2394 obscenitas
500 2342 654 2406 auferatur,
671 2343 696 2393 et
717 2340 831 2409 sinquea
849 2343 937 2394 motus
993 2341 1120 2409 quiescat.
1144 2340 1292 2408 Hucusque
1306 2337 1391 2392 abbas
1411 2338 1591 2400 Chaeremon,
1606 2340 1647 2393 vet
1667 2337 1718 2393 sub
1732 2337 1791 2411 ejus

138 2406 186 2460 ille
199 2409 244 2469 sit,
257 2409 286 2461 in
297 2424 349 2476 queo
366 2410 460 2478 aliqua
473 2410 596 2464 libidinis
618 2410 758 2479 turpitude
772 2426 825 2463 riou
839 2411 885 2463 sit.
904 2411 940 2465 lit
993 2423 1110 2481 persona
1134 2408 1289 2464 Cassianus.
1316 2409 1451 2534 Agnoscit
1473 2408 1557 2480 igitur
1569 2409 1661 2464 etiam-
1674 2408 1703 2463 in
1719 2407 1791 2464 uiris

139 2486 202 2547 post
217 2496 223 2532 :
236 2479 301 2535 Cum
314 2480 475 2536 abstinentes
486 2495 602 2551 quosque
617 2481 712 2535 diuina
724 2482 814 2549 qratia
821 2481 939 2550 perfecte
993 2479 1136 2552 perlectis,
1155 2479 1211 2535 sive
1226 2479 1347 2552 vigilanti
1368 2493 1417 2546 us,
1433 2479 1491 2535 sire
1503 2477 1712 2543 dormientibus,
1727 2492 1791 2535 mu·

139 2555 305 2612 remuneret,
316 2566 333 2603 a
343 2553 525 2621 corporalibus
535 2567 623 2607 caum
632 2551 746 2606 motebm
754 2550 939 2605 omniumobs-
993 2559 1054 2607 tum
1072 2550 1163 2606 earnis
1176 2557 1204 2605 et
1223 2549 1424 2618 membrorum,
1443 2548 1491 2606 sed
1503 2557 1617 2605 exutum
1629 2556 1656 2605 et
1671 2562 1793 2606 vacuum

140 2621 397 2678 cerrdatumaculeos
411 2624 497 2690 tullit3
516 2623 563 2678 sed
573 2624 612 2677 eis
622 2625 790 2693 ipsosmotus
799 2621 939 2676 naturales
994 2621 1186 2687 oblectatione,
1200 2621 1350 2691 voluptate,
1362 2635 1505 2677 consensu.

141 2689 258 2754 deserit,
278 2695 425 2746 attentari
445 2709 547 2764 semper
566 2696 686 2764 possint,
706 2695 778 2748 uinci
794 2708 940 2762 numquam
1030 2694 1250 2773 'Parapbrastes
1272 2708 1279 2746 ι
1296 2692 1422 2758 Quamuis
1437 2692 1500 2746 talis
1514 2690 1649 2745 cunetatio
1669 2689 1792 2761 (genita-

138 2762 360 2831 possiutdumid
369 2764 593 2835 deseritquodcts
603 2763 828 2834 uatdedisplicet3
847 2763 940 2818 scdsic
994 2762 1064 2818 lium
1079 2763 1181 2818 scilicet
1198 2762 1360 2828 insomnis)
1377 2779 1429 2818 non
1445 2766 1584 2845 reputetur
1600 2762 1679 2832 plene
1691 2763 1720 2815 iu
1734 2762 1793 2817 cral-

141 2832 266 2887 debilitat
275 2834 347 2914 quod
356 2834 464 2898 deserit,
475 2835 811 2962 utfiraualereeictoribus
821 2849 874 2889 non
882 2848 940 2904 per·
991 2850 1066 2904 pam,
1078 2842 1131 2890 etc.
1144 2832 1242 2906 Agitur
1251 2833 1324 2888 enim
1335 2831 1380 2888 bic
1388 2832 1422 2889 de
1432 2831 1589 2904 hujusmodi
1601 2831 1731 2901 motibus,
1742 2846 1794 2889 seu

140 2905 241 2959 mittat.
259 2905 305 2961 Sic
323 2905 484 2976 Gregorius.
536 2907 558 2962 is
572 2905 678 2962 accedit
695 2904 815 2963 delinitio
831 2904 939 2960 concilii
994 2905 1180 2971 motionibus,
1204 2917 1268 2976 quae
1283 2903 1500 2975 quiescentibus,
1514 2903 1542 2958 id
1557 2910 1608 2967 cst,
1625 2900 1791 2958 dormienti·

139 2974 292 3030 Tridentini
318 2977 398 3040 (Sess.
421 2982 470 3045 v),
489 2992 543 3049 qua
565 2976 666 3033 dicitur
678 2992 786 3031 munere
807 2978 888 3030 etiam
910 2977 941 3029 in
995 2975 1057 3043 bus,
1073 2984 1100 3031 et
1118 2976 1147 3030 in
1160 2989 1288 3046 soporem
1299 2975 1396 3030 laxatis
1407 2989 1439 3029 ex
1453 2974 1572 3045 quodam
1586 2974 1735 3040 insomnio,
1748 2972 1792 3030 tel

142 3046 289 3115 baptizatis
302 3049 543 3116 cornupisceatiam,
555 3047 837 3117 eamqueadaqonem,
849 3045 876 3101 id
888 3052 940 3114 est,
996 3046 1140 3112 illusione,
1157 3044 1310 3116 contingit,
1331 3053 1361 3101 ut
1375 3053 1450 3117 patet
1461 3053 1521 3101 tum
1534 3059 1566 3100 ex
1579 3043 1669 3099 verbis
1686 3057 1794 3117 praece-

140 3124 292 3181 certamen‚
308 3119 560 3182 irinobr‘srelictom,
572 3121 611 3172 sic
625 3114 940 3180 tomen,'utaonconsen·
995 3117 1142 3183 dentibus,
1157 3125 1217 3171 tum
1240 3131 1271 3171 er
1296 3131 1356 3189 cup.
1379 3117 1513 3186 sequenti.
1533 3117 1579 3172 Sic
1603 3115 1688 3170 etiam
1704 3113 1793 3171 abbas

141 3187 941 3257 tientlbusscdperqratramChristilcsuuimtiterrepuqnon-
957 3211 980 3275 C
995 3187 1159 3243 Chaeremon
1172 3187 1296 3258 superius
1306 3187 1405 3242 citatus
1442 3188 1634 3256 coll.12,cap.
1649 3185 1688 3257 tl)
1701 3206 1707 3242 :
1719 3188 1795 3243 hicet

141 3257 212 3311 titus
223 3258 944 3328 nocerenonuulcnt,quntimmoadooronummultum
995 3261 1064 3314 aeris
1077 3259 1249 3314 sectatoribus
1262 3261 1394 3328 puritatis
1458 3257 1628 3313 obtinendam
1641 3272 1701 3311 eam
1719 3257 1791 3312 mid

138 3329 238 3451 prosit.
253 3328 294 3381 De
310 3343 363 3399 qua
379 3327 474 3384 itidem
486 3329 577 3385 carnis
591 3337 619 3386 et
632 3329 747 3455 sffiritus
763 3329 942 3401 repugnantia
993 3331 1151 3400 prejudicat
1166 3331 1221 3384 isto
1238 3332 1390 3392 commotio,
1410 3344 1491 3398 quam
1505 3329 1560 3383 liae
1575 3329 1641 3383 solet
1656 3327 1794 3383 interdum

152 3405 196 3453 ate
207 3405 235 3452 et
244 3412 277 3453 ex
290 3397 414 3470 professo
424 3401 481 3473 agit
493 3405 599 3457 Auctor
610 3415 643 3456 eo
664 3400 867 3470 ationequarta,
881 3414 942 3471 quea
995 3404 1076 3456 etium
1086 3417 1136 3471 per
1148 3415 1267 3471 soporem
1278 3402 1419 3455 necessitas
1429 3402 1558 3455 accitare.
1571 3399 1607 3453 Et
1617 3397 1744 3453 similiter
1758 3397 1794 3454 ds

143 3469 176 3524 ete
198 3471 409 3539 concupiscentia
429 3474 517 3527 carnes
535 3477 561 3527 ct
582 3474 695 3544 spiritus
716 3471 895 3536 inscribitur3
914 3477 942 3526 ct
995 3471 1121 3527 illusione
1134 3479 1268 3527 nocturna
1285 3472 1361 3542 (Gap.
1373 3476 1407 3536 7,
1420 3471 1495 3540 ibid)
1511 3472 1602 3525 :unet
1615 3470 1684 3523 hane
1697 3469 1793 3538 luditi-

143 3538 287 3595 collatione
300 3545 353 3608 23,
368 3542 401 3596 de
414 3557 443 3598 eo
457 3544 531 3613 quod
542 3544 608 3598 dicit
618 3544 781 3613 Apostolus:
797 3545 855 3597 Non
871 3541 942 3610 quod
994 3545 1123 3597 cottonem
1135 3547 1241 3613 peccato
1252 3557 1306 3597 esse
1318 3543 1460 3596 obnoxiam
1472 3556 1525 3595 non
1536 3541 1686 3601 credamus,
1702 3554 1794 3595 conca·

142 3611 200 3664 arelo
212 3612 318 3674 bonum,
330 3613 377 3666 hoc
384 3614 467 3681 saue,
478 3621 529 3669 etc.
544 3615 583 3671 Ut
596 3613 744 3686 igiturbaec
754 3612 940 3680 concilientur,
991 3616 1131 3683 piscentur
1147 3618 1235 3667 tamen
1247 3613 1335 3666 adhuc
1348 3613 1503 3667 medullinus
1517 3613 1652 3667 latitantis
1663 3611 1795 3665 indicium

143 3680 197 3753 pie,
213 3682 304 3752 quoad
317 3686 376 3752 ejus
393 3682 452 3739 lieri
466 3693 565 3755 potest,
581 3683 758 3755 exponendus
772 3690 814 3738 est
832 3681 940 3738 samia·
995 3689 1044 3738 est.
1060 3685 1147 3739 Porro
1158 3683 1313 3738 commotio
1326 3681 1383 3737 sire
1397 3682 1519 3738 titillatio
1534 3682 1624 3737 caretis
1635 3681 1794 3738 involunta-

143 3767 212 3819 nus,
227 3752 273 3823 qui
294 3752 386 3822 pietati
400 3769 464 3810 cum
480 3755 577 3836 primis
592 3754 727 3811 studuisse
738 3768 771 3809 co
809 3753 912 3809 oscitur
931 3772 940 3808 .·
996 3755 1036 3809 ria
1046 3793 1055 3824 ,
1067 3754 1125 3809 sive
1147 3753 1176 3809 in
1195 3753 1319 3818 somnis,
1332 3753 1386 3808 siae
1406 3753 1434 3808 iu
1456 3752 1546 3835 vigilia
1561 3751 1711 3824 contingat,
1725 3766 1790 3809 cum

144 3823 265 3894 primum
284 3823 412 3893 quidem,
429 3833 461 3881 ut
481 3826 510 3882 td
529 3825 591 3881 uelit
601 3824 709 3891 dicere,
724 3840 772 3896 per
785 3831 875 3880 ectum
888 3823 942 3879 bo·
995 3839 1071 3881 mere
1085 3823 1217 3880 naturalis
1228 3824 1277 3887 sit,
1293 3829 1321 3878 et
1332 3839 1364 3879 ex
1385 3839 1507 3894 corporis
1519 3822 1680 3878 habitudine
1693 3837 1726 3878 nc
1736 3822 1794 3879 dis·

144 3894 266 3961 enicem,
290 3895 342 3950 Dei
362 3895 446 3967 gratia
468 3896 497 3953 id
517 3894 648 3964 iaciente,
672 3895 708 3951 ad
728 3910 792 3950 eum
811 3894 942 3951 castitatis
995 3895 1149 3967 positione,
1163 3909 1254 3951 seusa
1269 3893 1322 3950 cibi
1336 3902 1448 3966 potusve
1463 3894 1611 3965 qualitate,
1624 3900 1794 3951 autnaturte

143 3965 259 4037 gradum
272 3980 351 4037 posse
365 3968 536 4040 pertingere,
552 3967 581 4022 in
596 3982 651 4038 quo
662 3967 828 4022 constitutos
841 3980 942 4022 mnen-
994 3966 1155 4023 necessitate
1177 3966 1338 4036 proveniat,
1362 3981 1418 4022 non
1439 3965 1524 4021 modo
1541 3965 1643 4036 peccati
1661 3964 1796 4021 rationem

143 4037 284 4108 piscentiae
306 4038 433 4094 stimulos
453 4038 497 4093 vix
520 4053 553 4095 ac
572 4053 607 4093 ne
627 4037 672 4092 vir
691 4037 803 4109 quidem
823 4036 941 4107 senbat,
994 4053 1051 4093 non
1071 4037 1170 4100 babet,
1182 4038 1230 4092 sed
1246 4045 1274 4092 et
1287 4036 1380 4093 meriti
1394 4036 1568 4092 occasionem
1584 4036 1696 4108 praebet,
1709 4034 1795 4092 siro-

143 4108 254 4174 periude
264 4124 295 4164 oc
307 4109 330 4164 si
341 4109 400 4164 e'us
411 4109 547 4165 incentiva
558 4109 675 4165 omnino
690 4116 779 4164 essent
790 4107 939 4175 erminum
995 4109 1085 4164 luntas
1102 4108 1127 4164 ei
1141 4115 1291 4180 repugnet,
1305 4116 1332 4164 et
1346 4107 1420 4163 nullo
1437 4107 1522 4163 modo
1537 4105 1699 4163 consentiat.
1722 4106 1796 4162 llinc

143 4178 217 4250 quod
231 4179 316 4235 abbas
326 4125 492 4237 Cbaeremon
502 4179 637 4253 siguificat
647 4180 754 4248 (Callet.
767 4184 799 4235 ιι
809 4195 869 4249 cap.
884 4183 941 4248 ta),
995 4183 1031 4236 D.
1048 4179 1217 4250 Augustinus
1239 4178 1312 4235 lib.1
1329 4178 1364 4235 de
1379 4177 1457 4234 Civit.
1471 4194 1535 4248 cap.
1557 4183 1592 4233 ιι
1610 4197 1615 4232 :
1630 4179 1670 4240 Si,
1686 4176 1794 4248 iuquit,

144 4266 208 4306 cum
223 4251 260 4306 ait
273 4271 280 4305 ι
293 4254 396 4321 itaqua
407 4269 439 4308 aa
449 4254 566 4322 mirifico
580 4256 654 4316 suaet,
673 4266 719 4306 ricc
731 4251 784 4306 ulli
794 4251 940 4315 luminum,
996 4253 1045 4306 illa
1054 4250 1500 4375 conmgiscmtiolisinobcdientiu,
1509 4265 1569 4318 qua
1578 4249 1666 4304 adhuc
1676 4250 1705 4302 tn
1718 4262 1796 4304 mem

144 4325 201 4376 ιιιει
214 4322 256 4376 his
271 4327 379 4379 tantum
390 4327 439 4393 qui
446 4326 553 4394 auperti
565 4328 637 4386 sunt,
650 4329 726 4390 reatu,
741 4337 802 4393 quta
813 4324 942 4378 Dominus
997 4324 1052 4378 bris
1064 4324 1135 4376 mori
1152 4321 1233 4374 undis
1246 4320 1360 4382 habitat,
1372 4326 1473 4389 prater·
1483 4326 1582 4375 nostra
1600 4321 1748 4374 voluntatis
1760 4319 1797 4375 te-

146 4393 270 4460 fidelitas
277 4394 469 4447 sarisadhucin
482 4397 535 4449 isto
546 4395 725 4464 renuptionis
735 4394 942 4449 uasculocmssti·
994 4409 1066 4462 qam,
1083 4393 1163 4460 quasi
1181 4392 1238 4459 leqc
1251 4405 1302 4444 seia
1322 4397 1450 4455 mooetrer,
1473 4396 1573 4460 quante
1590 4393 1679 4459 maqes
1693 4391 1729 4444 ub

145 4464 229 4523 ιιιιιε,
244 4461 379 4529 ineffabili
391 4464 554 4517 liberalitate
567 4464 695 4532 largitur.
714 4468 753 4519 De
762 4464 859 4532 quibus
875 4466 943 4519 Pro-
995 4466 1074 4533 adpu
1083 4464 1272 4530 estiucorpore
1281 4477 1332 4515 nori
1346 4463 1548 4525 consentientis,
1563 4465 1588 4516 si
1599 4463 1700 4531 absque
1710 4404 1795 4531 aas&

144 4532 226 4601 pheta
240 4532 327 4596 (Psul.
343 4534 500 4600 cxxxviii)
517 4549 524 4585 :
540 4535 612 4587 Mira
631 4548 712 4602 opera
734 4538 791 4587 tuo.
807 4535 843 4587 Et
861 4532 941 4603 paulo
998 4540 1037 4591 est
1047 4536 1077 4587 in
1090 4546 1198 4602 corpore
1212 4532 1371 4588 dormientis
1379 4536 1389 4588 t
1403 4536 1439 4588 lta
1452 4534 1631 4605 Augustinus.
1647 4535 1797 4588 tamtan

145 4608 207 4673 post
225 4619 231 4654 :
247 4602 311 4667 Quis
327 4604 459 4656 enimnon
469 4603 635 4671 obstupescat
647 4618 728 4672 opera
738 4605 786 4657 Dei
799 4604 945 4658 camillum
960 4603 986 4666 D
999 4614 1055 4661 tem
1073 4601 1231 4675 hujusmodi
1245 4603 1334 4658 carnis
1346 4604 1514 4668 commotio,
1530 4619 1578 4659 seu
1598 4603 1722 4675 prurigo,
1736 4615 1798 4658 esse

145 4674 236 4742 iqnem
248 4671 383 4735 lubidines·
394 4688 471 4743 quem
487 4674 641 4727 erataralem
655 4678 735 4727 cretea
749 4678 774 4728 et
786 4673 944 4730 uelutinca-
1000 4673 1168 4736 uoluntaria,
1190 4675 1230 4728 vet
1243 4673 1271 4729 in
1285 4689 1331 4741 se,
1354 4674 1393 4730 vel
1408 4674 1435 4729 in
1449 4690 1497 4730 sua
1513 4689 1610 4742 causa,
1632 4681 1660 4729 et
1681 4681 1797 4729 sancus

145 4742 331 4812 stiuquibitem
344 4759 399 4800 esse
412 4742 545 4807 acuebat,
556 4746 597 4798 ita
607 4745 764 4813 attenuisse
773 4746 943 4816 putassent,
1082 4746 1102 4800 ti
1116 4745 1251 4801 rationem
1271 4743 1366 4810 babet,
1388 4753 1522 4815 quatenus
1535 4753 1628 4801 contra
1644 4745 1685 4798 vel
1700 4751 1800 4814 praeter

145 4819 177 4870 ιιι
186 4829 219 4870 ne
228 4814 345 4885 simplici
352 4816 460 4886 quidem
469 4817 584 4886 corperis
593 4820 667 4870 neotu
675 4831 702 4870 sc
711 4817 945 4871 scutiotiucitari?
999 4761 1089 4890 m
1113 4815 1264 4871 honestatis
1288 4816 1392 4872 directe
1413 4816 1453 4872 sel
1477 4816 1609 4872 indirecte
1628 4813 1800 4880 voluntarius

145 4887 191 4943 Sic
205 4885 259 4942 illc.
271 4888 306 4942 Et
319 4887 431 4959 quidem
442 4886 579 4959 aliquibus
591 4886 643 4943 boc
656 4886 762 4943 donum
776 4885 860 4944 luisse
874 4900 944 4943 con·
999 4903 1117 4961 cumque
1129 4887 1290 4960 plerumque
1301 4887 1337 4943 sit
1349 4884 1477 4955 quaedam
1492 4887 1632 4942 inchoatio
1644 4901 1693 4941 seu
1708 4886 1802 4957 dispo·

145 4973 254 5014 cessum
274 4974 359 5014 nemo
373 4959 495 5027 dubitat,
514 4957 560 5030 qui
581 4957 623 5015 vel
647 4958 766 5014 tenuiter
783 4966 945 5015 sanctorum
999 4961 1062 5020 sitio
1083 4959 1118 5015 ad
1138 4957 1326 5029 pollutionem,
1349 4957 1412 5013 inde
1434 4957 1601 5013 sumendum
1623 4956 1657 5013 de
1674 4971 1707 5011 ea
1727 4954 1804 5012 indi-

145 5045 190 5086 res
214 5037 304 5100 gestas
327 5032 449 5102 attigerit
471 5052 477 5086 :
502 5028 659 5087 cu‘usmodi
682 5029 787 5087 donum
808 5030 892 5086 etiam
916 5030 944 5085 in
999 5035 1074 5090 cium
1096 5028 1233 5102 :proinde
1246 5028 1412 5085 consulenda
1437 5043 1500 5099 quae
1519 5029 1552 5084 de
1574 5026 1739 5105 pollutione
1758 5024 1802 5083 di·

144 5101 248 5156 Sereno
262 5099 360 5156 abbate
380 5102 511 5171 praedicat
565 5102 799 5172 ssiauus(Callot.
815 5109 832 5157 t
847 5117 870 5157 c.
888 5103 946 5156 tet
994 5099 1352 5162 centuriuCollatiunibus.
1433 5139 1439 5147 -
1785 5158 1789 5163 ,

144 5172 204 5226 coll.
221 5175 253 5225 ιι
266 5186 288 5224 c.
303 5171 351 5239 t),
367 5179 394 5225 et
405 5188 457 5227 nos
471 5171 574 5227 ibidem
588 5173 640 5229 alia
654 5173 776 5244 exempla
789 5171 946 5229 subnotari·
1034 5171 1048 5207 l
1071 5172 1239 5243 Dionysiana
1259 5169 1447 5242 paraphrasis:
1459 5174 1597 5229 Nocturna
1615 5171 1703 5239 quiete
1718 5184 1799 5225 mon·

145 5255 218 5296 mus.
237 5239 342 5296 Deinde
358 5240 422 5297 licet
434 5242 581 5299 Cassianus
595 5243 720 5299 videatur
734 5241 802 5298 velle
813 5243 946 5316 abrogare
998 5249 1104 5302 suarm
1122 5243 1246 5313 quattus
1265 5244 1485 5298 distractionibus
1502 5243 1691 5310 ccqitutiouum
1708 5241 1800 5309 napli-

146 5326 258 5368 omnem
279 5311 432 5367 motionem
448 5313 554 5380 carnis,
577 5314 659 5370 etiam
678 5313 707 5368 in
725 5312 944 5382 dormientibus3
999 5319 1103 5387 partitas
1124 5329 1267 5383 evagemur
1288 5316 1317 5368 ιἰι
1338 5315 1391 5369 (ιιι.
1416 5316 1503 5370 Porro
1517 5313 1551 5368 de
1575 5310 1753 5367 illusionibus
1771 5317 1801 5367 st

144 5381 323 5438 nihilominus
337 5382 451 5453 ipsemet
472 5381 545 5439 baud
561 5383 677 5440 obscure
688 5383 825 5457 significat
840 5384 868 5438 in
881 5398 943 5465 per·
998 5384 1197 5460 pollutionibus
1220 5385 1376 5449 nocturnis,
1399 5398 1549 5455 earumque
1574 5381 1682 5450 causis,
1707 5381 1804 5454 agitur

58 5470 61 5477 ·
145 5453 225 5510 lectis
243 5453 327 5509 etiam
346 5453 412 5508 viris
425 5469 568 5511 remanere
581 5470 692 5512 sensum
712 5454 833 5525 aliquem
847 5452 944 5525 hujus·
999 5459 1109 5532 plenius
1127 5456 1217 5512 collat.
1231 5458 1266 5510 ιι
1287 5471 1348 5526 cap.
1365 5462 1418 5512 set
1431 5462 1556 5526 sequent.

145 5524 221 5581 modi
235 5524 410 5589 motionum,
423 5540 507 5596 quem
523 5541 579 5582 non
594 5533 673 5599 putat
685 5524 720 5582 de
733 5524 867 5581 castitatis
886 5540 945 5596 per·
1033 5525 1224 5599 euujmmodt
1245 5534 1394 5582 nonumas
1413 5527 1553 5582 illusiones
1574 5531 1603 5581 u
1623 5521 1804 5580 minutorum

144 5595 263 5652 tectione
272 5595 420 5668 quidquam
430 5596 582 5655 detrahere.
594 5599 640 5655 Sic
649 5597 723 5652 enim
736 5595 774 5651 ait
789 5595 817 5650 in
829 5595 944 5667 ipsamet
999 5599 1118 5657 ludibria
1133 5614 1165 5653 ex
1187 5605 1319 5654 anteactae
1339 5598 1400 5653 sitae
1419 5597 1525 5654 actibus
1538 5604 1566 5652 et
1587 5594 1806 5668 cogitationibus

145 5667 290 5723 collatione
309 5666 335 5721 in
356 5682 410 5738 qua
434 5667 504 5724 adeo
524 5683 635 5726 severus
650 5676 691 5723 est
704 5666 834 5724 adversus
853 5667 944 5725 carnis
996 5672 1048 5729 sibi
1063 5669 1182 5735 residua,
1195 5678 1223 5725 et
1235 5667 1349 5724 subinde
1361 5669 1542 5738 oecumentia,
1554 5682 1618 5723 eum
1633 5666 1737 5739 mmitu
1752 5664 1804 5723 dc·

145 5738 275 5795 stimulos
291 5738 399 5809 (collat.
415 5745 446 5794 ta
470 5756 529 5811 cap.
547 5741 599 5809 tt)
618 5758 625 5794 :
639 5739 715 5807 Quod
726 5742 815 5794 autem
826 5754 878 5810 per
891 5740 940 5795 hac
1018 5743 1097 5812 lorat,
1110 5748 1138 5797 et
1154 5738 1191 5797 ab
1205 5740 1238 5796 iis
1253 5739 1361 5796 liberari
1375 5740 1478 5810 expetit
1490 5742 1527 5795 D.
1542 5737 1714 5810 Augustinus
1727 5735 1758 5792 in
1769 5735 1806 5792 li·

144 5810 326 5866 inevitabilem
334 5812 532 5891 etmmttt'omm
539 5813 627 5866 welde
635 5811 766 5874 αιιθήιίι,
775 5811 943 5895 mutim,
996 5759 1055 5871 kris
1064 5810 1274 5870 Confmionum
1286 5811 1360 5881 (tto.
1374 5825 1472 5881 x,cap.
1487 5811 1537 5880 tu)
1555 5808 1682 5876 :Adhuc
1699 5805 1804 5891 inquiti

127 5882 408 5951 emmerammi
415 5880 723 5954 enitatsbnerqueuerit,
734 5883 945 5955 quietonaa'tct
996 5877 1801 5952 amatunamrtomeatattauronmtmeqinesqaasm
