3848 6158
131 196 182 251 180
325 194 370 250 nt
388 192 628 251 OOENOBIORUM
648 194 774 252 instit.
794 195 859 251 tls.
880 194 929 250 lv.
947 221 984 239 -
1001 195 1047 253 DE
1066 195 1263 253 institutis
1282 198 1583 255 RENUNTIANTIUM.
1728 200 1780 254 leo

129 334 294 394 praeponens
308 320 414 377 cunctis
427 319 569 388 iratribus,
587 335 770 378 successorem
783 319 834 377 sibi
848 329 929 393 atque
941 324 970 391 A
982 330 1039 378 tam
1055 321 1114 378 iilis
1132 330 1160 379 et
1173 323 1271 380 insueti
1288 322 1370 381 oflicii
1390 324 1525 393 novitate,
1541 338 1591 380 neo
1605 323 1779 380 considerans

128 415 257 475 abbatem
272 417 438 473 monasterio
452 416 606 490 dereliquit.
981 415 1169 489 indignitatem
1180 417 1230 484 rei,
1248 417 1431 490 nataliumque
1444 416 1629 489 splendorem,
1642 432 1675 472 ao
1686 415 1780 473 vendi-

403 524 523 581 cppuq
540 526 652 580 χχιχ,
982 509 1065 569 tionis
1080 510 1216 583 iujuriam,
1231 510 1298 567 duin
1311 510 1386 567 illam
1399 510 1495 570 christi
1508 509 1702 577 humilitatem,
1717 523 1780 581 quie

128 617 324 675 mobedimti’a
332 619 430 686 tratre
442 621 503 689 qut,
516 620 603 674 desem
611 623 718 690 sparsas
728 622 927 689 mmmmm,
983 613 1024 661 est
1039 619 1102 660 iera
1122 603 1257 672 nobilitas,
1271 620 1319 678 per
1333 604 1495 664 obedientie
1508 605 1626 681 gratiam
1644 602 1780 664 desiderat

230 690 820 761 pubtioedi’strcicitodcbbatisinperi'um.
982 698 1117 757 obtinere,

163 793 226 848 Non
240 791 390 848 tacebimus
403 791 486 848 etism
504 791 587 850 nobis
601 793 741 867 cognitum
754 793 870 851 hinem
883 808 927 851 se·
1261 820 1382 878 cppm*
1400 816 1497 876 χχχ,

126 884 250 1013 fundum
259 885 353 992 saeculi
366 884 447 993 hujus
459 885 584 994 ordinem
595 888 845 996 summae-familiae..
857 891 930 949 Hem
982 941 1019 993 De
1028 938 1134 993 abban-3
1140 938 1279 1008 ΜΡΝ-ι-
1287 938 1448 1005 humilitate,
1455 937 1515 1007 quq,
1523 938 1615 992 pepp,
1624 939 1772 993 ,mmm

152 987 228 1052 patre
238 989 341 1037 comite
351 995 384 1036 ac
393 979 533 1038 ditissimo
543 980 675 1039 oriundus
683 980 743 1047 luit,
756 981 927 1055 studiisquo·
1017 1010 1496 1079 pebeprpmo‚wpp,esbyperp,oep„g‚
1508 1009 1780 1078 ponqanuummm.

125 1090 182 1148 qne
197 1074 357 1154 liberalibus
376 1091 434 1132 non
449 1075 623 1133 mediocriter
642 1077 790 1135 institutus.
812 1078 865 1148 Qui
879 1093 925 1135 re·
1015 1081 1135 1143 sterium,
1151 1082 1180 1133 in
1192 1093 1244 1150 quo
1253 1080 1325 1133 uelut
1336 1081 1465 1149 tricipiens
1478 1082 1667 1150 susciperetur,
1682 1080 1781 1136 denuo

125 1168 201 1225 lictis
220 1167 380 1241 parentibus
399 1184 463 1224 cuin
479 1168 514 1224 ad
529 1170 728 1227 monasterium
748 1170 925 1243 pervolasset,
1015 1153 1056 1204 ”¹⁰
1069 1150 1239 1220 mmmm
1255 1151 1378 1220 metm·

124 1262 161 1320 ad
172 1261 520 1336 comprobandum'meutis
533 1261 727 1332 humilitatem,
738 1265 779 1320 vel
789 1263 853 1321 lldei
868 1264 928 1337 ejus
1014 1267 1141 1322 coarctat
1160 1281 1212 1322 uos
1230 1265 1313 1322 libelli
1333 1264 1432 1322 modiis
1448 1264 1482 1321 ad
1496 1263 1580 1322 linem
1594 1266 1716 1337 tendere,
1731 1267 1779 1324 sed

124 1354 263 1426 ardorem,
285 1355 430 1413 confestim
453 1356 478 1414 ei
496 1372 513 1412 ι
532 1356 634 1414 seniori
657 1366 823 1431 preceptum
838 1367 879 1416 est
898 1367 928 1417 ut
979 1359 1166 1418 ‘obedientiae
1180 1360 1295 1430 bonurn,
1313 1375 1375 1434 quae
1391 1361 1460 1418 iuter
1470 1369 1582 1418 caeteras
1597 1361 1711 1419 virtutes
1723 1363 1781 1435 pri-

122 1443 249 1506 ¹dsoem
260 1458 368 1523 sportas
387 1464 455 1524 quas
468 1465 579 1509 necesse
590 1466 649 1508 non
662 1460 722 1509 etat
737 1452 844 1524 publice
861 1468 927 1510 ren·
979 1463 1085 1512 mamm
1099 1462 1188 1523 tenet,
1205 1470 1261 1511 non
1280 1454 1381 1527 patitur
1394 1470 1446 1512 nos
1461 1468 1557 1512 eorum
1571 1462 1645 1527 gesta
1667 1455 1714 1528 qui
1732 1470 1781 1528 per

123 1541 218 1611 ditari,
230 1542 379 1601 cervicibus
391 1544 450 1600 suis
461 1560 589 1614 onerans,
601 1544 793 1604 distrahendas
804 1563 853 1620 per
865 1548 923 1621 pla·
979 1548 1049 1606 hano
1067 1550 1225 1607 claruerunt
1239 1549 1346 1623 penitus
1365 1550 1472 1607 silentio
1496 1550 1643 1622 praeterire.
1665 1552 1782 1622 Propter

124 1647 184 1696 teas
198 1637 389 1695 circumferret
402 1658 408 1695 :
421 1638 524 1712 adjecta
535 1639 701 1709 conditione,
715 1655 769 1713 qus
780 1641 884 1699 diutius
896 1642 926 1700 ln
979 1642 1054 1717 quod
1073 1652 1221 1717 utrumque
1245 1659 1364 1716 congrue
1383 1651 1577 1718 temperantes,
1600 1643 1628 1701 id
1648 1652 1702 1713 est,
1721 1653 1780 1700 tam

123 1732 180 1790 boc
198 1731 292 1791 officia
307 1733 481 1799 retineretur,
496 1741 529 1790 ut
546 1735 570 1791 si
585 1733 658 1791 forte
676 1748 721 1791 eas
734 1750 807 1792 unus
825 1736 927 1810 pariter
940 1736 965 1800 B
980 1735 1103 1792 brevitati
1119 1752 1201 1809 quam
1221 1735 1409 1793 studiosorum
1423 1736 1563 1793 desideriis
1574 1744 1656 1810 atque
1676 1736 1781 1794 utilita-

124 1842 255 1885 coemere
268 1827 413 1894 voluisset,
427 1842 483 1883 noii
499 1827 625 1897 cedern,
643 1827 692 1886 sed
708 1828 869 1902 singillatim
880 1845 927 1887 eas
979 1828 1054 1885 tibus
1074 1829 1229 1899 servientes,
1251 1845 1336 1886 unum
1359 1828 1448 1886 adhuc
1466 1845 1599 1903 ponemus
1620 1829 1780 1887 humilitatis

124 1921 311 1994 quaerentibus
334 1921 509 1978 venundaret.
530 1910 616 1995 ‘Quod
635 1922 681 1979 ille
701 1930 757 1979 tota
784 1921 928 1982 devotione
982 1922 1148 1995 exemplum,
1169 1921 1244 1992 quod
1264 1938 1319 1979 uon
1334 1923 1368 1979 ab
1386 1923 1539 1996 incipiente,
1555 1923 1637 1981 seda
1658 1923 1780 1998 perlecto

123 2013 285 2086 complevit,
307 2023 335 2071 et
355 2013 431 2070 omni
450 2013 617 2072 confusionis
629 2016 789 2073 verecundia
805 2032 855 2090 pro
872 2033 926 2074 nu·
980 2024 1063 2088 atque
1089 2014 1188 2072 abbate
1207 2014 1390 2089 completum,
1407 2032 1464 2072 non
1486 2017 1577 2073 solum
1592 2016 1715 2089 juniores
1736 2016 1778 2073 in-

125 2106 201 2164 mine
222 2122 254 2164 ac
272 2106 404 2164 desiderio
425 2107 523 2165 Christi
542 2110 657 2180 calcata,
675 2119 783 2183 sportas
802 2112 927 2169 humeris
978 2119 1093 2179 struere,
1113 2109 1258 2167 sedetiam
1272 2109 1392 2165 seuioms
1408 2108 1442 2165 ad
1458 2108 1606 2180 perlectam
1620 2109 1779 2166 humilitatis

124 2200 184 2259 ruis
195 2201 348 2275 imponens,
367 2203 453 2273 pretio
468 2211 570 2260 statuto
585 2202 719 2273 distraxit,
732 2220 764 2261 ac
781 2206 926 2279 pecuniam
978 2203 1107 2259 virtutem
1121 2202 1291 2259 lectionesna
1305 2201 1405 2273 poterit
1417 2201 1538 2258 incitare.
1551 2202 1676 2258 Vidimus
1687 2203 1778 2274 itaque
1845 2220 1850 2229 ·

125 2292 161 2351 ad
177 2294 375 2352 monauerium
395 2297 543 2370 reportavit
559 2314 565 2353 :
580 2311 750 2369 nequaquam
767 2297 926 2371 perterritus
978 2297 1104 2354 abbatem
1117 2285 1132 2331 d
1146 2296 1327 2372 pynuphium,
1338 2297 1396 2372 qui,
1409 2305 1420 2332 ⁰
1431 2313 1495 2354 cnm
1508 2297 1715 2355 essetimmanis
1726 2313 1779 2358 rie

669 2441 797 2500 nusum
815 2442 929 2499 GhZAEl
947 2440 1228 2499 COMMENTARIUS.

160 2566 175 2598 ¹
196 2568 239 2621 De
259 2565 393 2623 vocabula
414 2564 523 2622 comitis
542 2565 654 2638 ejusque
675 2565 748 2622 varia
769 2567 926 2640 acceptione
978 2583 1042 2624 oiim
1057 2567 1123 2625 olim
1135 2575 1195 2624 tam
1208 2567 1330 2625 eremitae
1342 2583 1426 2641 quam
1437 2568 1582 2630 ooenobilae
1595 2566 1716 2641 plerique
1729 2584 1776 2625 eii-

123 2644 152 2691 et
171 2635 312 2708 multiplici
330 2637 463 2692 comitum
484 2637 623 2706 dignitate,
643 2636 748 2694 videndi
769 2646 834 2694 sunt
851 2639 925 2695 Jiiris
978 2648 1019 2694 tra
1041 2639 1122 2696 urbes
1141 2641 1236 2711 procul
1256 2654 1273 2694 a
1295 2639 1404 2711 reliquis
1424 2639 1582 2696 hominihus
1604 2639 1775 2707 habitarent,

124 2706 216 2764 Civilis
242 2708 417 2780 interpretes3
441 2723 475 2764 ex
514 2708 592 2764 uibus
611 2707 665 2764 hoc
684 2716 791 2765 tautum
813 2717 924 2766 notasse
978 2725 1029 2766 nec
1043 2717 1157 2782 possent
1177 2709 1213 2766 ad
1230 2709 1357 2766 ecclesias
1374 2726 1390 2766 e
1408 2709 1564 2782 iscoporum
1581 2712 1621 2767 vel
1644 2712 1777 2783 parocho·

122 2775 273 2847 suffecerit,
286 2787 349 2835 ante
361 2788 484 2861 tempora
494 2724 664 2861 gonstanliui
677 2779 769 2852 illagni
781 2779 925 2851 imperato
978 2796 1041 2836 rum
1055 2780 1209 2846 convenire,
1222 2779 1357 2838 habebant
1372 2727 1501 2854 pferaque
1513 2782 1676 2838 monasteria
1695 2798 1776 2838 snum

123 2849 163 2906 ris
182 2850 296 2906 comites
315 2848 402 2906 dictos
422 2848 505 2906 luisse
525 2865 571 2921 qui
587 2848 725 2917 consules,
748 2850 924 2922 proconsules
977 2850 1105 2908 abbatem
1126 2851 1325 2924 presbyterum,
1345 2868 1360 2907 a
1381 2867 1435 2923 qno
1455 2860 1625 2908 sacramenta
1644 2853 1778 2924 percipie-

123 2920 306 2993 praedesque
325 2920 525 2992 provinciarum
540 2920 742 2977 comitabantur
760 2921 789 2976 ln
809 2921 923 2993 negotiis
976 2921 1054 2977 bant.
1070 2923 1101 2979 ld
1115 2923 1216 2978 indicat
1227 2923 1305 2979 divus
1316 2925 1485 2996 Augustinus
1497 2923 1556 2978 loro
1571 2932 1736 2989 memorato,
1749 2933 1777 2980 et

123 2990 241 3072 publicis
251 2992 393 3060 obeundis,
408 3000 549 3063 tamquam
559 3006 654 3048 eorum
669 2991 818 3048 administri
833 3000 860 3047 et
873 2991 922 3047 ad·
976 2993 1055 3064 epist.
1069 2997 1114 3061 tl,
1126 2993 1161 3050 ad
1174 2992 1339 3060 Eudoxinm,
1352 3009 1434 3066 quem
1453 2993 1642 3066 presbyterum
1654 3003 1682 3050 et
1694 2994 1778 3051 abba·

120 3071 239 3133 pntores,
262 3071 291 3118 et
314 3077 378 3118 eum
398 3061 450 3117 illis
472 3061 544 3118 velut
560 3078 710 3119 assessores
729 3063 776 3135 jus
795 3061 924 3120 dicebant
976 3072 1034 3119 tem
1046 3065 1185 3132 nominat;
1204 3073 1231 3121 et
1243 3065 1447 3137 Epiphaniusin
1463 3065 1577 3137 epistola
1594 3065 1628 3120 ad
1641 3067 1776 3121 loannem

133 3136 234 3190 Horon.
248 3136 362 3189 innotis
374 3134 598 3202 admartproloq.
612 3140 643 3189 ιι
659 3136 747 3200 maii).
760 3135 785 3188 h
797 3134 923 3206 tempori
976 3135 1257 3208 Hierosolymitanum
1284 3134 1331 3192 ubi
1349 3135 1414 3192 dicit
1432 3151 1462 3192 se
1481 3134 1620 3192 ordinasse
1640 3135 1776 3192 Paulinia-

144 3220 177 3260 us
189 3213 281 3261 autern
295 3205 463 3261 Constantini
477 3205 659 3286 imperatoris,
678 3214 823 3276 postquam
836 3206 923 3276 impe·
937 3195 960 3260 C
976 3221 1043 3263 uum
1064 3205 1178 3262 fratrem
1193 3209 1222 3264 S.
1237 3176 1397 3279 Hieronymi
1413 3205 1604 3280 presbyterum
1620 3206 1776 3262 monasterii

124 3274 199 3330 rium
220 3278 377 3333 Romanum
405 3274 668 3347 Constantinopolim
689 3275 850 3331 translatum
873 3285 924 3344 est,
980 3276 1176 3334 bethleemitici
1194 3281 1358 3348 :Propterea
1372 3278 1600 3348 quodmultitudo
1612 3279 1734 3345 fratrum
1747 3281 1776 3333 iii

126 3344 240 3402 comites
251 3346 315 3403 dicti
327 3354 392 3402 suut
404 3361 475 3419 quos
489 3345 560 3402 idem
575 3344 724 3418 imperator
735 3361 769 3402 eri
781 3346 924 3418 magistra·
979 3351 1137 3403 morasterio
1149 3352 1291 3405 concinens
1301 3350 1407 3404 nullum
1415 3365 1442 3404 se
1453 3350 1550 3404 habore
1562 3353 1716 3418 quereretur
1727 3353 1776 3419 qui

126 3414 200 3473 tibiis
217 3415 365 3490 delegerat,
387 3417 464 3499 quasi
484 3416 627 3473 consocios
640 3416 669 3472 iu
689 3415 925 3474 administratione
969 3417 1031 3472 'sihi
1042 3420 1150 3475 Homini
1162 3425 1331 3475 sumomonte
1342 3423 1485 3490 namnet,
1499 3435 1528 3474 eo
1540 3420 1611 3488 quad
1623 3422 1711 3474 suncti
1718 3436 1776 3490 pre

124 3487 247 3559 imperii,
266 3498 295 3544 et
317 3488 491 3559 amplissimis
513 3486 691 3570 dignitatibus
711 3495 739 3543 et
764 3487 925 3546 muneribus
977 3490 1080 3559 sbyteri'
1094 3493 1271 3560 Hieronymus
1286 3496 1312 3546 ct
1331 3492 1485 3546 Vincentius
1502 3490 1535 3545 ob
1547 3490 1735 3546 uerecundiam
1749 3497 1775 3546 et

123 3557 248 3616 amabat.
265 3562 405 3632 Erautquo
421 3560 448 3615 hi
465 3558 580 3642 triplicis
594 3558 707 3626 ordinis,
719 3573 818 3630 nempe
832 3559 922 3631 primi,
978 3562 1158 3617 humiliatem
1167 3563 1266 3618 nollent
1276 3563 1368 3617 debito
1378 3561 1540 3617 ntonornine
1550 3576 1669 3616 eneruem
1677 3563 1777 3635 socripl·

122 3630 235 3699 mundi
248 3639 277 3687 et
288 3630 371 3698 tertii,
387 3637 418 3686 nt
431 3629 525 3685 scribit
535 3629 668 3686 Eusebius
681 3630 708 3685 in
720 3629 781 3685 Vita
793 3630 924 3686 Constan-
977 3635 1029 3695 otu,
1042 3638 1068 3688 et
1075 3633 1200 3687 laborare
1211 3635 1241 3687 in
1252 3634 1302 3688 huc
1309 3639 1391 3704 porto
1400 3634 1554 3699 ministerii,
1565 3634 1637 3702 quod
1649 3634 1776 3689 Chnstiii-

122 3700 169 3757 tini
182 3699 229 3758 lib.
245 3716 290 3766 iv,
303 3717 362 3774 oap.
382 3709 407 3758 l.
422 3704 463 3758 lle
477 3699 519 3757 his
530 3700 678 3757 comitibus
691 3701 847 3774 complures
860 3711 925 3759 sunt
976 3718 1074 3758 norum
1088 3706 1227 3774 proecmuo
1244 3705 1318 3759 salus
1336 3710 1385 3759 est.
1407 3704 1484 3759 ldem
1505 3718 1569 3760 vero
1590 3704 1694 3759 Hieron
1715 3718 1776 3759 mus

122 3770 192 3828 tituli
205 3771 234 3828 in
247 3773 341 3829 codice
353 3771 541 3828 'theodosiano
554 3772 601 3829 lib.
614 3787 672 3828 xii.
760 3840 766 3855 ι
977 3775 1090 3844 epistola
1107 3779 1153 3842 ιι,
1168 3774 1261 3830 ιιιίιὶι
1277 3783 1378 3830 sanctae
1396 3775 1488 3832 Paula
1506 3773 1595 3830 viduae
1607 3775 1664 3829 loca
1684 3719 1776 3855 'ferrae

156 3836 259 3900 ”luter
271 3844 321 3900 alia
334 3852 456 3900 veterum
470 3842 667 3900 monachorum
677 3841 783 3915 opilicia
797 3857 846 3899 seii
862 3858 923 3900 ma-
976 3845 1084 3903 Sanctia
1098 3845 1218 3902 visitanti
1239 3845 1389 3902 occurrisse
1406 3853 1532 3901 sanctum
1548 3853 1576 3899 et
1596 3843 1776 3899 venerabilem

123 3912 211 3969 unalia
227 3929 332 3988 opera,
349 3913 476 3988 frequem
496 3922 538 3969 est
558 3914 661 3969 mentio
674 3922 841 3997 sportarum,
856 3930 923 3985 quas
978 3917 1069 3988 episco
1089 3932 1138 3973 um
1164 3916 1319 3985 isidorum,
1342 3932 1405 3972 oiim
1425 3915 1513 3971 turbis
1536 3910 1776 3969 innumerabilibus

123 3983 233 4054 rimine,
253 3986 293 4041 iel
309 3984 404 4057 Junco,
425 3992 529 4057 sparto,
547 3992 595 4040 aut
615 3983 697 4039 simili
711 3984 824 4039 materia
841 3993 923 4041 texe·
976 3935 1185 4050 monacssorum,
1204 4003 1235 4043 eri
1252 3987 1350 4059 quibus
1364 3987 1465 4042 multos
1479 3983 1653 4065 sacerdotalis
1665 3991 1693 4064 et
1708 3983 1775 4038 levi-

124 4054 198 4124 bant,
214 4064 244 4112 at
263 4072 297 4113 ue
318 4057 349 4112 iis
367 4055 521 4123 divenditis,
536 4055 638 4111 victum
653 4062 681 4110 et
701 4054 751 4110 alia
772 4056 923 4112 necessaria
976 4057 1045 4113 ticin
1059 4057 1223 4115 sublimabat
1232 4057 1343 4128 gradus.
1357 4061 1525 4112 sozomenus
1541 4055 1600 4111 libr.
1613 4069 1646 4109 vr
1659 4055 1775 4119 Hister,

125 4125 173 4181 sibi
189 4143 256 4198 para
294 4136 325 4183 nt
337 4128 419 4193 (Vide
430 4143 513 4197 supra
527 4142 586 4197 cop.
603 4131 657 4191 lt).
672 4124 760 4180 Testis
776 4128 811 4180 D.
824 4127 922 4182 Hiero·
977 4128 1082 4185 multos
1095 4127 1292 4184 monachornm
1307 4134 1400 4198 patres
1416 4141 1465 4181 sen
1476 4124 1589 4180 abbates
1602 4123 1776 4195 presbyteros

124 4210 224 4269 aymus
236 4199 315 4271 epist.
328 4198 362 4255 ad
375 4199 523 4254 Rusticum
535 4196 702 4254 monachum
718 4205 745 4251 et
756 4195 784 4251 iu
797 4195 859 4251 Vita
874 4196 924 4252 Hi·
977 4195 1060 4254 inisse
1084 4204 1299 4262 commemorat,
1327 4210 1428 4268 eosque
1453 4194 1614 4250 nominatim
1643 4202 1773 4251 recenset.

126 4265 244 4336 larionis,
266 4269 403 4326 Palladius
422 4269 451 4324 in
462 4268 613 4333 Lausiaois,
633 4275 662 4323 et
679 4267 826 4324 Gauianus
839 4266 883 4323 hic
896 4275 925 4324 ct
977 4268 1115 4325 Palladius
1126 4268 1192 4323 item
1202 4265 1287 4322 refert
1298 4266 1326 4322 in
1336 4266 1504 4321 monasterio
1514 4265 1609 4322 Nitriae
1620 4272 1683 4321 octo
1694 4264 1776 4321 inisse

124 4338 185 4394 alibi
197 4340 308 4412 saepius,
320 4341 489 4397 Souomeniis
504 4338 552 4394 lib.
568 4354 611 4403 vi,
626 4353 686 4466 sopp.
702 4343 745 4394 29.
995 4339 1058 4394 rcsb
1076 4348 1161 4407 teros,
1171 4341 1215 4394 tta
1224 4337 1490 4407 tomenutquomdiu
1497 4339 1598 4392 oiumt
1603 4338 1711 4408 primus
1719 4352 1777 4408 pre

158 4410 248 4481 'Quo
265 4427 347 4468 sensu
366 4424 453 4484 quaro
470 4409 577 4466 ratione
596 4407 632 4465 ob
668 4409 748 4466 tentia
762 4408 925 4467 intercatie-
976 4355 1178 4479 fbpterznullus
1187 4410 1376 4480 oliiuofferret
1389 4409 1775 4480 smrificiurnmecjudionret,
1844 4415 1846 4420 ’

123 4482 300 4538 mussites
323 4482 472 4553 primatum
492 4488 597 4549 teneat,
616 4481 719 4538 dictum
739 4488 782 4538 cst
801 4480 829 4536 iu
852 4496 923 4553 pre·
976 4481 1375 4547 nechaberetsermoiscm3sed
1389 4483 1585 4536 tacitetiinturn
1599 4495 1659 4534 uim
1671 4479 1777 4534 eosede

123 4551 444 4637 cedentibus(dop.12).
558 4622 564 4634 ,
750 4620 756 4633 ·
938 4556 1047 4618 Deerit.
1064 4553 1231 4624 Augustinus
1244 4552 1403 4634 (Libroiflde
1414 4552 1654 4634 Horibucholes.,
1668 4554 1771 4632 ⁰.‘¹P·⁸.¹

157 4611 174 4728 ‘f
191 4623 345 4709 Punidcunr
358 4634 438 4681 vocat
447 4625 544 4704 Petrus
556 4620 727 4749 ¹⁰p9⁰¹⁸¹ss⁸⁰
739 4619 845 4748 libfixr,
861 4638 921 4694 cap.
977 4633 1004 4678 et
1012 4623 1063 4752 ff
1083 4624 1232 4751 docetRuon
1251 4624 1387 4750 soltuffiehn
1405 4623 1560 4748 'solitudine
1582 4621 1630 4746 {ed
1650 4628 1777 4745 {ganisa}

124 4698 647 4841 tiitt⁰lt¹hti⁰tt²3slitat⁰
686 4707 764 4834 liu
779 4702 925 4821 ι’ξξιξξξ
977 4704 1155 4892 ξξιὲιξιξξ
1173 4707 1778 4890 ieiiqimhiqq,

122 4844 174 4945 ω’.
190 4912 316 4966 Immune
328 4908 486 4966 coenobium
506 4915 598 4975 vocat,
617 4914 648 4963 ut
668 4906 776 4979 opinor,
797 4913 856 4962 tam
870 4905 922 4962 loci
976 4850 1397 4986 {eyteriseardmiliiixratrte‘tffqdlem
1414 4902 1497 4983 etiam
1512 4899 1648 4971 colligitur
1662 4914 1696 4954 eii
1709 4901 1778 4983 mnl3

120 4979 311 5064 amplitudine,
323 4995 407 5063 quam
419 4979 618 5036 monachorum
630 4993 745 5061 numero
758 4977 920 5058 etflmultitu·
976 4977 1011 5032 iis
1032 4977 1150 5033 cassam
1171 4973 1377 5100 collatiosucibtihs,
1401 4985 1535 5053 praecipue
1558 4977 1638 5096 labe.
1662 4977 1708 5098 las,
1725 4970 1776 5054 ,ulii

119 5048 923 5202 titilletatibullitltlt¹tl⁰ii¹hlltlltft
976 5047 1672 5200 {lethi‘lithiilstlltlftlit'hlil
1696 5057 1777 5184 ξξξ

117 5192 153 5249 dc
167 5194 291 5250 northus
303 5193 402 5250 Butes.
418 5210 441 5248 c.
456 5197 517 5260 tlte
530 5190 617 5247 immo
631 5189 837 5249 innumerabilis
852 5190 923 5246 mul·
975 5190 1082 5245 videtur
1099 5203 1132 5244 ex
1153 5186 1257 5258 Regula
1275 5189 1309 5241 Ι).
1321 5187 1464 5269 ¹Benedicti
1484 5200 1544 5257 rap.
1559 5191 1606 5254 tlt,
1620 5185 1668 5268 ubi
1681 5193 1777 5269 monet

116 5264 220 5325 titudo.
236 5273 269 5321 ut
285 5264 380 5321 scribit
393 5267 428 5319 D.
442 5263 625 5335 Hieronymus
643 5262 671 5317 iu
685 5261 797 5343 epistola
816 5259 851 5316 ad
865 5263 920 5342 liu-
975 5260 1081 5343 poenita
1100 5266 1210 5344 peccata
1236 5256 1332 5314 abbati
1351 5273 1410 5343 esse
1430 5255 1595 5313 confitenda.
1617 5257 1647 5312 Si
1664 5270 1774 5340 unpmie,

117 5335 270 5392 ttoehium.
328 5334 366 5392 od
378 5335 401 5391 si
413 5333 509 5408 singuli
521 5332 649 5389 monachi
659 5333 687 5388 in
699 5331 810 5403 singulis
825 5340 853 5387 et
864 5335 920 5389 dis·
975 5340 1071 5404 inquit,
1080 5336 1184 5403 pcccati
1194 5345 1275 5414 cotue
1288 5331 1374 5397 luent
1383 5329 1480 5413 tarnis,
1494 5332 1601 5412 tanturn
1611 5328 1713 5411 sabboti,
1727 5333 1777 5382 aut

115 5406 208 5463 tino&
219 5407 289 5463 cellii
302 5405 493 5473 inhabitarint,
506 5404 605 5461 eodem
617 5403 785 5475 Hieronymo
799 5410 920 5471 auctore,
974 5404 1164 5474 spiritualibus
1176 5402 1322 5457 senioribus
1335 5403 1497 5472 patefaciat,
1513 5415 1561 5469 qui
1579 5403 1667 5482 scient
1680 5414 1777 5453 errare

116 5478 250 5535 nescient
263 5493 337 5534 nuuc
348 5478 534 5543 carthusiani3
547 5477 588 5531 iel
598 5475 695 5531 saltem
711 5472 764 5529 bini
777 5483 826 5531 aut
840 5474 920 5541 terni,
975 5491 1036 5538 siro,
1048 5480 1073 5529 et
1082 5476 1173 5556 alieno
1181 5473 1294 5527 onlnem
1306 5488 1359 5527 non
1367 5472 1488 5553 derepere
1496 5476 1521 5552 et
1529 5470 1678 5541 publicare.
1695 5468 1775 5537 Quod

117 5557 150 5604 nt
159 5547 243 5606 babet
252 5548 356 5622 Regula
368 5550 396 5606 S.
408 5547 546 5605 Pachumii
559 5546 629 5618 apud
643 5544 794 5601 Palladium
808 5548 919 5611 (Hister.
974 5544 1009 5601 de
1022 5545 1191 5602 confessione
1205 5543 1395 5599 sacramentali
1410 5549 1520 5625 exponit
1539 5542 1775 5621 Turrecrematus,

118 5620 227 5676 hura.
244 5636 306 5691 cop.
326 5623 389 5690 ι8);
404 5619 485 5677 facile
501 5626 545 5674 est
563 5617 700 5674 aestimare
719 5624 851 5688 quantam
869 5616 921 5673 loci
975 5630 1037 5688 qiiae
1058 5632 1114 5673 non
1132 5617 1190 5672 allis
1203 5615 1236 5670 lit
1249 5629 1333 5685 quam
1345 5613 1531 5695 sacerdotibus
1552 5610 1647 5666 :unde
1665 5609 1775 5681 quidam

118 5691 324 5763 amplitudinem
342 5699 371 5748 et
388 5691 542 5748 vastitatem
564 5688 731 5771 occuparint.
748 5687 800 5744 Sed
812 5687 846 5743 ad
860 5703 921 5759 prs·
976 5688 1013 5743 ihi
1025 5687 1160 5760 glossator
1171 5685 1311 5745 annotavit
1322 5685 1349 5741 in
1366 5700 1488 5758 margine
1504 5698 1562 5756 arg.
1575 5680 1649 5753 quod
1664 5681 1775 5736 abbates

115 5758 257 5836 &yseram
271 5761 345 5852 ipiod
356 5762 462 5839 ιιιῇιιιιἸ
476 5761 522 5833 hio
538 5767 658 5829 sconem
673 5759 827 5827 notandum
847 5758 922 5850 quod
976 5763 1093 5833 tenpore
1109 5760 1138 5818 S.
1153 5758 1289 5816 Βιιιιάιιιι·
1306 5761 1385 5814 erum
1402 5756 1560 5818 ιιιιιιιοιιι,
1578 5757 1604 5807 et
1619 5765 1671 5839 per
1687 5758 1777 5822 conie-
