3848 6158
175 204 228 283 nt
561 281 563 285 ,
663 261 666 265 «
845 220 986 278 romnis
1005 220 1157 278 cassiam
1379 286 1385 298 ,
1776 217 1829 271 ara

175 346 299 419 padum
312 362 370 405 suae
380 347 529 406 saturitatis
542 346 805 422 onereturinglurie.
824 349 885 404 Non
896 346 970 404 enim
986 351 1012 415 Α
1026 354 1121 420 gnata,
1146 345 1261 404 noxium
1281 344 1410 403 vitiorum
1430 341 1556 402 iamiam
1578 342 1744 416 igneumque
1767 355 1828 397 suc·

106 449 112 456 ·
175 442 291 515 qualitas
312 442 387 511 sola,
405 441 548 499 sedetiam
568 442 705 515 quantitas
727 455 872 508 escamm,
887 438 974 497 aciem
1027 439 1137 507 cendit}

174 534 265 593 cordis
283 536 419 605 obtundit,
432 552 463 593 ac
476 546 567 592 mente
580 550 643 592 rum
664 549 744 592 carne
756 532 857 606 pariter
874 532 975 604 impin·

725 649 853 706 Amant
871 649 984 706 GAZAE!
1003 649 1280 706 COMMENTARIUS.

171 773 259 830 ¹quam
273 764 394 813 mentem
408 757 444 827 pii
460 756 544 829 patria
559 763 587 811 et
608 754 769 829 legislatoris
787 755 924 812 Benedicti
936 764 977 813 at·
1030 758 1134 820 ritatis,
1143 773 1204 827 quc
1213 757 1384 813 adunioersa
1393 755 1559 819 secatardit,
1568 753 1830 811 etomniasuarccti·

176 827 358 892 tendendam,
380 834 409 882 et
427 842 460 882 ex
481 826 585 898 judicio
606 834 634 882 et
651 827 783 883 notanus
802 827 977 898 prnlatamm
1030 829 1206 883 tadincrecta
1212 830 1292 896 tacit,
1299 829 1505 894 attestatur-,att
1513 829 1544 882 B.
1552 825 1721 894 Auqustinus
1728 821 1830 879 inlibro

177 899 221 971 pie
230 897 460 978 interpretandam
471 900 573 968 (Epist.
587 898 688 965 testib.
702 902 767 962 ιιι).
783 897 909 968 Bruuius
921 897 978 954 lon·
1030 898 1064 953 dc
1075 900 1195 955 Bonam
1204 899 1327 954 antean
1337 899 1471 953 cotbalicc
1482 901 1578 952 contro
1588 895 1748 952 Monicberos
1759 896 1830 949 scri-

184 984 217 1042 ga
239 968 321 1023 nimis
338 976 366 1023 et
390 967 493 1038 prolixa
511 967 693 1040 disputatione
715 967 780 1023 banc-
797 981 859 1037 quae
872 967 906 1024 ad
920 983 978 1024 rem
1032 971 1095 1024 bens
1106 969 1173 1024 dicit
1185 988 1194 1023 :
1205 967 1829 1038 Gonanentseiqitariiquipassuntmnitamen

178 1046 302 1095 nostram
318 1046 345 1093 et
364 1038 417 1095 loci
431 1038 465 1094 de
481 1054 537 1111 qun
559 1053 574 1092 a
594 1036 664 1094 'mus
679 1036 891 1094 elucidationem
910 1053 977 1110 prae·
1031 1045 1095 1094 stent
1105 1041 1325 1107 innumerabiles)
1336 1043 1363 1094 et
1375 1056 1394 1093 a
1403 1039 1546 1100 carnibus,
1560 1042 1586 1092 et
1599 1053 1617 1090 a
1631 1038 1703 1098 uina,
1718 1036 1787 1090 duas
1798 1036 1831 1091 ab

177 1111 254 1181 cipue
268 1116 405 1181 spensam,
417 1108 505 1164 visum
519 1117 562 1164 est
591 1116 762 1179 eruperaet
771 1107 817 1163 bic
828 1108 977 1179 ascribere,
1030 1111 1185 1174 cassasset
1193 1115 1305 1180 propter
1311 1111 1434 1178 trainam
1445 1107 1831 1176 imbecilitatemoelpraptcr

177 1180 276 1253 quibus
289 1194 347 1247 aas,
371 1178 461 1248 quoad
479 1193 637 1235 mensnram
653 1179 747 1248 panis,
768 1186 796 1234 et
810 1186 891 1249 potus
908 1179 978 1235 male
1031 1180 1498 1252 tmnntemrnnmrspenattacum
1508 1178 1629 1250 Apostoli
1640 1178 1673 1232 ad
1685 1180 1831 1233 nomme

176 1251 211 1306 ab
228 1249 294 1321 ipsis
310 1248 487 1313 intellectam,
500 1250 537 1304 ita
556 1249 697 1319 redarguit
710 1249 808 1310 simul,
823 1257 851 1305 et
864 1249 978 1306 solerter
1031 1250 1066 1307 de
1080 1250 1190 1307 vitando
1203 1251 1332 1307 seandalo
1346 1250 1543 1313 inlirmomm).
1559 1249 1685 1305 umnam
1694 1250 1832 1318 principue
1904 1298 1913 1313 ,

176 1319 288 1376 instruit
312 1338 318 1374 :
334 1321 365 1376 st
382 1323 452 1374 enim
462 1336 596 1391 mannua
611 1321 681 1375 libra
690 1322 772 1390 panis
785 1322 815 1373 in
827 1320 871 1374 die
882 1336 978 1374 mana-
1031 1321 1197 1387 custoditum
1207 1323 1338 1377 adornati
1348 1323 1443 1383 omas,
1453 1321 1583 1375 charitati
1592 1333 1688 1380 smnio,
1701 1319 1834 1375 abaritati

177 1392 225 1447 aba
243 1406 296 1444 non
307 1391 455 1459 suffecerim
467 1393 494 1446 si
510 1392 552 1445 aet
563 1391 696 1446 modbnrn
712 1406 798 1461 supm
813 1391 927 1454 libram,
939 1391 981 1445 uel
1035 1393 1153 1455 babitus,
1160 1393 1519 1461 charitatianltusaptatur:
1532 1393 1617 1445 coitur
1627 1391 1656 1444 in
1664 1405 1756 1452 unum,
1769 1398 1844 1444 aon··

176 1477 228 1532 pra
238 1461 308 1516 libra
319 1461 398 1516 aliud
407 1464 570 1531 sarmpserit:
586 1463 641 1516 nisi
649 1463 784 1530 inteqrans
797 1463 906 1516 tertiam
915 1476 982 1530 par·
1034 1464 1377 1532 spiraturqnecbaritatem
1386 1462 1584 1523 :banaeiolara
1591 1465 1731 1530 tamquam
1736 1463 1831 1524 mun,

179 1532 434 1602 tcmadopusannoe
442 1532 984 1594 sibireddendam,aelleraria,nonulteri
1035 1531 1831 1601 nesosducituricircatbancaornnocndatamessecbbristo,

179 1603 329 1658 rodana-it
342 1622 351 1656 ε
366 1604 391 1657 si
399 1604 474 1672 ptus,
492 1603 533 1656 ael
551 1605 641 1657 minua
653 1603 686 1656 de
700 1603 771 1656 libra
785 1604 814 1655 in
826 1604 919 1671 prima
937 1617 984 1656 re·
1036 1608 1061 1658 et
1070 1605 1211 1674 apostolis,
1221 1610 1253 1658 nt
1263 1607 1288 1658 si
1297 1605 1352 1658 luae
1361 1620 1418 1658 una
1426 1603 1505 1665 desit,
1515 1604 1610 1656 inania
1620 1603 1676 1656 sint
1687 1602 1794 1656 annea:
1806 1604 1833 1658 si

179 1675 292 1741 sectione
305 1673 457 1740 casnedum,
469 1677 592 1742 qnamut
605 1675 685 1727 tertia
693 1686 760 1741 pars
771 1671 810 1726 ad
820 1672 983 1727 sesnandum
1036 1675 1091 1728 bna
1108 1675 1192 1738 adsit,
1202 1675 1283 1744 plena
1301 1677 1357 1729 sint
1375 1676 1464 1729 omnia
1475 1674 1556 1743 (Cap.
1571 1679 1606 1729 at
1622 1674 1714 1741 lica).
1731 1673 1832 1727 iiante-

180 1743 290 1796 residua
304 1745 350 1805 sit,
365 1742 395 1797 id
409 1747 457 1806 est,
470 1747 501 1797 ut
514 1758 562 1797 nec
570 1744 634 1812 plus
643 1744 724 1796 tertia
731 1747 822 1826 purte,
834 1757 882 1797 ricc
893 1744 983 1797 misaca
1035 1758 1087 1799 nus
1098 1745 1195 1801 Petrus
1206 1744 1383 1811 Venerabilis,
1395 1753 1423 1799 et
1431 1743 1467 1798 ab
1476 1743 1536 1816 ipso
1545 1743 1644 1798 citatus
1658 1745 1692 1797 D.
1704 1742 1834 1814 Augusti·

180 1812 471 1884 comedentisrqrerait:
485 1828 551 1866 rcum
565 1813 623 1867 idco
641 1813 857 1881 candnnnarnnn
875 1828 986 1882 epora
1035 1829 1098 1870 nus.
1121 1818 1154 1871 ln
1176 1815 1275 1886 quibus
1302 1814 1446 1871 recitandis
1466 1814 1573 1870 tametsi
1597 1813 1749 1885 prolixum,
1776 1829 1833 1870 nen

180 1885 239 1937 disc
252 1884 434 1946 accindimur,
449 1887 480 1937 ot
495 1883 609 1954 perjuri,
627 1887 653 1936 et
660 1883 713 1953 filii
720 1883 881 1953 peditans
896 1886 927 1937 in
940 1885 984 1937 in·
1033 1893 1127 1940 tamen
1141 1885 1289 1942 lectoribus
1299 1885 1432 1957 religiosis
1448 1885 1594 1941 molestum
1608 1899 1652 1938 me
1662 1882 1746 1939 inisse
1762 1899 1832 1939 oon-

180 1957 290 2021 senrnrn
307 1955 494 2009 retrudimur?
513 1954 584 2022 Quid
601 1958 691 2007 autem
704 1954 803 2008 deilbs
817 1954 921 2017 dicetis,
936 1956 987 2023 qui
1036 1954 1107 2021 lido,
1132 1971 1197 2011 cum
1222 1955 1289 2011 nihil
1316 1955 1442 2012 instituto
1468 1964 1562 2011 nostm
1584 1953 1832 2018 accommodatius,

180 2029 259 2080 entra
267 2028 409 2090 cantitant,
426 2029 452 2078 et
464 2026 621 2079 necessitate
632 2026 792 2078 monasterii
810 2039 860 2094 per
873 2023 982 2079 diarcrsa
995 2041 1020 2104 B
1035 2025 1099 2081 nihil
1113 2026 1275 2098 expressius,
1287 2026 1356 2081 nihil
1366 2025 1520 2092 eilioacins,
1532 2033 1561 2081 et
1572 2025 1725 2082 acctrratius
1738 2023 1832 2080 alterni

181 2097 370 2152 enrrtisrnulta
384 2101 500 2164 tempore
514 2096 701 2148 antonasterio
715 2095 833 2149 absum?
844 2095 983 2164 Numquid
1036 2097 1157 2177 potuisse
1175 2096 1316 2166 ridentum
1341 2105 1373 2153 nt
1393 2097 1471 2169 plane
1492 2096 1588 2168 religio
1606 2096 1674 2152 milri
1691 2093 1774 2152 luerit
1791 2095 1833 2151 vel

181 2166 984 2249 semperpanernsnnrntrutinarepoternntiNurnquidscm·
1035 2175 1101 2233 rota,
1123 2166 1165 2222 val
1185 2167 1291 2249 apicem
1310 2182 1395 2223 unum
1421 2168 1568 2250 praeterire.
1590 2166 1672 2223 Libet
1691 2175 1781 2222 mmen
1803 2174 1833 2222 at

180 2235 559 2376 tiriffbiiiiiiiti
567 2235 984 2376 atsatjaima
1034 2236 1834 2380 ltili..ititsstlbiiasissinius

183 2377 260 2431 libne
273 2393 329 2431 sua
342 2376 380 2431 ad
393 2392 493 2430 canam
508 2376 583 2430 illam
598 2378 739 2445 receptari,
751 2376 838 2431 necde
849 2376 903 2430 alio
913 2392 984 2446 pane
1055 2393 1089 2433 ue
1103 2393 1185 2450 super
1196 2379 1299 2450 Begula
1313 2382 1348 2434 D.
1361 2376 1507 2444 Benedicti,
1519 2377 1603 2433 modo
1617 2378 1736 2443 serium,
1748 2377 1834 2433 modo

183 2450 327 2502 comessuri
348 2447 530 2501 commeruere
545 2446 672 2501 ualeant?
686 2448 722 2500 Et
741 2444 811 2501 inira
827 2449 906 2504 :Nan
926 2449 982 2510 ita,
1035 2393 1157 2503 iacetum
1171 2447 1350 2519 dialogistam.
1363 2448 1426 2518 Ejus
1440 2446 1520 2502 rerba
1533 2446 1641 2502 suntad
1654 2446 1730 2502 illum
1741 2447 1834 2502 locum

183 2521 289 2572 reontio
305 2521 388 2572 sanai
401 2521 520 2579 sanctus,
540 2519 590 2586 qni
608 2518 708 2587 spiritu
721 2519 840 2571 omniurn
846 2517 984 2587 jactorum
1037 2517 1150 2589 Begulae
1156 2517 1301 2587 spectantia
1316 2537 1323 2571 ε
1336 2518 1410 2585 Quod
1420 2518 1584 2572 autemdicit
1594 2519 1641 2581 (1).
1656 2515 1835 2583 Benedictus)

180 2591 277 2659 plcruas
289 2591 376 2656 inisse
387 2588 488 2641 dicitur
500 2606 508 2641 ι
520 2603 574 2642 non
585 2589 625 2641 ita
638 2589 721 2642 sensit
731 2606 739 2642 :
752 2588 799 2643 sed
811 2589 905 2642 audite
916 2588 984 2657 quid
1037 2590 1070 2643 dc
1079 2591 1159 2658 panis
1171 2590 1393 2658 librannicuiqne
1404 2589 1527 2657 reltqrasa
1537 2588 1640 2649 danda
1649 2592 1675 2642 ct
1684 2587 1757 2655 quad
1770 2589 1836 2642 reli·

183 2662 304 2714 senserit.
316 2659 480 2716 intellectura
489 2659 546 2728 ejus
554 2659 637 2713 uerba
646 2659 983 2728 sequentur-demonstrant.
1038 2662 1109 2729 quita
1120 2660 1260 2714 seruanda
1267 2665 1332 2714 sunt
1339 2674 1392 2728 pro
1403 2661 1548 2714 cantaturis
1561 2659 1735 2718 naellcruria
1747 2660 1835 2714 nescia

185 2731 259 2798 and
271 2733 297 2785 si
306 2731 392 2796 iubar,
406 2729 503 2800 inquit,
517 2732 588 2797 forte
596 2728 683 2797 major
691 2732 783 2797 factus
791 2730 889 2797 fuerit,
900 2732 930 2782 in
939 2745 986 2783 ar·
1037 2745 1104 2784 nurn
1115 2732 1156 2784 iic
1164 2730 1238 2798 jaste
1251 2730 1414 2784 intellenerit
1424 2729 1595 2790 Benedictus,
1609 2728 1835 2796 quemadmodum

184 2801 274 2864 bitrio,
290 2806 316 2858 et
327 2804 460 2871 potestate
481 2801 587 2854 abbatis
600 2801 652 2853 crit
664 2802 704 2863 (si
717 2800 857 2870 capediat)
877 2799 986 2869 aliquid
1037 2816 1134 2856 sature
1151 2801 1278 2854 sidentur
1299 2800 1381 2855 cerba
1400 2800 1508 2867 manica
1525 2818 1532 2852 :
1556 2800 1625 2855 Num
1647 2801 1685 2852 sic
1697 2801 1754 2853 uiro
1768 2801 1833 2868 Bai,

183 2870 986 2941 auqcre,remotaprcaornnibuscrapulasuinumquarnsub
1039 2871 1140 2926 Christi
1146 2886 1279 2950 pauperes
1289 2886 1341 2925 non
1352 2871 1468 2935 fussent
1478 2884 1549 2924 cura
1561 2873 1603 2922 :et
1611 2872 1719 2937 possem
1729 2871 1835 2933 rnerito,
1862 2883 1864 2886 ⁴

183 2948 260 3011 rnna
281 2942 409 2996 rnanrubo
427 2941 586 3010 indr'qan'es;
601 2942 667 3008 quia
681 2941 751 2994 nibil
764 2943 803 2994 sic
819 2943 985 2995 contrarium
1039 2956 1071 2995 aa
1078 2940 1152 3008 jaste
1162 2941 1252 3009 abjici,
1265 2941 1338 3010 qnod
1347 2940 1443 2994 debeat
1452 2940 1509 2994 iltis
1519 2939 1592 3000 duri,
1609 2939 1836 3007 quicquidareli-

184 3019 223 3066 est
236 3015 310 3066 omrai
320 3014 483 3073 Obrutinna,
493 3011 622 3079 quomoda
632 3011 755 3079 mapula,
768 3012 886 3065 siattait
897 3012 986 3066 Darni-
1039 3013 1255 3080 qiasisinneensa
1264 3012 1429 3080 relcnqaitur
1440 3009 1506 3078 (nan
1518 3014 1662 3078 mnenpn
1670 3024 1765 3064 marem
1772 3006 1836 3064 illa·

184 3097 235 3136 nus
249 3088 338 3136 neuster
351 3100 359 3135 ε
376 3081 479 3142 t'ntete,
490 3096 523 3133 ne
535 3084 681 3148 praecatur
692 3081 774 3134 cardo
787 3084 875 3135 nestra
884 3083 914 3135 in
925 3096 985 3135 aa·
1040 3085 1150 3143 sumat
1172 3081 1266 3136 uidam
1273 3085 1374 3151 putant
1387 3084 1412 3135 et
1421 3079 1836 3150 colunt);sedbunclocumputo

182 3153 435 3221 palatinensis).
450 3153 511 3205 Hace
524 3152 629 3212 dicens,
643 3151 711 3219 qnid
720 3151 798 3205 aliud
809 3168 892 3221 quarn
904 3166 993 3209 necea,
1040 3154 1080 3207 ita
1093 3097 1240 3221 cartalitano
1260 3151 1431 3208 Benedicturn
1445 3169 1453 3204 :
1468 3152 1595 3207 Semctur
1608 3165 1676 3220 pars
1688 3152 1769 3220 panis
1782 3165 1836 3220 pro

185 3225 293 3277 citatem
305 3223 430 3282 retinuit,
445 3223 543 3275 uitinrn
557 3224 725 3291 amputauit;
737 3227 820 3291 utque
833 3224 861 3276 in
873 3223 987 3276 arbitria
1033 3225 1193 3287 annotatis,
1203 3227 1230 3277 et
1241 3224 1315 3285 tales,
1327 3237 1388 3291 quc
1400 3225 1520 3291 respectu
1531 3220 1644 3291 prandii
1655 3236 1707 3275 nan
1722 3221 1837 3276 accedat

186 3294 293 3348 abbatis
306 3298 400 3347 coarcta
418 3292 574 3361 b-ujunnadi
587 3308 641 3348 esse
655 3296 775 3348 censuit?
789 3292 842 3349 Sed
855 3296 880 3347 et
894 3294 986 3347 omitia
1039 3296 1069 3348 in
1082 3309 1156 3348 cartu
1169 3309 1237 3364 sepe
1251 3294 1350 3348 dictans
1365 3293 1463 3346 libram
1479 3310 1487 3346 ε
1501 3307 1564 3345 nant
1581 3292 1610 3344 in
1623 3291 1836 3359 prandentibm

185 3365 266 3418 rerba
288 3364 345 3433 rjeu
357 3364 390 3417 de
411 3378 538 3418 mersura
550 3368 629 3433 potus
650 3367 801 3426 tractantis,
821 3379 909 3419 nonne
925 3365 987 3417 buia
1041 3368 1066 3420 ct
1079 3365 1250 3434 sequentibus
1262 3363 1386 3432 capitulis
1397 3362 1465 3416 nibil
1477 3362 1555 3416 aliud
1567 3362 1697 3423 clamitat,
1710 3365 1836 3430 quumut

118 3491 123 3500 ,
185 3435 767 3503 neostraintelliqenticcastipulanturiouaa
780 3420 1027 3502 manabant-affl
1078 3435 1370 3503 opnunetnospanm
1384 3449 1448 3487 cura
1462 3431 1837 3487 debeatur.ilaecillasubti—

151 3542 160 3561 .
188 3508 227 3560 tin
240 3507 607 3574 libcrrtcrirrtcnnr'tteremus3
619 3505 665 3559 sed
675 3508 740 3574 qnia
750 3506 792 3559 bas
804 3507 922 3558 maaian
930 3504 988 3573 qnos
1052 3504 1105 3559 iter
1119 3504 1215 3574 magis,
1235 3519 1318 3572 quam
1334 3504 1469 3573 eleganter
1478 3504 1597 3571 (Diulaq.
1610 3507 1666 3567 18).
1679 3503 1719 3557 Ex
1737 3499 1838 3573 quilius

186 3578 308 3637 icteritia,
322 3580 404 3643 atque
415 3576 540 3629 discretio
554 3577 674 3642 coqnosai
681 3579 778 3644 potest,
795 3578 898 3645 oportet
913 3579 944 3628 nt
957 3590 989 3628 aa
1042 3571 1180 3641 omnibus,
1194 3581 1225 3629 ut
1236 3573 1298 3629 huic
1307 3573 1481 3644 disputationi
1502 3573 1585 3628 finem
1600 3573 1756 3645 imponam,
1773 3573 1838 3628 bre·

184 3661 318 3716 paraemias
330 3646 337 3714 l
347 3647 412 3715 unp.
425 3648 458 3700 su
471 3647 562 3714 lien).
581 3648 776 3723 Unusquisque,
787 3647 838 3707 ait,
846 3647 989 3715 macrian
1041 3645 1109 3700 viter
1124 3644 1222 3715 colligo
1239 3644 1449 3720 tresgrationes,
1468 3642 1524 3699 sive
1539 3659 1634 3699 causas
1654 3643 1838 3712 rationabiles,

187 3719 288 3771 dorium
301 3718 382 3771 babet
398 3733 432 3772 en
453 3721 515 3778 Bao,
532 3718 604 3770 alins
622 3717 760 3779 almatius
771 3730 832 3770 uera
846 3717 884 3770 sic
895 3718 925 3782 (l
937 3716 986 3771 Co·
1041 3715 1175 3786 etiustas,
1186 3725 1315 3786 quaerum
1324 3713 1526 3771 nudissimum
1554 3721 1640 3769 atram
1648 3714 1838 3782 Benedictum,

128 3856 134 3861 .
187 3790 254 3843 arist.
276 3791 350 3854 ιιι).
363 3788 538 3843 lit-ideonum
552 3788 645 3856 alequa
660 3787 865 3857 scapulasitate
880 3801 898 3838 a
913 3786 988 3840 nobs
1041 3794 1099 3842 tum
1110 3787 1168 3859 ejus
1179 3801 1350 3842 successores
1363 3785 1515 3858 ejusdemo
1551 3784 1752 3857 iuispatres,et
1768 3799 1840 3855 prte-

187 3875 313 3914 rnansura
336 3861 421 3913 rictas
443 3859 560 3911 aliarum
578 3859 761 3919 constituitur,
777 3865 830 3912 etc.
852 3860 988 3912 mmmm
1041 3857 1125 3924 sulca,
1139 3866 1168 3912 et
1188 3857 1258 3929 ipsas
1269 3856 1493 3931 congregationes
1504 3870 1614 3911 morere
1633 3856 1787 3924 potuerint,
1807 3871 1841 3911 aa

188 3931 358 3985 diversitates
377 3930 490 3983 diuersis
511 3932 594 3983 allec
607 3929 706 3983 donari
717 3928 797 3992 dicit,
813 3932 839 3982 et
856 3927 916 3982 adea
929 3942 989 3982 curn
1042 3927 1141 3983 merito
1153 3926 1307 3995 debuerint,
1323 3935 1419 3982 uttam
1434 3927 1546 3998 largam,
1561 3934 1591 3981 ut
1603 3925 1762 3981 ailluentem
1794 3942 1841 3981 ar·

187 4003 396 4071 saumclositate
418 4015 571 4054 masuram
589 4002 674 4054 aicius
697 4000 815 4054 aliarum
835 4000 987 4064 cambitum
1041 3998 1156 4065 tionem,
1169 4012 1200 4052 ac
1214 4012 1369 4053 mensuram
1384 3996 1459 4077 panis
1470 3995 1671 4077 quotidianam,
1687 4005 1753 4077 puta
1772 3942 1841 4052 ‹iur-

187 4071 369 4127 constitnenda
390 4075 477 4126 tumen
489 4073 559 4124 nibil
573 4071 722 4141 medaii:
741 4070 787 4125 scd
808 4086 866 4125 carn
880 4084 989 4123 marsn-
1042 4084 1116 4136 rnm,
1128 4068 1227 4136 trium,
1240 4077 1288 4125 aut
1307 4076 1427 4148 quatuor
1439 4066 1580 4133 libramm,
1592 4065 1723 4122 iratribus
1741 4081 1842 4138 smper·

188 4158 257 4205 mm,
270 4142 799 4212 quumpanit,passesufficeresratribns
808 4139 990 4204 creditrsilu-
1040 4138 1180 4206 tieudam,
1206 4155 1238 4193 aa
1250 4137 1463 4194 distribuendam
1482 4136 1646 4209 judicarent.
1667 4137 1756 4193 Prima
1771 4137 1841 4193 ratio

190 4213 247 4273 bar,
260 4219 309 4266 aaa
318 4213 411 4274 ardor,
427 4218 476 4267 out
490 4215 765 4282 quoelibatnccessitns
777 4213 896 4281 amplius
904 4224 989 4279 popo·
1042 4225 1128 4281 quam
1140 4209 1228 4278 tangit
1242 4210 1276 4263 D.
1293 4207 1468 4274 Benedictus,
1485 4223 1516 4263 ex
1530 4208 1746 4264 consideratione
1761 4207 1841 4262 labo-

188 4283 281 4341 srcrit,
306 4285 335 4333 in
357 4283 471 4335 arbitria
494 4286 597 4337 Priaris
620 4285 774 4347 mentitam
794 4283 945 4352 macrian,
964 4284 990 4335 et
1043 4295 1117 4344 rum,
1142 4287 1169 4333 et
1189 4292 1322 4358 operum,
1338 4279 1435 4349 quibus
1457 4278 1583 4335 monachi
1611 4277 1769 4334 insudarent
1788 4279 1844 4334 :Si

188 4352 286 4403 ritiosu
297 4354 403 4403 tanetum
410 4367 480 4404 more
489 4368 673 4418 saorcsecans,
684 4354 816 4406 etidcirco
825 4355 987 4412 satietatem,
1044 4349 1130 4410 labor,
1144 4348 1231 4419 iuquit
1244 4350 1309 4412 (Ubi
1319 4354 1424 4474 nogara),
1439 4351 1530 4415 iactus
1543 4351 1630 4415 fuerit
1640 4350 1739 4419 major,
1754 4351 1842 4402 inar-

189 4426 239 4473 nnt
251 4420 405 4473 ebrietatem
415 4423 504 4472 altresi
513 4423 541 4474 in
550 4423 672 4473 omatibus
684 4422 840 4474 adraonens.
852 4421 898 4476 Sic
910 4421 987 4490 ipse:
1045 4419 1124 4473 bitrio
1138 4423 1163 4473 et
1183 4424 1315 4489 potestate
1329 4436 1345 4474 u
1366 4420 1435 4474 bulis
1450 4422 1501 4475 erit
1522 4423 1563 4488 (si
1582 4420 1722 4490 expediat)
1735 4419 1844 4489 alequid

190 4505 223 4544 uc
232 4488 343 4543 demum
357 4498 418 4558 pust
434 4503 517 4559 pauca
532 4489 568 4544 ita
583 4489 720 4544 concludit
733 4508 739 4543 :
751 4493 806 4544 Boc
818 4492 933 4546 Sanctus
945 4490 990 4545 ille
1043 4505 1149 4557 auqae,
1163 4498 1228 4556 eta,
1241 4490 1315 4560 quod
1325 4491 1538 4561 intelligendum,
1553 4490 1592 4545 ait
1601 4494 1843 4556 Turrearematus,

189 4560 332 4621 intellenit
349 4560 396 4613 boa
410 4560 517 4628 scripsit
530 4578 538 4613 :
552 4561 602 4613 buc
616 4559 649 4613 de
663 4574 744 4613 causa
755 4561 825 4613 nibil
837 4560 914 4613 aliud
922 4561 988 4626 disii-
1042 4575 1096 4613 reare
1107 4564 1212 4614 tanturn
1223 4561 1356 4617 delabere
1367 4563 1492 4630 inuqris,
1505 4566 1530 4616 et
1541 4563 1570 4615 in
1580 4562 1702 4632 apreribrts
1711 4576 1845 4618 marsuam

189 4634 258 4693 crire,
269 4631 338 4683 nibil
344 4630 988 4700 proecipcrccalnit:sedpraqaalitatelocorurn
1045 4630 1160 4701 (quibus
1177 4631 1310 4687 nimirum
1331 4640 1453 4703 tempure
1475 4634 1511 4687 D.
1538 4632 1674 4688 Benedicti
1693 4641 1721 4688 et
1744 4631 1841 4687 multis

190 4708 349 4772 temporam,
363 4716 475 4764 mnam,
485 4701 686 4770 infirmitatum,
701 4708 727 4755 et
738 4700 904 4754 dieeraomne
918 4703 989 4755 acai-
1045 4701 1156 4771 posthac
1174 4702 1343 4773 temporibus
1370 4700 1500 4757 vacabant
1515 4703 1644 4758 monachi
1661 4701 1698 4758 ab
1714 4702 1841 4769 inopiam

95 4822 98 4829 .
189 4775 310 4829 daritiam
324 4774 403 4836 cibas,
410 4776 500 4843 potas,
513 4775 606 4835 uestes,
617 4777 642 4826 ct
657 4772 694 4826 ad
704 4776 851 4826 entremum
861 4774 987 4826 urrieerso
1003 4793 1028 4855 D
1043 4777 1069 4826 et
1081 4774 1166 4828 rictus
1179 4774 1388 4840 necessitatem),
1401 4774 1536 4828 sedetiam
1549 4773 1582 4827 de
1595 4774 1684 4828 tabam
1695 4776 1723 4827 in
1738 4774 1840 4841 officiis

189 4846 418 4915 tnmcarqroribas,
427 4860 510 4914 quam
518 4843 663 4898 estimatus
673 4845 831 4906 necessario,
843 4843 987 4897 subditisa
1043 4843 1154 4906 divinis,
1167 4846 1281 4899 amaricat
1292 4847 1321 4898 in
1329 4845 1594 4906 dicbnssolcnanibus,
1602 4848 1631 4899 in
1639 4845 1736 4913 quibus
1745 4845 1840 4898 saian·

188 4917 314 4972 Patribus
326 4916 389 4970 dari
400 4917 529 4982 sunnam
540 4917 696 4969 animarum
709 4915 795 4970 saluti
802 4914 987 4969 tarttumtnodo
1040 4917 1099 4969 niues
1111 4914 1220 4969 (tuendo
1231 4917 1351 4984 asinam
1360 4916 1480 4969 monada
1492 4921 1681 4970 mrenwuerunt
1691 4915 1776 4968 multa
1786 4929 1843 4968 arn·

189 4990 359 5051 instanteset
377 5003 435 5040 eam
453 4989 507 5040 sine
526 4981 702 5050 danda'saire
721 4986 914 5048 subtrahendo,
931 4987 988 5040 siue
1038 4986 1112 5054 ptius
1127 4986 1256 5040 laborare.
1270 4986 1314 5041 Sic
1328 4986 1393 5054 lpse.
1410 4992 1444 5040 at
1455 4985 1586 5042 Bertelius
1598 4986 1661 5041 item
1673 4985 1717 5041 ubi
1732 4999 1813 5055 snpra
1831 5002 1838 5038 :

186 5056 329 5125 namstede,
338 5058 392 5109 siue
398 5058 565 5124 corripienda
572 5072 718 5127 procurare
727 5057 856 5113 sollicitus
864 5058 940 5126 (Gap.
952 5057 987 5111 tii
1041 5056 1178 5126 Maiorem,
1192 5055 1288 5126 inquit,
1302 5057 1415 5111 laborem
1431 5060 1516 5119 vocnt,
1530 5072 1581 5125 quo
1593 5060 1634 5112 ita
1652 5057 1842 5125 &immoratur

189 5130 278 5195 nep).
292 5128 346 5179 Hoc
358 5126 471 5180 ostcridit
482 5128 602 5181 omnebus
614 5130 672 5194 fere
682 5131 711 5182 in
720 5129 783 5183 locis
791 5130 898 5196 Regale
909 5143 964 5182 san
976 5143 987 5181 :
1041 5143 1161 5197 acapna,
1175 5129 1277 5182 atinde
1288 5128 1456 5182 imbecillitas
1471 5127 1507 5181 ad
1519 5128 1705 5197 spiritualium
1715 5140 1840 5198 pascue·

190 5198 238 5250 baa
250 5196 404 5265 spencrliter
423 5197 488 5249 dicit
501 5199 666 5266 incapitulo
683 5201 808 5269 superins
829 5199 914 5261 dicta
933 5214 986 5268 quo
1041 5200 1161 5253 rontium
1176 5203 1316 5268 sequutum
1330 5204 1356 5252 et
1369 5214 1456 5268 quern,
1474 5214 1525 5268 pro
1539 5200 1671 5267 qualitate
1680 5199 1841 5253 conditiarn's

190 5266 987 5338 tractat:Siarnnesdebentoequaliterneccssarianccipere?
1040 5273 1066 5325 et
1085 5273 1184 5331 statiis,
1198 5270 1308 5324 desueti
1317 5285 1406 5324 ranem
1424 5269 1657 5324 administratores
1670 5269 1841 5324 considerant

189 5339 274 5400 sacret,
284 5339 386 5406 inquit,
397 5339 582 5407 scriptumest,
593 5340 766 5394 dividebatur
774 5340 988 5408 ammianum
1040 5355 1094 5395 esse
1104 5345 1208 5410 prater
1217 5341 1333 5396 solitura.
1353 5339 1477 5396 Secunda
1498 5341 1585 5405 ratio,
1600 5340 1629 5395 in
1643 5339 1797 5396 subsidium
1812 5346 1842 5392 et

189 5410 580 5477 cuiqneopnseratldctmv).
596 5411 986 5478 Ubinondiairnusmtpcrsa·
1040 5410 1251 5466 subventionem
1277 5425 1428 5482 pauperum
1452 5428 1460 5464 ι
1487 5426 1584 5482 nempe
1607 5418 1637 5465 ut
1663 5425 1694 5465 ex
1720 5407 1841 5480 reliquiis

190 5494 300 5546 reatum,
312 5479 385 5547 quad
393 5480 475 5540 absit,
486 5482 646 5549 acceptioni
658 5499 666 5534 ε
679 5481 727 5535 sed
734 5483 987 5549 intinnitatunacan-
1040 5496 1143 5537 mensae
1157 5480 1274 5537 fratrum
1293 5482 1383 5554 plures
1395 5482 1513 5548 alantur,
1526 5490 1554 5537 et
1573 5480 1728 5537 reddantur
1740 5495 1792 5550 pau

189 5551 328 5604 sideratio.
346 5550 398 5605 ilbi
407 5552 553 5618 quininus
564 5552 678 5620 indiqet,
689 5556 755 5619 aqat
766 5555 820 5607 lieo
831 5554 945 5620 pratens,
961 5557 987 5608 et
1040 5566 1095 5615 res,
1106 5560 1134 5606 et
1147 5553 1294 5623 ampliores
1314 5552 1494 5624 eleemosyna
1507 5552 1584 5619 bant,
1597 5568 1660 5608 cum
1674 5550 1787 5623 quidqui
1823 5565 1841 5605 a

189 5622 431 5676 nancontristetur.
443 5622 563 5687 Οιιιυειο
572 5623 635 5690 plns
643 5622 759 5689 nminat,
773 5622 1010 5692 bumilieturpro'
1040 5621 1175 5694 religiosis
1188 5623 1214 5679 in
1233 5638 1326 5679 mensa
1343 5624 1513 5694 relinquitur,
1536 5623 1702 5695 pauperinus
1722 5637 1840 5694 erogan-

190 5693 356 5760 np'rnritn-te,
371 5707 424 5745 arae
440 5691 586 5745 cambiatur
598 5707 648 5761 pra
669 5694 883 5747 misericordia:
907 5699 933 5748 et
946 5696 987 5748 ita
1039 5691 1107 5749 dum
1119 5691 1168 5762 sit,
1182 5702 1212 5749 ut
1230 5695 1352 5766 superius
1372 5711 1404 5750 ex
1423 5694 1519 5751 eodem
1534 5693 1651 5751 Bertelio
1672 5691 1841 5749 audirimus.

189 5765 278 5818 amnia
291 5762 408 5817 menbra
419 5766 498 5817 erunt
507 5760 536 5816 in
542 5777 616 5833 paee.
629 5764 697 5818 Huic
708 5765 810 5819 rationi
819 5765 913 5834 aequin
925 5765 988 5819 aba·
1041 5764 1130 5834 Quam
1142 5764 1251 5837 quidam
1265 5769 1497 5838 eleemosynarum
1508 5765 1677 5838 largitionem
1695 5761 1844 5836 hospitali-
