3848 6158
144 282 211 339 lala

510 278 679 338 COLLthO
698 280 766 335 lllll.
785 307 822 320 -
839 278 885 335 DE
902 274 1108 335 missione
1126 276 1429 346 Qntnqnacssltta'.

1731 280 1799 338 1211

141 407 351 464 mitiastantum
366 404 511 462 redhibere
528 412 673 461 contentus
694 412 736 461 est
751 422 759 459 :
777 419 889 461 necesse
902 411 944 461 est
957 407 985 472 Α
998 402 1149 461 resistendo
1170 417 1312 474 superans,
1333 404 1384 459 sed
1406 400 1564 461 sullereodo
1586 402 1728 461 dexteram
1742 419 1791 477 per

141 500 215 558 enim
230 516 294 557 enm
316 498 383 556 dum
397 498 487 556 tardat
508 507 556 555 ant
572 498 693 572 negligit,
708 507 755 554 aut
768 498 796 553 in
810 497 941 569 qualitate

141 611 247 664 earnm,
263 602 312 651 aut
323 594 352 650 in
365 594 525 665 quantitate,
539 602 587 649 aut
597 593 626 648 in
638 591 797 664 quotidiana
808 589 941 647 distribu-

139 688 215 745 tione
231 701 352 759 peccarc.
363 687 415 756 Qui
429 686 503 742 enim
517 685 625 756 iubetur
636 700 667 741 ea
679 699 740 755 qum
754 698 803 741 sua
816 691 883 740 sunt
897 683 941 739 in·

141 782 317 855 fatigabiliter
338 780 522 854 indigentibus
543 779 711 845 ministrare,
735 777 886 851 quamlibet
908 793 941 835 ea

140 891 250 934 sumum
275 874 329 932 lide
344 890 376 931 uc
388 873 535 931 devotione
556 872 706 946 dispenset,
723 879 815 928 tamen
830 868 942 929 diihcile

142 964 185 1028 est
197 978 228 1026 ut
241 984 296 1025 non
310 967 422 1040 laqueos
441 975 615 1039 peecatorum
632 963 791 1037 [requenter
804 964 937 1021 incurrat.

141 1054 175 1119 ln
196 1062 259 1119 illos
274 1076 338 1118 vero
353 1060 399 1133 qui
413 1060 558 1117 consilium
570 1059 682 1116 Domini
695 1074 752 1115 non
772 1064 941 1129 spreverunt,

140 1155 188 1215 sed
200 1170 311 1212 omnem
322 1153 503 1212 substantiam
516 1170 595 1210 suam
608 1152 772 1226 pauperibus
781 1150 853 1208 forte
869 1164 942 1223 pree·

140 1258 408 1327 erogantes,sumpta
421 1265 469 1306 sua
483 1265 563 1305 cruce
577 1248 736 1321 largitorem
750 1246 867 1304 ooelestis
876 1260 940 1317 gra-

139 1346 187 1403 tie
206 1330 420 1418 subsequuntur,
438 1353 578 1417 peccatum
604 1359 661 1400 non
684 1348 772 1414 potest
794 1337 939 1396 dominari.

139 1438 203 1495 Non
224 1439 374 1495 enimcum
388 1438 599 1510 [dispensantem
615 1441 735 1492 sacratas
753 1434 813 1506 jam
831 1430 940 1489 Christo

139 1545 205 1603 opes
219 1540 247 1587 et
268 1532 346 1603 quasi
359 1531 463 1588 alienas
475 1530 521 1602 pia
537 1528 728 1587 distributione
741 1525 883 1598 pecunias,
897 1524 941 1580 in-

139 1621 227 1680 fidelis
240 1622 365 1679 servandi
383 1624 469 1679 victus
480 1639 544 1680 cura
566 1620 714 1687 mordebit,
727 1619 940 1691 neceleemosy-

138 1730 182 1773 nee
201 1715 365 1772 hilaritatem
386 1714 475 1786 abiget
489 1723 589 1771 moesta
610 1714 769 1770 cunctatio:
789 1714 853 1786 quia
867 1712 941 1784 quod

994 497 1114 554 cutienti
1133 496 1288 560 maxillam,
1302 494 1386 553 etiam
1403 495 1519 553 alteram
1531 497 1654 569 praebcre
1672 500 1800 554 volunta-

994 590 1052 647 rius
1064 605 1121 646 oon
1134 597 1271 659 moratur,
1286 596 1314 647 et
1333 588 1434 646 volenti
1449 589 1595 647 adversum
1614 605 1645 648 se
1658 589 1694 647 de
1705 591 1805 648 tunica

994 683 1109 757 litigium
1121 697 1307 765 commorere,
1320 682 1440 740 remittit
1454 691 1482 739 ct
1496 684 1621 756 pallium,
1634 684 1735 756 quique
1753 683 1797 741 di·

995 776 1051 850 ligit
1076 776 1204 847 inimicos¹
1218 792 1299 843 suos,
1317 786 1345 834 et
1359 785 1420 834 orat
1441 788 1492 850 pto
1506 777 1737 834 calumniantibus
1757 792 1798 848 sc,

996 868 1041 927 hie
1054 871 1155 942 peccati
1170 870 1271 943 repulit
1279 861 1390 943 jugum,
1403 886 1436 929 ac
1448 870 1553 928 ducale
1570 870 1674 945 dirupit
1686 871 1795 944 illeille.

995 981 1026 1035 v,
1040 968 1121 1022 liebr.
1135 969 1199 1038 vn).
1214 968 1277 1022 Nou
1291 967 1367 1023 enim
1378 966 1442 1023 vivit
1456 966 1589 1040 sublege,
1608 981 1670 1039 qum
1684 982 1740 1023 non
1753 965 1798 1021 in·

996 1059 1099 1116 terimit
1118 1060 1265 1116 seminaria
1284 1069 1460 1132 peccatorum
1481 1059 1563 1133 (unde
1585 1075 1643 1117 non
1660 1058 1798 1117 immerito

995 1151 1029 1211 de
1056 1153 1114 1225 ipsa
1134 1153 1234 1210 beatus
1256 1152 1418 1224 Apostolus,
1445 1154 1616 1225 reprobatio.
1642 1155 1742 1226 inquit,
1766 1152 1800 1211 ht

995 1245 1175 1320 praecedentis
1196 1246 1319 1304 mandati
1345 1255 1457 1319 propter
1479 1246 1669 1303 inhrnritatem
1689 1248 1747 1319 ejus
1771 1257 1800 1305 et

995 1342 1186 1410 inutilitatem,
1209 1340 1275 1397 nihil
1298 1341 1372 1397 enim
1393 1339 1428 1397 ad
1442 1338 1596 1411 perlectum
1618 1338 1796 1397 adduxit-lex.

999 1439 1031 1493 lit
1045 1435 1183 1491 Dominus
1207 1448 1255 1506 per
1272 1432 1435 1505 prophetam
1452 1452 1458 1488 :
1474 1435 1510 1488 Et
1522 1426 1535 1466 b
1546 1431 1618 1501 dedi,
1641 1432 1739 1505 iuquit,
1758 1434 1798 1491 eis

995 1536 1128 1602 precepta
1148 1544 1205 1586 non
1219 1528 1309 1594 bona,
1325 1536 1353 1583 et
1368 1526 1576 1599 justificationes
1588 1527 1616 1582 in
1630 1527 1727 1599 quibus
1739 1541 1797 1584 non

996 1624 1089 1681 vivent
1111 1623 1139 1680 in
1160 1624 1224 1693 eis),
1235 1621 1283 1680 sed
1295 1621 1347 1678 sub
1363 1621 1461 1695 gratia,
1478 1634 1539 1693 quae
1557 1635 1614 1676 non
1628 1635 1719 1676 ramos
1736 1629 1797 1676 tan-

996 1727 1056 1775 tum
1081 1716 1211 1789 nequitiae
1238 1723 1374 1788 amputat,
1397 1713 1445 1772 sed
1465 1714 1538 1786 ipsas
1560 1713 1668 1786 penitus
1692 1712 1796 1771 radices

137 1808 221 1866 semel
236 1817 326 1864 totum
346 1808 445 1864 obtulit
467 1811 534 1875 Deo,
554 1806 648 1879 idjam
663 1807 784 1864 alienum
798 1807 857 1863 sine
871 1822 938 1879 pro-
951 1800 975 1864 Β
992 1810 1081 1868 noxiae
1096 1809 1244 1867 voluntatis
1255 1808 1355 1866 evellit.

138 1903 207 1975 priae
230 1902 395 1958 necessitatis
408 1900 596 1958 recordatione
614 1908 661 1956 aut
674 1900 780 1973 angusti
801 1900 888 1957 victus
900 1900 940 1956 ti-

137 2011 214 2052 more
232 1995 373 2067 dispergit,
392 1994 438 2065 qui
458 2002 551 2049 certus
562 1999 615 2062 est,
627 2008 690 2049 cum
702 1992 738 2050 ad
752 1991 937 2049 desideratam

137 2087 291 2161 pervenerit
311 2086 476 2157 nuditatem,
492 2086 582 2143 multo
597 2086 710 2160 magisa
726 2090 786 2143 Deo
804 2101 834 2143 se
855 2101 937 2159 quam

134 2179 278 2237 volucrem
300 2179 362 2237 coeli
383 2195 441 2236 esse
464 2178 640 2253 pascendum.
662 2179 824 2235 Eeontrarlo
845 2179 868 2236 is
890 2179 936 2251 qui

133 2274 316 2331 substantiam
338 2275 459 2330 retinens
480 2273 662 2342 mundialem,
677 2281 725 2330 aut
742 2272 862 2330 decimas
875 2271 937 2329 iru-

134 2378 230 2426 ctuum
243 2384 357 2426 suorum
373 2377 455 2442 atque
467 2368 615 2442 primitias,
631 2377 679 2424 aut
693 2374 797 2439 partem
814 2368 937 2439 pecunia-

132 2476 196 2519 rum
211 2460 376 2518 constrictus
397 2461 463 2534 legis
481 2462 604 2533 antiquar
616 2460 762 2517 sanctione
783 2459 934 2527 distribuit,

133 2554 197 2611 licet
211 2564 508 2626 pcccatorumsuorum
521 2556 614 2628 ignem
622 2553 799 2611 maximehoe
813 2552 935 2609 elcemo-

133 2667 207 2726 syme
221 2668 285 2709 rore
303 2653 469 2725 exstinguat,
484 2653 650 2725 impossibile
672 2661 766 2708 tamen
785 2660 836 2717 est,
850 2665 937 2722 quan·

133 2747 203 2803 tacis
226 2762 368 2819 opessuas
389 2747 614 2818 magnanimitate
632 2746 779 2818 dispenset,
799 2754 829 2801 ut
850 2759 879 2801 se
899 2744 935 2802 ad

133 2838 244 2910 plenum
258 2850 365 2896 oruata
383 2838 571 2897 dominatione
590 2840 706 2912 peccati,
728 2838 780 2894 nisi
801 2837 872 2894 lorte
885 2852 934 2909 per

133 2933 247 3004 gratiam
273 2932 432 2998 salvatoris,
455 2948 518 2986 cum
538 2935 670 2987 raetiam
692 2933 779 3003 ipsum
801 2930 931 2988 allectum

1257 1937 1379 1993 CAPUT
1400 1936 1535 1992 xxxiv.
1628 1970 1632 1979 ·

1050 2062 1281 2131 Quemadmodum
1295 2064 1358 2131 quis
1368 2061 1499 2132 probetur
1509 2075 1562 2116 esse
1571 2060 1623 2115 sub
1632 2061 1736 2130 prolia.

1026 2186 1158 2259 Quisquis
1177 2201 1241 2259 crgo
1255 2182 1638 2257 perlectioncmhvaogelicae
1658 2181 1795 2241 studuerit

990 2289 1083 2337 tenere
1105 2280 1250 2346 doctrinae,
1265 2280 1309 2336 hic
1327 2279 1379 2336 sub
1399 2277 1486 2350 gratia
1510 2277 1676 2334 constitutus
1690 2276 1793 2349 peccati

989 2375 1175 2434 dominatione
1190 2390 1247 2431 non
1267 2373 1413 2449 premitur.
1434 2377 1496 2430 tloc
1514 2380 1556 2429 est
1569 2371 1642 2428 euim
1661 2386 1721 2428 esse
1741 2370 1793 2427 sub

989 2469 1089 2540 gratia,
1113 2482 1143 2525 ea
1163 2482 1226 2539 quae
1240 2467 1324 2539 gratia
1349 2464 1463 2521 mandat
1477 2466 1600 2535 implere.
1623 2466 1792 2537 Quicumque

990 2576 1055 2617 vero
1077 2558 1253 2633 perfectionis
1272 2558 1443 2629 Evangelicae
1466 2554 1629 2629 plenitudini
1656 2555 1794 2627 subjectus

989 2670 1048 2711 esse
1066 2651 1194 2723 noluerit,
1213 2666 1269 2709 non
1288 2652 1394 2724 ignoret
1416 2667 1460 2720 se,
1487 2651 1612 2723 quamvis
1639 2646 1793 2722 baptizatus

988 2744 1041 2804 sibi
1056 2745 1179 2802 videatur
1191 2760 1224 2802 ac
1236 2744 1400 2809 monachus,
1417 2759 1473 2799 non
1493 2758 1552 2825 esse
1570 2742 1621 2799 sub
1635 2743 1731 2816 gratia,
1741 2742 1790 2800 sed

987 2838 1040 2896 snb
1065 2838 1132 2911 legis
1149 2837 1238 2894 adhuc
1258 2836 1372 2895 vinculis
1386 2828 1580 2911 praepeditum,
1596 2838 1700 2909 peceati
1719 2850 1790 2908 pon-

986 2932 1051 2989 dere
1065 2933 1238 3004 praegrarari.
1261 2931 1437 3003 Propositum
1460 2945 1580 3002 namque
1599 2938 1641 2987 cst
1659 2929 1728 3001 ejus,
1744 2928 1791 3000 qui

133 3022 290 3094 deposuerit
310 3021 478 3094 possidendi.
500 3022 560 3078 Pari
585 3023 668 3079 modo
690 3039 747 3078 non
765 3032 856 3094 potest
879 3038 934 3078 non
988 3040 1085 3081 omnes
1103 3040 1119 3080 a
1137 3024 1238 3097 quibus
1263 3033 1388 3096 receptus
1410 3023 1503 3091 luerit,
1525 3024 1612 3096 gratia
1635 3023 1791 3094 adoptionis

132 3124 248 3173 cruento
260 3116 362 3189 peccati
376 3116 490 3188 imperio
501 3115 637 3183 famulari,
650 3117 815 3188 quicumque
824 3116 935 3172 oculum
989 3116 1115 3186 assumit,
1135 3131 1191 3172 non
1211 3116 1362 3185 destruere,
1385 3116 1435 3174 sed
1458 3116 1719 3189 superaedificare;⁰
1741 3130 1792 3173 nec

133 3229 184 3287 pro
197 3211 288 3282 oculo,
298 3210 467 3282 dentempro
477 3210 785 3282 deote(Eeod.nxr),cr
798 3216 934 3282 praecepto
949 3193 972 3257 C
986 3225 1126 3279 evacuare,
1143 3209 1192 3267 sed
1208 3210 1356 3284 adimplere
1375 3210 1509 3269 blosaicas
1524 3212 1686 3268 sanctiones.
1702 3209 1784 3279 Quod

132 3303 200 3375 legis
213 3319 321 3376 eruere,
334 3313 348 3340 ⁸
362 3311 409 3359 aut
426 3302 569 3359 inimicum
582 3318 663 3359 sunm
678 3302 742 3359 odio
756 3302 860 3359 rutatult
881 3301 932 3357 ha-
984 3302 1110 3359 nonnulli
1140 3304 1248 3373 penitus
1268 3304 1439 3373 ignoranter,
1460 3313 1489 3359 et
1509 3306 1684 3360 consiliorum
1708 3314 1791 3376 atquc

131 3399 214 3465 bere;
237 3397 300 3470 quia
320 3413 429 3454 necesse
448 3415 511 3454 enm
529 3397 596 3453 dum
620 3397 731 3455 talionis
746 3394 932 3453 vicissitudine
985 3395 1207 3452 exhortationum
1231 3393 1332 3453 Christi
1351 3394 1579 3467 magnificentiam
1609 3396 1788 3468 negligentes,

134 3492 226 3549 ulcisci
245 3506 324 3548 suam
344 3498 422 3563 optat
444 3491 585 3563 injuriam,
608 3493 675 3550 dum
689 3500 783 3549 eorrtra
810 3490 936 3547 inimicos
989 3489 1026 3547 ita
1050 3488 1251 3561 praesumptivae
1273 3488 1406 3546 libertatis
1421 3490 1567 3547 securitate
1587 3491 1741 3559 solvuntur,
1764 3498 1797 3547 ut

135 3587 191 3644 odii
212 3587 423 3643 amaritudinem
439 3597 539 3657 servat,
557 3586 657 3645 luroris
674 3596 756 3660 atque
767 3587 815 3643 irae
835 3595 938 3658 pertur-
990 3601 1046 3641 non
1060 3585 1150 3642 solnm
1166 3585 1264 3642 Christi
1272 3582 1411 3658 'praecepta
1425 3593 1566 3658 tamquam
1580 3585 1665 3642 ardua
1677 3601 1734 3641 non
1751 3594 1793 3642 at·

136 3678 248 3736 batione
260 3696 368 3753 semper
381 3680 500 3736 accendi.
514 3681 683 3751 Quicumque
697 3696 761 3736 nero
775 3679 827 3736 snb
846 3682 936 3735 Evan-
990 3679 1107 3751 tingant,
1123 3695 1217 3736 verum
1232 3678 1317 3736 etiam
1332 3680 1389 3751 ipsa
1401 3674 1445 3735 illa
1456 3694 1518 3753 quac
1532 3678 1583 3736 illis
1597 3680 1791 3750 incipientibus

135 3773 229 3845 gelieae
244 3774 339 3846 gratiae
352 3773 548 3831 illuminatione
569 3784 700 3840 versatur,
715 3790 747 3830 ac
759 3776 864 3830 malum
880 3789 937 3829 non
991 3764 1188 3847 parvulisqued
1208 3775 1330 3831 hlosalca
1345 3774 1403 3847 lege
1425 3773 1553 3830 mandata
1565 3782 1639 3841 sunt,
1654 3774 1727 3828 velut
1740 3788 1790 3828 an-

679 3883 807 3934 sistunt
828 3882 939 3935 GhZAEl
959 3880 1239 3940 COMMENTARIUS.

134 3984 171 4043 Ul
192 3984 272 4038 ianus
287 3986 328 4048 (la
342 3985 358 4037 l.
374 3998 428 4038 uxr
442 3983 476 4038 ele
488 3982 570 4038 AEdil.
582 3983 672 4054 edic),
689 3982 775 4038 iacere
792 3990 822 4038 ot
841 3998 937 4039 rursus
1026 3988 1095 4043 cSic
1116 3989 1187 4043 enim
1204 3987 1329 4043 Christus
1351 3988 1425 4044 initio
1441 3986 1497 4043 lere
1520 4000 1577 4041 suae
1590 3984 1790 4057 predicationis

133 4001 233 4110 augear
253 4053 389 4119 venditor,
410 4054 483 4134 quod
506 4052 629 4135 vendidit
650 4062 701 4109 :et
738 4054 783 4109 uia
804 4054 831 4110 id
854 4053 938 4109 fiebat
992 4063 1227 4126 protestatusest:
1252 4059 1338 4113 Nolite
1349 4064 1450 4127 quatere
1469 4059 1595 4125 quereiam
1613 4058 1676 4109 ttettt'
1693 4058 1792 4112 eol-cere

133 4124 272 4181 reddendo
297 4141 333 4179 ac
352 4122 536 4187 restituendo,
560 4124 661 4180 rdcrrco
693 4069 839 4181 redhibitio
866 4125 936 4180 dicta
993 4128 1076 4195 leqcm
1092 4130 1141 4179 aut
1160 4127 1305 4195 propbetas
1331 4142 1412 4181 :raca
1435 4130 1496 4180 uem
1516 4127 1614 4179 soluere
1634 4126 1729 4193 lcqem,
1745 4128 1792 4181 sed

132 4205 184 4260 est,
204 4194 279 4266 quasi
299 4193 415 4250 redditio
434 4202 463 4248 et
477 4195 504 4248 in
522 4194 659 4267 integrum
682 4196 830 4251 restitutio.
853 4198 937 4263 Nam,
992 4197 1141 4265 adimplere
1155 4198 1264 4261 (Mallia.
1279 4196 1494 4265 v).Adimpleuit
1508 4203 1599 4250 autern
1613 4209 1670 4249 non
1681 4203 1789 4251 tantum

132 4274 163 4322 ut
181 4266 220 4320 ait
231 4268 336 4324 Festus,
354 4264 522 4320 redltihitum
542 4267 650 4337 proprie
664 4266 773 4335 dicitur,
788 4265 863 4349 quod
877 4266 933 4322 red-

132 4336 225 4394 ditum
244 4345 293 4391 est.
322 4336 447 4391 Sumitur
464 4351 529 4408 ergo
548 4335 591 4392 hic
612 4337 757 4393 redhibere
780 4336 938 4408 simpliciter

133 4421 184 4479 pro
199 4407 328 4473 reddere,
340 4406 481 4473 exhibere,
497 4407 600 4462 solvere
617 4416 666 4462 :nt
679 4417 705 4463 et
719 4410 790 4479 apud
805 4409 934 4464 Plautum

132 4493 170 4534 ιιι
185 4478 343 4533 nichaula:
361 4480 471 4533 Saluum
486 4479 546 4539 libi,
562 4483 592 4533 ul
602 4480 672 4533 milti
684 4480 794 4547 dedisti,
810 4479 935 4534 redhibeo

131 4551 312 4619 racrsupium.
327 4549 423 4604 Utitur
435 4548 530 4603 cadem
546 4566 610 4604 voce
625 4550 816 4606 redhibitionis
830 4549 934 4606 Cassia·

130 4634 184 4675 nns
195 4620 242 4675 lib.
258 4634 290 4675 rv
304 4620 424 4675 institut.
438 4636 497 4689 cap.
513 4624 539 4673 t.

167 4699 181 4726 ⁸
194 4692 253 4747 Hoc
273 4706 330 4745 uon
349 4690 474 4761 exlegis
499 4691 668 4762 praescripto,
683 4689 731 4746 sed
753 4707 784 4745 ex
807 4706 931 4763 perversa

131 4903 161 4957 iu
176 4906 229 4955 loto
243 4916 351 4971 corpore
363 4905 498 4970 chisraoa
512 4920 565 4959 esse
577 4908 726 4976 serapium:
741 4904 812 4959 Odia
825 4904 933 4959 labellis

130 4974 270 5029 inimicum
283 4977 368 5027 laura.
385 4974 436 5029 Sed
448 4975 494 5026 boc
514 4976 625 5039 dicitur,
643 4981 773 5047 quautam
788 4975 824 5028 aa
840 4976 932 5029 trecli-

131 5047 228 5099 lieaem
252 5045 419 5107 Scribarum,
436 5045 532 5113 quibus
553 5047 690 5103 cicumeat
704 5046 930 5109 incommedum,

131 5118 198 5186 quio
213 5119 340 5172 Dorulaus
352 5118 480 5185 praecepit
491 5116 557 5184 filiis
571 5118 653 5173 lsrael
665 5119 790 5189 persequi
810 5119 932 5174 iru'mieos

130 5200 192 5241 suos
204 5192 229 5239 ct
243 5189 328 5241 delere
347 5189 475 5243 Amalech
495 5187 589 5241 desub
603 5191 665 5244 celo
675 5190 772 5253 (Eeod.
787 5194 875 5253 xvir).

166 5256 180 5291 ¹³
194 5259 328 5326 Loquitur
337 5261 379 5312 ibi
391 5261 531 5321 Dormitus,
547 5258 584 5313 ait
596 5260 754 5315 S.Thomas
767 5260 835 5327 (l-e,
848 5277 875 5328 q.
884 5263 929 5324 98,

129 5331 185 5383 orl.
202 5328 237 5397 l),
248 5328 280 5382 tle
290 5332 430 5398 preceptis
444 5331 683 5395 coereruoaiulibua,
697 5346 757 5402 quea
767 5330 875 5399 quidem
885 5331 930 5386 tli-

131 5404 231 5454 cuutur
242 5414 294 5453 aon
318 5399 399 5462 1110,
415 5404 480 5470 quio
494 5404 610 5471 qratiam
625 5420 677 5459 uolt
691 5402 872 5469 conserebant,
882 5418 933 5473 per

165 5487 212 5524 urit
224 5471 366 5524 bomincsc
378 5477 482 5538 peccalo
493 5474 701 5538 mueldorentur,
717 5490 776 5528 cum
788 5479 875 5527 tmaea
884 5490 934 5544 per

150 5542 289 5610 ujrtsmceli
301 5557 328 5595 se
340 5546 490 5611 peccatores
504 5546 687 5614 ostenderam
706 5545 777 5601 trade
791 5547 934 5611 siqrrnutcr·

129 5611 248 5667 dicitur:
264 5616 297 5666 Et
307 5612 416 5681 judicia
429 5614 458 5666 iu
471 5614 568 5682 quihus
582 5634 633 5674 uon
644 5622 734 5674 uiuent
749 5615 854 5686 (uzeca.
869 5618 933 5687 xx),

992 4266 1223 4323 subministrando
1237 4266 1360 4337 spiritum
1375 4267 1469 4337 gratiae
1491 4282 1538 4338 per
1557 4280 1639 4337 quam
1654 4266 1696 4320 lex
1709 4281 1725 4320 a
1737 4282 1791 4322 no-

992 4338 1035 4394 bis
1049 4338 1088 4392 im
1111 4338 1209 4404 leatur,
1224 4337 1271 4393 sed
1291 4346 1318 4392 et
1339 4337 1539 4403 eoniirrnando,
1555 4345 1583 4391 ct
1594 4336 1691 4392 melius
1703 4336 1790 4393 inter-

988 4353 1123 4480 pretende
1145 4418 1173 4463 et
1187 4408 1351 4480 supplendo,
1373 4424 1434 4477 quae
1459 4409 1487 4463 in
1508 4407 1592 4462 veteri
1615 4407 1673 4477 lege
1697 4408 1789 4465 minus

988 4487 1066 4535 erant
1081 4495 1217 4550 expressa,
1227 4488 1257 4534 ut
1269 4487 1341 4549 patet
1356 4494 1393 4536 ex
1402 4478 1500 4535 eodem
1514 4480 1574 4535 loco
1591 4478 1672 4551 (l'ielc
1684 4481 1713 4536 S.
1722 4480 1786 4536 Tho.

991 4557 1049 4615 l·2,
1066 4567 1093 4620 q.
1112 4556 1174 4619 llll,
1189 4556 1241 4605 art.
1256 4550 1295 4623 1).

1022 4610 1183 4704 dQuamvis
1199 4630 1333 4694 praecepta
1347 4622 1402 4677 siae
1424 4621 1551 4677 mandata
1571 4621 1638 4691 legis
1657 4621 1786 4676 hlosaieae

986 4692 1121 4764 judicialia
1146 4700 1174 4748 et
1198 4694 1400 4749 ceremonialia
1415 4693 1471 4746 sint
1484 4692 1621 4762 antiquata
1642 4699 1670 4745 et
1686 4690 1788 4745 abolita

131 4760 335 4818 Pharisaeorum
357 4773 385 4817 ct
405 4762 564 4818 Scribarum
587 4762 818 4833 interpretatione,
837 4771 868 4816 ut
890 4763 931 4818 di·
989 4780 1036 4835 per
1049 4764 1133 4836 legem
1157 4779 1255 4818 trovam
1274 4772 1301 4819 et
1315 4763 1519 4833 Evangelicam‚
1532 4777 1587 4816 non
1607 4769 1698 4816 tamen
1714 4775 1786 4832 prae·

131 4839 208 4887 etum
224 4840 275 4885 est.
292 4832 388 4886 Glossa
400 4832 426 4887 in
447 4849 504 4904 cap.
519 4848 539 4888 v
555 4833 677 4889 blatthaei
693 4853 699 4887 :
715 4833 868 4896 8010111111,
882 4835 930 4896 ait,
948 4811 973 4873 Ῑ)
989 4843 1085 4905 cepta,
1097 4849 1159 4906 quae
1172 4835 1300 4890 dicuntur
1320 4833 1434 4889 moralia
1449 4840 1476 4886 et
1490 4831 1640 4899 naturalia;
1654 4847 1717 4903 quae
1731 4831 1787 4887 vim

987 4905 1090 4961 habent
1104 4904 1242 4976 obligandi
1261 4921 1294 4959 er
1312 4905 1371 4975 ipso
1382 4903 1531 4959 dictamine
1543 4902 1656 4958 rationis
1671 4920 1678 4958 :
1693 4903 1722 4958 in
1732 4918 1786 4975 quo

987 4991 1085 5048 genere
1097 4976 1234 5057 praeeipua
1249 4983 1314 5030 sunt
1332 4989 1393 5046 quas
1413 4975 1542 5046 decalogo
1554 4973 1737 5042 eontinentur,
1752 4973 1787 5031 ad

986 5062 1048 5119 qnae
1069 5056 1151 5102 ettam
1172 5055 1269 5102 caetera
1291 5045 1459 5102 reducuntur
1480 5048 1516 5115 (S.
1537 5047 1600 5102 Tho.
1621 5049 1681 5100 1-2.
1696 5064 1723 5115 q.
1739 5051 1785 5113 98,

988 5135 1015 5173 a.
1034 5124 1062 5185 l,
1078 5122 1103 5172 ei
1117 5134 1144 5187 q.
1159 5124 1221 5181 107,
1237 5121 1290 5172 orl.
1302 5124 1340 5183 2).
1354 5118 1484 5185 Proinde,
1499 5117 1561 5173 lieet
1575 5115 1718 5172 Christiani
1730 5130 1786 5169 non

986 5197 1131 5246 teneantur
1140 5190 1196 5261 lege
1211 5188 1341 5254 blosaica,
1353 5187 1640 5259 quatenusejusmodi‚
1653 5188 1671 5241 i.
1686 5199 1786 5254 e.qua·

988 5269 1067 5316 tenus
1090 5276 1137 5342 per
1157 5264 1271 5332 llloysen
1297 5259 1350 5315 lata
1375 5267 1417 5314 est
1432 5258 1661 5329 ,quandoquidem
1685 5256 1787 5327 elapsis

988 5331 1120 5404 legislatio
1139 5339 1245 5387 tantum
1266 5329 1429 5403 pertinuerit
1449 5330 1482 5385 ad
1501 5331 1632 5399 populum
1654 5326 1785 5383 israeliti·

988 5418 1064 5467 ctrrn,
1085 5403 1163 5471 idque
1177 5418 1264 5473 usque
1282 5401 1317 5457 ad
1335 5402 1481 5457 adventum
1497 5400 1598 5457 Christi
1612 5407 1639 5454 et
1653 5398 1785 5470 praedica·

987 5473 1090 5528 tionem
1108 5473 1245 5545 Evangelii
1268 5473 1429 5539 durntarat;
1453 5472 1556 5542 inqua
1582 5479 1640 5527 tota
1666 5469 1786 5526 Mosaios

988 5544 1145 5601 constitutio
1165 5545 1248 5598 liuem
1268 5544 1394 5612 accepit),
1407 5547 1536 5598 tenentur·
1549 5541 1642 5597 famen
1662 5540 1785 5597 absolute

989 5613 1131 5696 praeceptis
1151 5614 1269 5687 decalogi
1294 5632 1300 5669 :
1323 5614 1402 5686 idque
1423 5612 1523 5685 duplici
1549 5612 1662 5669 ratione.
1690 5612 1784 5668 Primo

131 5684 150 5737 i.
169 5698 194 5737 e.
211 5698 261 5751 per
283 5699 343 5751 quae
358 5685 442 5737 citum
454 5686 549 5753 prum
563 5687 682 5746 obtinere
695 5691 887 5757 anapaestum
909 5691 936 5742 et
989 5701 1052 5756 qura
1069 5686 1213 5757 decalogus
1226 5700 1281 5741 non
1305 5686 1378 5741 aliud
1400 5694 1442 5740 est
1462 5700 1545 5757 quam
1564 5684 1704 5756 explicatio
1719 5682 1785 5753 legis

126 5759 223 5825 posteo
237 5754 364 5808 subditur
379 5771 387 5807 ε
403 5757 438 5809 Et
452 5755 541 5825 pollui
556 5770 598 5810 cos
613 5764 641 5816 ia
655 5760 810 5818 maritet-ibus
824 5760 890 5823 suis,
906 5758 935 5811 id

132 5829 181 5893 sal,
189 5824 307 5895 pollutos
319 5824 430 5880 columi.

988 5765 1103 5824 naturae,
1117 5771 1178 5828 quae
1193 5756 1241 5813 toti
1259 5757 1352 5828 generi
1363 5755 1485 5812 humano
1498 5756 1652 5813 eommunis
1665 5762 1706 5808 est
1720 5767 1784 5806 :ne-

989 5842 1042 5900 que
1058 5826 1093 5885 ad
1108 5827 1160 5885 hoc
1181 5836 1212 5883 ut
1225 5843 1391 5903 quemquam
1404 5827 1517 5901 obliget,
1532 5836 1644 5884 externa
1662 5820 1784 5895 promul·
