3848 6158
132 197 180 249 ulit
618 198 786 256 contentu
804 201 850 256 tt.
870 233 905 244 —
925 203 970 260 DE
988 202 1076 259 NECE
1095 201 1312 260 sanctonum.
1739 212 1790 266 eut

132 329 194 376 orat
206 319 305 388 David,
318 319 409 376 dicens
426 339 433 376 :
449 323 536 378 Proto
548 337 598 384 me.
616 327 739 390 Domine,
758 331 783 381 et
797 331 870 383 tereto
884 345 935 396 me,
947 333 973 396 Α
987 344 1052 384 rans
1064 326 1270 400 quodammodo
1280 327 1336 400 jam
1350 327 1383 385 66
1401 344 1497 385 eorum
1512 329 1600 387 saluts
1617 330 1767 402 proclamat
1781 353 1789 390 r

130 430 267 471 urerenes
280 420 542 470 meosetcormcum
561 418 642 482 (Psoi.
664 424 750 486 xxv).
772 424 934 479 'ieremias
987 426 1789 496 Deseritsnsttotoriumtniqnesnsstrocontaeitconfictor:
1824 434 1827 439 ’

132 524 249 581 quoque,
264 510 408 567 utilitatem
420 509 503 581 hujus
516 512 675 568 tentationis
689 512 855 587 intelligens,
872 517 935 574 Gor·
987 520 1100 574 mulitia
1117 523 1188 574 arim
1202 525 1296 576 cestre
1312 537 1365 577 non
1378 527 1442 579 sunt
1456 527 1627 592 consumptae,
1647 528 1789 594 arpentum

130 606 199 673 rape,
209 603 307 674 inquit,
317 605 496 669 melionune,
506 608 934 677 vuantonentnjncictoatrun
987 612 1229 683 reprobumuooate
1241 629 1293 677 eos,
1312 617 1378 684 quio
1389 617 1516 670 Dominus
1530 614 1644 685 projecit
1659 613 1721 668 illos
1738 613 1789 684 (Je-

130 700 160 751 in
168 699 261 765 furore
275 702 321 754 66
331 700 341 764 (
351 700 447 754 terem.
465 697 514 770 x).
529 699 565 754 Et
578 698 677 757 iterum
692 718 699 756 :
713 702 862 772 66616666
874 705 932 761 tibi.
985 720 1051 762 rem.
1063 709 1118 771 vr).
1132 708 1211 790 Hanc
1222 705 1369 764 salutarem
1378 706 1449 781 ignis
1460 707 1648 779 purgationem
1661 707 1732 763 circa
1741 722 1788 763 eos

131 795 253 860 666666,
270 795 398 863 quoniam
411 795 501 847 iratus
515 795 634 858 remini,
648 810 788 853 munusue
803 799 935 866 catturae
986 793 1033 864 qui
1049 793 1194 866 praedurati
1219 802 1285 852 sunt
1303 796 1451 853 sceleribus
1472 797 1540 864 suis,
1555 796 1672 853 inaniter
1688 812 1717 853 se
1733 798 1788 853 lio·
1861 868 1865 875 Ι

131 889 193 942 tuus
208 891 233 941 et
247 889 398 943 consolatus
410 903 488 942 estne
498 890 564 954 (lso.
581 890 716 962 x1t).Pro
730 891 933 950 meritoautem
987 887 1080 944 minus
1098 888 1256 946 adhibuisse
1275 889 1326 946 tub
1350 905 1464 962 persona
1481 891 1634 948 Jerusalem
1656 899 1789 949 concreta

129 989 305 1052 peecatorum
326 981 402 1054 plaga
420 981 581 1039 tentationis
598 982 723 1050 infertur,
746 994 776 1042 ut
787 986 826 1042 ibi
842 988 934 1060 plagas
986 979 1121 1052 protunda
1135 981 1261 1055 rubigine
1270 991 1447 1055 peccatorum
1457 984 1494 1040 ita
1507 984 1697 1058 conqueritans
1708 987 1788 1048 Pone,

130 1076 233 1147 populo
245 1075 337 1132 israeli
348 1075 539 1132 immissurum
550 1092 579 1133 se
590 1078 725 1137 Dominus
737 1081 932 1151 comminatur,
986 1073 1209 1147 loquensque
1224 1092 1420 1147 sneomgarper
1426 1092 1532 1147 primos
1545 1094 1655 1134 666666
1672 1083 1704 1134 ut
1714 1082 1788 1135 sncc-

129 1169 226 1225 diocns
239 1191 246 1226 :
259 1175 354 1226 Dentes
365 1171 513 1225 beatiorum
522 1173 668 1228 immutant
677 1176 706 1229 in
717 1189 759 1231 eos
769 1191 828 1231 urm
840 1176 933 1244 tumre
985 1167 1074 1231 detaut,
1091 1172 1116 1223 et
1125 1168 1249 1239 liquetlot
1258 1184 1294 1225 oes
1302 1172 1369 1239 aaa,
1381 1174 1406 1225 et
1417 1171 1581 1241 complentur
1589 1174 1620 1227 in
1633 1174 1720 1229 medea
1731 1176 1791 1245 ejus

129 1264 298 1318 trahentium
310 1269 511 1336 superterram,
529 1269 555 1320 et
563 1267 670 1332 frustra
677 1273 798 1338 percussi
806 1271 875 1341 ilios
885 1286 931 1325 nc-
983 1259 1215 1329 humillimum
1226 1261 1295 1330 ejus,
1308 1263 1394 1316 militi
1408 1262 1499 1317 lssbtlt
1508 1263 1637 1318 mentum
1651 1268 1691 1319 tii
1702 1269 1728 1318 ti
1736 1280 1790 1320 non

126 1358 206 1419 66,
240 1358 411 1428 asapiencia
431 1374 484 1414 66
505 1363 641 1430 recepistis
655 1366 749 1431 (666.
769 1366 876 1434 xxxa).
898 1367 930 1422 tn
984 1355 1114 1410 aeacus
1127 1357 1256 1410 naemu
1269 1354 1366 1425 reliso
1380 1357 1447 1426 eius.
1469 1372 1622 1429 testeae
1636 1358 1789 1426 insanim-

130 1448 244 1520 psalmis
268 1466 378 1522 quoque
403 1471 409 1507 :
425 1452 515 1506 Merito
528 1454 637 1521 {lupello
651 1461 820 1523 peccotorum
841 1460 929 1529 (Psul.
983 1447 1120 1503 mmldiit'd
1134 1452 1183 1503 uro
1198 1448 1382 1513 meffabili&
1396 1453 1460 1521 quur
1473 1451 1607 1506 mundate
1624 1456 1650 1506 ²⁸
1660 1452 1750 1516 vidui»
1765 1459 1791 1509 ti

128 1544 229 1609 xxxi).
241 1543 275 1597 Et
285 1542 312 1597 in
322 1543 480 1615 Evangelio,
488 1548 553 1601 licre
563 1560 645 1602 mnus
654 1549 745 1614 tuctus
760 1566 797 1614 cs,
803 1552 865 1621 p'om
877 1555 932 1608 noli
983 1556 1038 1596 noa
1051 1557 1077 1597 ⁰⁸
1089 1542 1221 1597 munuca
1232 1559 1249 1597 ⁰
1260 1543 1384 1599 ⁵⁰tdt'bttt
1399 1547 1453 1599 itit
1468 1543 1574 1616 (Emi
1590 1549 1666 1613 ffli·
1681 1545 1786 1616 Quam·

126 1650 249 1705 peccure,
263 1651 297 1691 ne
305 1636 425 1691 deterius
444 1639 497 1692 titii
513 1639 620 1709 aliquid
631 1644 874 1712 continuatorum
886 1648 929 1716 v).
984 1636 1081 1693 obrem
1116 1637 1300 1709 politissimus
1324 1638 1465 1708 medicus,
1504 1639 1644 1712 expensis·
1661 1642 1790 1698 omnibus

130 1729 287 1786 lasenimus
301 1744 367 1785 sane
381 1737 408 1785 et
422 1740 548 1802 quartam
563 1732 714 1803 rationem,
728 1753 781 1809 qua
794 1739 830 1794 ob
844 1738 932 1795 mani·
947 1749 972 1813 B
986 1731 1151 1789 salutaribus
1164 1731 1247 1804 curie,
1259 1747 1311 1789 nec
1320 1734 1407 1791 ullum
1420 1734 1480 1807 jam
1491 1733 1602 1791 remmii
1616 1749 1702 1808 genus
1715 1734 1790 1809 quod

130 1822 284 1879 tutandam
304 1822 483 1881 solummodo
497 1824 614 1897 gloriam
632 1836 660 1884 et
676 1844 759 1902 opera
773 1833 825 1888 Dei
841 1833 934 1890 interii
987 1824 1142 1883 infirmitati
1165 1842 1261 1884 eorum
1284 1828 1368 1901 possit
1386 1829 1471 1902 aptari
1493 1830 1626 1886 Dominus
1647 1844 1790 1902 superesse

55 1970 66 1981 ,
130 1916 292 1987 quibusdam
307 1917 408 1989 aliquas
429 1918 570 1990 passioms
590 1920 792 1994 scripturarum
812 1926 935 1983 auctori.
986 1919 1167 1992 conspiciens,
1181 1920 1387 1996 quodammodo
1400 1922 1579 1995 iniquitatum
1602 1923 1791 1998 magnitudine

130 2016 187 2066 tate
200 2011 407 2082 cognoscimus,
421 2012 572 2069 secundum
586 2013 653 2072 illud
667 2017 804 2091 Evangelii
823 2037 830 2076 :
846 2023 935 2092 Neque
986 2022 1140 2084 superetur,
1155 2029 1189 2070 ec
1202 2014 1340 2071 discedere
1355 2015 1389 2071 ab
1407 2015 1450 2071 illa
1464 2015 1591 2072 clementi
1607 2032 1657 2073 sua
1672 2018 1790 2092 castiga-

133 2102 175 2156 liic
183 2105 313 2172 perunit
325 2114 412 2174 nequas
419 2110 543 2176 parentes
553 2107 620 2177 ejus,
630 2109 678 2164 sed
687 2114 717 2164 ut
728 2114 936 2180 manifestentur
986 2106 1061 2163 tione
1073 2106 1256 2178 compellitur,
1276 2107 1366 2179 itaque
1387 2107 1412 2163 ei
1426 2106 1580 2176 denuntiat,
1593 2108 1687 2165 dicens
1705 2130 1712 2166 ε
1730 2114 1789 2166 tom

134 2210 217 2265 opero
231 2196 280 2252 Dei
295 2198 324 2251 in
341 2199 398 2267 apso
412 2199 496 2269 (Joon.
516 2205 570 2267 tx).
591 2203 626 2256 Et
639 2201 739 2258 iterum
758 2221 766 2256 ε
786 2207 935 2274 infirmitas
986 2218 1039 2257 nore
1053 2204 1155 2258 truscos·
1174 2202 1234 2265 tilii,
1257 2204 1283 2257 et
1295 2202 1369 2256 seha
1388 2216 1462 2256 muts
1482 2204 1619 2256 recessitis
1637 2207 1662 2258 tc
1682 2203 1788 2274 (Ezeclt.

135 2288 191 2342 troc
203 2294 304 2345 nonest
315 2290 353 2344 cd
361 2297 483 2356 mortem,
496 2294 542 2349 sed
551 2310 603 2364 pro
613 2296 702 2364 glorio
713 2300 773 2360 liei,
787 2302 820 2353 ut
832 2294 932 2370 pluun-
984 2297 1064 2367 xrs).
1078 2298 1120 2352 De
1132 2280 1268 2352 aliis'vero
1286 2310 1405 2368 quorum
1421 2310 1477 2351 non
1490 2296 1657 2368 praeduravit
1674 2312 1722 2353 cor
1734 2296 1788 2353 tre-

134 2386 210 2436 eetur
226 2383 307 2438 Filius
319 2386 428 2455 uesper
440 2387 529 2456 ipsam
542 2391 629 2454 (ioan.
647 2389 703 2460 xi).
718 2390 933 2451 36666661-
985 2390 1094 2463 quentia
1115 2399 1305 2462 peccatorum,
1325 2405 1376 2447 nec
1396 2391 1443 2448 illa
1458 2390 1629 2447 severissima
1649 2398 1678 2448 et
1696 2391 1738 2463 (ut
1751 2391 1789 2448 ita

131 2475 244 2532 tionum
263 2492 362 2550 genera
385 2478 485 2550 quibus
505 2481 629 2538 nonnulli
648 2483 694 2555 qui
711 2484 824 2541 malitiae
836 2501 931 2559 super·
985 2475 1264 2548 dixefimlbcaustica
1275 2485 1360 2554 [stili-
1377 2485 1408 2538 in
1419 2500 1504 2552 milit·
1517 2482 1704 2556 iasildfflfflli]
1721 2484 1790 2558 iunii

131 2570 217 2642 gressi
234 2579 299 2628 sunt
314 2573 471 2640 cumulum,
492 2576 679 2646 percutiuntur
701 2578 735 2636 ad
749 2595 886 2652 praesens,
902 2592 933 2641 ut
987 2575 1106 2649 indigent
1119 2576 1273 2644 medicina,
1288 2577 1336 2633 sed
1350 2576 1465 2635 eruditio
1480 2577 1605 2634 salutaris
1616 2578 1691 2635 verbi
1707 2576 1788 2634 sutd-

129 2665 240 2723 nathan
263 2675 292 2723 et
312 2667 428 2737 abiron,
449 2676 484 2726 'et
503 2670 575 2726 sicut
598 2671 687 2729 Chore
713 2673 828 2746 legimus
850 2674 933 2735 tuisse
986 2670 1023 2725 cit
1041 2668 1077 2726 ad
1096 2669 1210 2725 salutem
1223 2712 1230 2739 ,
1245 2668 1342 2725 dicitur
1365 2690 1371 2724 ε
1395 2671 1577 2727 ‘nmorando
1595 2685 1637 2726 eos
1649 2673 1679 2724 in
1692 2670 1790 2725 auditu

131 2760 275 2819 damnatos
286 2762 377 2836 (Nom.
393 2765 472 2837 xvi),
487 2774 515 2822 et
527 2767 567 2823 vel
583 2767 818 2826 maximeillosde
834 2769 933 2842 quihus
986 2765 1375 2832 tribulationissaoetose.r11,
1387 2765 1790 2836 ⁸0⁰·LXX)·N⁰¹1581¹0i³¹¹¹¹¹⁸

131 2855 281 2927 Apostolus
293 2856 360 2913 dicit
377 2879 383 2915 :
400 2861 514 2931 Propter
529 2863 602 2933 pacat
613 2862 732 2917 nactust
749 2863 808 2919 titas
817 2866 888 2921 neus
901 2866 931 2919 sn
986 2856 1051 2912 alias
1064 2872 1173 2929 quoque
1187 2857 1454 2914 animadversionum
1475 2857 1531 2914 sive
1544 2857 1681 2915 ultionum
1694 2874 1790 2915 causas

130 2953 267 3021 posumus
279 2954 432 3020 iqncnrinioe
441 2959 468 3010 et
478 2957 508 3009 in
518 2957 660 3026 emotum
673 2971 779 3013 senaim
791 2957 879 3029 (pom,
894 2958 929 3031 ι),
983 2963 1045 3022 quae
1056 2947 1211 3005 inferuntur
1226 2949 1270 3006 lus
1291 2950 1336 3021 qui
1358 2950 1519 3023 gravissima
1532 2949 1718 3024 deliquerunt,
1734 2967 1789 3008 non

133 3044 210 3115 quod
228 3044 311 3101 etiam
333 3047 442 3103 caeteris
456 3046 543 3120 poenia
559 3051 667 3121 gravius
684 3051 863 3122 judiffludum
879 3060 930 3109 ast,
985 3043 1021 3100 ad
1033 3043 1161 3117 expianda
1179 3058 1277 3101 eorum
1290 3044 1416 3113 crimina,
1430 3061 1480 3101 nec
1494 3045 1528 3102 ad
1542 3044 1675 3102 abolenda
1691 3046 1788 3102 merita

133 3138 177 3192 lle
195 3137 262 3210 ipsis
279 3154 399 3211 namque
418 3139 562 3197 psalmista
585 3160 592 3197 :
613 3146 643 3198 ta
657 3144 813 3211 labantur,
826 3120 972 3218 {nequisse
989 3145 1173 3209 peccatorum,
1183 3137 1232 3195 sed
1245 3137 1279 3195 ad
1288 3137 1507 3195 emendationem
1521 3147 1681 3210 metumque
1693 3139 1788 3195 viven-

133 3230 415 3295 teminamnansung
432 3238 529 3289 etcum
539 3236 934 3307 nominebusmpaqppaqun.
985 3232 1077 3301 tium,
1100 3247 1163 3304 quae
1176 3231 1316 3289 evidenter
1336 3233 1363 3288 in
1382 3232 1530 3289 Jeroboam
1551 3231 1638 3289 tilium
1660 3231 1787 3299 Nabath,

133 3327 274 3390 turtPsut.
298 3328 391 3395 cxxi).
405 3328 466 3384 Non
479 3328 554 3385 enim
573 3332 823 3388 merentursaleari
840 3333 933 3389 visita-
987 3326 1072 3380 3³³⁸&
1084 3338 1193 3396 (1¹¹⁰(llle
1205 3323 1292 3379 fllium
1308 3324 1406 3393 Arhia,
1423 3334 1450 3380 θῑ
1464 3325 1558 3380 Athib
1572 3333 1653 3396 atque
1667 3325 1788 3392 lilibet

132 3417 210 3473 tione
223 3419 344 3487 Domini,
357 3436 408 3476 aaa
425 3421 622 3494 tempor-atibus
633 3423 719 3497 plagis
733 3427 932 3498 consequjmp.
987 3414 1059 3471 illata
1078 3415 1290 3488 cognoscimus,
1309 3416 1347 3472 ita
1366 3416 1557 3488 pronuntiante
1577 3416 1668 3473 divina
1690 3433 1787 3474 censu·

133 3510 266 3582 diuinam,
299 3514 344 3585 qui
370 3512 544 3587 desperantes
572 3517 737 3590 semetipsos
763 3517 933 3577 tradiderunt
987 3522 1035 3565 ¹³²
1051 3513 1126 3572 Em»
1142 3525 1189 3579 09⁰
1207 3510 1334 3565 Midam
1353 3526 1433 3582 nepa
1451 3515 1477 3566 ²2
1489 3512 1605 3575 molum,
1620 3512 1788 3567 mestitiam

135 3602 325 3677 impudicitiae,
344 3607 373 3663 in
395 3607 580 3681 operationem
600 3611 691 3668 omnis
705 3614 823 3678 erroris,
838 3613 866 3669 in
881 3614 933 3670 im·
983 3608 1132 3675 pusterlam
1143 3608 1201 3668 dte.
1211 3609 1237 3660 tl
1249 3606 1409 3676 intericiunt
1422 3606 1455 3669 dt
1468 3604 1562 3663 ¹1ch
1577 3607 1737 3674 minuentur
1751 3607 1789 3660 ed

136 3697 315 3768 munditiam,
338 3701 438 3775 quique
461 3703 641 3763 obduratione
665 3706 770 3775 cordis,
789 3715 819 3764 at
836 3723 887 3765 usu
899 3722 933 3767 aa
982 3693 1125 3769 parietem,
1139 3702 1166 3754 st
1177 3699 1298 3755 cussum
1310 3702 1515 3755 strictissimum
1527 3702 1556 3752 in
1567 3701 1651 3754 lsrael
1666 3700 1788 3754 :etrusc

133 3789 281 3864 frequentia
294 3794 466 3868 delinquendi
479 3799 668 3872 purgationem
682 3800 839 3858 brevissimi
852 3802 932 3874 hujus
984 3792 1093 3847 minum
1107 3797 1183 3847 itam
1195 3795 1264 3848 ⁸5⁰1&
1281 3793 1392 3849 Mum
1406 3794 1545 3848 Jtt⁰⁶⁰t¹m
1560 3794 1613 3861 filii
1624 3795 1749 3856 Nabidi·
1763 3799 1790 3847 ti

133 3887 183 3943 art
203 3897 230 3943 et
249 3889 383 3946 ultionem
403 3891 471 3947 vitae
492 3894 631 3962 praesentis
662 3893 804 3950 excedunt.
827 3896 932 3964 Qubus
983 3889 1052 3943 arsut
1068 3888 1177 3943 66666
1188 3890 1276 3944 136666
1283 3888 1336 3958 tilii
1351 3886 1453 3948 66666,
1470 3887 1626 3954 qntoeqtsti
1643 3889 1674 3938 ut
1687 3901 1729 3938 me
1752 3886 1789 3939 od

132 3982 215 4037 etiam
231 3999 278 4054 per
291 3983 454 4054 proplietam
464 3998 556 4038 sermo
567 3983 676 4040 divinus
687 3986 835 4057 exprobrat
847 4006 853 4042 :
865 3990 934 4045 Sud-
984 3979 1331 4049 itwndwmutwmttss
1345 3984 1372 4034 ti
1379 3992 1490 4048 Petit?e
1500 3978 1590 4045 seusu
1602 3977 1684 4031 lsrael
1691 3994 1700 4040 5
1713 3990 1788 4030 6666

131 4080 203 4131 ,rerer
217 4093 277 4139 vos,
296 4079 365 4129 secut
378 4077 507 4131 66666666
528 4080 599 4133 Deras
615 4077 756 4134 86666666
776 4084 802 4135 et
821 4080 934 4137 Gomar-
986 4078 1068 4130 erum
1083 4072 1334 4131 comednrtdesooel
1347 4078 1377 4128 in
1391 4089 1456 4142 oqro
1467 4072 1587 4128 lesroiiel
1601 4091 1609 4125 ε
1624 4073 1650 4125 si
1664 4073 1789 4145 mutuas

131 4169 223 4230 riona,
240 4173 265 4223 et
278 4170 421 4236 irretientis
435 4169 505 4223 sicut
521 4172 600 4225 torris
614 4174 712 4240 reputa
723 4171 756 4228 de
767 4173 897 4237 incendio,
908 4178 934 4231 ct
983 4166 1173 4234 mnenon
1182 4169 1338 4229 inusitate,
1352 4166 1552 4221 mmedenteune
1561 4178 1653 4229 amiur
1665 4165 1690 4218 si
1698 4167 1788 4218 eutem

132 4278 181 4316 nec
193 4264 232 4313 sic
251 4260 559 4326 redeundumne
573 4265 702 4321 munus
721 4266 814 4337 (Amos
830 4270 883 4334 tv).
899 4268 934 4324 lit
985 4264 1106 4315 amau
1124 4261 1213 4328 aaut
1223 4263 1254 4314 in
1266 4275 1349 4330 oqro,
1365 4259 1502 4315 comdant
1516 4272 1575 4312 666
1593 4258 1711 4312 6616666
1731 4258 1791 4311 culi

134 4354 271 4410 neaemias
287 4371 293 4409 ;
310 4358 435 4424 triturari
444 4358 723 4431 reperaturpaprnum
734 4376 832 4423 meum,
847 4366 873 4416 er
887 4365 932 4416 ta.
986 4352 1313 4427 (illitep.xx1).Etillud
1325 4351 1398 4424 quod
1408 4368 1457 4425 pro
1468 4350 1788 4425 ingenticomminatione

134 4450 273 4502 mmacn's
281 4450 337 4503 666
347 4454 471 4505 nonunt
478 4450 688 4524 enuntiarem.
699 4453 760 4525 xv).
771 4453 930 4511 Etiterum:
985 4448 1160 4506 denuntiatur
1174 4468 1182 4504 :
1194 4436 1208 4481 d
1221 4450 1281 4507 Non
1291 4449 1426 4515 intuenti·
1444 4447 1557 4504 6666666
1568 4451 1646 4503 mum
1657 4449 1686 4502 in
1695 4449 1787 4518 scpul-

133 4544 599 4609 Pcccussistioosetnonololuerunt,
611 4547 931 4604 ottrioistieosetrenue-
948 4535 1062 4599 Dorum
1072 4549 1184 4615 putueo
1194 4548 1300 4599 morum
1314 4543 1366 4615 (lll
1380 4546 1445 4613 lth.
1468 4542 1542 4612 χιιι)
1561 4559 1568 4597 :
1585 4556 1642 4597 non
1653 4540 1728 4613 quod
1745 4543 1785 4598 vel

131 4640 197 4689 runt
208 4636 326 4706 occipere
343 4636 534 4707 disciplinam,
552 4638 746 4695 maiacense
767 4640 851 4708 scoies
869 4656 933 4713 usos
986 4638 1058 4696 illius
1074 4640 1138 4696 tam¹
1152 4635 1269 4711 profana
1287 4644 1445 4695 commenta
1460 4636 1506 4709 qui
1527 4635 1626 4692 vitulos
1641 4651 1739 4693 aureos
1752 4635 1787 4690 ad

133 4744 211 4798 amer
219 4734 338 4800 petram,
347 4731 490 4786 noluerunt
499 4733 597 4787 renuti
607 4729 710 4803 (terem
725 4736 767 4799 v).
781 4734 852 4807 Erga
861 4749 933 4806 quo-
986 4745 1145 4808 perpetuam
1157 4734 1407 4809 prevaricationem
1420 4733 1505 4806 plebis
1518 4732 1683 4805 impiamque
1696 4745 1712 4785 a
1727 4734 1784 4786 Do-

135 4836 196 4876 rum
216 4824 383 4880 curationem
403 4838 516 4880 omnent
529 4825 660 4897 temporis
671 4825 751 4882 istius
770 4827 933 4885 medisinam
986 4830 1062 4886 mino
1074 4829 1275 4899 separationem
1287 4827 1391 4898 primns
1407 4825 1535 4892 instituit,
1552 4825 1591 4881 vel
1604 4826 1713 4881 illorum
1728 4831 1787 4881 tam

135 4914 228 4972 videns
235 4915 365 4989 propheta
372 4916 508 4975 inmssum
521 4915 608 4975 fuisso
618 4919 930 4994 consumptamdsspe-
987 4922 1130 4979 innumera
1139 4928 1251 4994 tamque
1263 4917 1374 4977 notaria
1382 4918 1583 4993 sacrilegiorum
1600 4919 1715 4977 crimina
1728 4915 1789 4975 haec

683 5037 811 5093 nunant
829 5038 942 5095 GAZAEl
961 5036 1239 5094 consentanius

168 5149 181 5175 ⁸
196 5141 265 5197 Sunt
278 5141 352 5197 enim
365 5141 492 5200 ieremias
503 5139 753 5210 verbanoulsaise,
765 5158 828 5200 cum
838 5151 932 5203 tamen
991 5145 1129 5201 auditione
1138 5144 1336 5211 tribulationisr
1349 5143 1390 5201 vel
1398 5152 1428 5201 ut
1434 5153 1477 5201 est
1484 5141 1557 5214 apud
1568 5139 1698 5197 eumdem
1707 5138 1787 5199 hom.

133 5211 312 5284 manuscripti
331 5211 467 5285 plerique,
480 5211 600 5285 cuychio
614 5220 700 5285 teste,
718 5214 809 5297 legant
824 5214 931 5274 isaiam.
986 5225 999 5272 t
1017 5217 1046 5273 in
1068 5214 1262 5273 Ezechielem:
1279 5218 1403 5288 mquam
1429 5232 1470 5272 eos
1484 5219 1514 5270 in
1527 5213 1626 5269 auditu
1648 5215 1787 5280 caputius

134 5286 172 5337 At
185 5282 335 5355 Dionysius
349 5298 398 5356 pro
414 5284 484 5341 lsaia
498 5283 639 5341 substituit
650 5286 809 5342 ieremram.
985 5304 1085 5346 eorum.
1147 5303 1154 5319 ·
1426 5288 1437 5299 ’

169 5345 183 5383 l
195 5352 226 5409 ld
236 5360 288 5422 est,
300 5354 395 5426 rigida,
410 5361 558 5426 pungente,
571 5364 688 5412 austera.
702 5360 742 5414 lta
754 5357 800 5414 lib.
816 5374 835 5415 x
850 5358 934 5415 lusti·
1023 5347 1162 5418 dDictura
1181 5357 1234 5416 hoc
1247 5366 1298 5426 est,
1313 5374 1370 5415 non
1383 5357 1440 5426 regi
1458 5353 1564 5424 Achab,
1579 5363 1610 5414 ut
1621 5354 1730 5412 ridetur
1741 5355 1789 5413 luc

134 5430 186 5478 tut
207 5440 267 5494 cap.
288 5431 305 5480 5
324 5425 442 5483 caustica
463 5425 529 5483 dixit
550 5425 757 5495 medicamenta,
781 5428 816 5486 de
837 5429 937 5502 quibtu
988 5435 1103 5497 Auctor,
1127 5429 1264 5502 prioribus
1284 5429 1344 5485 hac
1371 5436 1552 5493 connectens,
1579 5426 1713 5506 indicarej
1739 5426 1788 5485 sed

137 5492 237 5549 ibidem
251 5503 353 5551 actum.
990 5502 1130 5574 prophetas
1149 5500 1188 5557 illi
1201 5500 1247 5571 qui
1261 5499 1362 5554 missus
1380 5497 1470 5554 iuerat
1483 5499 1511 5554 in
1532 5498 1629 5554 Bethel
1650 5495 1685 5550 ad
1697 5510 1788 5551 incre-

171 5566 310 5635 ‘Vulgatn
324 5566 420 5633 versio,
435 5568 542 5625 66666
556 5572 750 5629 6666666666
766 5573 933 5627 ondiuonens
985 5573 1108 5643 pandum
1131 5570 1288 5629 teroboam.
1309 5576 1337 5625 et
1359 5585 1374 5624 a
1400 5568 1468 5625 laiso
1498 5567 1629 5640 propheta
1658 5563 1788 5620 seductus

136 5642 215 5693 caera
235 5654 336 5693 eorum.
357 5641 442 5695 Notat
454 5638 597 5698 Ciaeonius
612 5642 684 5714 apud
704 5642 863 5716 origenem,
878 5643 933 5698 ho·
985 5642 1105 5699 comedit
1126 5648 1222 5697 contra
1242 5643 1409 5711 preceptum
1429 5637 1553 5706 Domini;
1574 5634 1788 5710 quamobrema

135 5707 193 5762 mil.
222 5714 255 5762 tu
276 5708 303 5763 in
318 5711 465 5778 Numeros,
488 5711 582 5768 vitiose
606 5713 657 5786 legi
672 5729 679 5762 r
697 5716 788 5770 Terret
807 5717 878 5771 Deus
901 5714 934 5769 nt
986 5712 1065 5769 leone
1084 5711 1189 5769 occisus
1212 5717 1265 5778 est,
1289 5717 1318 5765 et
1336 5709 1483 5783 peregrinae
1503 5708 1619 5767 traditus
1641 5702 1787 5774 sepulturae

135 5781 266 5849 comptae
284 5781 415 5836 nominem
430 5783 461 5836 in
475 5781 623 5839 66666666
636 5784 819 5847 triirttotione,
840 5798 890 5857 pro
904 5785 934 5839 in
985 5784 1037 5850 (lll
1049 5786 1114 5853 aeq.
1130 5782 1202 5849 xri).
