3848 6158
156 339 203 392 vn
820 331 1131 411 volunvsoxssrxnv
1480 368 1483 376 .
1752 335 1803 389 res

149 460 225 518 nobii
244 459 398 534 presbyter,
417 459 491 533 quod
507 460 590 517 estin
609 463 737 533 AEgypto,
757 475 813 514 non
833 457 913 532 longe
932 458 1106 526 aAsareulo
1119 457 1251 515 deorsum
1268 458 1407 537 incurvus,
1426 457 1536 515 laxabat
1552 456 1671 515 oleribus
1688 466 1802 525 terram,

152 558 166 587 ⁸
184 553 336 627 Panephysi
356 553 474 622 civitate,
491 563 518 610 et
531 569 580 627 pro
592 554 649 625 ipsa
663 553 823 620 reverentia,
835 552 877 608 vel
891 553 951 608 vitae
1005 550 1103 608 deinde
1123 559 1227 608 stercus
1240 550 1364 608 humeris
1383 551 1438 608 suis
1452 552 1606 617 advectans,
1619 565 1716 607 eornm
1730 548 1803 605 radi·

150 663 219 717 suae,
240 649 280 705 vel
303 648 403 717 aetetis,
428 648 468 703 vel
488 647 642 714 sacerdotii,
664 646 769 703 cunctis
788 645 951 704 honorabilis
1005 643 1081 701 cibus
1099 643 1247 718 ingerebat.
1263 647 1387 717 Cumque
1402 643 1462 701 baec
1483 644 1589 701 intuens
1607 641 1702 711 trater,
1721 657 1804 714 super

152 757 184 799 ao
195 740 366 798 venerandus
379 741 518 808 existeret,
534 740 626 796 videns
643 755 673 796 se
687 755 736 811 pro
752 739 805 796 boc
818 741 876 820 ipso
896 740 950 796 bu-
1004 737 1143 812 agnitione
1152 739 1211 810 eius
1220 737 1370 795 diutissima
1382 732 1476 795 luisset
1486 736 1657 795 haesitatione
1665 735 1804 804 detentus,

152 834 295 893 militatem
307 835 379 890 illam
390 850 472 906 qnam
482 834 635 891 seeundum
647 848 704 891 suae
713 833 812 889 mentis
824 833 951 890 ardorem
1006 831 1118 904 propius
1132 832 1243 889 tandem
1255 831 1399 896 acoedeos,
1411 841 1440 888 et
1452 848 1508 889 nou
1521 832 1614 889 solum
1625 832 1742 900 vultum,
1756 829 1805 887 sed

151 927 334 1001 concupierat,
348 941 538 983 exercerenon
552 941 643 999 posse,
655 942 706 983 neo
719 926 820 984 babere
833 942 888 1000 quo
900 928 952 982 vir·
1005 926 1089 983 etiam
1109 941 1210 983 sonum
1230 926 1305 983 vocis
1326 924 1468 999 diligenter
1486 926 1644 998 explorans,
1668 923 1702 981 ad
1724 923 1806 996 pedes

150 1028 239 1077 tutem
255 1019 414 1077 desiderata
433 1020 608 1094 subjectionis
628 1020 797 1090 extenderet,
813 1021 885 1078 clam
906 1021 952 1077 fu-
1004 1017 1064 1092 ejus
1078 1018 1204 1076 cominus
1225 1018 1401 1091 procidisset,
1415 1020 1506 1092 primo
1525 1018 1635 1090 quidem
1652 1032 1734 1089 super
1752 1016 1807 1075 boc

44 1180 51 1199 ν
151 1098 228 1183 gieos
237 1110 270 1168 de
280 1110 418 1181 coenobio,
431 1113 543 1170 secessit
552 1113 627 1170 solus
638 1113 667 1169 in
677 1111 832 1170 Thebaidos
841 1113 953 1170 ultimas
1005 1123 1147 1185 stuporem
1165 1128 1307 1170 summum
1324 1112 1478 1169 videntibus
1500 1112 1603 1169 cunctis
1619 1112 1741 1179 incussit,
1757 1127 1807 1168 cur

127 1196 135 1202 ’
150 1211 261 1277 partes:
277 1203 368 1275 ibique
379 1203 502 1277 deposito
513 1204 607 1262 babitu
620 1204 831 1272 monachorum,
846 1220 953 1263 assum·
1006 1206 1131 1265 videlicet
1149 1206 1223 1264 istud
1240 1205 1343 1265 laceret
1357 1206 1382 1263 ei
1396 1208 1441 1280 qni
1454 1205 1526 1280 apud
1546 1209 1620 1280 ipsos
1634 1207 1706 1264 velut
1725 1206 1807 1263 novi·

151 1307 197 1370 pta
209 1297 333 1355 seculari
347 1307 429 1365 veste,
442 1299 600 1356 coenobium
613 1298 895 1356 Tabennensiotamm
911 1315 954 1355 ex·
1008 1301 1073 1364 tius,
1088 1315 1121 1356 ac
1134 1300 1170 1356 de
1183 1299 1284 1387 saeculo
1299 1315 1389 1373 nuper
1406 1314 1542 1373 egressus,
1556 1297 1707 1356 habebatur
1722 1306 1809 1354 extre

152 1391 240 1464 petiit,
256 1390 331 1463 quod
344 1391 447 1448 sciebat
459 1391 566 1449 cunctis
576 1407 635 1448 esse
649 1391 806 1462 districtius,
819 1401 847 1449 et
859 1391 886 1467 in
898 1407 953 1465 quo
1007 1409 1083 1463 mus3
1096 1402 1160 1466 post
1175 1409 1238 1451 vero
1253 1393 1387 1451 miraculo
1401 1401 1467 1451 sunt
1482 1393 1586 1464 maiore
1601 1391 1729 1465 perculsi,
1742 1408 1808 1449 cum

82 1506 86 1515 ·
151 1499 191 1551 se,
207 1484 247 1540 vel
264 1499 312 1556 pro
330 1483 496 1556 longitudine
509 1485 625 1558 regionis
637 1483 752 1542 eredidit
763 1485 952 1559 ignorandum,
1007 1487 1066 1560 ejus
1077 1502 1189 1554 nomen,
1205 1486 1280 1560 quod
1298 1488 1371 1561 apud
1388 1487 1462 1559 ipsos
1474 1503 1584 1560 quoque
1604 1501 1703 1558 magna
1719 1484 1810 1553 iuerat
1893 1540 1896 1545 .

152 1576 195 1635 vel
213 1593 262 1649 pro
281 1576 468 1650 magnimdine
482 1579 638 1634 monasterii
659 1594 691 1635 ac
711 1578 884 1663 multitudine
898 1576 953 1635 lra-
1007 1579 1137 1654 opinione
1152 1589 1342 1652 compertum,
1364 1580 1490 1652 protinus
1512 1578 1683 1650 prodidisset.
1706 1581 1731 1633 Α
1753 1592 1809 1648 quo

150 1677 227 1728 trum
247 1668 324 1727 laeile
340 1685 420 1743 posse
437 1671 529 1727 celari.
546 1670 602 1727 Ubi
615 1669 769 1728 diutissime
783 1670 954 1744 proforibus
1008 1672 1128 1729 universi
1146 1671 1242 1731 iratres
1260 1672 1356 1745 prioris
1370 1673 1529 1747 ignorantiae
1543 1673 1651 1729 veniam
1671 1671 1809 1745 postulan-

152 1767 338 1837 perseverans,
351 1773 512 1821 cunctorum
528 1762 645 1821 fratrum
657 1763 772 1838 genibus
781 1764 953 1837 provolutus,
1007 1774 1059 1833 tes,
1073 1766 1148 1840 quod
1166 1752 1231 1825 eum
1244 1767 1366 1829 videlicet
1378 1776 1455 1825 tanto
1470 1777 1593 1840 tempore
1606 1767 1676 1824 inter
1684 1766 1809 1839 juniores

153 1868 184 1916 ut
203 1857 386 1931 susciperetur
406 1858 521 1914 summis
542 1856 666 1929 precibus
687 1857 810 1914 ambivit.
831 1857 992 1928 CumqneB
1010 1877 1042 1925 ac
1062 1860 1392 1934 parvulos-deputassent,
1411 1861 1527 1918 invitum
1547 1877 1579 1918 ac
1596 1861 1718 1932 llentem,
1734 1858 1809 1933 quod

153 1953 242 2009 multo
256 1951 384 2024 despectu
402 1951 514 2009 tandem
529 1949 623 2008 luisset
634 1950 778 2021 admissus,
793 1949 867 2024 quod
879 1951 954 2007 scili-
1007 1954 1106 2011 invidia
1119 1953 1221 2011 diaboli
1239 1952 1319 2027 digna
1332 1953 1383 2011 sibi
1395 1952 1493 2011 fuisset
1509 1940 1714 2010 conversatione
1726 1962 1810 2022 atque

153 2053 197 2101 cet
207 2045 361 2118 decrepitus
374 2060 467 2112 senex,
487 2045 575 2119 etqui
587 2028 698 2103 omnem
712 2061 790 2102 suam
807 2046 834 2101 in
853 2045 954 2102 saeoulo
1008 2047 1163 2105 bumilitate
1182 2047 1342 2116 fraudatus,
1366 2032 1449 2120 quam
1475 2047 1626 2104 diutissime
1651 2046 1809 2119 requisitam

152 2139 237 2195 vitam
256 2140 425 2212 pervixisset,
445 2148 526 2196 aetate
547 2139 645 2197 ultima
669 2137 773 2213 ingredi
797 2137 955 2195 coenobiivm
1007 2140 1120 2198 tandem
1132 2141 1279 2214 aliquando
1289 2154 1318 2198 se
1331 2124 1462 2198 invenisse
1471 2138 1616 2215 gaudebat,
1629 2154 1679 2196 nec
1693 2138 1809 2195 meruis-

76 2294 81 2302 ,
154 2231 316 2304 postularet,
326 2240 514 2305 quotempore
523 2232 579 2303 iam
589 2246 624 2288 ne
634 2230 887 2303 deservirequidem
896 2231 955 2288 suis
1008 2244 1051 2292 set
1064 2235 1148 2292 vitam
1166 2251 1245 2292 suam
1259 2234 1345 2291 inilia
1366 2250 1450 2306 quam
1470 2233 1622 2305 arripuerat
1642 2231 1810 2304 subjectione

155 2324 340 2397 voluptatibus
364 2325 538 2397 praevalerem
560 2341 592 2381 ac
606 2341 641 2382 ne
662 2324 715 2381 boc
738 2324 849 2397 quidem
866 2325 956 2397 ipsum
1011 2330 1106 2398 linire,
1126 2328 1161 2385 ad
1180 2329 1323 2402 proprium
1336 2328 1496 2385 coenobium
1516 2327 1694 2394 reduxeruut,
1713 2333 1811 2382 custo·

154 2434 236 2476 causa
255 2417 392 2490 religionis
405 2426 532 2490 expetere
550 2434 615 2475 eum
629 2425 791 2485 assererent,
809 2417 856 2474 sed
875 2416 957 2474 lamis
1009 2423 1117 2489 dientes
1130 2438 1194 2479 eum
1208 2437 1316 2479 summa
1329 2421 1478 2493 diligentia,
1489 2435 1525 2476 ne
1537 2420 1571 2476 ab
1589 2421 1630 2476 eis
1642 2433 1752 2492 quoque
1770 2418 1810 2473 si-

154 2521 183 2569 et
201 2513 297 2586 inopiae
317 2513 476 2570 necessitate
494 2513 688 2580 constrictum
709 2520 741 2569 ut
760 2512 819 2569 seni
834 2512 955 2585 nullique
1008 2516 1108 2574 militer
1123 2531 1262 2589 quoquam
1281 2514 1401 2587 dilapsus
1416 2512 1568 2587 aufugeret.

154 2608 230 2680 operi
249 2607 357 2680 penitus
370 2616 443 2681 apto,
468 2607 542 2665 horti
561 2623 625 2664 cura
639 2607 830 2680 diligentiaque
844 2606 956 2664 manda·

155 2711 212 2760 tur.
225 2705 314 2774 Quam
332 2682 384 2759 su‘b
398 2701 450 2759 alio
464 2700 550 2788 fratre
558 2701 676 2774 juniore,
690 2701 738 2773 qui
756 2716 822 2783 eum*
832 2701 883 2758 sibi
894 2716 956 2758 cre-
1285 2662 1407 2721 CAPUT
1420 2662 1532 2719 XXXI·

153 2796 228 2854 ditur
251 2797 400 2864 retinebat,
427 2811 569 2865 exercens,
598 2795 637 2853 sic
662 2795 750 2852 eidem
776 2794 955 2866 subdebatur,
1011 2799 1240 2873 Quemadmodum
1252 2797 1633 2868 abbosl'pouplviusrcductos
1643 2797 1813 2850 inmansueto-

71 2947 73 2952 ,
153 2897 283 2965 mutaque
304 2889 457 2948 obedientia
476 2889 659 2948 desideratam
671 2889 833 2948 humilitatis
847 2891 956 2948 excole·
1043 2874 1116 2956 ilum
1128 2886 1218 2938 mum,
1230 2875 1255 2954 ιι,
1267 2870 1368 2954 'll’dfffl
1383 2874 1444 2960 tem,
1455 2885 1500 2952 ⁰l?
1513 2869 1611 2924 ibidem
1623 2871 1812 2935 ‘mmmmm’

154 2982 201 3040 bat
216 2984 353 3054 virtutem,
371 2994 402 3041 ut
419 3000 476 3040 non
488 2985 579 3041 solum
599 3000 631 3041 ea
645 2999 707 3055 quae
726 2983 761 3040 ad
774 2983 957 3041 berti-curam
1045 2948 1143 2999 mmm
1157 2944 1264 3011 mem
1275 2945 1411 3012 marm
1444 2956 1522 3010 Μ’

154 3076 374 3150 dillssessliamtlut
398 3077 581 3150 pertinebant.
607 3091 703 3133 verum
725 3077 809 3132 eliam
833 3076 957 3134 universa
1048 3080 1106 3139 Ubi
1118 3095 1182 3137 cum
1197 3076 1293 3135 luisset
1313 3077 1421 3135 modico
1436 3084 1560 3150 tempore
1580 3073 1745 3144 demoratus,
1762 3088 1812 3131 eo-

154 3167 248 3225 olllcia
262 3183 323 3240 quas
343 3169 446 3226 eunctis
458 3177 537 3225 erant
554 3184 668 3240 aspera,
682 3168 724 3226 vel
739 3169 865 3242 indigna,
878 3178 959 3243 atque
1011 3173 1076 3232 dem
1095 3187 1191 3230 rursus
1210 3170 1370 3229 humilitatis
1384 3168 1520 3227 desiderio
1538 3178 1621 3241 atque
1634 3166 1733 3245 ardore
1746 3174 1813 3223 suc·

124 3323 127 3327 ,
157 3262 191 3319 ab
203 3262 332 3320 omnibus
343 3261 510 3320 ducebantur
521 3262 638 3328 horrori,
653 3270 712 3321 tote
722 3263 844 3335 quotidie
856 3264 996 3332 seduli-c
1014 3282 1124 3337 census,
1148 3275 1262 3339 captans
1282 3273 1418 3322 nocturna
1439 3264 1557 3331 silentia,
1582 3263 1619 3319 ita
1641 3260 1758 3334 dillugit,
1781 3269 1813 3316 ut

156 3362 213 3410 tate
227 3356 385 3427 compleret.
408 3353 558 3427 Complura
573 3355 668 3423 etiam,
683 3365 765 3413 nocte
778 3372 957 3430 consurgens,
1009 3361 1068 3436 jam
1089 3358 1255 3433 proxinciam
1269 3374 1326 3416 non
1340 3358 1465 3424 vicinam,
1484 3357 1531 3414 sed
1546 3357 1655 3429 ignotas
1669 3363 1696 3410 et
1710 3353 1813 3410 alienas

155 3446 193 3503 ita
209 3446 312 3511 lnrtim,
328 3447 404 3504 nullo
421 3455 490 3504 teste
508 3449 550 3506 vel
563 3448 684 3519 conscio,
701 3449 820 3507 tenebris
834 3451 960 3508 occulen·
1012 3455 1146 3528 longeque
1165 3452 1263 3511 divisas
1284 3451 1406 3525 (positas)
1428 3451 1552 3525 regiones
1572 3456 1720 3522 expeteret.
1741 3449 1813 3505 llam

156 3540 230 3597 tibus
242 3540 386 3608 efficiebat,
400 3551 432 3598 ut
443 3543 552 3614 penitus
561 3553 705 3601 auctorem
719 3545 809 3618 operis
822 3561 905 3602 nemo
917 3544 960 3602 de·
1012 3542 1202 3605 conscendens
1221 3561 1319 3603 navem
1338 3546 1366 3602 in
1379 3545 1532 3601 Palaestinae
1546 3553 1637 3616 partes
1654 3556 1813 3599 commeare

158 3633 346 3706 prehenderet.
367 3635 492 3707 Cumque
515 3636 617 3692 ibidem
636 3636 755 3694 triennio
779 3637 956 3706 delitescens,
1010 3641 1123 3710 curavit,
1143 3639 1258 3697 credens
1278 3654 1307 3696 se
1324 3639 1410 3696 tutius
1423 3639 1601 3705 latitaturum,
1616 3637 1638 3692 si
1656 3636 1691 3693 ad
1710 3636 1755 3692 illa
1771 3650 1814 3692 se-
1840 3665 1842 3667 ·

158 3727 285 3799 dispersis
301 3743 350 3800 per
365 3728 519 3786 universam
533 3733 681 3803 AEgyptum
701 3731 802 3803 ubique
817 3729 958 3800 iratribus,
1012 3735 1161 3807 metipsum
1172 3740 1339 3805 asportasset
1356 3733 1426 3800 loca,
1440 3731 1466 3788 in
1481 3732 1581 3803 quibus
1594 3746 1630 3787 ne
1640 3742 1743 3786 nomen
1755 3730 1814 3801 qui·

160 3830 369 3893 quaereretur,a
389 3820 510 3893 quodam
523 3822 634 3880 tandem
656 3824 729 3880 visus
747 3823 792 3896 qui
806 3822 840 3880 de
854 3825 960 3898 AEgppti
1012 3830 1077 3886 dem
1097 3842 1179 3884 suurn
1205 3826 1301 3883 luisset
1322 3825 1457 3883 auditum.
1481 3828 1542 3897 Quo
1554 3832 1628 3881 'cum
1648 3822 1814 3891 advenisset,

159 3914 282 3987 partibus
295 3924 475 3980 commearat,
489 3917 537 3972 vix
549 3917 637 3988 potuit
648 3932 698 3990 pro
713 3916 868 3974 bumilitate
881 3918 961 3975 hubi·
1013 3926 1140 3974 nostrum
1152 3915 1349 3972 monasterium
1369 3915 1493 3986 protinus
1510 3914 1649 3986 expetivit,
1667 3911 1742 3985 quod
1758 3929 1815 3968 non

159 4017 205 4067 tus
218 4009 260 4067 sul
274 4025 305 4067 ac
320 4009 423 4068 vilitate
434 4009 518 4069 offleii
534 4012 609 4084 quod
619 4010 742 4088 gerebat,
754 4012 873 4086 agnosci.
888 4014 962 4070 Nam
1014 4011 1095 4084 longe
1110 4009 1160 4066 luit
1173 4002 1215 4067 al
1234 4008 1347 4084 spelaeo,
1359 4007 1388 4064 in
1408 4023 1463 4081 quo
1477 4006 1613 4063 Dominus
1626 4014 1722 4062 noster
1736 4006 1816 4062 lesus

706 4142 837 4199 strabi
855 4142 970 4199 GAZAEl
989 4139 1272 4200 COMMENTARIUS.

160 4272 243 4326 quens
262 4260 370 4329 etipse.
386 4258 524 4315 Caeterum
538 4257 633 4315 monui
655 4257 683 4314 in
702 4255 920 4329 precedentibus
934 4256 962 4314 id
1011 4257 1134 4328 judiciis.
1151 4252 1300 4311 Etdudum
1310 4250 1499 4309 ecclesiasticis
1512 4250 1617 4323 legibus
1629 4251 1816 4307 sancitumest

160 4343 217 4383 uon
231 4327 315 4383 tuisse
329 4338 502 4399 perpetuum,
523 4338 551 4387 et
565 4329 669 4386 multos
681 4328 709 4384 ld
722 4329 854 4399 temporis
874 4329 963 4385 dictos
1016 4328 1161 4395 (Glenoent.
1174 4328 1214 4382 lle
1223 4327 1253 4378 c'n
1265 4340 1341 4393 apro,
1352 4325 1386 4379 de
1397 4328 1479 4378 stetu.
1490 4324 1706 4389 monachorum),
1719 4330 1816 4378 utnon

162 4395 246 4452 livisse
264 4397 385 4463 abbates,
398 4398 427 4454 id
441 4408 493 4462 est,
509 4409 601 4471 patres
620 4400 823 4456 monachorum
835 4414 883 4454 seu
895 4414 962 4455 ana·
1017 4398 1109 4454 solum
1126 4394 1249 4460 abbates,
1270 4395 1319 4450 sed
1339 4395 1445 4465 priores
1461 4394 1666 4462 conventuales,
1681 4395 1768 4449 immo
1787 4401 1816 4448 et

161 4467 347 4534 eboretarum,
367 4469 481 4538 quinon
496 4479 575 4525 erant
587 4470 740 4541 presbyteri
754 4478 782 4524 et
794 4468 959 4530 sacerdotes,
1018 4466 1144 4524 monachi
1160 4480 1266 4530 omnes,
1280 4474 1405 4521 cessante
1420 4464 1540 4547 legitimo
1556 4464 1762 4535 impedimento,
1781 4464 1816 4519 ad

161 4537 210 4592 sed
230 4536 398 4608 professione
413 4545 520 4594 tantum
539 4538 676 4604 monachi,
692 4546 720 4593 et
733 4539 829 4594 ordine
847 4539 915 4594 laici.
932 4536 965 4594 ld
1017 4538 1127 4596 ordines
1139 4551 1232 4592 sacros
1242 4544 1271 4591 et
1281 4536 1317 4592 ad
1328 4536 1514 4593 sacerdotium
1523 4543 1678 4608 opportuno
1690 4543 1817 4607 tempore

162 4607 235 4662 enim
251 4616 351 4677 practer
364 4606 426 4674 alla,
446 4624 509 4679 quae
529 4607 594 4664 alibi
606 4608 749 4664 retulimus
764 4610 847 4675 (coll.
863 4614 891 4674 2,
903 4625 962 4680 erip.
1018 4617 1245 4681 promoreantur.
1263 4607 1314 4663 Sed
1326 4606 1359 4662 de
1372 4606 1415 4663 bis
1429 4606 1504 4663 alibi.

51 4720 54 4728 .
85 4684 86 4687 ’
163 4684 197 4744 ⁵3
211 4679 277 4736 Goll.
293 4685 320 4743 3,
334 4693 394 4747 cop.
412 4684 450 4746 l),
486 4679 578 4744 robari
600 4687 703 4750 potest,
719 4687 826 4735 tumex
845 4683 1002 4750 Dec-retol]
1052 4681 1117 4735 llta
1128 4677 1256 4734 scribitur
1265 4678 1429 4751 nujnsurbis
1438 4693 1539 4735 nomen
1551 4676 1625 4748 apud
1636 4677 1817 4732 Ptolemaeunr

163 4749 284 4806 silvestri
306 4764 383 4820 papae
403 4765 456 4820 apo
495 4750 669 4818 Gratianum,
691 4750 766 4821 quod
786 4749 825 4804 sic
847 4749 962 4806 babet:
1016 4760 1045 4807 et
1054 4750 1081 4806 in
1094 4750 1232 4806 Vaticanis
1243 4748 1395 4818 codicibus,
1409 4750 1448 4805 ait
1459 4748 1610 4806 (b'aoonius.
1622 4746 1761 4819 Oppidum
1776 4755 1819 4802 est

162 4822 289 4891 Pontifici
298 4823 449 4891 presbyter,
463 4823 621 4893 presbytero
632 4821 770 4884 diomnus,
785 4822 895 4876 dicaam
905 4823 964 4877 sub
1017 4821 1136 4894 AEgypti,
1151 4821 1253 4892 dequo
1267 4821 1362 4879 itidem
1381 4820 1509 4877 meminit
1522 4819 1670 4876 Cassianus
1683 4820 1776 4876 collat.
1788 4824 1816 4885 t,

165 4891 303 4954 diaconus,
326 4893 488 4949 nrbdiuoooo
507 4894 656 4963 acolythus,
678 4893 801 4962 ocolqtlvo
821 4895 962 4956 eumnstu,
1018 4909 1078 4999 caq.
1095 4898 1141 4949 26.
1334 4962 1339 4972 Ι
1773 4894 1785 4971 Ἰ

161 4966 301 5019 eumctstoe
310 4964 401 5028 betur,
409 4966 646 5027 lemovicensem,
654 4964 967 5027 ostiarioabbos,obbati
1083 4961 1254 5020 Vocabulum
1267 4977 1355 5035 magis
1404 4960 1506 5018 sticum
1522 4977 1572 5033 pro
1584 4961 1714 5032 spelunca
1729 4959 1819 5027 (Vade

165 5036 319 5097 monachus,
336 5037 453 5091 moroni
466 5036 520 5091 loeo
535 5039 725 5106 repensarent
740 5035 894 5104 obsequium
915 5036 963 5105 (lo
1016 5038 1103 5094 collat.
1117 5038 1273 5099 xviros).
1289 5033 1366 5105 virgi
1380 5032 1673 5105 iusEclogadecima:
1719 5080 1725 5091 .

163 5107 276 5175 epitoma
285 5107 359 5160 luas
368 5107 506 5173 δαηοιιιοι,
517 5106 584 5165 dist.
599 5111 647 5172 9³,
658 5121 718 5176 cup.
734 5109 761 5163 A
769 5107 961 5173 subdiacono).
1095 5116 1198 5164 cerbero
1207 5116 1247 5163 est
1256 5113 1281 5162 in
1292 5112 1369 5176 sylvis
1378 5111 1444 5162 inter
1453 5112 1544 5176 spelaea
1558 5112 1668 5162 letarum

166 5175 224 5231 Ubi
239 5174 315 5231 vides
326 5175 486 5245 gradatione
499 5175 571 5233 lacta
584 5192 600 5232 a
612 5176 798 5259 superioribus
810 5176 845 5234 ad
855 5175 962 5234 inferio
1038 5232 1040 5235 ,
1097 5175 1170 5226 ιιιιιθ
1184 5175 1243 5238 pati.

165 5260 218 5310 res,
244 5244 371 5301 abbatem
393 5245 505 5302 ostiario
530 5255 723 5319 postpositum,
747 5255 842 5319 utpote
862 5248 963 5306 laicum
1015 5245 1096 5317 Quod
1107 5246 1142 5302 ad
1151 5260 1211 5302 rem
1222 5244 1667 5318 attinetquillierosolymitanam
1675 5246 1818 5316 regionem

165 5315 276 5381 clerico,
296 5323 327 5371 ut
347 5314 384 5371 ibi
402 5324 481 5372 notat
502 5315 592 5388 glossa
613 5321 647 5386 (§
667 5320 736 5376 uine
751 5325 792 5375 est
809 5321 839 5373 ιιι
856 5322 908 5388 pru
928 5325 963 5375 16
1016 5319 1343 5384 lustraverunt,narrant,
1354 5316 1494 5373 stabulum
1507 5317 1586 5382 illud,
1595 5319 1685 5389 inquo
1694 5317 1821 5372 Christum

168 5391 262 5457 quast.
284 5391 317 5452 1)
332 5404 339 5441 t
354 5395 413 5442 tum
428 5402 460 5443 ex
477 5386 595 5458 quadam
611 5389 725 5460 epistola
744 5392 778 5444 ι).
799 5388 962 5461 Hieronymi
1017 5390 1151 5445 Dominus
1171 5395 1265 5444 noster
1283 5395 1364 5444 natus
1377 5397 1430 5455 est,
1443 5389 1602 5459 speluncam
1617 5386 1703 5445 luisse
1723 5403 1822 5460 quam·

167 5459 269 5527 (Epist.
282 5458 316 5512 de
325 5472 402 5527 opere
413 5461 439 5512 et
449 5458 569 5515 bumilit.
583 5459 729 5530 monachii,
741 5459 788 5516 ubi
800 5467 894 5514 narret
905 5474 965 5514 mo·
1017 5460 1093 5526 mm,
1104 5461 1137 5515 in
1151 5474 1205 5531 qua
1221 5473 1340 5529 praesepe
1355 5458 1382 5514 in
1396 5473 1465 5585 ruqe
1478 5459 1599 5515 excisum
1616 5467 1683 5515 erat.
1698 5457 1781 5528 Quod
1793 5467 1821 5514 et

167 5527 270 5584 nacbos
279 5529 522 5601 Scytbiaequadam
532 5529 576 5586 die
584 5531 744 5587 convenisse
754 5531 782 5605 ip
791 5543 876 5584 unum
887 5538 918 5585 ut
927 5544 965 5587 sa·
1017 5532 1065 5587 SS.
1077 5533 1190 5587 Patrum
1201 5528 1304 5584 calculo
1317 5544 1431 5601 compro
1452 5537 1524 5593 atur,
1534 5531 1580 5601 qui
1592 5529 1751 5602 speluncam
1763 5545 1820 5601 pas

166 5596 365 5655 cerdotemsibi
380 5598 543 5669 invenirent,
553 5601 599 5672 qui
608 5601 826 5672 ipsisblissarum
834 5599 966 5657 solemnia
1019 5601 1072 5657 ιιιιι
1094 5598 1248 5666 nominant,
1271 5599 1297 5654 iu
1326 5600 1468 5669 suburbiis
1489 5602 1704 5658 Betlvleenxiticix
1727 5601 1820 5657 sitam

167 5668 329 5736 celebraret,
347 5678 378 5725 ut
390 5669 472 5727 reiert
483 5670 557 5728 idem
569 5673 718 5729 Gratianus
727 5672 798 5734 (ιιι.
820 5684 846 5727 ιι
859 5674 963 5728 baeer.
1019 5670 1103 5730 Unde
1112 5671 1330 5742 S.llieronymus
1341 5672 1367 5726 ιιι
1378 5672 1491 5743 epistola
1500 5675 1573 5728 ltad
1584 5673 1740 5731 Marcellam
1749 5673 1822 5729 inter

167 5756 227 5812 cup.
245 5741 307 5798 lde
322 5746 385 5796 reta.
399 5746 428 5799 et
438 5744 707 5816 pentaptotam).
719 5743 856 5799 mierum
868 5749 966 5824 poste·
1018 5742 1070 5799 alie
1082 5741 1180 5801 scribit
1192 5759 1199 5795 t
1212 5741 1407 5809 Quosermone,
1419 5760 1474 5814 quo
1482 5759 1543 5798 uoce
1558 5745 1712 5814 speluncam
1724 5743 1822 5800 &riun-

165 5810 287 5871 rioribus
298 5812 408 5877 suculis
418 5821 527 5873 constm
539 5829 642 5871 nomen
649 5812 770 5879 ‚abbatis
782 5811 922 5871 ῑιιιιιιιιιι
936 5812 965 5875 ιιι
1018 5812 1716 5885 umeepmcvsntttuuprorepstsquonromotas
1721 5817 1824 5884 vagiit?

168 5898 273 5941 nomen
282 5882 429 5957 dignitatis,
442 5893 475 5943 ut
484 5885 620 5959 colligimr
630 5898 664 5942 ex
675 5896 736 5956 cap.
751 5885 921 5954 marcemus
932 5883 966 5942 de
1018 5884 1125 5943 ιιιιιιιιο
1133 5885 1325 5956 morimeam
1339 5886 1559 5957 vbpmosennooe
1574 5885 1762 5942 mondum
1770 5889 1820 5942 est.
