3848 6158
151 288 198 343 titt
618 286 787 343 (lottario
806 287 874 341 lllll.
893 314 929 327 -
948 286 992 340 ba*
1010 284 1251 341 ruutacttost'
1271 286 1336 339 titt.

1752 296 1804 349 942

149 413 190 469 rel
202 412 275 469 sieut
289 411 440 482 unicnique
454 411 512 482 ipse
527 410 645 482 partitus
656 419 709 477 est,
723 412 852 468 maluerit
868 426 950 467 excr-
962 414 988 477 Α
1000 410 1070 467 alios
1092 426 1155 467 rero
1174 410 1310 465 immensa
1330 408 1373 465 illa
1392 408 1587 466 bene-inieram
1602 412 1703 469 Christi
1721 415 1803 487 elips-

149 522 223 564 cere.
239 505 407 565 credentem
426 520 547 575 nonique
565 504 642 576 quod
660 504 696 561 ad
718 504 948 562 emundationem

151 600 233 672 leprae
249 614 307 655 strae
321 597 449 654 rolnntas
463 598 565 653 Christi
579 597 637 654 sola
650 614 672 655 s·
686 596 805 668 lbceret,
826 599 886 655 solo
898 614 947 656 ve-

151 692 264 749 luntatis
277 706 335 747 suec
348 690 589 757 curavitassensu,
599 690 715 749 dicars:
733 694 807 761 ιιοιι,
817 694 948 748 merendare

152 786 260 857 (ldrttb.
277 790 342 849 t'ltt).
360 784 445 840 Alteri
456 783 616 856 deprecanti
632 785 825 843 ntadreniens
837 786 947 859 perim-

150 878 315 950 positioncm
328 892 427 932 marrus
441 892 499 933 suaa
512 874 675 934 defunctam
688 877 772 933 liliam
787 877 947 943 suscitaret,

149 970 288 1042 ingressus
303 968 419 1026 domum
431 971 502 1043 eius,
513 970 613 1027 eodem
624 970 709 1028 modo
723 988 777 1043 qno
791 972 835 1028 ille
849 988 948 1045 spera-

148 1072 242 1131 verat,
265 1062 293 1117 id
309 1062 385 1135 qrtod
406 1064 555 1135 rogabatur
570 1063 688 1121 indulsit
701 1068 810 1129 (llerttlr.
826 1072 872 1133 in).
888 1065 945 1123 stit

146 1156 271 1214 eredenti
285 1173 426 1214 summam
435 1159 532 1215 salutis
542 1159 572 1215 in
586 1160 663 1215 verbi
677 1160 737 1232 ejus
750 1160 948 1232 praedieatione

145 1250 310 1319 consistere,
323 1264 356 1306 ac
369 1250 560 1323 respondenti,
571 1254 620 1307 liic
630 1257 732 1308 tanturn
743 1256 820 1308 aerbo
832 1259 946 1308 etsanc-

147 1341 221 1396 bitnr
231 1359 300 1413 puer
309 1358 384 1397 meus
398 1345 505 1408 (llrrttb.
522 1347 573 1412 ιι),
586 1359 636 1416 per
643 1345 781 1400 sermonis
794 1345 945 1417 imperium

145 1436 284 1492 resolutos
307 1446 384 1493 artus
400 1436 518 1508 pristino
536 1436 636 1493 robore
659 1436 805 1507 solidarit,
819 1437 917 1494 dicens
936 1460 942 1495 :

149 1530 224 1585 Vade
236 1535 262 1584 ei
273 1534 343 1585 sieut
353 1532 501 1597 credidisti,
519 1534 568 1601 fiat
581 1530 631 1585 tibi
646 1531 753 1597 (ibici).
770 1530 839 1587 altis
850 1530 887 1588 de
899 1540 944 1587 la-

1002 520 1049 561 sus
1060 505 1098 560 ita
1112 504 1238 561 obturata
1252 510 1305 571 est,
1321 511 1352 560 ut
1365 502 1473 561 dicatur
1488 525 1494 561 :
1509 510 1543 561 Et
1556 522 1607 561 aon
1618 512 1722 577 pateret
1732 511 1803 565 inter

1002 597 1063 653 illos
1076 602 1152 653 lestis
1166 599 1255 666 fucere
1270 600 1383 653 virtutes
1393 604 1502 667 prepter
1518 602 1732 655 increduiitatem
1744 601 1803 657 illo-

1002 693 1177 758 rumttlattb.
1191 698 1272 758 xrrr).
1284 693 1318 745 Et
1327 692 1364 746 ita
1373 691 1486 764 largitas
1493 692 1543 747 Dei
1553 692 1708 750 secandum
1723 709 1802 765 capa·

1003 786 1115 842 citatem
1131 786 1262 843 humanae
1272 784 1336 842 lidei
1355 786 1440 843 etiam
1454 786 1512 858 ipsa
1527 786 1675 857 formatur,
1691 796 1722 843 nt
1738 788 1802 845 huic

1003 879 1119 951 quidem
1131 879 1216 945 dicat,
1226 880 1376 935 Securtdrun
1387 881 1466 948 fidem
1480 886 1556 935 luunt
1565 885 1614 951 p'ui
1632 882 1682 937 tibi
1694 884 1800 947 (blerttb.

1002 982 1060 1041 xl),
1076 974 1112 1030 illi
1121 990 1197 1041 t'el'o,
1213 975 1288 1030 t'nete
1300 980 1325 1028 ci
1339 977 1408 1028 st'ttti
1416 976 1558 1030 at't'dt'dt'sit'
1565 978 1615 1045 fieti
1625 978 1677 1031 libi
1690 978 1796 1047 (llrrttb.

1000 1068 1088 1136 riri),
1103 1068 1153 1122 alii
1165 1076 1270 1133 autem,
1285 1070 1346 1123 Fert
1363 1070 1414 1123 titt
1427 1072 1550 1123 siralais
1568 1072 1677 1135 (illailla.
1698 1074 1761 1138 nr),
1776 1077 1803 1125 et

1001 1176 1112 1217 rursum
1127 1160 1218 1229 alteri,
1231 1162 1310 1216 Fides
1323 1167 1372 1215 latu
1388 1166 1413 1215 le
1424 1164 1529 1215 saltatu
1543 1164 1607 1227 fecit
1620 1164 1727 1229 (llrrttb.
1746 1164 1800 1231 ts).

1297 1262 1418 1319 CAPUT
1436 1262 1516 1316 Xl'l.

1000 1364 1037 1416 lie
1050 1364 1141 1431 pratia
1164 1364 1230 1429 liei,
1255 1376 1282 1415 ee
1314 1360 1387 1429 praed
1405 1360 1530 1413 lnrrnanee
1547 1360 1611 1427 pelei
1631 1360 1802 1413 transcendet

1322 1433 1473 1499 crepuslius.

1034 1536 1147 1589 ¹Nemo
1160 1537 1255 1589 autem
1270 1533 1388 1589 aestimet
1401 1532 1490 1588 lieuca
1509 1531 1590 1587 nobis
1605 1532 1640 1588 ob
1651 1530 1704 1587 hoc
1718 1532 1801 1590 luisse

144 1633 191 1680 ctu
206 1624 322 1681 limbriaa
338 1624 399 1697 ejus
412 1624 591 1698 sperantibus
614 1624 799 1691 medicinam,
816 1626 943 1682 ubertim
1001 1626 1118 1699 prolata,
1131 1634 1163 1683 ut
1176 1626 1300 1682 nitamur
1309 1636 1435 1682 astruere
1448 1640 1589 1681 summam
1602 1625 1698 1681 salutis
1709 1626 1736 1681 in
1750 1640 1801 1680 no-

144 1719 271 1775 sanitatis
284 1719 358 1775 dona
382 1720 501 1792 largitus
514 1728 567 1775 ast.
584 1719 710 1775 illiorum
728 1720 832 1776 morbis
846 1718 945 1776 mede·
999 1726 1064 1775 strae
1085 1720 1151 1776 lidei
1175 1720 1280 1777 ditione
1300 1720 1470 1786 consistere3
1492 1718 1644 1775 secundum
1665 1736 1800 1791 quorum-

143 1812 199 1868 lam
214 1823 326 1887 rogatus
334 1813 457 1870 indulsit.
469 1814 539 1870 attis
550 1823 732 1886 spontaneam
740 1814 868 1887 praestitit
882 1830 940 1871 me·
957 1827 982 1890 Β
998 1811 1065 1869 dam
1086 1813 1230 1887 protanam
1246 1813 1428 1886 opinionem,
1449 1812 1496 1885 qni
1511 1821 1604 1868 totum
1623 1811 1709 1869 libero
1723 1812 1799 1869 arbi·

144 1902 278 1961 dicinam.
296 1905 372 1961 Alios
387 1907 515 1962 hortatus
529 1915 572 1962 est
590 1914 622 1963 ut
641 1916 805 1979 sperarent,
820 1906 936 1964 dicens:
999 1908 1052 1963 trio
1074 1907 1256 1979 deputantes,
1287 1908 1404 1980 gratiam
1432 1908 1484 1963 Dei
1520 1906 1674 1979 dispensari
1701 1923 1800 1964 secun·

147 1998 285 2053 l'issanns
296 2002 442 2068 berilonis.
461 2004 510 2066 vt?
524 1998 593 2055 attis
606 2015 663 2055 non
678 2000 855 2071 sperantibus
868 2000 942 2056 ultro
997 1999 1064 2057 dum
1086 2002 1222 2057 meritum
1246 2002 1464 2074 uuiuscujusque
1480 1999 1625 2057 definiunt.
1650 1999 1704 2056 Sed
1717 2000 1800 2056 aliso-

143 2088 261 2162 iagassit
272 2092 416 2149 auxilium.
434 2091 559 2148 Aliorum
568 2090 705 2147 desideria
718 2093 884 2166 priusquam
898 2108 944 2149 ro-
998 2094 1054 2151 luta
1070 2095 1150 2169 plane
1162 2095 1375 2167 pronuntiamus
1389 2095 1539 2160 sententia,
1551 2095 1637 2149 etiam
1648 2094 1799 2151 exuberare

143 2181 241 2238 luntati
257 2199 355 2240 eorum
369 2184 540 2242 satisfaceret
554 2183 718 2258 exploravit,
733 2184 828 2240 diceas
851 2202 858 2239 :
873 2186 944 2252 Quid
997 2188 1113 2261 gratiam
1127 2188 1176 2244 Dei
1192 2195 1220 2244 et
1234 2186 1387 2259 transgredi
1402 2183 1544 2242 interdum
1558 2185 1688 2242 liumanae
1702 2185 1799 2241 inside-

141 2277 224 2330 entus
244 2282 274 2330 ut
289 2279 477 2345 frm'erneabis
495 2280 603 2347 (llrrttb.
617 2279 691 2347 xxi?
721 2277 775 2332 Alii
804 2278 941 2351 ignoranti
997 2282 1082 2338 litatis
1102 2284 1252 2355 angustias.
1281 2281 1362 2353 Quod
1389 2282 1417 2337 in
1443 2280 1490 2336 illo
1511 2280 1670 2353 evangelico
1692 2278 1798 2335 taetrum

142 2369 216 2424 riam
231 2386 286 2442 qnia
301 2371 328 2426 id
342 2371 418 2444 quod
440 2374 622 2445 concupierat
635 2372 791 2439 obtineret,
806 2372 942 2445 benignus
995 2374 1079 2433 luisse
1099 2378 1194 2449 regulo
1211 2376 1428 2442 reminiscimur,
1444 2374 1491 2446 qrri
1505 2372 1571 2429 dnm
1594 2373 1698 2430 lucilius
1712 2373 1799 2431 credit

142 2462 286 2520 ostendit:
309 2467 340 2522 Si
357 2468 515 2530 credideris,
525 2467 677 2539 iuquiens,
699 2467 801 2523 ridebis
827 2468 940 2536 plamone
997 2478 1180 2542 aegrotantem
1197 2470 1285 2526 silium
1298 2484 1381 2526 suum
1398 2483 1477 2541 posse
1497 2468 1598 2534 curari,
1619 2483 1704 2540 quam
1720 2484 1796 2523 mor·

142 2560 192 2613 ilci
208 2562 295 2625 (thttrt.
311 2566 362 2627 ιι).
380 2564 457 2617 lnter
470 2562 539 2617 alios
557 2561 594 2617 ita
609 2562 744 2619 virtutem
762 2563 940 2620 curationum
994 2562 1399 2635 tuumsuscitari,preesentiam
1407 2560 1521 2617 Donrini
1535 2559 1795 2632 lestinusimplerat,

138 2648 286 2709 alllnenter
298 2653 447 2723 alludit,ut
459 2654 938 2728 deeisevangelistacommcmoret,
994 2656 1091 2714 dicens
1107 2678 1113 2713 :
1128 2659 1248 2719 boariae,
1264 2655 1390 2711 descende
1405 2658 1567 2725 priusquam
1579 2657 1709 2709 erroriatm·
1723 2656 1796 2722 filius

141 2750 174 2803 st
185 2753 382 2807 cur-neitomnee
392 2752 533 2821 languidas
545 2767 634 2806 eorum
644 2750 753 2819 (baetti.
766 2756 843 2817 arv).
860 2754 940 2807 lnter
994 2766 1067 2807 inens
1078 2752 1165 2821 (inere.
1175 2750 1228 2821 ir).
1240 2750 1326 2822 Cujus
1336 2747 1529 2805 infidelitatem
1539 2747 1601 2803 licet
1614 2746 1797 2803 liissermoni·

693 2882 820 2939 deliDl
839 2884 951 2939 GdZAEl
970 2882 1250 2940 COMMENTARIUS.

142 3017 189 3057 nes
200 3007 436 3075 posscosfirmnnt,
454 3008 552 3077 absque
565 3009 763 3065 illuminatione
777 3016 802 3066 et
815 3013 937 3081 inspiro·
991 3012 1060 3067 tiam
1078 3008 1128 3067 lici
1146 3006 1300 3064 secuudum
1323 3006 1423 3062 nierita
1438 3018 1532 3060 anostra
1549 3004 1665 3067 dari3et
1700 3002 1795 3059 roinde

142 3076 213 3127 tiene
221 3076 341 3143 Spiritus
354 3080 448 3131 serrrcti.
466 3078 556 3146 Quam
568 3078 738 3135 sententiam
753 3079 826 3135 idem
842 3082 936 3137 Patres
991 3082 1107 3155 gratiam
1126 3096 1184 3135 non
1200 3094 1259 3134 esse
1274 3078 1411 3151 gratiam,
1425 3074 1499 3148 qrrad
1516 3084 1573 3131 tam
1587 3074 1669 3129 absur
1690 3089 1737 3128 rm
1752 3074 1795 3127 vi-

140 3143 252 3215 plenins
262 3145 405 3215 explicant
419 3149 508 3217 capite
523 3149 808 3216 nltimoasserentes,
818 3166 865 3205 nos
878 3168 936 3207 ere-
989 3168 1051 3207 sum
1072 3160 1114 3207 est
1133 3149 1275 3214 Patribus,
1291 3155 1321 3204 ut
1344 3148 1371 3203 in
1396 3146 1513 3202 coneilio
1535 3145 1679 3201 Palaestino
1705 3142 1794 3216 (quod

140 3215 203 3269 dere
216 3216 389 3285 debereqund
398 3234 448 3289 per
457 3224 594 3287 precantum
602 3220 807 3289 prirrribonrinis
816 3223 852 3275 itn
863 3223 940 3275 incli-
996 3222 1115 3292 primum
1128 3228 1224 3277 contra
1240 3219 1380 3291 Pelagium
1394 3218 1561 3273 celebratum
1576 3222 1627 3281 est)
1638 3215 1696 3287 ipse
1709 3216 1793 3271 etiam

137 3290 941 3356 tratremetaltermctumsneritliber-ummbitrinm,rttnullrrs
994 3292 1132 3374 Pelagius,
1157 3290 1221 3347 licet
1235 3290 1298 3345 dcte
1312 3297 1341 3343 ct
1361 3288 1500 3349 simulate,
1522 3286 1589 3342 illud
1603 3286 1792 3353 darnnarerit;

137 3361 231 3427 plasten
245 3359 275 3410 in
290 3362 371 3413 ltcnrn
387 3362 493 3415 credere
500 3364 595 3431 possit,
611 3363 666 3417 nisi
676 3365 834 3429 gentiacum
849 3368 875 3417 et
886 3366 939 3417 mi·
996 3361 1099 3433 duplici
1115 3358 1285 3441 subterfugio
1296 3374 1325 3413 se
1335 3372 1465 3413 excusare
1474 3355 1569 3412 nititur
1583 3374 1590 3410 :
1604 3356 1704 3427 primo,
1717 3355 1792 3426 quod

139 3428 387 3484 sericordicdieiaa
396 3434 563 3501 perennem.
575 3430 707 3504 ldemqne
716 3432 941 3503 rariisesemplis
955 3413 977 3477 C
994 3448 1052 3488 non
1062 3431 1265 3487 dixeritsalutrs
1278 3437 1380 3485 nostras
1388 3442 1529 3483 summam
1536 3425 1704 3499 (quamalias
1715 3436 1794 3484 vocat

139 3506 168 3551 et
178 3498 344 3554 testimoniis
355 3501 668 3572 Seriptnraedeclarant.
683 3502 733 3558 Cui
745 3502 881 3560 doctrinar
894 3504 941 3559 in·
993 3504 1190 3575 perlectionem
1205 3498 1539 3569 consummationemque)
1559 3500 1590 3553 in
1608 3502 1708 3553 nosue
1725 3499 1792 3581 {idei

140 3566 278 3625 baerentes
298 3572 396 3627 Patres
419 3572 527 3628 concilii
550 3572 707 3629 Tridentini
722 3590 792 3629 sess.
813 3580 905 3629 bean.
923 3580 939 3629 a
992 3576 1093 3631 ditione
1104 3576 1254 3638 emsistere,
1267 3571 1320 3627 boc
1332 3572 1411 3626 estin
1423 3568 1479 3625 lide
1509 3584 1574 3625 uam
1585 3584 1619 3624 cx
1631 3567 1712 3624 nobis
1725 3570 1791 3642 ipsis

139 3642 309 3696 ernatbemule
321 3643 461 3704 (ιιιιιιιιιιιι,
474 3646 500 3697 si
510 3644 681 3713 quisdiacrit
697 3648 938 3714 siircprrrrenrenle
991 3644 1090 3702 babere
1108 3647 1256 3717 possimus,
1270 3643 1345 3715 quasi
1367 3650 1457 3698 totum
1472 3584 1566 3697 acautis
1587 3648 1689 3696 nostrae
1704 3654 1790 3711 nego-

138 3712 258 3779 Spiritns
274 3717 360 3769 serrati
368 3717 543 3785 inspiratione
561 3720 641 3785 etque
662 3716 937 3786 adjuterebleominern
990 3716 1061 3772 tium
1075 3716 1162 3772 libero
1174 3714 1289 3771 arbitrio
1305 3713 1465 3776 ascriberet,
1482 3711 1529 3767 sed
1544 3712 1662 3783 gratiam
1677 3712 1791 3767 omnino

138 3782 335 3853 crederepossc
348 3788 418 3840 sient
428 3791 546 3855 oportet:
554 3786 627 3857 qnod
641 3802 698 3841 non
706 3796 749 3841 est
762 3786 838 3843 aliud
849 3803 934 3859 qnam

139 3852 252 3909 credere
262 3854 318 3911 lide
331 3856 497 3917 Christiana,
511 3858 569 3909 sivo
581 3855 729 3921 catholiea,
744 3873 800 3910 non
814 3856 869 3912 ade
881 3858 936 3914 bu-

138 3938 232 3991 mana,
246 3933 476 3997 antqnocnmqne
487 3924 874 3985 assensurerumdirinarum,
888 3928 937 3997 qui

136 4008 194 4048 non
210 3995 348 4050 innitatur
363 3996 460 4065 primae
478 3993 601 4057 veritati,
619 3992 724 4049 sedvel
739 4008 772 4048 ex
810 3996 936 4063 rientiar,

138 4065 181 4119 rel
194 4066 360 4135 cuicumque
371 4063 472 4119 rationi
483 4061 626 4127 brrmanee,
640 4063 767 4135 eujusmo
789 4065 796 4118 i
810 4064 895 4120 etiam
907 4066 936 4121 in

137 4134 312 4191 daemonibus
327 4136 397 4187 etin
412 4132 570 4189 infidelibus
582 4132 649 4189 fides
668 4134 811 4205 reperitur.
825 4138 893 4192 Num
911 4142 937 4191 ct

136 4206 269 4259 daemones
291 4205 406 4258 credunt
425 4208 451 4258 et
464 4207 679 4271 ceretremr'scunt,
695 4204 734 4261 ait
758 4208 790 4261 D.
817 4204 937 4262 lacobus

991 3788 1172 3843 necessariam
1191 3792 1321 3859 agnoscat
1342 3782 1378 3837 ud
1407 3782 1603 3853 perlectionem
1623 3790 1652 3835 et
1674 3782 1790 3836 salutem

989 3857 1226 3932 consequendam,
1247 3853 1377 3919 secundo,
1389 3852 1464 3924 quod
1478 3853 1606 3908 eamdem
1619 3850 1732 3923 gratiam
1746 3851 1790 3905 la-

990 3934 1081 3984 teatur
1095 3941 1287 4000 saepenumero
1303 3923 1447 3989 excedere,
1463 3932 1491 3979 et
1511 3936 1639 3993 superare
1658 3922 1789 3978 meritum

991 3997 1054 4052 lidei
1073 4006 1185 4059 nostrae,
1200 3996 1275 4067 qrrod
1291 3994 1415 4067 pluribus
1428 3994 1573 4065 Scriptura
1586 3992 1720 4063 exemplis
1739 3990 1788 4047 de·

991 4068 1085 4122 clarat.
1100 4070 1140 4122 Αι
1150 4074 1244 4120 eoritm
1255 4064 1618 4133 utramqueeneusationem
1630 4062 1681 4118 tria
1693 4062 1790 4134 objicit

992 4138 1118 4209 Prosper,
1136 4136 1235 4206 quibus
1250 4134 1342 4205 ipsum
1355 4132 1475 4197 ostendit
1489 4134 1517 4187 iu
1537 4132 1624 4196 illam,
1645 4146 1729 4205 quiam
1740 4148 1788 4188 ro·

990 4216 1045 4269 cat,
1058 4210 1205 4279 pratariam
1226 4207 1386 4275 optationem,
1411 4202 1464 4258 boc
1477 4210 1532 4269 est,
1555 4201 1655 4275 dogma
1673 4202 1786 4275 Pelagii,

990 4277 1065 4342 relit,
1079 4278 1158 4345 nolit,
1166 4275 1286 4332 incidere
1298 4278 1339 4329 ειο
1348 4272 1427 4345 Quod
1436 4282 1463 4328 et
1473 4272 1495 4328 si
1507 4288 1562 4329 noa
1570 4272 1784 4344 perlectionem,

988 4348 1205 4405 tameninitinm
1218 4345 1314 4403 salutis
1333 4362 1366 4400 ex
1379 4345 1460 4402 nobis
1473 4358 1533 4401 esse
1545 4342 1689 4412 docuerit,
1712 4348 1786 4417 quod

989 4419 1101 4491 quidem
1114 4417 1215 4475 sulbeit
1236 4426 1267 4474 ut
1291 4417 1376 4489 gratia
1392 4416 1500 4473 dicatur
1519 4414 1672 4473 secundum
1687 4416 1785 4473 merita

989 4498 1084 4547 nostra
1095 4490 1154 4546 dari
1178 4490 1292 4546 initium
1304 4488 1381 4545 enim
1394 4487 1490 4543 salutis
1499 4487 1540 4543 rel
1549 4486 1713 4559 intelligitur
1727 4488 1784 4559 ipsa

137 4275 206 4343 blec.
222 4274 267 4337 ιι).
285 4275 364 4344 Quod
385 4282 478 4330 autem
498 4275 597 4331 attinet
614 4276 648 4332 ad
668 4276 744 4332 illam
770 4277 934 4349 particulam

136 4344 275 4415 parabolae
289 4345 456 4415 evangelicae
470 4362 477 4399 z
491 4348 934 4419 Urtimiqrteseeuadumpropaicm

135 4416 263 4471 virtutem
286 4418 394 4479 (mitat.
416 4415 486 4489 xxv)
507 4418 610 4490 optimc
635 4422 668 4474 D.
696 4418 885 4491 Hieronymus
906 4428 934 4476 et

136 4486 212 4541 Beda
227 4502 288 4543 eam
313 4488 540 4559 interpretantur,
563 4499 596 4544 ut
611 4487 683 4545 idem
705 4491 760 4558 sit,
784 4506 833 4554 ac,
851 4499 935 4563 prout

134 4556 252 4683 finisque
272 4574 301 4613 se
314 4558 349 4614 ad
365 4558 552 4630 recipiendam
567 4561 685 4641 gratiam
702 4560 792 4633 magis
808 4560 933 4618 minusne
988 4559 1070 4628 sides,
1083 4562 1146 4634 quia
1161 4569 1202 4617 est
1219 4560 1430 4617 tundamentum
1446 4567 1473 4614 et
1484 4558 1593 4614 initium
1605 4560 1691 4613 totins
1702 4558 1786 4627 justi·

156 4626 267 4699 ispanit,
284 4630 371 4703 gratia
397 4629 505 4685 seilicet
530 4632 579 4684 Der
599 4632 785 4701 praeveniente
804 4639 832 4687 et
851 4630 933 4706 adiu·
988 4630 1130 4699 flectionis,
1141 4640 1173 4688 ut
1184 4630 1288 4689 doceat
1300 4634 1393 4687 Patres
1400 4628 1553 4685 tridentini
1571 4642 1639 4683 sess.
1653 4634 1671 4683 6
1684 4644 1744 4696 cap.
1756 4632 1784 4693 8,

134 4706 228 4765 rante,
244 4709 274 4756 ut
294 4701 376 4757 docet
387 4700 535 4756 concilium
550 4700 745 4757 Tridentinum
760 4703 841 4768 (Sess-
855 4709 884 4767 a,
905 4717 930 4758 c.
988 4703 1030 4759 rel
1044 4704 1102 4777 ipse
1116 4702 1235 4761 allectus
1247 4710 1275 4758 et
1281 4700 1449 4757 desiderium
1458 4698 1565 4761 salutis,
1578 4711 1629 4777 per¹
1637 4694 1711 4777 qupd
1724 4712 1786 4767 gra-

133 4774 152 4824 5
165 4774 192 4824 et
211 4774 251 4834 a).
268 4772 329 4826 lloe
343 4772 416 4828 enim
436 4770 654 4827 ecclesiasticum
676 4782 719 4827 est
731 4773 833 4844 dogma
846 4813 854 4839 ,
869 4772 934 4829 licet
948 4794 974 4857 1)
986 4774 1065 4839 tiam,
1074 4790 1127 4847 qna
1139 4774 1288 4833 salvemur,
1302 4771 1491 4841 impetramus.
1506 4770 1606 4850 lpaqrm
1621 4774 1731 4848 ratarum
1742 4782 1783 4823 sa·

133 4838 257 4920 baeretici
274 4850 438 4912 repugnent,
458 4857 514 4913 qno
533 4843 580 4914 qui
615 4858 651 4897 ne
664 4843 763 4925 maJori
777 4842 833 4899 lide
846 4851 875 4899 et
888 4841 933 4899 di·
985 4843 1050 4901 lutis
1070 4858 1131 4899 esse
1152 4858 1189 4899 ex
1206 4841 1296 4907 nobis,
1320 4848 1369 4921 est·
1381 4852 1460 4909 posse
1483 4852 1534 4893 nos
1559 4851 1656 4893 meren
1678 4836 1783 4896 donum

133 4909 256 4965 lectione
271 4926 300 4965 se
312 4910 347 4965 ad
360 4858 648 4982 Jusnneatonenffits
666 4921 736 4981 oart,
748 4928 783 4971 eo
797 4914 933 4985 maiorem
987 4913 1062 4980 tidei,
1077 4921 1105 4969 et
1117 4912 1204 4995 reipsa
1218 4926 1285 4967 cons
1320 4925 1347 4965 ur
1362 4922 1451 4980 ipsam
1464 4906 1557 4975 lldem,
1571 4907 1707 4965 credendo
1724 4911 1784 4969 sine

133 4981 186 5037 Dei
199 4982 317 5053 gratiam
331 4981 439 5037 ininndi
456 5002 462 5036 ι
477 4982 632 5039 dummodo
647 4929 708 5040 iae
722 4984 802 5051 tides,
817 4994 846 5041 et
863 4986 930 5041 dile·
983 4984 1193 5058 auriliogratrac
1204 4982 1312 5048 Dei3re
1330 4993 1410 5053 posse
1418 4979 1561 5051 concipere
1571 4979 1674 5037 serium
1685 4981 1783 5039 salutis

132 5049 201 5118 etio,
218 5060 246 5108 et
257 5068 441 5126 quaecnmqne
455 5054 506 5109 alia
527 5052 691 5126 dispositio.
704 5070 736 5110 ex
751 5056 799 5111 liei
816 5055 891 5112 dono
903 5064 931 5113 et
982 5053 1162 5117 desiderium,
1184 5068 1240 5127 quo
1252 5052 1368 5119 gmtiam
1378 5050 1584 5124 justtteattonts
1598 5051 1781 5123 impetremus

131 5122 334 5181 auxilioessea
375 5131 496 5188 oscatnr,
510 5126 590 5197 eique
604 5134 715 5209 accepta
731 5128 843 5183 teratur.
856 5127 930 5183 ilinc
983 5134 1012 5183 et
1031 5140 1200 5194 mereamur,
1223 5124 1322 5181 saltem
1338 5124 1372 5179 de
1396 5138 1537 5196 conpos,
1554 5130 1586 5178 ut
1608 5122 1714 5179 dietam
1728 5130 1781 5179 est.

132 5194 171 5249 D.
186 5193 309 5251 Thomas
318 5140 372 5251 agn
367 5195 551 5268 obiectionem
565 5196 641 5251 illam
660 5196 712 5252 sibi
728 5213 761 5253 es
779 5197 930 5270 Evangelio
984 5201 1015 5253 a·
1028 5196 1106 5268 Quod
1129 5196 1232 5253 dixerit
1246 5194 1449 5263 centurionem,
1471 5194 1551 5250 eu‘us
1578 5190 1649 5249 tides
1669 5192 1782 5250 Domini

131 5260 237 5321 factam
260 5267 298 5321 ita
317 5266 595 5339 responderam.
610 5272 654 5336 tt,
675 5284 702 5323 a.
719 5274 746 5335 ι)
761 5286 768 5323 :
785 5270 930 5327 bbendum
982 5268 1172 5325 voee¹laudata
1182 5275 1225 5324 est
1235 5265 1343 5338 (ιιιιιιι.
1356 5272 1441 5333 vrri),
1456 5265 1505 5322 nul
1518 5266 1561 5321 ius
1574 5262 1634 5321 lore
1648 5264 1738 5322 laudis
1751 5278 1783 5322 aa

132 5336 266 5407 quoditie
279 5340 365 5393 edua
375 5381 383 5402 ,
395 5340 538 5395 scandum
553 5354 635 5409 quam
647 5355 699 5395 sua
711 5340 784 5395 dona
797 5345 868 5398 Deus
880 5340 931 5395 dut
983 5340 1085 5405 medti,
1101 5339 1124 5395 si
1139 5336 1167 5397 ιιι
1180 5338 1208 5395 ιιι
1226 5353 1260 5395 eo
1283 5340 1359 5393 Deus
1371 5335 1447 5409 quod
1463 5337 1521 5408 ipse
1540 5333 1692 5393 donaverat
1702 5350 1784 5393 eom-

131 5410 287 5479 animeque,
301 5414 341 5465 est
360 5409 516 5481 dispositio,
531 5412 573 5467 eet
581 5414 749 5496 preparatio
757 5411 929 5483 precedens,
983 5409 1138 5466 mandasset
1156 5408 1250 5466 :unde
1274 5407 1400 5479 sequitur
1411 5413 1502 5463 totum
1526 5407 1658 5463 meritum
1679 5406 1707 5463 ιιι
1729 5406 1784 5465 lide

131 5480 310 5535 mesenates
322 5483 438 5549 gratiam
450 5484 619 5555 ecepr'entas3
631 5483 679 5538 aed
692 5484 763 5539 banc
775 5485 856 5539 etium
874 5484 932 5537 dra-
983 5480 1105 5563 propria,
1118 5494 1175 5535 non
1189 5494 1205 5535 a
1220 5480 1277 5535 Deo
1295 5477 1397 5535 donata
1420 5477 1583 5535 consistere.
1595 5484 1625 5533 ιιο
1638 5477 1719 5548 Quod
1734 5494 1783 5537 su-

127 5550 288 5621 positienem
309 5553 350 5605 ecl
371 5556 494 5607 metatam
510 5556 645 5625 praeeat
663 5556 783 5627 spiritate
803 5558 928 5622 roncas,
984 5550 1084 5623 perrari
1095 5566 1156 5622 cap.
1170 5549 1282 5607 disertis
1292 5548 1384 5606 verbis
1395 5548 1514 5606 assuerit
1522 5550 1615 5605 mum
1627 5550 1783 5609 secundum

130 5635 237 5679 mouens
253 5627 366 5678 martem
378 5624 508 5687 leminea
520 5626 562 5679 ecl
571 5626 646 5696 ptris,
659 5626 701 5683 cel
718 5626 819 5689 minus,
834 5639 932 5680 amun-
982 5622 1162 5695 capacitatem
1182 5619 1400 5693 uniuscu'usque
1426 5619 1545 5695 gratiam
1573 5635 1632 5679 aaa
1650 5622 1784 5695 largitatis

130 5690 200 5749 dum
208 5708 287 5749 amm
297 5695 472 5759 retentarent,
487 5702 542 5752 etc.
982 5694 1134 5767 impertire,
1147 5690 1224 5765 quod
1235 5636 1387 5766 quidjfflud
1400 5700 1444 5750 est
1456 5706 1539 5765 quam
1551 5693 1668 5765 gratim
1681 5706 1784 5751 meua·

167 5770 182 5799 ⁸
193 5764 344 5834 Sollicitus,
356 5772 388 5821 ut
397 5775 526 5837 apparet,
545 5772 573 5822 et
583 5767 682 5825 anxias
696 5768 831 5837 collator,
844 5782 881 5824 ae
895 5780 930 5824 ax
982 5763 1052 5822 dum
1064 5765 1163 5823 merita
1181 5764 1316 5837 cuiusque
1329 5760 1405 5821 dari?

129 5832 191 5891 suls
204 5834 315 5909 seriptis
325 5834 538 5893 convinceretur
551 5852 615 5893 eum
633 5838 743 5913 Pelagio
753 5840 858 5897 sendra
868 5852 931 5911 gra·
