3848 6158
71 224 77 231 -
169 205 221 257 415
713 269 728 278 g·
843 195 981 252 ioiuuis
1000 196 1151 255 aissiiiu

171 329 273 386 multos
295 345 353 385 non
379 329 471 387 solum
494 328 716 386 conversationis
738 327 849 394 forma,
873 330 1009 392 rerumA
1320 330 1442 386 CAPUT
1461 331 1524 386 XV.

170 426 253 482 etiam
268 424 395 483 doctrina
412 441 463 481 sua
476 439 658 495 sermoneque
673 426 684 454 ¹
698 423 879 477 lucraturum.
895 422 973 476 Facit
1144 426 1276 495 Quomodo
1290 429 1436 483 modicia
1453 432 1566 483 mentem
1583 429 1707 484 inebriet.

172 522 256 577 etlam
268 521 295 576 ili
307 520 466 586 solitudine,
481 519 522 575 Vel
535 520 563 574 ln
578 516 676 573 cellula
688 523 920 581 commorantem,
935 513 972 569 di·
1063 524 1177 581 Memini
1197 525 1339 597 cujusdam
1364 526 1456 595 senis,
1473 542 1538 582 cum
1554 527 1691 583 ingremo
1706 526 1828 599 Scylhlae

175 632 316 673 versorum
331 616 429 672 domos
450 630 481 668 ac
495 612 662 669 monasteria
673 618 766 668 mente
783 619 865 683 alque
878 611 972 667 animo
1027 630 1213 676 commorarer
1227 617 1312 682 (Vide
1323 617 1411 671 collat.
1425 633 1433 670 i
1447 633 1469 672 c.
1490 619 1529 683 l),
1542 616 1589 688 qui
1602 631 1665 672 curn
1680 616 1715 673 ad
1727 617 1828 675 cellam

173 710 331 775 circumire,
349 715 376 762 et
399 706 581 777 plurimorum
601 704 794 761 conversiones
809 707 972 771 [conversa-
1027 703 1169 776 eujusdam
1185 703 1277 761 fratris
1289 747 1298 775 ,
1309 706 1396 778 gratia
1410 705 1584 774 visitationis,
1597 704 1744 762 adveniens
1755 707 1829 766 ostio

174 804 279 868 tiones]
291 802 341 856 sub
353 800 535 855 incitamento
550 798 973 870 imaginariaeexhortationisac·
1027 794 1261 865 approximasset,
1284 793 1455 865 audissetque
1468 809 1532 849 eum
1552 793 1681 865 quiddam
1711 794 1829 852 obmur-

173 895 291 964 quirere.
312 893 412 963 Agitur
434 892 527 964 itaque
550 890 647 948 infelix
668 892 760 948 anima
784 892 830 948 lali
856 889 973 948 vanitate
1028 881 1830 956 murautemintrinsecus,paululumsubstitit,cognoscere

173 984 245 1041 velut
266 982 480 1056 profundissimo
502 1001 601 1057 sopore
625 984 721 1043 delusa
735 1028 743 1055 ,
759 995 789 1043 ut
811 987 973 1059 plerumque
1027 971 1120 1027 ’019Πὸ
1132 970 1265 1042 quidnam
1280 970 1315 1027 ⁴¹0
1333 970 1479 1044 8θῐῑῐ)ῑ“ῐῑε
1492 971 1611 1043 legere&
1627 971 1679 1040 vel,
1690 973 1772 1060 'Sicut
1785 982 1831 1031 0⁸¹

172 1075 330 1148 hujusmodi
344 1078 544 1150 cogitationum
557 1079 645 1134 illecta
659 1078 812 1147 dulcedine,
828 1088 856 1134 et
867 1078 911 1134 his
921 1094 973 1151 op·
1026 1059 1125 1124 ¹¹¹⁰¹l⁵i
1138 1074 1255 1130 Olefflsss
1268 1061 1431 1117 memmei
1441 1068 1600 1116 recenseret·
1616 1061 1742 1132 Cumque
1755 1061 1826 1133 955⁸·

172 1171 242 1241 9101,
262 1171 435 1240 simulacris,
462 1188 497 1229 n,
515 1181 664 1245 praesemes
687 1173 798 1244 quidem
822 1181 901 1228 actus
929 1171 971 1227 νει
1026 1148 1113 1204 simus
1133 1147 1289 1219 explorator
1302 1164 1367 1204 anre
1385 1149 1529 1222 diligenter
1542 1149 1670 1220 applicita
1688 1150 1828 1207 curiosius

172 1263 270 1321 hatres
282 1265 566 1339 ,aleatcontemplffl'
575 1266 693 1323 dumhi,
706 1282 767 1339 Μ
774 1268 971 1340 cogiuiionum
1026 1234 1203 1304 auscultaret,
1216 1236 1253 1292 ita
1268 1251 1331 1292 eum
1346 1238 1445 1308 reperit
1456 1238 1539 1309 liujus
1553 1237 1662 1310 spiritus
1674 1236 1828 1312 impugna-

173 1363 364 1434 pervagatione
374 1363 490 1435 vigilan
504 1361 659 1427 somniavit,
669 1362 818 1421 delectatur
828 1361 970 1431 inhaerere,
1026 1333 1099 1383 *¹⁰⁰⁸
1120 1326 1276 1428 peueftum‘
1303 1332 1334 1429 ¹¹²,
1361 1340 1389 1380 ¹¹¹
1412 1326 1524 1382 ⁰⁶⁰¹⁰⁸¹³
1548 1324 1640 1383 facem
1658 1341 1687 1382 ⁸³
1700 1327 1828 1429 “ffdm‘

176 1456 254 1526 quasi
267 1456 347 1512 veris·
1026 1418 1248 1475 exhortatorium
1264 1416 1334 1489 plebi
1352 1432 1519 1474 sermonem.
1534 1417 1659 1490 Cumque
1673 1417 1828 1476 subsistens

1025 1522 1108 1564 senex
1129 1506 1248 1563 audisset
1270 1520 1333 1562 eum
1347 1498 1360 1538 b
1372 1505 1476 1562 finiisse
1487 1514 1653 1573 tractatum,
1668 1516 1696 1563 et
1716 1515 1827 1564 mutato

1025 1612 1136 1652 rursum
1158 1594 1251 1651 officio
1274 1606 1284 1632 ⁰
1310 1593 1446 1652 celebrare
1472 1595 1546 1654 velut
1575 1595 1722 1653 diaconum
1747 1606 1827 1654 cate-

719 1778 846 1834 Atiam
867 1778 978 1834 GAZAEl
998 1774 1277 1833 COMMENTARIUS.

171 1945 272 1997 siliniii
284 1944 342 1998 tui:
359 1944 484 1999 Nouimus
491 1942 561 1996 enim
575 1942 708 2010 episcopos
713 1939 876 2008 jejunantes,
886 1941 970 1992 etmo
983 1940 1008 2004 Β
1023 1936 1116 1990 tendes
1131 1937 1198 1990 alios
1212 1939 1238 1989 et
1252 1934 1379 2004 rependas
1397 1935 1538 1989 diabolicis
1559 1937 1726 1992 illusionibus
1741 1941 1826 1994 iuti-

172 2016 269 2070 nacbos
283 2014 460 2075 comedentes,
475 2019 528 2066 etc.
553 2013 615 2066 Haec
629 2015 654 2064 et
674 2011 732 2063 ulia
742 2011 822 2079 plura
845 2008 875 2063 id
888 2023 969 2076 penus
1024 2012 1145 2076 pantitr3
1162 2009 1261 2077 quique
1279 2009 1359 2060 eliam
1375 2009 1401 2061 si‘
1419 2008 1558 2089 patuerint
1581 2009 1650 2090 lucri
1665 2010 1774 2079 aliquid
1791 2027 1827 2065 ea

171 2086 341 2141 Athanasius
352 2085 389 2138 ad
403 2085 591 2144 Dracontium,
604 2096 681 2149 quem
694 2081 802 2134 tandem
809 2081 973 2149 persuasisse
1025 2079 1205 2148 quorumdam
1221 2080 1387 2132 conversione
1399 2093 1562 2147 conquirere,
1578 2082 1749 2149 impatientia
1761 2097 1827 2140 sua.

171 2160 283 2217 constat,
300 2160 325 2208 et
370 2153 455 2222 ofiilc
473 2153 603 2206 catholica
616 2156 723 2206 strenue
742 2157 895 2217 certantem,
911 2166 971 2204 cum
1025 2152 1108 2219 atque
1121 2149 1265 2203 inconditis
1277 2149 1396 2203 moribus
1410 2150 1547 2218 quidquid
1561 2152 1739 2219 acquisierint
1758 2168 1829 2222 per-

171 2227 234 2279 aii'i's
246 2170 507 2279 nimdfimssuncns
516 2224 644 2292 episcopis
653 2224 772 2293 proipsa
783 2223 835 2291 fide
847 2222 972 2276 cnsilium
1025 2221 1104 2274 dunt.
1120 2221 1192 2276 illud
1209 2236 1326 2303 namquo
1340 2222 1393 2286 eis,
1409 2221 1480 2290 quod
1492 2222 1612 2289 Appiani
1625 2223 1758 2292 propbeta
1775 2224 1828 2278 de-

171 2296 282 2350 subiisse
292 2296 363 2348 illem
378 2295 547 2349 Athanasius
562 2294 657 2348 tradit.
672 2294 821 2362 Hucusque
837 2292 972 2348 Baronius
1015 2293 1129 2353 „scribit
1145 2296 1244 2345 erienict
1263 2310 1271 2344 ι
1286 2295 1394 2359 Eique
1408 2291 1538 2345 mercedes
1557 2297 1717 2362 congregat,
1736 2297 1829 2349 mittet

172 2364 206 2422 de
218 2366 387 2420 monachatu
402 2372 429 2418 et
441 2363 569 2419 clericatu
582 2364 682 2435 pariter
695 2362 857 2434 conjunctis.
870 2365 971 2417 Verum
1025 2377 1069 2416 eus
1080 2365 1109 2416 in
1122 2362 1257 2417 suentium
1267 2366 1408 2431 pertusum
1420 2363 1547 2444 (Aqqaii
1561 2365 1580 2428 ).
1596 2365 1662 2418 Vere
1669 2367 1740 2418 enim
1746 2366 1829 2419 lucra

172 2452 236 2492 cnm
250 2444 357 2492 constet
369 2434 548 2506 apostoloset
570 2434 871 2504 multosapostolorum
886 2432 971 2489 disci-
1024 2435 1113 2487 suain
1124 2438 1265 2514 pertusum
1291 2433 1425 2515 saeculnm
1446 2433 1555 2516 condit,
1570 2434 1761 2517 quinquidquid
1771 2451 1830 2505 per

174 2507 252 2578 pulos
270 2523 328 2562 non
341 2507 429 2562 solum
445 2505 603 2562 monastica
620 2505 683 2561 vitae
702 2520 831 2561 normam
851 2503 971 2560 tenuisse
1025 2504 1338 2558 alimumconeeisionem
1345 2504 1452 2558 uidetur
1462 2520 1607 2572 acquirere,
1614 2510 1694 2559 mian
1712 2509 1828 2561 ernnti'a

172 2587 200 2634 et
213 2577 348 2638 docuisse,
373 2587 456 2650 atque
480 2575 550 2632 adeo
571 2576 771 2632 monachorum
797 2575 861 2631 novi
875 2578 969 2630 Testa·
1024 2575 1110 2629 cordis
1125 2577 1169 2628 sui
1188 2579 1213 2628 et
1228 2575 1387 2643 quotidiano
1402 2576 1488 2628 animi
1503 2576 1661 2631 distentione
1696 2578 1827 2647 upladii.

173 2651 256 2705 menti
271 2649 405 2721 principes
418 2648 571 2714 exstitisse,
591 2646 640 2703 sed
657 2655 686 2703 et
700 2645 844 2703 sacerdotii
860 2661 970 2717 evange·
1024 2647 1120 2715 ltaque
1135 2649 1189 2714 fiet,
1205 2651 1236 2699 ut
1251 2645 1315 2699 durn
1330 2646 1459 2700 ulteriora
1482 2646 1557 2700 lucra
1573 2663 1623 2716 per
1642 2648 1761 2703 aliorum
1775 2664 1829 2705 ore

172 2721 215 2776 lici
229 2720 361 2790 primitias
373 2719 487 2786 tulisse;
507 2733 675 2789 consequens
692 2726 744 2783 est,
760 2725 791 2773 ut
805 2717 894 2789 prima
908 2732 971 2772 ino-
1025 2716 1093 2770 dunt
1106 2719 1297 2770 institutionem
1309 2732 1413 2786 parare
1433 2732 1460 2770 se
1470 2732 1557 2786 posse,
1572 2720 1656 2772 etiam
1670 2733 1721 2773 niu
1733 2735 1827 2776 corre·

172 2790 305 2848 nachatus
316 2799 344 2847 et
358 2790 502 2846 clericatus
521 2789 676 2862 conjunctio
691 2788 726 2845 ad
739 2789 815 2860 ipsos
826 2786 970 2845 referenda
1025 2789 1110 2842 ctione
1120 2790 1272 2859 pnonifur.
1286 2789 1353 2843 Haec
1368 2787 1420 2842 ille.
1434 2789 1465 2842 ln
1475 2787 1601 2845 camdem
1613 2789 1778 2846 sententiam
1790 2793 1826 2848 1).

171 2862 207 2919 sit
222 2880 228 2917 ε
243 2877 305 2935 qnae
316 2869 409 2917 tamen
417 2861 605 2932 postmodum,
618 2859 790 2917 saevientibus
803 2858 971 2931 persecutio·
1025 2857 1174 2931 Gregorius
1189 2858 1236 2913 lib.
1251 2873 1328 2913 xxxi
1338 2857 1498 2926 Moralium,
1515 2858 1561 2914 ubi
1575 2859 1608 2915 de
1624 2860 1739 2989 singulis
1752 2863 1828 2919 vitiis

172 2949 242 2989 num
257 2933 395 3005 procellis,
410 2931 568 3003 aliquandiu
583 2933 745 3002 interrupta,
760 2929 889 2997 tandem,
904 2943 970 3000 pace
1024 2928 1187 3000 capitalibus
1203 2929 1259 2999 agit
1275 2948 1281 2983 ι
1301 2932 1392 2984 inanis
1406 2930 1509 2998 pieria,
1527 2930 1617 3001 inquit
1638 2936 1649 2998 (
1683 2949 1731 3002 ap.
1757 2939 1795 2991 32
1805 2939 1826 3002 ),

172 3004 301 3060 Ecclesia
315 3003 418 3059 reddita
430 3043 438 3066 ,
452 3002 573 3074 primum
591 3003 620 3057 in
638 3002 750 3059 Oriente
771 3000 823 3056 sub
848 3000 969 3056 Antonio
1023 2999 1156 3055 delutum
1171 3016 1215 3055 cor
1229 3003 1309 3069 quasi
1330 3018 1364 3056 en
1378 3003 1482 3055 ratione
1497 3003 1561 3057 solet
1582 3003 1740 3067 schemari,
1764 3022 1826 3062 eum

172 3082 200 3130 ct
212 3073 373 3139 Athanasio,
391 3082 509 3145 utroque
518 3089 629 3199 mafiuo.
642 3072 705 3128 dein
717 3073 743 3128 in
754 3071 902 3129 Occidente
917 3071 970 3127 sub
1024 3070 1080 3125 dici
1093 3091 1101 3125 :
1116 3071 1198 3128 Debes
1211 3071 1317 3140 majora
1330 3077 1462 3142 appetere,
1483 3076 1513 3126 ut
1523 3088 1574 3142 quo
1584 3079 1717 3143 potestate
1733 3077 1826 3133 volue-

173 3144 233 3199 aliis
253 3144 428 3200 sanctissimis
449 3144 562 3201 viriste
584 3143 708 3211 cruerit,
732 3151 763 3200 ut
788 3141 872 3199 refert
895 3142 968 3199 idem
1023 3144 1061 3196 ris
1076 3144 1174 3197 multos
1190 3143 1329 3206 eccedere,
1346 3159 1374 3198 eo
1401 3145 1483 3198 etnim
1507 3144 1598 3200 valeas
1622 3147 1715 3200 multis
1736 3149 1827 3218 prod-

173 3214 325 3282 Baronius,
347 3230 379 3271 ac
398 3214 586 3271 demumtoto
600 3223 736 3271 terrarum
760 3214 826 3271 orbe
848 3222 968 3284 recepta,
1024 3227 1086 3268 esse.
1109 3214 1178 3270 Vide
1192 3213 1320 3270 eumdem
1345 3214 1373 3269 iu
1397 3213 1531 3269 Pastorali
1550 3230 1609 3286 cap.
1636 3221 1674 3282 l,
1702 3219 1733 3272 D.
1758 3221 1829 3275 Ber·

172 3295 201 3342 et
216 3285 392 3357 frequentata,
407 3286 510 3358 legibus
521 3287 632 3359 insuper
646 3285 834 3342 eccbsiasticis
851 3285 967 3352 sancita,
985 3315 1008 3380 C
1024 3284 1142 3342 nardum
1155 3301 1238 3341 serm.
1256 3291 1291 3366 iil
1306 3285 1334 3340 in
1350 3283 1471 3352 Cantica,
1486 3290 1514 3338 et
1528 3301 1588 3356 quaa
1608 3287 1769 3345 notavimus
1789 3290 1826 3347 ad

173 3363 202 3414 et
211 3356 466 3429 approbata,magis
475 3358 599 3430 acmagis
610 3357 782 3414 increbuerit.
791 3356 873 3415 Unde
885 3356 970 3438 etiarn
1023 3370 1082 3459 αις.
1099 3362 1110 3411 1
1129 3357 1284 3439 collationis
1295 3361 1340 3411 rt.
1491 3430 1496 3440 ⁶
1563 3396 1576 3427 ‚.
1732 3429 1738 3442 ⁸

173 3443 187 3484 a
208 3428 246 3485 ud
258 3428 418 3485 Gratianum
431 3429 510 3485 multi
522 3437 632 3486 exstant
648 3443 767 3485 canones
781 3427 815 3484 de
825 3427 970 3484 monachis
1085 3427 1431 3498 Maleimpressumantea:
1445 3431 1537 3484 Fuisse
1543 3432 1699 3485 tractatum.
1706 3431 1822 3505 Dionys.

174 3444 208 3555 αξ
228 3498 390 3555 clericatum
411 3507 439 3555 et
452 3515 567 3556 munera
588 3499 780 3565 ecclesiastica,
795 3514 847 3554 nec
866 3514 922 3553 nou
935 3498 971 3555 ad
1023 3500 1126 3553 Finissc
1139 3514 1293 3561 samonem,
1314 3497 1342 3553 id
1362 3507 1414 3565 est,
1426 3499 1646 3556 exhortationem
1670 3502 1825 3559 conciona-

173 3585 269 3626 curam
292 3571 449 3626 animarum
462 3579 490 3626 et
509 3570 628 3653 regimen
656 3569 839 3627 Ecclesiamm
860 3584 971 3640 promo-
1024 3567 1136 3634 loriam,
1152 3584 1235 3639 quam
1252 3569 1295 3624 ille
1310 3569 1444 3626 nimirum
1462 3570 1657 3639 meditabatur,
1674 3572 1747 3629 velut
1763 3573 1826 3630 dia-

172 3639 285 3707 vendis3
310 3640 338 3697 in
366 3639 467 3712 quibus
480 3649 521 3696 est
546 3642 591 3698 illa
616 3645 654 3698 D.
672 3639 817 3711 Augustini
843 3639 970 3707 praeclara
1024 3653 1159 3694 cenorum
1178 3654 1256 3694 more
1270 3639 1377 3696 adeam
1391 3657 1600 3714 sepraeparans,
1614 3643 1826 3716 imaginatione,

173 3711 306 3768 sententia
320 3716 367 3779 ,et
389 3711 452 3767 huic
466 3711 527 3768 loco
540 3711 723 3779 conveniens,
745 3726 797 3781 qua
821 3709 972 3769 monachos
1025 3725 1082 3765 non
1096 3709 1197 3781 reipsa,
1213 3709 1353 3767 diaconus.
1666 3730 1676 3748 ·

174 3782 458 3856 insulreCaprariaesic
468 3782 722 3853 alloquiturpri‘st.
734 3788 763 3838 ill
774 3786 798 3848 l:
810 3784 862 3838 Vos
871 3785 970 3845 nutem,
1060 3784 1072 3813 ⁰
1087 3782 1180 3850 Vetus,
1193 3788 1220 3837 et
1232 3781 1341 3853 vulgata
1356 3790 1397 3838 est
1408 3783 1500 3839 Missae
1511 3783 1650 3841 distinctio
1662 3783 1690 3839 in
1704 3785 1824 3842 Missam

172 3855 972 3923 fratres-ccliortamuri'nDomino,utpropositumoestrum
1025 3850 1284 3909 catechumenorum
1310 3852 1380 3924 (hoc
1393 3859 1444 3922 est,
1470 3870 1566 3912 corum
1591 3855 1685 3928 quiin
1708 3855 1761 3912 fide
1776 3857 1825 3913 in-

173 3929 331 3982 custodi'atis
341 3966 349 3988 ,
360 3931 385 3982 ct
396 3941 480 3996 usqne
491 3929 520 3979 in
534 3928 612 3995 finem
623 3925 971 3994 perseveretisAtsiqnam
1025 3922 1201 3980 struebantur
1214 3923 1337 3980 nondum
1357 3924 1499 3996 baptizati)
1514 3935 1543 3982 et
1559 3927 1671 3983 Missam
1688 3926 1824 3985 bdelium.

172 4013 280 4066 opmnm
291 4004 408 4053 uestram
419 4001 506 4051 mater
513 3997 631 4051 Ecclesia
640 3995 843 4058 desiderauerit,
854 4011 901 4050 nec
912 3996 971 4049 ela·
1025 3994 1151 4051 Priorem
1168 3997 1242 4052 enim
1260 3996 1349 4053 Missae
1363 4004 1484 4069 partem,
1496 3997 1529 4052 ab
1552 3997 1665 4054 introitu
1687 3997 1826 4056 nimirum

173 4070 243 4124 tione
254 4070 337 4123 acida
349 4069 513 4138 suscipiatis,
525 4083 572 4122 nec
585 4067 735 4122 blandiente
743 4067 847 4122 desidia
859 4082 970 4137 respua-
1010 4080 1111 4138 ¹usque
1124 4066 1160 4123 ad
1171 4066 1346 4124 offertorium
1372 4069 1507 4124 vocabant
1521 4069 1634 4125 Missam
1650 4063 1827 4128 catechume-

172 4141 223 4207 tis3
238 4141 285 4196 sed
298 4143 360 4194 miti
372 4140 450 4195 corde
467 4139 648 4210 obtemperetis
662 4143 730 4203 Deo,
744 4155 802 4194 cum
815 4144 971 4194 mansuetu-
1025 4153 1139 4206 norum,
1159 4209 1165 4220 υ
1180 4139 1235 4194 uad
1247 4139 1276 4193 in
1294 4154 1325 4194 ea
1347 4109 1440 4196 ficeret
1454 4140 1658 4223 catechumenis
1674 4149 1703 4223 et
1716 4141 1826 4213 publice

172 4210 234 4265 dine
243 4216 383 4280 portantes
406 4227 466 4266 cum
480 4213 529 4281 qui
546 4227 592 4266 ons
607 4213 692 4281 repit,
707 4213 758 4282 qui
776 4211 874 4280 diripit
895 4212 971 4265 mdes
1025 4153 1218 4280 poenitentMrus
1232 4208 1339 4278 adesse,
1354 4226 1407 4335 qfiua
1422 4219 1449 4292 et
1469 4211 1594 4269 absoluta
1612 4212 1826 4270 dimittebantur

172 4281 326 4347 injudicio,
337 4283 468 4347 qiiidocct
481 4288 633 4339 mansuetos
642 4286 778 4338 uiassuas.
793 4284 971 4340 Necuestrum
1024 4279 1153 4350 elemplo
1177 4280 1351 4336 manentibus
1383 4281 1502 4347 delibus;
1512 4283 1646 4356 reliquam
1658 4284 1827 4344 veroulssac

172 4351 256 4403 otium
273 4352 471 4404 sementalibus
486 4354 608 4407 Ecclesia
617 4355 799 4422 proponitis,
814 4355 858 4430 ciii
875 4358 972 4422 partu·
1024 4319 1192 4431 celebraniae
1216 4359 1331 4432 partem,
1352 4352 1396 4408 cui
1416 4352 1465 4408 soii
1485 4352 1579 4411 fideles
1603 4355 1734 4411 interesse
1750 4365 1825 4428 pote

171 4420 253 4472 cinni
269 4420 294 4471 si
307 4419 379 4470 nulii
391 4419 452 4472 boiii
471 4423 627 4475 ministrare
644 4424 757 4484 uellent,
778 4424 908 4491 quomodo
922 4438 971 4476 na·
1024 4429 1095 4488 rant,
1110 4419 1237 4476 dicebant
1252 4423 1362 4477 Missam
1380 4421 1511 4480 fidelium.
1530 4426 1615 4498 Cujus
1633 4427 1672 4481 rei
1691 4427 1825 4483 meminit

171 4489 312 4541 seercmi'ni
325 4502 378 4540 non
395 4490 558 4544 inveniretis.
573 4491 614 4544 lta
634 4491 815 4563 Augustinus.
832 4498 869 4548 At
883 4491 917 4551 de
929 4491 971 4546 his
1024 4494 1059 4547 D.
1076 4491 1248 4562 Augustinus
1260 4509 1343 4548 serm.
1357 4499 1408 4550 237
1427 4494 1471 4550 his
1484 4496 1591 4552 verbis:
1608 4500 1673 4553 Ecce
1684 4502 1745 4568 pest
1763 4513 1823 4554 ser·

173 4556 257 4613 modo
272 4555 348 4616 sotis.
1023 4578 1126 4617 monem
1138 4565 1170 4632 fil
1181 4565 1264 4619 Missa
1278 4568 1479 4630 catechumenis,
1493 4573 1601 4623 mannil
1614 4570 1713 4638 fideles.
1735 4569 1824 4626 Lecto

207 4632 219 4660 ¹¹
233 4630 348 4684 Haecest
359 4627 510 4701 vulpecula,
519 4645 581 4702 quae
590 4636 659 4686 teste
669 4632 704 4685 D.
717 4630 859 4688 Bernardo
870 4634 967 4699 (Semi.
1023 4633 1159 4704 siquidem
1176 4636 1331 4706 Evangelio,
1344 4646 1370 4692 et
1382 4637 1519 4709 symbolo,
1531 4647 1579 4696 aut
1590 4654 1720 4696 sermone
1731 4638 1825 4711 finito,

171 4704 207 4756 64
220 4703 249 4755 in
258 4700 398 4772 ciniani,
413 4700 640 4772 multosdeeipit,
652 4700 744 4773 quide
756 4702 872 4758 aliorum
882 4703 969 4760 salute
984 4683 1010 4747 Ῑ)
1023 4714 1072 4760 ant
1126 4720 1171 4760 am
1185 4706 1261 4776 panis
1269 4715 1296 4762 et
1309 4708 1403 4764 viuum
1412 4707 1579 4766 offerrentur
1590 4710 1619 4766 in
1629 4711 1707 4766 altari
1723 4725 1825 4768 conse·

171 4780 198 4828 et
209 4771 387 4830 conversione
397 4772 520 4839 solliciti,
531 4788 611 4829 suam
622 4772 872 4845 ipsorumsalnlem
884 4776 971 4846 negli-
1023 4719 1142 4846 erasm,
1158 4775 1291 4834 diaconus
1306 4778 1335 4834 iu
1349 4780 1466 4834 Ecclena
1483 4782 1581 4837 Latina
1605 4781 1712 4854 publice
1736 4781 1825 4838 acels

170 4854 256 4916 gunt,
271 4843 409 4917 quodest,
422 4844 495 4918 apud
509 4845 640 4901 Plautum
654 4865 661 4900 ι
674 4845 902 4918 alienumagrum
923 4863 969 4902 sr-
1023 4848 1138 4904 mahat:
1159 4850 1191 4904 Si
1208 4852 1269 4918 quis
1282 4866 1335 4904 non
1357 4854 1543 4916 communicat,
1566 4853 1612 4908 det
1630 4855 1725 4915 fenim,
1740 4861 1825 4910 utre

171 4931 241 4982 rere,
253 4925 281 4971 et
295 4930 377 4971 snum
392 4917 525 4974 deserere.
542 4917 606 4989 Quo
627 4931 657 4971 se
678 4917 746 4973 vitio
760 4917 897 4974 laborasse
922 4927 970 4975 aut
1023 4917 1076 4974 fert
1088 4922 1123 4974 D.
1139 4920 1286 4991 Gregorius
1308 4920 1376 4976 libro
1395 4921 1514 4978 secundo
1536 4922 1711 4993 dialogorum
1730 4925 1823 4995 capite

170 4987 296 5042 titillatus
308 4984 390 5041 fuisse
412 4989 568 5044 Germanus
579 4988 673 5056 abbas,
690 4989 776 5045 nostri
794 4989 912 5045 Cassiani
927 5006 968 5046 so
1023 4990 1153 5063 vigesimo
1168 4990 1263 5057 terti0;
1287 4992 1328 5046 vel
1344 4992 1398 5048 hoc
1413 4993 1496 5048 modo
1513 4997 1564 5052 :sl
1575 4998 1636 5064 quis
1648 4998 1688 5050 est
1699 4996 1825 5050 catechu-

170 5056 311 5123 cius,cum
324 5054 423 5112 eodem
436 5059 648 5129 apudabbatem
663 5059 815 5127 Abraham,
828 5058 969 5132 professus
1021 5077 1123 5125 meiius,
1138 5066 1218 5117 eneat
1232 5064 1317 5130 furas,
1332 5071 1362 5118 nt
1376 5063 1497 5119 isidorus
1507 5073 1534 5120 et
1547 5064 1694 5121 Durandus
1706 5075 1826 5123 annota-

170 5136 211 5182 est
224 5127 267 5183 his
282 5126 498 5252 verbisjcollat.
514 5136 548 5185 24
563 5146 623 5200 cap.
639 5129 669 5200 1)
687 5151 695 5186 :
710 5134 823 5202 Insuper
836 5135 969 5204 etiamspe
1022 5134 1207 5205 runt(lsi'dor.
1222 5134 1241 5186 l.
1252 5147 1285 5188 vi
1296 5137 1442 5202 Etpmofn.
1452 5136 1824 5203 utriin,;nuraiiii.iiiltntm.

170 5200 294 5253 inanium
319 5213 374 5267 pau
396 5200 482 5253 iorum
504 5203 623 5255 citimum
639 5204 823 5271 pascebamus.
836 5205 969 5261 credentes
1023 5203 1069 5259 lib.
1082 5219 1115 5259 iv
1125 5221 1147 5258 c.
1160 5209 1192 5270 23
1204 5205 1385 5268 linnechares,
1399 5206 1659 5279 lib.1v,c.8²,eap.
1673 5209 1737 5279 llil:
1750 5209 1825 5265 sicut

170 5271 345 5340 nmiumnos
353 5272 504 5324 nummum
509 5274 720 5341 percepturosde
732 5276 970 5330 mnoersionemui-
1022 5274 1093 5346 apud
1105 5277 1217 5332 Graecos
1230 5274 1338 5347 liturgia
1352 5275 1550 5359 chrysostomi,
1566 5280 1621 5331 boii
1634 5298 1665 5331 iiii
1698 5279 1823 5350 χούμενοι

170 5344 267 5401 temni,
281 5339 512 5408 quiuetutnostro
523 5344 733 5398 esseiitaduiam
744 5346 839 5399 salutis
849 5347 968 5415 coempto
1021 5345 1170 5416 coptiten,
1187 5345 1297 5417 quicum
1318 5363 1350 5402 ue
1368 5356 1432 5403 estis
1452 5349 1688 5417 catechumeni,a
1709 5350 1822 5407 scedite.

169 5410 967 5496 acmonitisdiriperidi.Qiiameorumstultamopinionem,
1022 5417 1233 5473 HineAlcuiuus
1246 5363 1822 5495 lihMeDivinisOiliciis:Missaminqnit,

170 5481 270 5550 immo,
280 5481 582 5547 utvocat,diahoiicam
596 5483 752 5541 illusionem
763 5486 823 5541 sici
844 5486 969 5542 seredar·
1021 5489 1624 5561 catechumenorumennonesdicunt,quoninm
1631 5497 1826 5565 postlluanpe·

169 5552 228 5624 guil
254 5569 285 5609 ae
307 5550 411 5608 refutat
427 5556 497 5608 :His
524 5557 695 5612 illisionibus
711 5561 793 5628 atque
818 5501 968 5628 Aspendiis
1022 5559 1055 5613 lii
1062 5558 1197 5614 lectionem
1207 5562 1338 5631 incipiunt
1348 5562 1476 5617 celebrari
1488 5578 1566 5618 sacra
1576 5565 1825 5636 mysteriaquibin

169 5639 257 5679 omnes
276 5625 422 5680 mnodum
444 5627 562 5750 insertos
588 5643 689 5683 necesse
702 5633 740 5683 est
755 5629 905 5703 implicari,
922 5632 970 5699 qiu'
1021 5631 1139 5693 nullum,
1149 5633 1204 5686 nisi
1210 5632 1389 5702 baptizatum,
1396 5635 1523 5689 interesse
1536 5636 1824 5692 licetftmcenimclc

168 5710 229 5750 cum
240 5697 322 5750 ctiam
331 5696 363 5751 ile
376 5711 426 5751 sua
438 5712 468 5750 sa
482 5702 526 5753 ute
534 5701 588 5753 sint
601 5699 689 5763 dubii,
701 5702 712 5753 ι’
730 5702 805 5770 sique
812 5701 900 5756 adhuc
910 5717 969 5755 ma-
1022 5706 1113 5757 mante
1124 5702 1233 5757 diacono
1245 5704 1343 5770 ,iidem
1354 5706 1535 5761 catechumeni
1543 5708 1720 5762 enitebantur
1733 5709 1821 5776 form.

160 5769 280 5832 nereio
293 5772 376 5838 atque
389 5769 558 5825 institutione
578 5775 670 5840 egeant
686 5716 791 5837 aigina,
807 5773 845 5828 ad
859 5787 967 5828 conver·
1024 5774 1091 5830 Hac
1101 5772 1154 5830 ille.
1166 5775 1225 5830 Hac
1238 5774 1447 5848 itaqneratione
1456 5776 1597 5852 dicebatur
1607 5777 1741 5836 Moconui
1752 5786 1824 5836 cate·
