3848 6158
79 204 135 293 540
615 231 782 289 cosmrro
801 233 834 289 ιι.
853 260 889 274 -
908 234 953 290 nn
971 237 1206 295 orsonnnonn.
1684 254 1736 308 eso

79 366 132 432 tes,
145 376 180 416 tte
194 361 266 429 {orte
284 361 314 413 in
327 373 442 413 menum
458 372 594 413 cerream
605 362 654 413 cut
666 359 881 427 currissnnma·
896 363 923 427 Λ
939 361 1036 432 potuit.
1051 363 1223 436 Quapropter
1239 365 1390 425 secundum
1402 369 1568 441 Apostolum
1589 388 1640 443 per
1657 391 1735 431 aaran

79 457 135 512 tat.
153 457 204 525 rr.)
219 452 287 524 Quis
298 467 364 526 ergo
382 460 440 508 tam
452 459 634 525 praesumptor
643 459 671 509 et
681 467 769 510 caecus
782 453 828 523 sit,
837 454 884 528 qui
936 454 1056 524 justitio
1065 472 1126 525 qun
1144 473 1161 511 a
1175 457 1281 514 destris
1295 448 1358 517 sunt
1368 467 1423 518 etc
1436 465 1558 520 sinistris
1567 464 1602 535 (ll
1611 466 1670 522 Cor.
1682 471 1736 538 vr),

77 564 110 606 sc
122 547 222 606 audeat
231 561 281 602 suo
292 545 400 618 judicio
415 559 447 601 ac
458 543 615 601 discretioni
625 546 809 614 committere,
820 560 901 603 oum·
939 556 1014 605 recto
1038 550 1226 609 moderamine
1251 554 1449 614 transeundum
1471 566 1524 628 est,
1552 566 1579 615 et
1602 559 1639 616 ita
1662 560 1735 618 inter

79 644 140 701 Vas
162 641 307 699 electionis
325 639 475 713 indiguisse
489 639 711 712 coapostolorum
729 655 845 698 suornm
857 657 887 699 sc
940 649 1083 716 utrasques
1094 644 1247 703 nimietates
1261 646 1427 706 discretione
1438 650 1600 710 moderante
1613 653 1737 727 gradien-

79 736 227 796 collatione
242 736 378 792 testetur?
392 732 474 792 Unde
486 732 710 790 manifestissime
724 735 887 808 comproba·
940 733 1006 791 dum
1028 743 1083 805 est,
1106 745 1137 792 nt
1159 752 1237 796 neca
1252 740 1354 798 tradito
1367 742 1544 803 continentiae
1564 747 1676 804 tramite
1690 764 1740 807 ac·

80 841 130 890 tnr
142 829 210 889 nulli
223 829 374 887 aDomino
387 828 459 884 viam
468 826 648 901 perfectionis
656 828 774 902 ostendi,
788 829 835 902 qui
844 830 889 888 ba·
940 827 1110 900 quiescamus
1121 830 1230 902 abduci,
1241 848 1292 891 nec
1304 851 1417 894 rursum
1439 839 1599 898 remissione
1620 843 1702 899 noxia
1712 842 1740 899 in

79 927 153 986 bens
174 923 247 983 unde
261 924 349 985 valeat
374 921 489 992 erudiri,
510 920 666 980 doctrinam
690 922 830 981 seniorum
846 923 886 981 vel
939 922 1011 996 gulas
1022 925 1178 999 ventrisque
1192 926 1327 986 desideria
1336 931 1523 992 concidamus.

81 1022 213 1081 instituta
231 1018 440 1092 contempserit,
455 1016 654 1091 parvipendens
668 1017 734 1074 illud
747 1016 886 1090 eloquium
1213 1061 1336 1120 CAPUT
1368 1066 1453 1122 ΠΗ

81 1115 160 1192 qnod
170 1122 281 1190 oportet
292 1113 504 1187 diligentissime
517 1113 648 1170 custodiri
661 1129 669 1169 ι
682 1115 821 1185 interroga
832 1130 886 1187 pn-
1138 1178 1144 1189 ¹
1334 1180 1366 1191 ..
1457 1109 1464 1121 ⁹

81 1217 151 1271 bem
158 1215 246 1274 mum,
254 1214 280 1266 et
291 1208 468 1265 annuntiabit
474 1207 526 1262 tibi
540 1209 676 1276 mansisses
686 1211 756 1274 taos,
769 1208 888 1266 etdicent
1082 1177 1120 1232 θα
1132 1178 1316 1235 ‘mmo‘lermfs
1324 1184 1440 1251 muniis
1454 1188 1481 1238 et
1494 1185 1606 1252 vigitiis.

82 1307 140 1363 tibi
152 1308 270 1376 (beuter.
286 1307 397 1371 xxxix).
976 1300 1085 1358 Etenim
1103 1303 1218 1360 memini
1236 1319 1281 1361 me
1291 1305 1446 1379 frequenter
1460 1308 1497 1364 ita
1515 1310 1671 1382 appetitum
1683 1312 1739 1370 cibi

386 1395 512 1453 CAPUT
523 1397 600 1451 xvi.
939 1394 1048 1467 penitus
1062 1395 1210 1469 respuisse,
1231 1405 1262 1454 ut
1273 1397 1381 1457 duobus
1396 1399 1494 1458 diebus
1506 1417 1538 1458 ac
1550 1401 1638 1459 tribus
1652 1401 1741 1460 reiec-

290 1497 328 1552 itc
345 1492 497 1564 oppetenda
512 1491 678 1546 decretione.
939 1491 1014 1546 tione
1033 1489 1124 1560 dilata,
1139 1508 1174 1549 nc
1188 1495 1324 1553 memoria
1336 1494 1448 1569 quidem
1460 1495 1533 1554 illius
1552 1496 1637 1554 edulii
1651 1514 1741 1556 meam

120 1588 206 1648 Omni
218 1588 301 1662 igitur
319 1594 421 1645 conatu
433 1584 517 1642 debet
529 1582 703 1641 discretionis
712 1583 819 1642 bonnm
831 1585 887 1643 rir·
941 1583 1150 1656 interpellaverit
1163 1595 1285 1644 merrtem
1305 1606 1313 1644 :
1328 1596 1357 1645 ct
1367 1604 1461 1647 narsus
1473 1590 1509 1647 ab
1523 1590 1609 1648 oculis
1622 1591 1691 1648 meis
1704 1592 1742 1650 ita

85 1691 147 1741 tute
160 1681 327 1740 humilitatis
337 1677 452 1754 acquiri,
467 1693 529 1752 quae
542 1692 594 1736 nos
608 1677 711 1735 tttaesos
724 1677 760 1735 ab
771 1687 886 1753 unaque
940 1692 1070 1734 somnum
1080 1678 1181 1737 diaboli
1196 1680 1403 1755 impugnatione
1415 1682 1597 1754 subtractum,
1611 1693 1643 1742 ut
1651 1685 1742 1759 plnres

84 1785 178 1851 potest
198 1776 342 1834 nimietate
357 1788 477 1832 serrare.
503 1775 589 1831 Vetus
610 1787 730 1846 namque
753 1774 889 1831 sententia
904 1783 929 1847 Β
944 1781 1039 1831 noctes
1054 1788 1087 1830 ac
1102 1772 1160 1832 dies
1185 1775 1327 1848 paulutum
1347 1775 1412 1848 qnid
1435 1777 1526 1835 somni
1539 1778 1608 1835 meis
1624 1779 1743 1837 conlisa

86 1880 129 1930 nst
141 1880 154 1911 ο
165 1870 299 1943 ἀκρότητες
315 1868 437 1937 icimur,
447 1867 477 1924 id
500 1874 558 1936 est,
570 1866 725 1924 nimietates
745 1866 889 1939 aquatica·
942 1867 1064 1924 Domino
1084 1883 1209 1941 precarer
1230 1868 1347 1939 infundi,
1362 1872 1529 1947 graviusque
1543 1888 1589 1930 me
1602 1874 1743 1948 periclita-

86 1976 129 2023 tes
141 1964 363 2038 suntddunurn
376 1963 451 2020 enim
460 1960 547 2019 linem
561 1961 690 2018 nimietas
698 1960 793 2036 jejunii
804 1971 832 2019 et
843 1977 889 2019 vo·
942 1970 1002 2019 tum
1014 1964 1107 2020 somni
1120 1963 1226 2037 cibique
1245 1964 1367 2036 fastidio,
1380 1983 1463 2041 quam
1481 1969 1590 2042 soporis
1603 1978 1630 2028 et
1651 1972 1744 2046 gastri-

86 2061 189 2119 tacitas
201 2059 336 2133 persenit,
351 2057 500 2131 eodemque
509 2056 653 2130 dispendio
666 2055 820 2129 vigiliarum
835 2056 888 2115 im·
943 2056 1057 2130 margiae
1068 2057 1261 2115 colluctatione
1273 2062 1405 2131 persensi.
1422 2064 1527 2135 ltaque,
1549 2065 1647 2121 sieut*
1666 2064 1744 2124 iesti-

87 2155 237 2214 moderata
250 2152 422 2210 continuatio
429 2150 608 2221 monachum,
618 2166 674 2225 quo
687 2151 778 2208 somni
792 2152 890 2226 gravis-
943 2151 1065 2209 nandum
1079 2151 1159 2209 nobis
1171 2160 1212 2209 est
1224 2168 1259 2211 ne
1274 2154 1397 2226 appetitu
1411 2170 1551 2229 corporeae
1562 2159 1707 2232 voluptatis
1717 2161 1744 2218 in

89 2248 160 2305 simi
173 2254 269 2321 torpor
281 2245 403 2304 insolvit.
415 2248 486 2305 itam
500 2261 549 2319 per
560 2260 701 2303 excessum
715 2245 891 2306 continentiis
942 2243 1151 2304 dissolutionem
1165 2246 1275 2304 noxiam
1294 2246 1461 2318 dilabamur,
1481 2256 1509 2306 ct
1525 2259 1590 2308 ante
1604 2254 1743 2324 praestitu-

91 2339 268 2399 debilitatum
288 2355 425 2414 quomque
443 2338 567 2399 adillum
581 2347 684 2398 statum
701 2340 823 2399 revocari
840 2356 891 2398 ne·
943 2348 1006 2402 tum
1026 2351 1133 2417 tempus
1151 2344 1194 2403 rel
1216 2345 1278 2403 cibo
1299 2345 1449 2420 indulgere,
1482 2346 1524 2404 rel
1544 2349 1661 2407 modum
1686 2351 1745 2424 ejus

88 2452 168 2494 cesse
179 2443 222 2493 est
240 2435 270 2493 in
281 2450 337 2509 qno
348 2435 486 2510 negligens
499 2436 618 2510 quisque
632 2451 682 2509 per
695 2434 828 2493 incuriam
839 2435 892 2493 de·
943 2453 1145 2510 praesumamus
1169 2440 1315 2508 excedere;
1331 2439 1368 2497 ita
1385 2449 1428 2499 cst
1448 2456 1519 2500 escas
1538 2443 1681 2518 somnique
1699 2461 1745 2503 re·

90 2533 211 2604 tinctum
232 2532 271 2590 ita
293 2539 326 2590 nt
342 2530 499 2606 frequenter
521 2547 590 2607 qnos
602 2547 650 2606 per
672 2531 909 2606 gastrimargiam·
943 2530 1024 2590 tectio
1049 2532 1117 2590 hora
1137 2532 1267 2607 legitima,
1283 2534 1366 2593 etiam
1389 2536 1413 2592 si
1437 2536 1559 2605 horreat,
1587 2538 1744 2612 ingerenda.

87 2627 179 2701 decipi
198 2642 252 2685 non
265 2624 387 2700 potuisse
400 2626 603 2700 conspeximus,
619 2642 668 2699 per
681 2624 891 2685 immoderatio·
943 2628 1102 2700 Utrumque
1112 2627 1186 2684 enim
1197 2627 1455 2687 bellumadxarsarii
1465 2630 1586 2690 iacuere
1595 2634 1745 2706 consurgit,

88 2736 157 2780 nem
168 2721 338 2797 jejuniorum
352 2720 503 2779 viderimus
513 2721 597 2780 inisse
610 2721 745 2794 dejectos,
763 2728 847 2795 atquo
856 2719 892 2779 ad
945 2727 972 2777 et
984 2718 1160 2795 perniciosius
1170 2720 1338 2779 continentia
1353 2722 1536 2781 immoderata
1550 2740 1634 2798 quarn
1648 2728 1745 2783 saturi-

90 2814 218 2874 eamdem
231 2830 316 2890 quam
327 2815 450 2874 vicerant
463 2816 615 2890 passionem
631 2814 799 2874 infirmitatis
809 2830 892 2875 oeca-
944 2821 988 2871 tas
1004 2813 1122 2871 remissa
1136 2814 1303 2888 supplantat.
1317 2816 1361 2874 Ab
1389 2815 1441 2873 bac
1453 2831 1572 2890 namque
1586 2817 1621 2875 ad
1634 2834 1747 2877 mensn-

90 2911 171 2970 sione
193 2910 338 2984 collapsos.
365 2911 474 2986 Vigiliae
487 2927 597 2986 quoqne
622 2919 651 2969 et
674 2911 892 2986 pernoctationes
943 2923 1015 2978 ram,
1038 2908 1216 2967 districtionis
1241 2908 1424 2969 intercedente
1441 2913 1654 2984 compunctione
1675 2914 1749 2972 salu-

89 3005 262 3065 irratlonales
282 3006 438 3082 deJecerunt
461 3022 531 3080 quos
555 3023 670 3065 somnus
687 3023 816 3082 superare
835 3023 892 3066 non
944 3007 1007 3077 tari,
1017 3005 1163 3064 conscendi
1170 3014 1270 3080 potest,
1283 3006 1376 3065 abilla
1387 3022 1444 3064 non
1457 3015 1557 3080 potest.

639 3142 768 3200 nonant
786 3108 899 3200 osani
918 3141 1195 3200 coxnnnrsnxos.

129 3274 144 3305 ⁸
160 3267 192 3325 ln
203 3265 322 3325 codicib.
341 3266 490 3324 basileensi
500 3274 529 3325 et
541 3266 712 3340 Dionysieno
728 3283 784 3327 non
795 3267 893 3341 legitur
908 3273 931 3337 c
947 3268 1086 3340 monteri.
1099 3266 1183 3326 Unde
1196 3276 1224 3325 et
1241 3282 1312 3326 nnus
1339 3275 1445 3341 septem
1462 3266 1654 3341 sapientibus:
1669 3269 1747 3340 μηδὲν

92 3339 158 3397 baec
170 3339 303 3396 sententia
315 3339 423 3406 Graece,
436 3339 586 3396 sedLatins
597 3339 751 3407 dumtaxat,
762 3340 893 3412 quamsic
946 3341 1022 3412 ἄγαν,
1036 3339 1064 3395 id
1078 3348 1131 3406 est,
1145 3354 1179 3394 ne
1188 3341 1256 3408 quid
1269 3341 1350 3395 nimis
1368 3341 1461 3409 :qnod
1470 3345 1526 3396 tom
1535 3341 1633 3396 celebre
1643 3345 1748 3408 factam

92 3409 207 3484 exponit
215 3408 893 3483 Dionysius:Nimietatesoequaiitntessunt,ident,
948 3415 998 3474 est,
1007 3413 1144 3466 utcomioo
1152 3426 1257 3480 quoque
1265 3414 1562 3481 uersueapressumsit.
1574 3413 1749 3482 Sicdebesje·

92 3497 172 3554 caque
182 3485 284 3539 mnan
297 3502 305 3538 :
319 3482 524 3549 molimdicere,
533 3482 767 3540 ambnevitiosaeet
777 3483 894 3551 nocivae,
943 3482 1749 3554 junoreutnonpolpitesetrespiroreoinpossrs,etcomitnm

94 3553 174 3622 quod
184 3553 290 3625 plenius
304 3553 458 3611 declaratur
472 3568 532 3624 cap.
545 3557 592 3624 22,
603 3552 650 3611 ubi
669 3553 743 3626 paria
767 3551 824 3611 iere
846 3568 895 3610 os·
950 3559 1060 3610 tuorum
1071 3554 1112 3608 uel
1122 3554 1300 3624 percuteret
1310 3554 1430 3608 trcbcm's
1440 3556 1565 3610 manibus
1576 3557 1639 3623 ,sert
1651 3561 1682 3611 ut
1694 3558 1751 3623 tro

92 3624 246 3681 tenduntur
266 3625 359 3682 nimiae
378 3624 476 3682 inedias
490 3631 518 3680 et
528 3623 621 3682 nimiae
635 3624 778 3682 edacitatis
790 3625 896 3681 incom·
949 3630 990 3681 cto
1003 3627 1122 3696 corporis
1139 3627 1273 3695 appetitu,
1288 3640 1334 3680 nec
1354 3627 1384 3680 in
1406 3626 1524 3691 tectione,
1534 3629 1748 3698 certamimis,

95 3693 192 3752 moda.
218 3698 297 3757 lianc
310 3711 392 3769 porro
413 3695 590 3762 sententiam,
606 3704 637 3752 ut
658 3696 796 3765 Grtscam,
818 3712 896 3753 seue
949 3712 997 3752 trec
1013 3699 1042 3752 in
1055 3698 1159 3767 uigiliis
1169 3697 1246 3752 solito
1255 3697 1416 3765 quiiminus
1427 3700 1521 3766 facito.
1531 3697 1607 3754 ldem
1614 3699 1642 3754 in
1651 3699 1750 3755 isaiam

94 3767 204 3825 Grecis
213 3769 357 3840 prolatam,
369 3766 897 3825 intinctamenreddiditFaustuste·
950 3766 997 3824 lib.
1009 3782 1077 3825 ιιι.
1089 3783 1149 3839 cap.
1163 3771 1198 3824 52
1215 3787 1221 3822 ι
1233 3769 1325 3838 Neque
1337 3771 1408 3823 enon
1419 3771 1489 3824 uitio
1498 3775 1523 3825 at
1532 3771 1750 3838 perturbationes

95 3837 200 3912 giensis
211 3840 305 3898 libror
318 3840 352 3896 de
366 3840 462 3897 Gratia
473 3847 501 3895 et
513 3838 615 3896 Libero
630 3838 762 3907 Arbitrio,
780 3853 897 3910 eamque
951 3840 1063 3895 moicem
1069 3843 1262 3909 assequuntur,
1269 3838 1648 3908 quoddeoirtutibusdtcitur,
1654 3840 1751 3907 quiuis

95 3908 284 3970 snoinstituto
295 3911 334 3969 its
342 3909 535 3968 accommodat
546 3913 631 3967 :Perre
638 3912 898 3979 utraquenimietns,
952 3925 999 3965 nec
1019 3909 1164 3980 ὓπερὸάσιις
1174 3915 1247 3973 suast,
1262 3925 1308 3965 nec
1322 3907 1452 3980 ἐλλείψεις,
1466 3910 1497 3964 id
1506 3915 1554 3973 cst,
1573 3924 1621 3964 nec
1631 3910 1694 3979 plus
1706 3923 1752 3964 neo

96 3982 167 4045 dura
173 3982 361 4041 domnionem
367 3982 595 4052 otquedisorimen
603 3985 690 4037 tenere
695 3983 788 4044 nescit,
797 3981 900 4050 equote
952 3983 1052 4044 minan,
1065 3983 1112 4037 sed
1124 3983 1214 4035 ornain
1222 3984 1379 4050 mmpmcto.
1389 3984 1429 4037 lta
1439 3980 1632 4052 Hieronymus.
1647 3977 1752 4035 Eodem

96 4053 202 4110 maren
218 4055 344 4111 incurri.
359 4054 393 4108 Et
406 4067 501 4108 rursus
513 4058 582 4124 (cop.
597 4057 608 4106 t
628 4056 653 4107 ct
666 4055 709 4114 tr)
723 4068 730 4105 :
746 4052 812 4108 Cum
831 4053 901 4106 inter
953 4058 1075 4122 spectant
1086 4050 1147 4107 bac
1155 4050 1250 4107 isidori
1258 4050 1404 4108 Pelusiotae
1413 4050 1492 4123 epist.
1504 4057 1566 4112 ist.
1580 4049 1625 4105 lib.
1640 4063 1678 4107 ιιι
1693 4068 1699 4102 :
1717 4052 1752 4105 Ut

96 4124 158 4179 brec
166 4141 236 4182 unus
249 4129 354 4181 tuntum
362 4123 623 4187 insomnietatem
635 4122 844 4193 protasiudicet
853 4121 902 4176 de·
954 4136 1086 4191 corporee
1097 4119 1314 4191 pulchritudinis
1324 4135 1417 4176 emman
1425 4122 1605 4176 membrorum
1617 4125 1682 4191 opto
1690 4135 1752 4190 pro·

93 4198 267 4267 mnndum,
280 4195 408 4320 impletur
417 4195 447 4248 in
455 4197 567 4266 unoque
580 4197 673 4255 Groecn
692 4196 841 4250 sottenteb:
853 4195 901 4248 ni·
951 4195 1043 4263 portio
1055 4196 1103 4254 est,
1116 4193 1156 4245 ito
1170 4192 1251 4246 etiam
1260 4194 1381 4273 extremo
1387 4191 1542 4273 spiritualis
1551 4193 1752 4248 renotationis

97 4269 313 4335 mietotesoequu
325 4267 403 4320 itotes
416 4268 488 4329 sunt,
500 4266 835 4338 similistmptetcsetpar
846 4279 902 4322 csse
955 4265 1027 4319 lineo
1039 4265 1068 4318 in
1079 4264 1213 4317 uirtutum
1227 4261 1545 4319 medwcritnteoonststit.
1555 4265 1624 4320 Nam
1633 4266 1754 4319 sientrn·

94 4339 235 4411 probatur
248 4336 414 4406 improbitas,
423 4338 450 4391 si
460 4340 544 4393 totum
554 4339 607 4395 soli
617 4338 766 4409 pentateuci
781 4340 808 4394 si
815 4341 901 4392 totum
954 4337 1072 4398 miratos,
1083 4333 1232 4404 etquidem
1239 4335 1663 4404 sopientesoiripronunttbrunt,
1674 4337 1752 4390 inui-

97 4407 423 4490 soiicscrr'boturtnbori.
436 4409 560 4491 ilaecille.
574 4412 628 4467 Pro
642 4409 900 4482 quibusapudlliar·
955 4409 1024 4461 tium
1031 4407 1191 4490 depannant
1198 4404 1281 4475 (unde
1291 4407 1372 4461 ettam
1379 4409 1492 4491 oirtutes
1498 4408 1756 4492 mediocritatesesse

100 4479 902 4632 attestatoresstatuissetis
955 4477 1755 4633 tiburtis?irritaturos.tlt

100 4639 159 4694 por
168 4623 359 4694 esseprobntur
370 4624 505 4691 impietus,
519 4629 585 4685 etc..
597 4630 630 4702 ut
640 4635 675 4676 ex
689 4635 781 4702 priore
793 4631 900 4679 senten·
954 4620 1025 4680 adde
1037 4621 1104 4679 rllud
1118 4623 1228 4678 Horatu
1242 4623 1264 4693 (ι
1278 4623 1367 4688 Soti)

101 4693 145 4749 tia
156 4701 183 4748 et
192 4700 251 4749 toto
259 4693 318 4764 eius
327 4691 390 4750 libri
399 4698 515 4747 tractatu
526 4690 673 4764 colligitur.
684 4690 899 4750 Videturautem
913 4670 938 4734 D

102 4764 167 4821 hanc
179 4765 321 4831 sententia,
334 4779 383 4821 seu
397 4760 576 4834 proverbialis
588 4760 702 4830 locutio,
713 4776 746 4817 ex
755 4761 903 4819 Asistotelc
986 4772 1075 4825 vtrtns
1091 4774 1249 4825 estmedium
1260 4771 1380 4824 vidoram
1391 4770 1666 4832 utrimqnerednctnm.

102 4834 249 4907 desumpta
262 4852 285 4893 ιι
301 4834 404 4896 Ethic..
419 4849 481 4906 fflp.
496 4838 525 4902 6,
541 4832 588 4890 ubi
604 4833 685 4890 docet
698 4832 903 4905 plerasquexir-
986 4837 1031 4886 Est
1045 4835 1273 4908 modustnrebns:
1290 4834 1423 4906 suatemu
1437 4833 1547 4905 danique
1563 4831 1636 4893 unes,

102 4913 184 4965 tutes
193 4907 312 4981 morales
325 4906 353 4962 in
366 4905 469 4973 medio,
486 4904 539 4961 boc
548 4912 600 4974 est,
613 4904 683 4961 inter
701 4902 757 4961 duo
775 4913 903 4963 extreme
988 4901 1057 4955 Quos
1073 4897 1140 4946 ”¹¹¹²
1153 4900 1268 4958 minim
1281 4896 1630 4958 Πθφῑῑωωῑΰῖθῑθῐθθῑῡω·

103 4976 171 5034 vitia
186 4978 343 5035 consistere.
356 4976 430 5033 iluic
441 4991 524 5048 porro
539 4975 628 5032 affinis
639 4974 683 5031 illa
698 4974 836 5032 veteribus
853 4990 901 5032 oe-

103 5048 208 5107 lebrata
221 5047 356 5107 sententia
372 5068 378 5104 :
395 5047 471 5119 μηδὲν
487 5046 562 5113 ἄγαν,
575 5063 608 5103 ne
621 5047 688 5117 quid
698 5048 789 5111 nimo,
803 5045 837 5104 de
849 5061 904 5119 qua
957 5048 1090 5118 idemque
1109 5045 1174 5102 alibi
1194 5045 1293 5120 insigni
1316 5045 1437 5121 epitheto
1451 5064 1561 5107 ourmm
1579 5052 1756 5111 commendat

103 5120 427 5185 Stobaenssermonett,
441 5119 529 5202 etalia
543 5116 667 5203 cteob‘utt
681 5117 904 5200 apudenmdem,
957 5119 1179 5201 mammem
1199 5119 1324 5192 Denique
1374 5121 1533 5206 rxulgatum
1547 5132 1589 5181 est
1605 5124 1757 5198 liudpra-

103 5188 905 5346 suauitatisttttttttittatttltttttss
959 5189 1653 5345 “tlttrttat‘almtttmn...
1679 5268 1756 5329 rar.

104 5334 294 5418 virgunculam
307 5351 327 5418 ¹a
347 5342 463 5419 monet:
481 5337 572 5406 Neque
584 5349 646 5419 uero
659 5333 839 5418 rmntoderctc
853 5333 905 5417 trba
956 5348 1023 5390 nare
1040 5348 1114 5391 enrm
1126 5348 1182 5416 non
1202 5349 1310 5406 semper
1322 5351 1469 5409 properare
1485 5339 1631 5413 significat,
1649 5343 1696 5400 sed
1716 5344 1758 5401 in·

106 5410 379 5478 imperamuspejnnao
392 5411 419 5462 et
430 5406 688 5464 nwnnemmbornm
712 5406 904 5461 abstinentiam
956 5404 1066 5463 terdona
1084 5405 1563 5477 trepidare,autturbari,sollicitum
1580 5422 1629 5468 aut
1645 5415 1756 5470 anxium

107 5476 205 5548 quoia
218 5482 312 5535 statim
335 5479 452 5535 delicato
467 5494 577 5550 corporo
592 5480 770 5548 franguntur,
792 5480 818 5533 et
842 5481 904 5533 ante
957 5491 1029 5534 esse.
1044 5476 1157 5533 Sallust.
1175 5496 1181 5533 :
1197 5479 1399 5536 Festinantibus
1410 5482 1552 5538 insumma
1565 5485 1656 5553 inopia
1665 5489 1757 5554 putri-

106 5552 389 5622 oeqrotureinoipiunt,
398 5566 481 5621 quom
490 5554 590 5607 sarecto
603 5547 904 5617 mnoersotionisjecere
958 5549 1017 5605 bus.
1036 5550 1073 5605 Et
1096 5548 1199 5605 Gellius
1221 5550 1310 5620 (Nost.
1334 5552 1419 5607 Attia.
1445 5553 1491 5609 lib.
1512 5569 1544 5618 x,
1569 5559 1693 5624 coptu)
1717 5573 1756 5613 ex

103 5618 298 5689 formamenta.
320 5620 550 5694 Philosophorum
568 5636 677 5694 quoque
700 5620 833 5677 sententia
850 5628 903 5689 est,
957 5621 1079 5676 Varrone
1092 5619 1259 5677 docetaliud
1271 5636 1332 5678 csse
1343 5638 1499 5694 properare,
1515 5625 1589 5682 atiud
1615 5624 1755 5694 festinare

104 5691 248 5764 μεσότητας
260 5692 365 5764 ἀρετὰς,
385 5692 524 5765 impiatis
543 5693 629 5756 scitae
657 5688 725 5747 rivet
744 5691 819 5765 quod
833 5689 904 5747 Lati·
957 5697 986 5747 et
995 5689 1123 5748 festinare
1134 5691 1241 5749 dictum
1254 5692 1332 5764 quasi
1345 5693 1447 5751 lessam
1460 5711 1542 5752 esso:
1562 5711 1636 5763 nam,
1656 5697 1755 5770 inquit,

100 5778 160 5822 nus
170 5763 208 5821 ita
224 5772 315 5837 potest
327 5779 419 5822 sermo
427 5779 554 5823 resonare
577 5784 585 5823 r
609 5765 763 5823 Moderotcs
777 5779 832 5820 esse
847 5764 906 5817 nir-
957 5761 1004 5846 qui
1023 5762 1117 5819 mulis
1140 5763 1223 5821 simut
1244 5763 1327 5823 rebus
1349 5767 1530 5838 properandis
1554 5767 1679 5827 ridemus
1699 5776 1756 5834 est,

101 5840 191 5906 tutes,
204 5836 363 5893 eacedmtes
376 5835 574 5908 modumctque
590 5838 822 5903 mmmcmimer
835 5835 905 5891 cota
953 5847 1015 5906 rem
1028 5849 1086 5894 non
1099 5841 1239 5908 properat,
1251 5835 1301 5894 sed
1314 5834 1438 5895 totunm.
