3848 6158
135 270 202 325 1133
484 270 658 327 conlatio
677 270 742 326 titt.
763 300 798 313 -·
817 268 863 327 bu
882 274 960 329 Fin'ti
978 272 1177 330 COENOBITAE
1196 274 1240 329 ET
1260 274 1433 331 andbitun.
1718 276 1787 333 1131

132 390 256 465 perfruar
267 395 433 465 commodis,
448 396 565 454 breviter
576 398 716 469 explicabo
731 418 737 453 :
751 400 824 469 Vos,
838 409 933 458 utrum
946 416 973 467 Α
987 402 1064 471 sari,
1079 400 1184 475 digesta
1193 401 1352 459 narratione
1362 400 1533 475 perpendite,
1546 416 1689 474 perquam
1703 402 1787 458 etiam

132 481 178 541 illa
191 485 344 544 solitudinis
364 487 438 544 lucra
459 487 501 545 his
520 490 662 548 beneficiis
682 492 789 549 valeant
806 508 934 566 compen·
988 494 1042 551 licc
1056 494 1172 566 probare
1187 495 1317 569 possibile
1330 504 1383 563 est,
1398 502 1493 551 utinm
1506 494 1617 552 fastidio
1631 511 1668 552 an
1680 493 1789 553 deside·

684 658 812 712 ubiubi
830 658 942 713 GAZAEI
962 656 1240 715 COMMENTARIUS.

132 810 205 880 quod
215 812 342 881 postulet.
357 813 387 868 ld
400 813 473 869 enixu
489 829 521 869 ex
540 813 709 871 antecedenti
729 816 820 872 statim
836 832 932 873 conse·
986 817 1043 873 bet.
1067 816 1257 886 Quamobrem
1271 831 1382 872 neceme
1396 825 1438 871 est
1452 816 1481 871 in
1497 816 1558 871 vitae
1570 815 1713 881 societate,
1726 830 1789 887 quae

132 880 235 954 quitur,
253 891 284 938 ut
303 883 325 938 si
339 882 483 953 praefectus
507 887 665 942 monasterii
689 887 817 944 universa
841 888 932 944 debite
985 889 1013 943 iii
1028 905 1085 944 uiio
1098 889 1189 960 aliquo
1202 897 1244 945 est
1258 888 1372 957 spiritus
1384 886 1515 951 efficacia,
1530 902 1592 943 eam
1605 886 1789 969 inuniversae

132 950 302 1022 moderetur,
324 955 352 1011 id
373 964 431 1021 est,
456 957 585 1012 omnibns
609 958 770 1015 necessariis
793 959 932 1031 provideat
984 958 1235 1032 simulpervadcre.
1257 959 1538 1030 igiturqnisecrsnm
1553 974 1569 1014 11
1582 966 1788 1014 caemrisvitam

132 1037 165 1078 ac
177 1024 332 1098 prospiciat,
342 1026 432 1083 nullus
443 1028 640 1084 monachorum
649 1030 820 1086 occasionem
835 1030 931 1086 babeat
985 1029 1071 1102 degit,
1096 1031 1120 1085 is
1133 1043 1220 1085 unum
1235 1029 1346 1100 aliquod
1370 1028 1486 1084 fortasse
1507 1029 1611 1084 dcucni
1637 1027 1742 1084 habet:
1760 1037 1789 1085 et

132 1093 234 1175 aliquid
256 1096 419 1167 postulandi.
441 1100 616 1170 Quamquam
643 1100 687 1155 illa
710 1100 792 1157 etiam
816 1100 930 1158 illariani
985 1099 1051 1156 illud
1064 1102 1153 1172 ipsum
1165 1115 1199 1155 ec
1210 1100 1284 1172 quod
1302 1099 1368 1154 nibil
1381 1108 1520 1163 exerceat,
1536 1099 1623 1155 sedin
1636 1097 1788 1168 seipscdc-

132 1168 211 1221 lectic
237 1182 295 1222 non
314 1169 463 1242 incongrue
478 1171 518 1226 sic
538 1170 637 1241 exponi
656 1179 759 1243 potest,
782 1181 813 1228 ut
832 1172 931 1228 ecdem

132 1236 248 1304 recidat,
260 1238 313 1293 bcc
324 1240 407 1296 modo
424 1259 431 1293 :
449 1242 530 1299 Nmuc
544 1243 614 1313 quod
635 1244 754 1313 postulet
769 1243 807 1315 (td
825 1251 867 1299 est
879 1243 930 1299 ali—

131 1307 198 1380 quid
218 1316 310 1381 petat)
342 1327 416 1367 rinno
443 1329 495 1367 nori
519 1314 628 1375 11111111,
661 1314 772 1384 supple,
798 1313 930 1383 tunicam,

132 1394 248 1450 sagum,
263 1389 291 1436 et
311 1390 408 1439 eaetera
430 1384 597 1449 necessaria;
621 1384 778 1455 providente
802 1386 932 1441 omnibus

131 1449 272 1530 praefectc,
293 1462 440 1525 autequam
477 1462 594 1512 etantiir.
614 1459 650 1509 ut
670 1455 722 1510 hcc
732 1455 821 1512 obiter
833 1456 869 1511 cb
881 1456 932 1513 loci

129 1520 211 1577 istius
222 1524 415 1581 obscuritatem
431 1541 446 1580 a
465 1526 553 1581 ditum
575 1526 620 1583 sit.
637 1527 761 1583 Secunda
774 1526 877 1583 utilitas
891 1535 933 1583 est

985 1170 1088 1227 fossum
1102 1170 1232 1237 detineat,
1255 1170 1350 1225 inutile
1364 1168 1438 1226 facit.
1454 1172 1555 1227 Contra
1570 1185 1644 1233 vero,
1660 1169 1788 1226 ubicum-

984 1257 1036 1314 que
1048 1243 1197 1299 multorum
1207 1241 1417 1313 societasriget,
1433 1257 1465 1297 ec
1477 1240 1576 1296 fruitur
1585 1240 1701 1313 quisque
1712 1240 1787 1311 quod

985 1330 1066 1370 suum
1081 1322 1122 1369 est
1134 1321 1179 1368 :et
1192 1327 1226 1368 ex
1237 1311 1332 1367 alienis
1345 1312 1533 1375 nibilominus,
1543 1320 1573 1367 ut
1584 1312 1652 1379 suis,
1666 1310 1788 1368 fructum

985 1384 1066 1456 capit.
1089 1384 1168 1440 Adde
1192 1384 1265 1456 quod
1282 1382 1432 1454 periculum
1446 1383 1529 1438 etiam
1545 1380 1702 1455 hujusmodi
1717 1381 1787 1439 scli-

985 1456 1082 1511 tariam
1097 1456 1181 1511 ritam
1193 1454 1339 1510 comitatur
1352 1462 1379 1509 et
1391 1453 1493 1509 assidet
1507 1462 1605 1525 piaeter
1619 1454 1679 1524 jam
1692 1453 1764 1509 dicta
1777 1471 1785 1511 i

985 1528 1106 1598 primurn
1126 1525 1237 1598 quidem
1250 1541 1283 1581 ac
1296 1524 1459 1591 maximum,
1482 1523 1575 1596 nequi
1589 1539 1651 1580 eam
1666 1524 1750 1596 degit,
1764 1524 1787 1582 is

986 1598 1037 1654 sibi
1050 1597 1133 1655 veluti
1155 1597 1233 1679 plana
1249 1596 1307 1668 jam
1329 1596 1524 1668 perfectionem
1547 1593 1645 1667 adepto
1663 1594 1786 1651 blandia-

130 1590 194 1665 fuga
214 1595 391 1663 cenodoxia,
406 1612 453 1652 seu
475 1598 669 1723 vanaeglcriae,
686 1600 764 1665 cujus
785 1598 826 1653 vel
843 1599 932 1653 maxi·
1293 1668 1299 1679 ,
1391 1668 1397 1679 ,
1497 1667 1503 1678 ⁰
1585 1667 1591 1677 g
1721 1666 1749 1678 ..

130 1678 208 1719 muni
235 1665 385 1735 periculum
399 1667 570 1723 imminet-so
582 1669 672 1724 iterio.
688 1667 770 1724 Unde
779 1671 815 1724 D.
833 1669 929 1724 Hiero·
985 1676 1032 1724 tur
1045 1685 1052 1721 τ
1063 1685 1128 1725 cum
1140 1684 1213 1724 enim
1226 1682 1365 1723 neminem
1389 1683 1417 1723 iii
1437 1682 1468 1723 ea
1482 1674 1517 1722 sit
1530 1666 1670 1721 babitums
1682 1682 1730 1748 qui
1738 1683 1787 1751 Ju-

131 1749 232 1802 nymus
244 1739 344 1808 (Epist.
360 1740 386 1803 4)
400 1740 611 1803 :liisolitudina
626 1740 724 1808 inquit,
737 1741 818 1807 [uirile
827 1741 931 1811 obrepit
985 1739 1077 1796 dicare
1089 1740 1176 1812 possit
1196 1740 1231 1796 de
1247 1738 1290 1795 bis
1306 1754 1368 1811 quac
1381 1739 1418 1819 ab
1439 1738 1498 1809 ipsc
1512 1738 1587 1797 fiant.
1602 1738 1787 1820 cumulatissi-

131 1807 272 1875 superbia,·
286 1814 312 1863 et
322 1811 347 1862 si
355 1812 933 1881 pariunperjquccuerit,liontiriarnquenori
986 1826 1068 1867 mese
1080 1812 1172 1867 omnia
1189 1809 1348 1883 praestitisse
1360 1810 1537 1865 arbitrabitur
1550 1809 1631 1891 (iside
1646 1810 1788 1864 Hier.Pla·

131 1878 239 1941 11111111,
252 1884 335 1949 putat
348 1896 376 1934 se
389 1882 505 1949 ciiiilius
518 1897 571 1937 esse
581 1884 722 1949 momenti3
733 1883 934 1953 oblitisquesui
986 1888 1042 1937 tuin
1058 1884 1224 1937 1111111111(
1239 1883 1326 1951 llelip.
1343 1898 1365 1935 c.
1381 1880 1436 1952 39).
1454 1882 1493 1935 lix
1511 1895 1565 1951 quo
1580 1878 1648 1935 illud
1659 1888 1788 1951 sequetur

131 1948 203 2002 aride
216 1954 242 2002 et
253 1966 306 2018 quo
319 1952 513 2014 emeritanus
527 1953 612 2019 (11111,
624 1953 717 2020 linqua
726 1955 795 2021 (oris
804 1960 929 2024 cupatur.
985 1961 1016 2007 ut
1027 1968 1091 2009 crim
1100 1954 1183 2009 anicii
1199 1951 1324 2008 habiturn
1336 1968 1417 2024 quem
1432 1951 1515 2007 habet
1531 1950 1565 2007 ad
1577 1950 1706 2032 virtutem
1718 1950 1787 2007 assi-

131 2018 223 2073 Tertia
246 2020 347 2076 utilitas
369 2029 411 2077 est
424 2020 557 2093 subjectio
574 2031 601 2079 et
620 2023 794 2078 mortificatio
815 2025 932 2096 propriae
985 2024 1039 2080 due
1053 2023 1128 2096 apud
1142 2040 1172 2080 se
1185 2038 1372 2094 compressum
1385 2022 1502 2078 tenuerit
1517 2038 1550 2078 ac
1565 2021 1647 2077 veluti
1658 2022 1787 2078 introclu-

132 2088 289 2160 voluntctis,
316 2107 400 2164 quani
425 2094 512 2163 tangit
534 2095 586 2149 sub
606 2093 690 2149 inem
719 2094 800 2175 hujus
822 2096 928 2177 capitis.
945 2108 970 2171 B
986 2111 1059 2163 sum,
1074 2111 1161 2169 neque
1183 2093 1377 2166 quibusrebus
1399 2092 1561 2149 destituatur
1577 2092 1718 2165 intelligat,
1741 2109 1787 2149 ne-

132 2160 234 2216 Verum
246 2178 335 2235 opeiae
350 2164 466 2235 pretium
480 2164 560 2221 fuerit
575 2168 623 2221 bas
632 2174 715 2238 atque
726 2165 791 2221 alias
803 2166 931 2223 utilitates

133 2231 195 2287 ritae
215 2234 383 2290 aoencbiticac
398 2244 425 2291 et
445 2237 598 2292 eommunis
621 2236 727 2308 plenius
744 2245 772 2292 et
791 2237 899 2294 uberius
915 2254 930 2294 a

134 2304 167 2355 l).
183 2304 283 2360 Basilio
292 2316 430 2362 enarratas
437 2307 640 2364 hicdescribere
649 2308 689 2377 (111
697 2310 791 2377 Requi.
802 2310 859 2376 sits.
871 2326 929 2380 cap.

130 2378 167 2433 7).
183 2375 210 2429 ls
218 2375 292 2430 enim
302 2375 353 2432 liae
366 2378 516 2449 quaestione
526 2378 671 2450 proposita,
683 2387 777 2435 utrum
788 2380 876 2451 magis
883 2396 923 2435 ex·

132 2444 223 2516 pediat
237 2447 261 2528 ei
275 2447 624 2577 quimandumielingueie
633 2449 790 2515 decreverit,
802 2466 927 2507 seorsum

130 2525 260 2574 aeaeteirs
272 2518 423 2575 solitariam
436 2519 521 2577 vitam
558 2536 648 2593 egere,
661 2538 699 2577 an
712 2537 777 2578 vero
791 2538 855 2578 cuin
871 2523 931 2579 aliis

131 2587 254 2658 ejusdem
279 2590 386 2648 consilii
405 2599 431 2647 et
445 2592 575 2663 propositi
591 2593 693 2649 sceiisl
707 2592 766 2648 sine
787 2593 843 2649 ulla
856 2593 932 2649 dubi·

132 2658 235 2716 tatione
248 2661 284 2717 ita
298 2662 443 2733 respondet
459 2684 465 2718 :
482 2666 540 2735 Ego
553 2662 587 2721 ad
597 2663 698 2719 multas
708 2679 751 2719 res
765 2664 859 2720 utilius
872 2680 931 2721 esse

130 2730 260 2804 intelligo,
269 2733 291 2787 si
306 2749 360 2789 unc
377 2742 403 2789 et
416 2732 514 2790 ecdem
528 2734 555 2789 in
568 2736 630 2790 loco
644 2735 734 2805 plures
747 2735 840 2790 vivant
853 2752 908 2792 una
922 2755 928 2790 :

130 2816 163 2856 ac
176 2803 262 2872 primo
286 2803 408 2875 quidem,
424 2805 498 2875 quod
516 2821 599 2862 nenio
623 2813 748 2861 nostrum
766 2813 817 2871 est,
832 2806 860 2861 in
874 2822 930 2879 quc

132 2872 235 2950 unoad
248 2889 291 2930 res
313 2874 365 2929 sibi
384 2875 595 2933 1111111111
615 2877 697 2932 vitam
716 2877 930 2957 11111υά11111

132 2940 195 2995 sidii
218 2942 283 2997 sctis
306 2959 365 2998 esse
382 2946 468 3015 possit
487 2964 494 2999 ι
513 2946 623 3018 qnandc
651 2947 678 2999 in
700 2945 742 3001 bis
764 2947 931 3018 inquirendis

133 3010 248 3068 vicissim
258 3012 325 3068 alios
338 3014 455 3071 aliorum
469 3013 610 3071 videamus
629 3032 646 3071 c
665 3032 710 3071 era
722 3016 850 3088 indigere.
871 3021 931 3074 lice

133 3089 234 3149 nutem,
249 3083 379 3140 nimirum
391 3094 421 3140 ut
435 3086 479 3141 alii
495 3087 613 3143 vicissim
630 3034 747 3142 (1110111111
762 3102 846 3158 opera
858 3089 929 3146 indi-

131 3168 267 3222 geremus,
282 3171 315 3210 eo
333 3155 448 3212 consilio
465 3166 597 3213 statutum
611 3166 652 3213 est
664 3156 699 3213 ab
722 3157 817 3227 opifice
836 3169 931 3217 ncstrc

986 2181 1039 2238 quc
1059 2168 1275 2239 progressionem
1290 2164 1373 2221 ullam
1398 2180 1482 2236 quani
1497 2162 1525 2218 iii
1545 2162 1692 2219 virtutibus
1705 2162 1787 2219 faeiat

985 2238 1071 2293 videat
1088 2258 1095 2292 ε
1110 2239 1209 2310 quippe
1227 2237 1273 2306 qui
1292 2235 1413 2307 undique
1426 2236 1568 2289 materiam
1593 2233 1644 2289 sibi
1661 2249 1787 2290 exercen-

982 2307 1083 2365 dorum
1096 2308 1289 2365 mandatorum
1304 2321 1418 2362 omnem
1432 2306 1576 2362 ademerit.
1591 2306 1651 2374 Qua
1668 2306 1742 2360 enim
1755 2322 1786 2362 re

986 2380 1150 2436 liumilitatis
1172 2395 1230 2434 suae
1260 2378 1457 2433 documentum
1482 2376 1557 2432 dabit
1581 2377 1627 2448 qui
1648 2376 1786 2432 neminem

984 2451 1082 2507 lrabeat
1099 2466 1154 2522 quc
1167 2465 1197 2505 se
1214 2449 1389 2504 humiliorem
1400 2447 1535 2503 declaret?
1550 2447 1630 2518 Quod
1645 2447 1712 2503 item
1726 2464 1786 2519 spe·

985 2522 1075 2577 cimen
1089 2521 1154 2578 edet
1168 2536 1225 2577 suae
1239 2520 1265 2575 in
1276 2520 1344 2576 alios
1358 2518 1615 2587 commiserationis,
1631 2534 1646 2572 a
1664 2518 1786 2589 plurium

984 2594 1177 2649 communione
1200 2590 1343 2656 dissectus,
1363 2590 1408 2645 cui
1419 2604 1484 2644 curii
1496 2588 1571 2644 nullo
1588 2590 1694 2661 penitus
1710 2605 1786 2645 ccm-

984 2665 1117 2720 mercinm
1133 2663 1187 2719 siti
1207 2665 1276 2718 iiaea
1297 2670 1324 2717 et
1349 2662 1425 2731 plura
1448 2658 1564 2715 Basilius
1581 2660 1649 2715 satis
1670 2658 1786 2716 obscure

983 2735 1096 2807 quidem
1114 2743 1143 2791 et
1153 2734 1237 2791 nimis
1248 2733 1361 2789 verbose
1374 2731 1409 2787 ab
1419 2732 1568 2803 interprete
1584 2730 1691 2787 reddita
1704 2731 1787 2799 (Vide

983 2809 1065 2861 ctiam
1083 2810 1191 2862 Petram
1204 2806 1337 2861 liciniani
1355 2805 1401 2858 lib.
1419 2819 1456 2871 ri,
1471 2805 1549 2872 qiist.
1571 2804 1677 2871 ¹2).De
1689 2801 1786 2858 eadcni

984 2891 1048 2932 vero
1070 2876 1274 2948 comparatione
1289 2875 1351 2929 ritae
1372 2874 1541 2930 coenobitieae
1565 2888 1628 2929 euin
1651 2872 1784 2939 solitaria,

984 2947 1074 3004 ridere
1092 2956 1134 3004 est
1146 2950 1387 3004 Turrecrematum
1403 2945 1507 3017 prolixe
1521 2952 1651 3026 agentem
1666 2951 1786 3001 tractatu

985 3019 1012 3073 in
1034 3020 1169 3090 Regulam
1192 3018 1265 3075 beati
1288 3016 1444 3079 Benedicti,
1461 3016 1508 3072 ubi
1526 3031 1565 3072 sic
1587 3014 1701 3089 incipit:
1717 3018 1787 3071 Licet

986 3096 1129 3161 utrumque
1141 3106 1222 3159 penus
1232 3095 1289 3145 tam
1308 3090 1530 3143 anachoretarum
1550 3102 1632 3157 qrmm
1645 3086 1786 3141 mercabitu-

984 3177 1045 3215 ram
1058 3162 1193 3216 laudabile
1202 3164 1248 3224 sit,
1260 3176 1343 3229 penus
1352 3165 1441 3214 lameri
1451 3158 1788 3213 eilacmncbilarumeide·

131 3226 202 3293 Dec,
221 3235 252 3283 ut
268 3225 429 3283 ciliciorum
446 3228 662 3300 permutatione,
682 3228 755 3284 inter
775 3244 825 3285 ncs
840 3230 930 3288 dando
985 3238 1033 3285 tur
1043 3233 1192 3301 precellere
1210 3234 1241 3285 in
1256 3230 1353 3291 imbus,
1373 3230 1496 3283 1111111111
1515 3232 1545 3282 in
1563 3231 1725 3297 promicet
1741 3230 1788 3283 boc

132 3296 360 3370 accipiendoque,
377 3298 463 3367 lianc,
491 3300 524 3356 ad
549 3308 673 3357 mutuam
693 3298 929 3371 conjunctionem,
983 3308 1180 3371 postmortem
1196 3302 1392 3366 insecuritate,
1407 3302 1433 3353 et
1447 3300 1494 3353 troc
1509 3301 1538 3353 in
1556 3303 1655 3380 rnorte3
1676 3301 1705 3351 in
1720 3314 1788 3353 (1111-

132 3382 244 3424 causam
265 3369 437 3425 haberemus.
457 3370 501 3426 ild
522 3371 582 3428 liaec
607 3370 636 3425 in
659 3369 817 3443 bnjusmcdi
837 3374 930 3429 ritaea
984 3374 1100 3428 lameritc
1111 3372 1265 3442 multiplici,
1279 3374 1305 3425 et
1317 3372 1364 3425 lice
1375 3372 1404 3425 iri
1421 3372 1486 3451 1111.
1503 3369 1572 3438 Quae
1587 3376 1644 3425 sint
1654 3384 1717 3424 vero
1728 3369 1786 3426 liaec

131 3440 238 3496 caeteris
261 3441 432 3505 secessione,
454 3442 521 3498 illud
540 3443 624 3500 etiam
644 3450 687 3497 εει
706 3442 928 3510 incommodum,
963 3444 1168 3512 „emolumenta
1191 3450 1389 3514 consequenter
1402 3440 1527 3512 explicat.
1547 3443 1663 3507 Verum,
1679 3448 1709 3496 ut
1725 3438 1786 3497 haea

131 3510 206 3581 qnod
229 3528 317 3583 neque
333 3529 445 3584 peccare
466 3530 495 3570 se
509 3513 586 3570 facile
600 3513 662 3584 quis
680 3513 814 3587 intelligit,
832 3516 931 3588 quippe
948 3491 1138 3572 fiamnrattns
1153 3511 1582 3597 (1111111111111111111111111111111
1597 3512 1666 3594 alias
1680 3511 1785 3595 dictum

132 3582 178 3654 qui
196 3584 337 3639 neminem
355 3584 454 3641 habeat
477 3602 492 3641 a
507 3602 564 3657 quc
589 3594 617 3640 et
635 3593 766 3656 arguatur
784 3587 883 3643 leniter
904 3596 931 3642 et
982 3585 1019 3643 sit
1033 3588 1116 3643 vitam
1136 3586 1287 3643 solitariam
1310 3592 1337 3640 et
1359 3583 1578 3640 anachoreticam
1596 3582 1786 3665 sublimiorem

131 3651 278 3711 clementer
291 3656 451 3727 corrigatur.
466 3660 526 3729 Quo
539 3658 569 3712 lit
581 3664 612 3711 ut
630 3655 658 3710 in
672 3672 736 3712 eum
751 3657 817 3713 illud
826 3674 931 3714 conve·
982 3674 1015 3715 ac
1031 3658 1218 3731 perfectiorem
1230 3672 1290 3713 esse
1305 3656 1360 3712 rite
1372 3654 1514 3735 communi
1527 3662 1555 3709 et
1567 3655 1741 3721 coenobitica,
1757 3663 1784 3711 et
1839 3666 1849 3676 ·

131 3724 211 3779 niat:
235 3728 281 3781 l’a
305 3728 369 3789 soli:
392 3731 519 3797 quonian
540 3745 600 3784 cam
622 3728 829 3795 castiniacae
852 3731 931 3786 tabet
981 3732 1018 3786 D.
1045 3730 1213 3803 Augustinus
1233 3728 1261 3783 in
1282 3726 1353 3783 libro
1377 3726 1412 3783 de
1432 3726 1559 3807 operibus
1583 3723 1785 3807 monachorum

129 3796 308 3853 subiacentem
317 3815 344 3853 se
359 3798 467 3869 (butes.
484 3802 536 3870 iv).
554 3802 626 3853 Tum
638 3799 703 3855 illud
716 3799 799 3855 etiam
814 3801 929 3869 accedit,
983 3804 1060 3872 (Gap.
1082 3809 1139 3870 ia),
1155 3801 1214 3858 illos
1227 3799 1377 3857 sanctiores
1390 3812 1450 3853 esse
1464 3796 1547 3864 dicat,
1560 3812 1608 3865 qur
1621 3802 1785 3879 occnspeetu

130 3866 205 3938 quod
227 3867 273 3937 qni
299 3869 390 3938 plnres
416 3869 498 3923 simul
525 3869 622 3924 eodem
641 3866 670 3921 fn
690 3868 750 3923 icco
773 3873 930 3942 congregati
984 3873 1121 3929 bominum
1134 3875 1267 3943 separati,
1283 3869 1399 3925 11111111
1420 3868 1578 3938 reprobent
1591 3882 1784 3949 necessarum·

129 3945 205 4001 sunt,
219 3937 237 3992 ii
251 3936 373 4008 pluribus
387 3938 468 3993 etiam
483 3946 599 4009 possunt
611 3937 691 3993 simul
705 3940 847 4010 praeceptis
855 3943 930 3996 satis·
983 3948 1072 3997 acrites
1082 3947 1111 3997 in
1125 3959 1224 4011 manna
1238 3942 1385 4019 intentione
1400 3941 1561 4019 orationum,
1571 3952 1731 4019 'necessario
1741 3937 1785 3992 liic

131 4006 233 4064 facere.
257 4008 337 4076 Qiicd
355 4018 450 4064 contra
471 4019 512 4066 est
529 4009 558 4064 in
571 4024 604 4064 eo
625 4008 671 4078 qui
691 4009 767 4064 scius
781 4019 822 4067 est
838 4027 845 4065 :
863 4010 930 4068 dum
985 4012 1146 4069 ascribenda
1159 4012 1266 4067 ridetur
1279 4010 1440 4089 explicatio,
1453 4009 1616 4064 etdcctrina
1629 4023 1785 4063 iereaurea

131 4078 206 4133 enini
226 4094 312 4134 unum
337 4079 504 4150 exsequitur,
521 4080 555 4136 ab
576 4079 631 4135 alio
653 4079 801 4151 impeditur
824 4082 930 4139 :veluti
987 4086 1018 4138 D.
1043 4083 1166 4146 lbcmae,
1182 4082 1227 4149 qni
1241 4080 1314 4136 bane
1334 4086 1515 4150 quaesllonem
1535 4085 1655 4134 tractans
1669 4082 1741 4143 (1-2,
1755 4096 1783 4149 q.

131 4164 234 4221 aegrum
248 4149 368 4216 visitans,
382 4151 516 4222 hospitem
527 4167 583 4208 uon
594 4151 829 4233 potamioenae,
841 4168 929 4224 neque
986 4160 1048 4220 ¹88,
1063 4159 1116 4209 art.
1128 4160 1168 4220 8),
1186 4156 1282 4209 Utrum
1290 4152 1437 4221 perfectior
1450 4152 1488 4204 sit
1503 4150 1599 4220 religio
1615 4151 1645 4203 in
1661 4152 1785 4206 societate

131 4220 158 4274 in
179 4236 195 4274 o
214 4220 400 4277 arefaciendo
417 4222 540 4279 studium
554 4230 683 4291 retinere,
704 4222 750 4294 qul
770 4223 798 4278 in
813 4224 930 4296 partien·
984 4228 1215 4295 rionitiumqanin
1226 4222 1626 4293 aperti'umaitamsolitciiam,
1640 4222 1785 4292 respondet

131 4291 173 4347 dis
186 4237 432 4366 ‹iistribuendisque
446 4294 480 4351 ad
490 4310 570 4351 usum
585 4294 648 4349 vite
667 4294 834 4351 irecessarics
848 4296 931 4352 rebus
984 4296 1011 4351 in
1023 4295 1095 4352 bunc
1113 4295 1231 4367 moduni
1245 4315 1251 4351 :
1267 4292 1414 4377 bisentium
1432 4292 1507 4376 quod
1518 4293 1651 4377 solitaria,
1668 4296 1737 4377 sicut
1759 4300 1785 4350 ct

131 4373 280 4435 occupetur
295 4383 302 4416 ε
326 4366 479 4435 presertim
501 4365 610 4438 qnando
628 4366 656 4421 in
675 4365 834 4423 ministeriis
856 4366 930 4424 bisce
984 4369 1043 4438 ipsa
1054 4373 1212 4439 prorepentes,
1224 4382 1276 4421 nori
1289 4369 1397 4435 estrpsa
1410 4370 1523 4420 amentia
1533 4366 1723 4435 perfeetionis,
1738 4368 1785 4422 seit

132 4434 264 4490 obeundis
291 4434 386 4491 fratres
404 4436 505 4494 diutius
522 4452 633 4495 necesse
657 4437 694 4493 sit
707 4438 834 4494 detineri.
850 4438 930 4509 Quod
980 4442 1155 4511 perfeetionis
1168 4440 1385 4495 instrumentum.
1406 4436 1481 4493 Unde
1493 4438 1717 4491 insultationibus
1730 4438 1784 4491 Pa-

131 4505 154 4561 si
169 4521 266 4560 omnes
276 4506 304 4561 iii
325 4523 378 4561 nnn
390 4523 438 4579 spe
451 4510 539 4564 volenti
562 4523 649 4564 (11111111
662 4524 762 4580 corpus
775 4525 887 4577 suiuus,
903 4519 930 4567 et
983 4516 1057 4566 trum
1072 4512 1178 4581 (Callai.
1196 4518 1208 4565 1
1226 4527 1286 4582 cap.
1302 4514 1342 4576 7),
1355 4508 1422 4562 dicit
1434 4507 1518 4562 <abbas
1539 4508 1783 4588 dfopses'qncdlpiu

131 4586 215 4658 eaput
237 4577 375 4633 Christum
396 4578 527 4635 babemus
550 4598 556 4634 :
580 4578 676 4660 singuli
696 4588 788 4636 autem
811 4582 928 4639 vicissim
980 4586 1100 4653 puritate
1111 4583 1198 4637 coritis
1208 4582 1322 4637 solitudo
1331 4579 1513 4643 sectandaest,
1526 4582 1595 4631 sicut
1607 4582 1633 4631 et
1638 4592 1746 4659 jerunta
1758 4582 1784 4631 ct

131 4648 177 4703 alii
189 4648 305 4705 aliciuni
316 4649 457 4715 membres
468 4648 589 4722 profecto
604 4648 654 4704 nisi
672 4649 699 4704 in
716 4649 769 4707 boc
786 4652 929 4724 ecnspira-
982 4655 1040 4708 alia
1050 4654 1214 4723 cujusmodi.
1228 4654 1407 4717 diariisestum
1422 4654 1460 4703 est
1476 4652 1566 4728 autern
1579 4646 1651 4731 quod
1668 4647 1784 4702 solitudo

132 4720 260 4787 verinus,
277 4728 307 4776 ut
318 4721 353 4777 ad
367 4720 577 4777 similitudinem
591 4719 714 4791 corporis
726 4722 816 4789 unius,
831 4724 860 4778 in
872 4724 930 4797 Spi-
982 4741 1036 4779 nori
1049 4730 1088 4779 est
1106 4728 1311 4779 instrumentum
1324 4734 1468 4787 congruum
1483 4722 1595 4787 actions,
1606 4718 1653 4773 sed
1666 4722 1783 4774 contem-

131 4789 187 4844 ritu
207 4799 301 4845 sancto
320 4791 383 4846 nexi
400 4792 510 4874 aptique
528 4794 599 4848 iuter
623 4805 675 4847 nos
695 4790 791 4860 simus,
814 4808 847 4849 ac
872 4810 929 4851 non
980 4794 1107 4865 plrtioni,
1129 4788 1569 4869 111111111111111011111111ιά1
1585 4793 1784 4846 ‚duraturam

129 4860 244 4915 seorsim
268 4860 382 4932 quisque
401 4863 564 4931 disjunctam
581 4881 596 4920 a
611 4862 779 4933 reliquorum
801 4880 929 4922 commu·
942 4867 968 4929 l)
983 4866 1198 4928 insolituiliuem,
1210 4860 1508 4933 alloquarotlrcrejus.
1520 4861 1784 4931 liridencneonqruit

130 4931 213 4986 nicne
226 4930 309 4985 vitam
326 4931 481 4991 instituerit.
498 4934 542 5005 qni
563 4934 621 4991 lieri
632 4934 732 5059 poterit
753 4943 784 4990 ut
796 4936 824 4990 in
836 4936 928 5009 hujus·
982 4937 1163 5005 religionibus,
1178 4933 1451 5004 quaerimoniarum
1462 4932 1500 5014 acl
1511 4948 1592 5002 opera
1603 4935 1665 4987 cita
1678 4936 1782 5001 conca,

131 5001 207 5059 madi
228 5002 405 5058 distractione
425 5011 454 5058 et
477 5005 553 5075 quasi
579 5005 715 5060 arusioue
740 5015 864 5063 mutuant
886 5009 927 5063 iii·
982 5002 1655 5078 1111111111,εἰειερίεὶιιιαΙίας1113111111(ιά
1669 5008 1782 5085 tmipirs,

130 5081 173 5127 ter
194 5074 250 5144 ipsa
265 5073 390 5130 membra
412 5076 629 5132 convenientiam
651 5084 800 5148 mutuaque
820 5088 930 5150 priests·
982 5076 1782 5158 1111111111(1111111111,(ιι11111111·1,1111εεειο,ἐ1111111

131 5158 195 5199 mus
225 5144 330 5201 officia?
365 5161 454 5219 neque
478 5147 550 5202 enlin
576 5145 669 5201 intuli
694 5146 863 5218 sejunctione
885 5165 931 5205 ies
983 5149 1273 5213 maritmisolusorcre,
1287 5148 1780 5217 eteratpiincelansrucrationeller.

130 5216 231 5285 patitur
253 5223 284 5270 ut
310 5216 436 5289 gaudenti
458 5219 521 5290 quis
547 5215 715 5289 congaudeat
739 5227 788 5275 ant
817 5220 932 5293 patienti
985 5226 1113 5293 Competit
1128 5219 1559 5288 (1111111111191111111,(11111111
1577 5216 1613 5271 aii
1627 5220 1699 5270 conte
1746 5217 1786 5300 lc-

129 5285 318 5357 compatiatur
327 5307 333 5341 :
342 5288 483 5360 siquidem
496 5306 528 5346 ea
539 5290 675 5362 separatio
688 5289 753 5347 facit
767 5301 799 5348 ut
812 5294 931 5350 1111111111-
985 5298 1084 5348 tionem
1099 5295 1240 5349 (1111111111.
1263 5290 1493 5370 Corisirleraudum
1506 5291 1546 5370 est
1560 5292 1649 5342 tannen
1662 5303 1728 5371 quo·
1754 5287 1786 5343 sd

131 5356 219 5413 terius
231 5365 333 5412 statum
347 5374 383 5413 iie
395 5361 471 5419 norit
488 5362 611 5433 quidein.
627 5358 668 5415 Ad
689 5360 750 5419 haec
763 5380 828 5419 cuni
845 5379 931 5420 nemo
985 5365 1057 5433 meod
1083 5370 1123 5419 est
1139 5365 1294 5419 solitarium
1308 5362 1384 5415 debet
1396 5374 1450 5414 esse
1467 5359 1521 5413 sibi
1537 5373 1586 5428 per
1600 5373 1628 5413 se
1641 5360 1784 5427 stallariis.

131 5442 204 5484 unus
228 5427 346 5484 idoneus
360 5429 397 5484 sit
407 5432 454 5511 qui
465 5432 537 5489 dona
557 5433 711 5506 spiritualia
733 5436 829 5491 omnia
841 5436 931 5491 susci·
986 5438 1040 5491 linc
1053 5440 1143 5489 cirtem
1157 5439 1196 5488 est
1213 5434 1257 5487 (11·
1271 5432 1340 5486 nibil
1358 5431 1429 5487 deest
1446 5428 1520 5501 quad
1531 5430 1649 5511 pertinet
1660 5430 1788 5487 adratio-

132 5496 200 5571 piat,
219 5497 288 5556 illud
301 5510 437 5556 usuvenit
448 5501 548 5561 invitae
557 5504 774 5573 consociatione,
783 5515 816 5563 ut
826 5506 933 5563 donum
985 5522 1046 5561 irent
1056 5507 1171 5576 perlecti
1184 5522 1193 5557 :
1207 5508 1233 5559 et
1250 5504 1309 5557 ideo
1323 5502 1439 5557 solitudo
1457 5504 1590 5584 occipetrt⁸
1600 5504 1789 5585 cointemplanti

131 5569 207 5639 quod
218 5570 247 5626 iii
258 5586 430 5644 unoquoque
440 5580 483 5629 est
496 5576 677 5645 peculiare,id
692 5578 810 5634 alioruin
820 5593 933 5650 quoquc
987 5575 1441 5649 (11111111111111111111111111.
1452 5572 1529 5639 Quod
1540 5574 1649 5642 quidem
1657 5577 1790 5642 coritirrprt

131 5655 283 5698 ccnimune
297 5644 436 5699 sociorum
449 5642 498 5699 flat
512 5664 520 5701 :
536 5648 594 5701 Alii
606 5654 677 5704 enim
686 5648 769 5705 1111111·
779 5666 864 5705 serino
886 5666 934 5703 sc-
987 5644 1788 5718 (1111111111.1111111οά11111111111111111111111,1111111111

96 5756 99 5761 .
128 5712 251 5783 pientia,
265 5716 315 5768 alii
331 5730 416 5771 sermo
425 5718 551 5783 1111111111,
564 5719 614 5772 alii
627 5722 703 5788 fidas,
718 5724 770 5777 alii
779 5723 933 5792 prmrlietic,
987 5714 1789 5789 deJourrrreBaptista,qrrifrritreplelusSpiritusarrctcmlliuc

132 5782 186 5839 alii
195 5788 288 5851 pratia
298 5788 483 5852 sartationum,
493 5796 547 5844 etc.
561 5789 654 5855 (1001.
669 5792 726 5861 xii).
742 5794 811 5862 Quae
822 5794 933 5863 singula
990 5810 1025 5847 aar
1037 5796 1110 5847 aalma
1119 5792 1215 5847 aratris
1224 5806 1281 5845 suar
1296 5808 1304 5843 :
1320 5788 1392 5843 aride
1404 5804 1462 5843 (111
1476 5787 1564 5870 tultae
1575 5801 1643 5857 puer
1658 5788 1793 5839 essetnec

132 5852 282 5927 quibabet,
297 5856 320 5914 is
333 5872 392 5913 ucri
406 5872 456 5914 sua
465 5858 552 5931 mags
566 5860 780 5931 quamalicrnni
793 5880 876 5923 causa
887 5864 935 5921 bc·
990 5864 1152 5935 inderetis,
1165 5866 1195 5919 ut
1205 5860 1392 5919 (1111111111
1398 5854 1715 5929 primosecundum*
1728 5860 1814 5901 W·
