3848 6158
83 307 86 312 ·
137 309 191 364 sse
442 304 612 362 tonnano
631 307 677 362 lv.
698 290 734 348 4
754 308 798 363 oe
816 307 1109 367 concuvxsusnrn
1128 311 1251 369 uunuxs
1270 315 1313 369 er
1332 315 1497 374 sexatrus.
1745 327 1801 382 seo

137 437 194 500 ιιι).
208 430 369 505 Quaegratia
383 445 593 502 nonnumquam
607 431 760 488 econtrario
774 433 940 506 negligentes
953 439 980 502 Α
994 435 1152 493 firmitatem
1167 439 1287 494 sentiens
1304 439 1392 497 dicam
1408 459 1416 496 ε
1430 445 1531 499 Bonum
1546 445 1616 500 milri
1629 449 1693 517 quio
1707 449 1799 504 bumi-

134 543 166 584 ac
178 525 312 582 resolutos
325 525 507 596 inspiratione
520 522 587 592 bac,
600 540 653 596 qua
672 525 779 596 dicitis,
794 538 901 596 sancta
912 536 941 584 et
994 528 1070 585 liasti
1079 546 1121 586 me
1132 532 1217 597 (Prot.
1234 533 1357 605 cxviii),
1373 533 1414 590 vel
1429 528 1591 594 exercitium
1604 555 1659 595 non
1680 539 1798 598 habeam

138 620 304 677 abundantia
328 617 494 691 spiritalium
520 617 721 690 cogitationum
746 620 858 681 visitare
883 637 940 678 nou
995 622 1154 695 preliandi,
1171 624 1245 696 quod
1263 625 1323 683 sine
1336 627 1421 684 dubio
1436 627 1536 687 babere
1554 646 1611 688 nou
1626 641 1742 705 potero,
1769 635 1793 692 si

135 714 237 781 renuit,
250 713 299 770 sed
313 712 428 785 inspirat
441 711 581 784 indignos,
596 713 746 770 exsuscitat
758 714 939 785 dormientes,
993 717 1060 774 milri
1069 734 1176 790 semper
1189 729 1217 775 et
1225 706 1377 794 indisrupte
1391 723 1536 782 colrreserit
1549 728 1683 798 protectio
1692 729 1794 786 divina.

134 816 163 865 et
184 808 321 866 illuminat
339 807 466 864 obsessos
488 805 649 878 ignorantiae
667 806 800 876 caeclmte,
822 809 940 866 clemen·
992 810 1142 869 Suliultum
1151 829 1269 885 namque
1281 831 1326 872 me
1336 816 1550 875 tuadeleusione
1558 829 1663 878 tentare
1673 822 1797 882 diabolus

132 911 229 978 terque
242 919 294 960 nos
313 903 405 977 arguit
416 911 498 975 atquc
521 902 654 976 castigat,
669 901 816 960 iulundeus
829 920 859 961 se
881 921 938 962 cor·
992 905 1178 970 nonaudebit,
1193 906 1259 963 illud
1275 909 1409 982 objiciens
1421 919 1448 966 et
1460 914 1640 986 exprobrans,
1655 916 1696 972 vel
1709 918 1795 985 milri,

130 997 214 1056 dibus
228 997 344 1066 uostris,
363 1005 395 1053 ut
407 995 447 1052 vel
466 995 508 1052 sie
520 994 555 1051 de
567 996 675 1052 inertiae
687 1011 786 1054 somno
799 1013 937 1070 compuri·
991 999 1033 1053 vel
1046 998 1115 1064 tibi,
1127 1000 1200 1070 quod
1215 1001 1346 1058 adversus
1366 1003 1482 1060 athletas
1495 1014 1561 1063 tuos
1574 1056 1586 1084 e
1601 1010 1670 1065 solet
1688 1010 1792 1068 calum·

129 1091 225 1147 ctione
261 1090 346 1162 ipsius
383 1087 504 1156 instigati
536 1102 700 1160 consurgere
746 1104 935 1159 provocemur.
989 1089 1065 1147 piosa
1079 1107 1145 1148 voce
1155 1093 1286 1160 prolerre.
1300 1095 1594 1168 Numquidgratislob
1605 1101 1672 1156 colit
1685 1104 1792 1160 Deum:

130 1184 258 1256 Denique
279 1192 292 1218 ⁸
309 1184 466 1255 frequenter
478 1180 562 1237 etiam
583 1180 717 1238 odoribus
736 1182 808 1241 ultra
822 1198 936 1240 omnem
989 1186 1081 1242 Nonne
1094 1186 1247 1241 insultasti
1259 1202 1318 1241 eum
1332 1189 1486 1243 aedanum
1500 1190 1568 1259 ejus,
1584 1193 1791 1263 numerumque

130 1280 295 1336 suavitatem
309 1276 515 1351 compositionis
529 1276 673 1346 humane,
696 1276 725 1333 ia
739 1276 783 1334 bis
797 1278 862 1348 ipsis
885 1295 935 1336 su-
988 1279 1169 1334 substuntiam
1182 1281 1239 1350 ejus
1252 1297 1305 1352 per
1318 1284 1460 1337 circuitum
1483 1281 1559 1353 (Job.
1572 1298 1582 1338 1
1594 1282 1626 1354 ll
1640 1285 1693 1341 Sed
1706 1287 1795 1359 magis

131 1373 191 1430 bito
216 1372 416 1429 visitationibus
442 1370 636 1443 adimplemur,
661 1371 698 1426 ita
722 1379 753 1427 ut
777 1387 858 1437 mens
882 1371 935 1431 bac
988 1382 1143 1445 petoneme
1156 1388 1350 1449 usquequaque
1364 1377 1486 1447 deseras,
1501 1378 1576 1451 quod
1590 1380 1795 1439 Graecedicitur

131 1467 312 1526 oblectatione
326 1466 449 1531 resoluta
468 1466 494 1521 io
513 1463 662 1536 quemdam
680 1463 791 1536 spiritus
811 1467 933 1539 rapietur
987 1453 1090 1537 ἀμεχρι
1103 1468 1162 1538 πρὸς
1176 1467 1327 1540 aperietur,
1344 1470 1446 1540 idest,
1462 1474 1596 1543 usquead
1613 1477 1791 1532 minuentem.

131 1576 282 1633 excessum,
303 1576 388 1634 seque
411 1559 579 1616 commorari
598 1557 773 1617 obliviscatur
788 1560 817 1617 iu
839 1576 931 1620 came.
987 1559 1126 1628 Quantum
1135 1561 1207 1618 enim
1221 1561 1288 1618 mibi
1303 1561 1370 1618 utile
1381 1572 1423 1619 est
1441 1565 1464 1620 si
1477 1580 1522 1619 me
1542 1566 1682 1636 paululum
1695 1567 1790 1625 subre-

433 1692 552 1748 (Ἄρῃ
578 1693 623 1747 vl·
912 1692 919 1707 .
986 1654 1113 1727 linquas,
1134 1665 1166 1713 ut
1187 1655 1314 1715 desiderii
1338 1660 1392 1716 mei
1406 1661 1562 1717 constantia
1582 1662 1790 1733 comprobetur,

984 1754 1091 1805 tautum
1114 1751 1226 1806 noxium
1250 1759 1292 1807 est
1315 1752 1338 1807 si
1363 1768 1412 1823 pro
1427 1752 1533 1808 meritis
1549 1770 1582 1809 ac
1596 1754 1701 1812 delictis
1721 1757 1789 1815 meis

132 1809 207 1877 Quod
225 1809 291 1863 “lile
309 1807 385 1862 '1⁰⁶ss
395 1808 435 1862 δι”
454 1807 593 1861 inimum
606 1822 624 1860 ⁰
636 1808 749 1863 ”mm
768 1807 928 1879 derelinqui·
945 1851 969 1914 Β
984 1841 1100 1897 nimium
1112 1858 1157 1897 me
1167 1842 1254 1898 deseri
1268 1844 1399 1914 patiarisr
1416 1846 1479 1917 quia
1498 1846 1572 1902 nulla
1589 1848 1676 1903 virtus
1690 1849 1791 1907 buma-

166 1939 200 1992 ln
212 1943 319 1991 tantum
341 1948 405 1990 vero
415 1931 503 2000 illum,
517 1948 598 2005 quem
613 1932 743 2003 diximus,
758 1935 929 2006 abscessum,
983 1951 1028 2001 aa,
1046 1936 1068 1991 si
1081 1936 1182 1992 diutius
1192 1937 1220 1992 in
1234 1938 1385 1994 tentatione
1395 1946 1443 1994 tuo
1459 1939 1601 1996 deseratur
1611 1943 1788 2013 auxilio,sua

132 2036 169 2096 et,
183 2036 214 2084 ut
225 2028 262 2082 ita
275 2027 382 2098 loquar,
395 2025 580 2084 desertionem
595 2027 658 2096 Dei,
671 2027 768 2085 beatus
782 2030 872 2087 David
881 2030 931 2087 uti·
982 2029 1082 2100 poterit
1094 2030 1247 2087 constantia
1258 2029 1415 2102 perdurare,
1435 2040 1463 2087 et
1475 2047 1531 2088 nou
1547 2036 1672 2106 protinus
1686 2037 1785 2093 adver·

133 2121 188 2179 lem
198 2136 258 2177 csse
271 2120 410 2194 coguovit,
425 2128 636 2194 utncquaquam
657 2121 784 2179 maluerit
804 2139 883 2180 orare
896 2140 931 2181 ne
984 2123 1046 2179 sarii
1066 2123 1106 2178 vel
1124 2124 1243 2196 potentia
1262 2125 1303 2180 vel
1321 2122 1441 2181 factione
1459 2127 1656 2197 succumbere,
1680 2130 1733 2185 uisi
1754 2136 1783 2186 tu

134 2219 227 2274 aDeo
242 2217 348 2288 penitus
355 2214 383 2271 in
396 2215 473 2272 nullo
481 2215 693 2288 relinqueretur.
708 2218 769 2273 Hoc
777 2219 853 2274 enim
863 2219 931 2275 scie·
983 2215 1056 2287 ipse,
1072 2217 1118 2288 qui
1129 2232 1158 2271 es
1170 2215 1354 2276 humanarum
1373 2217 1472 2273 vinum
1491 2220 1634 2283 conscius,
1652 2236 1684 2277 ac
1697 2222 1782 2278 lucta·

134 2309 181 2367 bat
203 2309 384 2382 incongruum
405 2309 514 2364 essevd
535 2309 605 2377 sibi,
619 2309 659 2365 vel
680 2308 808 2368 humanae
824 2320 931 2369 naturae
984 2307 1090 2365 minum
1106 2309 1276 2378 moderator,
1291 2314 1511 2382 nonperrniseris
1532 2315 1632 2368 tentari
1645 2330 1787 2387 nossuper
1856 2316 1862 2335 '

131 2400 165 2458 ad
179 2401 330 2474 quamlibet
344 2400 511 2472 pervenienti
534 2400 728 2474 perlectionem
742 2421 750 2472 ς
765 2404 813 2461 sed
825 2411 928 2477 tempe·
982 2401 1014 2456 id
1025 2403 1250 2474 quodpossumus,
1260 2404 1406 2472 sedfeceris
1415 2421 1475 2459 mim
1486 2409 1719 2463 tentationeetiam
1729 2413 1783 2465 ιιι.

130 2496 182 2555 rari
204 2511 265 2551 eam
285 2495 376 2566 potius
396 2495 558 2568 deprecatus
571 2497 625 2565 sit,
645 2497 738 2555 diceus
762 2517 769 2554 t
786 2491 799 2530 ὓ
816 2501 875 2557 Non
887 2515 929 2555 me
983 2502 1051 2562 tum,
1065 2506 1097 2554 ut
1105 2502 1238 2555 sustinere
1248 2503 1383 2570 possimus
1396 2501 1419 2571 (1
1433 2502 1493 2559 Cor.
1511 2503 1554 2572 x).
1565 2503 1631 2558 Tale
1643 2505 1741 2574 quidet
1755 2507 1783 2562 in

128 2589 300 2660 derelinquas
311 2603 504 2660 usquequaque
517 2589 599 2661 (Psal.
615 2591 733 2662 cxvxn).
745 2594 786 2647 Ae
796 2591 929 2649 sidiceret
982 2595 999 2648 J
1002 2594 1113 2651 udicum
1126 2593 1207 2661 libro,
1218 2609 1277 2664 cap.
1292 2609 1342 2657 ru,
1358 2608 1440 2665 super
1454 2594 1702 2651 exterminatione·
1715 2612 1783 2667 gen-

126 2686 187 2742 aliis
210 2685 300 2741 verbis
316 2704 323 2739 ι
339 2684 401 2741 Seio
420 2684 495 2757 quod
518 2684 707 2759 derelinquere
724 2686 813 2743 soleas
829 2686 930 2743 utiliter
982 2688 1052 2744 tium
1071 2676 1254 2759 spiritalirlm,
1268 2701 1330 2757 quae
1352 2685 1530 2742 adversantur
1543 2685 1647 2749 israeli,
1671 2688 1786 2758 mystice

128 2790 189 2840 tuos
208 2789 333 2849 sanctos,
347 2789 377 2836 ut
395 2795 444 2836 eos
458 2779 568 2853 probes.
582 2780 671 2837 Aliter
683 2781 755 2837 euim
772 2781 807 2838 ab
830 2782 928 2839 adver·
982 2781 1101 2853 legimus
1114 2781 1286 2851 designatum
1303 2800 1309 2836 :
1325 2773 1458 2836 'Husunt
1469 2785 1559 2849 pentes
1574 2795 1640 2850 quas
1654 2785 1785 2838 Dominus

128 2878 200 2936 tario
215 2876 313 2932 tentari
330 2892 386 2931 non
401 2883 527 2947 possunt,
540 2875 593 2931 nisi
610 2883 662 2931 ate
675 2875 811 2948 paulisper
827 2874 928 2932 luerint
982 2875 1136 2945 dereliquit,
1148 2880 1178 2929 ut
1192 2875 1310 2930 erudiret
1317 2877 1347 2929 in
1356 2877 1394 2930 eis
1407 2875 1545 2938 lsraelem,
1560 2879 1586 2928 et
1595 2875 1786 2930 babmentcon·

129 2970 267 3039 derelicti3
280 2979 308 3027 ιι
317 2971 379 3026 ideo
393 2986 449 3026 uon
463 2952 531 3043 rogo
543 2978 574 3025 ut
584 2985 736 3041 numquam
750 2969 927 3025 mederelin·
981 2970 1149 3026 suetudinem
1160 2985 1219 3025 eum
1242 2969 1362 3024 nostibus
1374 2967 1533 3039 preliandi.
1550 2970 1582 3022 lit
1597 2967 1697 3023 iterum
1721 2978 1783 3038 post

129 3079 215 3138 quas,
229 3064 289 3137 quia
304 3080 359 3120 non
373 3063 483 3136 expedit
499 3063 582 3131 mibi,
602 3071 702 3119 utnon
718 3063 756 3118 vel
779 3078 867 3118 meam
884 3062 927 3117 iu·
982 3078 1066 3134 pauca
1083 3065 1296 3133 :⁸Dimisitque
1309 3062 1601 3132 eosDeus,utinipsis
1617 3063 1786 3132 reperiretis

677 3187 805 3244 Alanoi
824 3186 936 3243 GAZAEI
954 3187 1232 3245 COMMENTARIUS.

164 3321 177 3347 ⁸
192 3310 359 3368 suavissime
381 3310 408 3365 id
430 3310 544 3382 explicat
565 3310 745 3367 suavissimus
771 3311 927 3368 idemBer·
944 3312 1058 3384 capud
1082 3311 1243 3384 Dionysium
1264 3311 1322 3367 sola
1349 3311 1501 3375 habentur,
1528 3312 1633 3369 Graecis
1660 3312 1782 3368 omissis.
1806 3310 1814 3329 ⁸

129 3383 232 3440 nardus
246 3398 372 3437 sermone
386 3383 431 3437 illo
447 3398 520 3438 nono
536 3391 564 3438 ct
578 3382 683 3440 decimo
698 3382 726 3438 ln
740 3382 867 3451 Carrtica,
883 3383 927 3439 ubi
983 3387 1070 3440 Porro
1083 3399 1116 3439 ex
1134 3382 1187 3439 boc
1204 3383 1284 3438 etiam
1301 3384 1360 3438 loco
1371 3397 1453 3437 nemo
1466 3398 1521 3437 nou
1537 3383 1609 3438 videt
1630 3384 1680 3439 bas
1693 3385 1780 3440 colla·

131 3454 165 3512 de
176 3454 272 3511 osculo
285 3453 411 3524 spiritali,
426 3453 460 3509 de
469 3454 596 3511 uberibus
607 3452 700 3526 sponsi
715 3463 743 3509 et
755 3469 879 3527 sponsae,
893 3455 929 3511 de
982 3455 1071 3511 tiones
1085 3454 1192 3522 Ιιιίιιι,
1205 3470 1261 3510 non
1281 3454 1375 3510 Graece
1388 3452 1470 3509 fuisse
1485 3454 1598 3522 scriptus

131 3526 217 3583 odore
229 3532 429 3597 unguentorum
442 3524 615 3596 spiritalium,
630 3535 658 3581 et
671 3524 839 3598 hujusmodi.
1019 3531 1031 3559 ⁸
1044 3527 1149 3583 Gentes
1162 3526 1219 3581 illas
1240 3526 1375 3597 spiritales
1390 3533 1476 3589 vocat,
1495 3525 1567 3595 quod
1583 3541 1677 3582 earum
1690 3526 1782 3581 uomi-

168 3594 292 3659 lldest,
304 3597 420 3668 penitus,
437 3597 560 3661 omnino,
571 3598 666 3655 Graece
681 3597 727 3660 ἕως
740 3598 844 3669 σφόδρα,
864 3612 886 3653 1.
902 3613 927 3654 e.
983 3597 1062 3654 uibus
1075 3599 1101 3655 iu
1123 3598 1261 3669 Scriptura
1281 3598 1416 3668 expressis
1434 3596 1565 3669 spiritalia
1587 3597 1667 3662 vitia,
1684 3598 1784 3667 quibus

132 3665 324 3736 usqueuimis.
338 3676 369 3722 ut
380 3667 448 3722 intra
461 3668 525 3740 legit
535 3668 692 3726 ciaconius.
709 3672 850 3741 Quantum
866 3684 930 3732 sero
984 3668 1108 3725 bdelium
1124 3677 1230 3724 mentes
1244 3667 1450 3740 impugnantur,
1466 3668 1581 3738 mystice
1597 3668 1784 3740 designentur.

130 3736 243 3794 diflerat
254 3737 369 3809 relinqui
382 3755 396 3792 a
411 3742 482 3805 Deo,
506 3748 533 3794 et
548 3741 653 3810 penitus
671 3757 719 3797 seu
738 3755 931 3812 usquequaque
985 3743 1027 3796 De
1038 3741 1136 3811 quibus
1150 3741 1211 3796 aide
1228 3741 1257 3794 b.
1270 3741 1484 3810 Hieronymum,
1497 3746 1525 3792 et
1537 3738 1606 3793 alios
1618 3753 1715 3793 vocum
1727 3740 1785 3793 lle-

130 3807 280 3880 derelinqui
293 3825 327 3879 ap
347 3809 415 3865 osite
434 3809 468 3864 ad
489 3810 665 3866 bunelocum
681 3810 797 3876 exptten
811 3815 844 3866 D.
866 3813 930 3865 Am·
985 3810 1141 3866 braiearum
1168 3813 1337 3880 interpretes.

130 3879 241 3936 brosius
256 3825 363 3936 navidis
375 3879 500 3948 exemplo
515 3881 613 3946 :Quin
628 3879 728 3946 inquit,
743 3881 835 3934 nullus
847 3884 934 3949 potest
1023 3880 1078 3936 ll).
1095 3881 1259 3946 Gregorius,
1272 3879 1319 3935 lib.
1333 3894 1366 3935 xv
1385 3878 1533 3935 lllorallnm
1550 3893 1609 3947 cap.
1624 3881 1670 3943 ιι,
1682 3875 1787 3946 produ·

127 3952 267 4022 perdemus
281 3967 335 4006 esse
348 3954 404 4005 sine
416 3952 509 4016 (iecore
526 3951 586 4009 Dei,
605 3963 690 4016 neque
701 3952 795 4011 tutus,
811 3949 871 4002 ideo
888 3965 933 4003 ro·
987 3959 1034 4006 cto
1049 3951 1100 4005 lxoc
1112 3950 1270 4006 testimonio
1285 3950 1377 4005 subdit
1389 3969 1396 4005 :
1409 3951 1455 4005 Ad
1474 3951 1521 4004 bat
1534 3964 1647 4017 namque
1662 3947 1787 4018 quedam

132 4037 200 4092 aare
218 4023 296 4077 debet
312 4038 344 4074 ne
364 4022 470 4089 penitus
491 4033 551 4072 eum
571 4018 741 4087 derelinquat
763 4022 843 4075 Deus.
865 4020 935 4076 Nam
987 4020 1786 4082 uitianostruretinentur,utsesenostraintentiosollicitum

130 4107 216 4163 supra
231 4094 337 4160 eoque-it
356 4089 445 4146 Dauid
459 4103 490 4141 ue
504 4089 753 4160 derelinqueretur,
766 4090 856 4144 dicens
872 4107 880 4143 :
896 4091 950 4147 Νι.
989 4093 1019 4145 in
1028 4093 1172 4145 certamine
1181 4106 1283 4159 seraper
1295 4095 1424 4152 ececeat,
1435 4094 1460 4144 et
1470 4103 1498 4142 ιο
1511 4088 1666 4143 deuictoria
1678 4104 1731 4143 non
1742 4105 1788 4145 su·

131 4162 305 4232 derelinquas
320 4177 371 4222 me,
395 4160 504 4214 Domine
530 4163 599 4216 Deus
622 4175 709 4226 meum
734 4160 777 4215 liic
796 4162 838 4214 ait
867 4162 936 4218 :Ne
986 4161 1789 4233 pertint,quoeioereinsebostesconspieit,aquibusadbuc

130 4233 205 4291 derel
210 4237 306 4301 inquis
314 4247 355 4284 me
367 4245 554 4301 usquequaque
565 4250 573 4297 ;
585 4233 634 4287 lroe
647 4236 696 4294 est,
707 4233 830 4287 multum.
845 4232 936 4302 Supra
989 4234 1063 4287 uinci
1070 4231 1211 4299 formidat.
1224 4232 1517 4301 lsraelerqoresematis
1525 4232 1787 4296 nostibuseruditur‚

128 4307 208 4375 sorte
218 4302 395 4370 quasiudbue
406 4305 623 4372 imperfectuset
635 4305 664 4358 in
677 4304 936 4374 magnisperturba·
990 4304 1099 4375 quaudo
1120 4305 1149 4358 in
1167 4303 1330 4373 quibusdum
1345 4304 1422 4357 vitiis
1445 4304 1566 4357 minimis
1579 4304 1659 4358 elatio
1680 4306 1790 4361 uirtutis

130 4374 257 4434 tionibus
266 4375 370 4442 positus
380 4388 407 4427 se
423 4373 575 4443 derelinqui
587 4375 715 4441 timebat3
729 4375 936 4443 bicautemp'um
990 4380 1089 4430 nostru
1099 4376 1296 4443 comprimitur,
1305 4378 1337 4429 ut
1347 4375 1477 4445 inpureis
1486 4375 1541 4429 sibi
1551 4376 1737 4431 resistentibus
1749 4377 1792 4432 di-

131 4448 244 4515 sertior,
261 4460 313 4498 nen
322 4447 396 4503 tiuut
407 4445 566 4515 derelinqui,
581 4450 750 4512 uttentetur;
760 4447 807 4501 sed
819 4451 937 4515 roqutne
989 4451 1056 4509 scut,
1072 4446 1144 4517 quod
1155 4461 1190 4501 ee
1201 4461 1228 4501 se
1237 4447 1343 4516 majora
1357 4461 1410 4500 non
1422 4446 1535 4514 subipet.
1553 4447 1620 4502 llaec
1629 4446 1790 4519 Gregorius,

127 4519 242 4589 percitus
257 4516 472 4585 derelinquatur.
488 4517 648 4586 Plerumque
667 4521 757 4571 autem
774 4516 937 4587 derel-iuquit
992 4517 1077 4577 ethis
1096 4516 1197 4572 similia
1214 4517 1260 4572 lib.
1279 4532 1316 4572 ιιι
1335 4517 1439 4587 llialog.
1454 4532 1514 4587 cap.
1535 4523 1577 4571 14.

134 4590 215 4648 Deus,
234 4603 299 4656 quos
318 4589 376 4641 unilt
390 4587 502 4658 probari
519 4590 645 4656 :penitus
659 4592 750 4641 autem
764 4588 936 4657 derelinquit,
1027 4589 1112 4647 ‘Non
1122 4593 1153 4643 ut
1166 4590 1248 4643 sciret
1261 4592 1331 4645 Deus
1345 4590 1464 4642 omnium
1476 4589 1606 4656 cognitor,
1621 4590 1703 4639 etiam
1718 4589 1794 4652 tutu·

134 4673 204 4729 quos
212 4658 319 4712 deserit.
331 4659 479 4725 Deretiqnit
491 4660 599 4726 penitus
609 4657 719 4721 ludim,-
731 4672 784 4712 non
795 4658 939 4728 dereliquit
992 4674 1099 4725 rnnm3
1110 4659 1158 4714 sed
1173 4664 1205 4713 ut
1218 4661 1318 4713 scirent
1327 4660 1392 4728 ipsi,
1405 4664 1431 4712 et
1445 4669 1496 4711 sua
1507 4657 1665 4710 eorucientia
1677 4656 1719 4707 uel
1733 4656 1793 4722 plo·

134 4733 227 4784 autem
250 4729 277 4783 S.
300 4729 357 4790 Job,
379 4732 408 4782 in
421 4727 498 4797 cujus
509 4730 705 4798 patrimonium
721 4727 770 4797 jus
784 4728 938 4798 tyrannidis
952 4699 977 4762 D
991 4732 1141 4791 murentur,
1147 4729 1188 4783 vel
1195 4731 1522 4789 eorruineerentnr,utrum
1529 4724 1657 4777 audirent
1663 4725 1793 4780 maudein

136 4799 294 4855 adversane
307 4800 413 4861 tribuit,
429 4799 541 4868 ineujus
553 4814 648 4869 eorpus
664 4803 823 4869 potestatem
833 4798 938 4853 diabolo
992 4802 1051 4862 Dei,
1065 4810 1129 4862 etc..
1144 4799 1183 4853 ait
1197 4799 1230 4851 l).
1242 4797 1412 4864 Augustinus
1422 4795 1464 4866 [Q.
1481 4801 1523 4859 tt,
1533 4794 1710 4864 superma).
1721 4797 1796 4850 Deus

136 4869 227 4933 dadin
242 4871 399 4924 inanimum
412 4874 501 4923 autem
512 4886 566 4927 nen
578 4870 653 4925 dedit
664 4886 747 4924 :nam
756 4872 782 4924 si
790 4869 940 4925 deducetin
994 4870 1069 4926 enim
1083 4870 1128 4938 qni
1142 4869 1217 4921 vrovit
1231 4868 1341 4930 omniu,
1357 4879 1413 4920 non
1430 4872 1490 4933 eget
1504 4865 1593 4935 aliquo
1607 4867 1798 4937 experimento

137 4943 272 5002 unimam,
284 4944 394 5012 penitus
405 4939 593 5010 dereliquisset
602 4956 672 5005 etim,
688 4952 741 4996 etc.
995 4948 1043 4997 aut
1058 4936 1218 5009 probatione
1239 4938 1271 4991 ad
1284 4935 1386 5006 aliquid
1407 4935 1616 5009 praevidendum
1630 4946 1678 4992 aut
1694 4954 1796 5009 perno-

173 5014 185 5044 θ
202 5013 281 5067 Unde
297 5019 324 5067 et
341 5010 485 5078 diabolus,
506 5012 526 5066 i.
540 5028 565 5068 e.
587 5011 763 5076 criminator,
780 5009 827 5066 sed
842 5008 942 5067 calum·
995 5009 1140 5076 scenduun
1153 5008 1200 5065 sed
1213 5007 1312 5064 dicitur
1324 5014 1441 5074 tentare,
1455 5008 1580 5077 probare,
1599 5009 1721 5079 experiri,
1738 5024 1798 5063 me-

137 5082 246 5150 niator,
272 5082 373 5137 dieitur
389 5088 475 5152 Apoc.
495 5097 542 5138 ιιι
561 5103 567 5137 :
589 5082 723 5153 Proiectus
747 5087 786 5138 est
804 5086 943 5139 uemsutor
996 5081 1139 5155 topborice
1157 5079 1286 5135 nimirum
1302 5087 1328 5135 et
1340 5079 1430 5150 quoad
1445 5076 1576 5136 ellectum
1599 5079 1712 5148 :primo
1734 5079 1802 5150 quia-

136 5154 485 5223 sratnrmnostrorumqul
492 5154 632 5209 accusabat
638 5154 767 5209 illosante
776 5168 804 5208 ce
857 5157 943 5209 ectum
996 5154 1034 5210 ita
1050 5168 1080 5208 se
1094 5148 1176 5223 gerit,
1187 5151 1265 5220 quasi
1278 5158 1396 5207 tentaret
1409 5159 1454 5206 ant
1467 5153 1621 5224 exploraret
1633 5149 1736 5222 aliquid
1754 5149 1795 5206 ln·

139 5227 190 5281 Dei
207 5227 295 5279 nostri
316 5226 359 5280 die
379 5240 410 5279 ac
424 5231 507 5280 noete.
528 5228 558 5282 in
579 5224 623 5280 die
642 5230 761 5288 annuat,
784 5241 830 5278 ver
848 5230 945 5280 esunt
997 5224 1161 5297 cognitum:
1177 5222 1298 5279 neonae
1314 5221 1647 5294 quiaquodperseipsum
1661 5223 1747 5291 novit,
1760 5221 1798 5290 id,

139 5297 172 5351 a.
193 5296 320 5368 Gregorii
337 5295 443 5367 (Merui,
466 5311 487 5358 ι,
503 5313 562 5366 cap.
587 5301 627 5361 ll),
649 5311 709 5351 cum
720 5299 860 5367 prosperis
875 5295 945 5350 male
997 5305 1029 5351 ut
1042 5294 1281 5362 aliisinnotescat,
1295 5294 1381 5350 elficit
1403 5293 1660 5364 :quemadmodum
1683 5293 1799 5351 Abrabae

139 5369 384 5434 nonutiinsinuut;
400 5370 512 5423 irrnocte
524 5372 641 5431 ueneat,
655 5371 755 5423 cumin
769 5368 944 5424 udunsisnos
998 5366 1066 5423 dixit
1081 5387 1089 5422 ε
1102 5368 1179 5424 Nunc
1200 5370 1308 5437 cognovi
1320 5365 1393 5437 qued
1408 5367 1503 5421 timeas
1518 5367 1659 5421 Dominum
1683 5365 1799 5434 (Gener.

140 5451 195 5490 raon
204 5438 472 5509 interponentium
481 5439 654 5494 denonstrat.
861 5438 867 5457 ·’
999 5437 1086 5511 xxxi),
1097 5436 1126 5494 id
1134 5446 1186 5498 est.
1194 5452 1359 5509 cognoscere
1369 5445 1396 5490 te
1412 5434 1474 5491 leci.
1489 5438 1575 5492 Porro
1582 5437 1654 5517 quod
1664 5436 1700 5490 ad
1708 5435 1800 5491 locum

178 5494 193 5538 ἀ
219 5509 365 5567 uincantur
399 5518 426 5565 et
447 5511 533 5566 nostri
556 5526 601 5566 ma
613 5509 737 5582 mseripti
760 5508 874 5581 legunt,
899 5508 945 5570 ἕως
1000 5509 1073 5564 Ιιιιιιι
1087 5510 1193 5575 attinet,
1204 5507 1293 5563 simile
1304 5505 1443 5578 quidpiam
1455 5506 1484 5562 in
1494 5505 1618 5578 profanis
1631 5505 1753 5562 lxistoriis
1766 5506 1802 5562 de

139 5578 245 5650 σφόδρα.
262 5582 298 5636 Ex
311 5590 386 5636 textu
401 5581 498 5638 Graeco
511 5580 584 5637 illins
596 5582 733 5648 versiculi,
748 5580 822 5651 quod
836 5581 945 5651 proprie
999 5578 1127 5650 Scipione
1145 5579 1241 5635 llasim
1267 5579 1376 5643 legitur,
1402 5577 1448 5647 qui
1464 5576 1659 5649 Carthaginem
1683 5578 1801 5635 Romani

139 5660 233 5720 sorxat,
245 5667 327 5724 usque
337 5654 428 5716 nimis,
445 5668 495 5725 pro
508 5667 563 5724 quo
575 5652 690 5709 Latinus
704 5653 840 5714 interpres
850 5651 944 5718 vertit,
999 5650 1106 5722 imperii
1123 5652 1251 5706 aemulam
1264 5648 1376 5707 nolebat
1389 5648 1492 5716 everti,
1506 5664 1543 5703 ne
1560 5650 1675 5720 populus
1696 5651 1803 5704 R‘oma·

137 5738 340 5793 usquequaque.
355 5732 389 5779 At
402 5725 477 5794 prior
488 5722 569 5781 lectio
582 5724 689 5781 latinae
699 5722 872 5791 expositioni,
883 5735 946 5792 quse
998 5736 1051 5777 uus
1065 5721 1111 5776 tali
1125 5721 1204 5776 hoste
1222 5720 1369 5782 liberatus.
1381 5721 1437 5775 otio
1449 5734 1481 5774 ae
1503 5720 1606 5776 desidia
1623 5725 1800 5790 torpesceret.

137 5795 327 5866 subiungitur,
349 5795 435 5862 magis
449 5792 945 5867 respondet,usqueadnimietatem;
1000 5794 1059 5862 Qun
1078 5791 1206 5848 derel).
1230 5793 1404 5865 Augustinus
1423 5790 1492 5846 libro
1520 5792 1607 5861 primo
1630 5791 1664 5869 de
1688 5785 1805 5842 civitate

138 5880 203 5939 quae
224 5865 308 5922 verba
326 5866 355 5922 in
368 5864 534 5940 quibusdam
546 5862 895 5936 nanturiacensem.)
920 5870 947 5919 et
1000 5862 1329 5937 misprenderem
1348 5868 1497 5920 Romanos
1509 5859 1632 5934 gentiles
1643 5859 1798 5923 disputans
1812 5868 1828 5902 ·.
