3848 6158
103 312 139 365 45
477 310 684 369 tttttsmtttttt
702 308 860 368 vttttttttttt
880 313 926 368 tte:
944 313 969 368 l.
988 312 1153 371 cssststto
1173 313 1394 372 TESTIMONIA.
1728 324 1763 377 to

102 435 225 494 Cassiam
251 435 365 493 lectione
394 445 524 511 percepto
553 437 718 501 docuerunt,
743 446 906 509 suaserunt,
920 442 947 506 Α
961 439 1102 496 mutantia
1125 454 1187 496 rere
1207 441 1373 512 apostoliea,
1394 449 1421 498 et
1442 442 1531 498 amois
1559 442 1656 500 litteris
1675 445 1765 501 consi·

103 529 179 588 hunc

182 631 308 684 Noeltuna
323 634 419 684 rersale
433 646 516 695 mann,
529 635 627 685 versele
636 633 734 684 diurna.

138 756 221 810 Hunc
233 752 317 809 relati
331 754 469 826 speculum
485 754 696 823 monachorum,
712 754 797 812 immo
817 756 907 813 vivam

102 846 263 905 monasticae
287 847 350 903 ritae
373 847 491 922 elbgiem
515 848 592 905 vobis
615 848 774 920 proponite,
801 848 907 907 abhoc

101 956 197 999 rerum
210 947 236 997 et
251 939 403 1013 perlectum
417 941 583 997 monachum
596 941 661 996 vivis
673 941 811 998 coloribus
823 957 906 1000 aocu-

100 1034 236 1092 ratissime
256 1032 407 1106 depictum,
428 1042 455 1090 et
474 1035 531 1090 suis
547 1033 674 1090 omnibus
686 1033 807 1089 numeris
821 1035 905 1092 abso-

100 1128 189 1184 lutum
205 1126 392 1200 recognoscite
408 1124 528 1181 :abhoc
544 1123 659 1196 denique
675 1125 760 1182 totius
774 1127 905 1199 regularis

99 1219 248 1293 disciplina
277 1218 495 1287 institutionem,
531 1224 558 1273 et
586 1232 680 1274 reram
705 1220 905 1293 consequendae

99 1313 276 1386 perfectionis
293 1314 377 1382 viam,
404 1329 436 1369 aa
458 1311 593 1369 rationem
620 1313 702 1369 aSS.
730 1312 857 1370 Patribus
876 1322 905 1371 et

99 1406 195 1479 priscis
216 1404 355 1463 monachis
376 1405 520 1475 traditam,
536 1413 697 1478 usurpatam
716 1415 744 1463 et
761 1407 903 1478 calcatam,

99 1497 253 1569 perdiscite.
274 1501 377 1556 Verum
394 1497 461 1555 illud
476 1506 656 1567 mementote,
672 1508 803 1571 quantum
819 1501 903 1558 inter-

97 1592 132 1648 sit
157 1593 226 1649 inter
245 1591 362 1650 factores
378 1592 454 1667 legis,
478 1601 506 1650 et
529 1592 678 1659 auditores,
703 1594 760 1650 sive
775 1595 900 1654 lectores.

98 1689 158 1743 Nou
170 1689 239 1741 enim
251 1688 390 1742 creditores
410 1689 474 1758 legis
483 1688 559 1758 justi
572 1692 637 1743 sttui
652 1688 728 1757 upttd
742 1692 840 1756 lleum;
855 1690 903 1745 sed

96 1781 215 1848 finctores
230 1782 294 1851 lepis
308 1781 535 1851 jtutifieobttntur
549 1783 637 1850 (Rom.
657 1786 704 1847 tt).
724 1779 816 1837 Liceat
836 1798 901 1856 ergo
919 1813 943 1876 B

97 1874 187 1931 serbis
201 1874 315 1946 apostoli
330 1874 425 1931 Jacobi
448 1890 496 1932 vos
516 1890 695 1933 commonere
713 1895 720 1929 ε
743 1879 835 1932 Estote
852 1880 900 1945 sa-

95 1972 182 2022 rtores
207 1969 293 2032 uerbi,
326 1973 352 2024 el
376 1985 428 2024 noa
460 1969 599 2025 auditores
625 1974 745 2034 turonem,
775 1972 901 2038 stillantes

95 2064 270 2133 vosmetipsas
289 2081 297 2116 .·
318 2065 384 2132 qttt'a
403 2065 428 2117 si
444 2067 506 2134 puis
519 2064 630 2119 auditor
647 2069 685 2119 esl
696 2066 784 2128 turlu',
802 2071 827 2119 et
847 2083 900 2121 nott

11 2152 20 2160 '
92 2155 198 2221 faetor,
224 2156 265 2209 bio
288 2157 491 2226 comparabitur
512 2160 570 2212 uiro
591 2158 777 2212 consideranti
795 2160 918 2237 uuluam,

91 2248 254 2300 natiuitatis
276 2261 331 2301 sun
345 2250 375 2301 iu
391 2250 517 2318 maculo:
536 2249 713 2304 considerauit
730 2251 799 2304 enam
817 2265 853 2313 se,
875 2253 901 2305 et

91 2338 178 2397 nitate,
202 2342 228 2390 el
246 2341 339 2391 startias
358 2340 455 2392 oblatus
477 2344 517 2394 est
533 2342 622 2410 qualis
636 2343 720 2409 lateri.
743 2343 797 2409 (leti
809 2347 899 2397 atatem

91 2432 265 2500 perspexerit
289 2432 316 2482 in
338 2431 395 2499 lupe
415 2434 542 2502 perfectae
565 2434 710 2499 libertatis,
735 2441 760 2491 et
776 2452 900 2506 permun-

92 2525 161 2576 serit
177 2525 204 2575 iu
218 2538 258 2585 ea,
277 2538 330 2577 nou
343 2524 454 2578 oculitur
467 2527 611 2583 oblitt‘osus
626 2531 729 2597 (arettas,
746 2531 793 2584 sed
809 2533 900 2598 seretur

94 2620 192 2688 mutas,
219 2619 260 2672 bio
284 2619 377 2674 beatus
399 2623 428 2674 iu
451 2622 526 2690 tracto
544 2637 592 2679 suo
617 2627 668 2679 em‘t
690 2628 764 2692 (June.
787 2630 823 2693 r).
848 2624 899 2681 eui

962 532 1086 606 guandee,
1099 532 1186 590 subiit
1202 534 1268 590 milti
1283 534 1309 590 la
1323 544 1443 593 mentem
1458 536 1500 593 his
1520 537 1642 594 versibus
1660 547 1763 595 estem-

962 627 1103 698 poraneis,
1128 637 1155 684 et
1183 628 1217 686 ad
1243 637 1352 701 captum
1374 630 1516 703 jrtniorum
1546 631 1762 690 accommodatis

960 719 1091 789 alludere,
1099 736 1199 795 eosque
1214 722 1272 779 tice
1284 720 1421 782 coronidis
1433 725 1495 783 ltuic
1507 725 1657 798 praelationi
1676 725 1761 782 ascri-

959 813 1041 884 bere,
1065 816 1165 889 quibus
1183 817 1240 890 ipse
1264 834 1307 874 tne
1329 819 1457 890 primum,
1479 827 1537 876 tum
1560 830 1673 878 caeteros
1693 835 1762 877 meaa

959 907 1121 965 conditionis
1134 919 1277 966 consortes
1290 912 1440 969 monachos
1453 913 1489 968 ita
1506 913 1628 987 alloquor
1644 922 1671 971 et
1683 929 1760 970 com·

959 1001 1112 1058 monefacio
1128 1024 1134 1059 :

1008 1173 1072 1233 Quid
1087 1175 1174 1224 lruslra
1187 1175 1299 1226 monaclti
1313 1175 1390 1240 pergis
1404 1174 1494 1238 jactare
1505 1179 1642 1231 caraullam?

1051 1240 1104 1287 lton
1120 1239 1193 1286 restis
1205 1239 1364 1295 monachum,
1377 1240 1458 1299 praxis
1471 1243 1496 1288 st
1511 1241 1562 1302 ipso
1577 1243 1644 1290 iacit.

1004 1298 1041 1349 llil
1055 1312 1142 1348 nomen
1155 1301 1274 1357 monaehi,
1292 1302 1325 1349 nil
1337 1307 1402 1349 certa
1417 1301 1515 1350 scientia
1527 1316 1632 1360 morum,

1052 1362 1098 1419 Qui
1109 1362 1255 1411 montelium
1269 1361 1378 1425 deceant,
1394 1362 1475 1424 pratis
1486 1368 1510 1411 st
1524 1364 1575 1426 ipsa
1589 1364 1667 1425 jurat.

1004 1424 1173 1474 Praxishabel
1188 1424 1311 1486 meritum,
1327 1427 1409 1486 pratis
1423 1424 1467 1474 sibi
1481 1425 1580 1487 praemia
1598 1428 1663 1489 regni

1051 1486 1566 1548 wmmwmwmmmm

1002 1547 1046 1596 Vis
1060 1561 1141 1597 reram
1155 1548 1264 1596 monaehi
1279 1562 1333 1596 cum
1344 1550 1440 1598 nomine
1456 1549 1517 1597 lerre
1526 1550 1663 1600 cucullam?
1754 1560 1758 1568 ’

1049 1611 1097 1658 Fac
1111 1610 1207 1670 diguam
1224 1610 1335 1658 monachi
1349 1613 1445 1660 nomine
1458 1612 1542 1673 praxin
1552 1624 1629 1661 aines.

1002 1673 1032 1722 At
1049 1685 1131 1720 reram
1142 1672 1252 1720 monachi
1262 1673 1407 1745 dignamque
1417 1675 1462 1722 buc
1471 1674 1567 1722 nomine
1578 1677 1669 1738 praxim

1050 1735 1149 1782 Discere
1161 1734 1180 1783 si
1194 1735 1276 1797 gestis,
1288 1736 1348 1782 banc
1358 1735 1417 1784 leber
1430 1736 1474 1784 iste
1487 1734 1567 1786 docel.

997 1796 1095 1857 ,Ecquid
1111 1795 1175 1843 enim
1186 1799 1294 1843 seleman
1305 1809 1396 1855 mores,
1410 1797 1569 1859 exemplaque
1583 1801 1682 1848 Pslrum

1051 1859 1130 1922 Quam
1143 1856 1253 1905 monachi
1270 1860 1403 1918 speculum,
1417 1863 1530 1920 certaque
1546 1873 1631 1908 norma
1645 1862 1709 1910 linit?

1002 1919 1074 1968 Disce
1085 1933 1141 1981 ergo
1155 1917 1266 1966 monachi
1281 1931 1336 1980 quac
1348 1918 1377 1966 sit
1392 1920 1524 1967 certissima
1538 1922 1628 1981 pratis,

1047 1981 1587 2042 fflmmwmmffimfflm

1001 2045 1031 2092 At
1045 2043 1157 2091 didicisse
1167 2055 1250 2102 pamm
1261 2045 1306 2097 est,
1320 2042 1365 2089 nisl
1376 2056 1422 2101 res,
1437 2043 1580 2104 paratisque
1594 2047 1723 2108 sequulae,

1048 2102 1615 2166 Qmmmmsmfflssefflmmpmm.

1001 2167 1094 2216 Scilicet
1107 2166 1129 2214 in
1144 2164 1243 2227 speculo
1258 2164 1299 2226 qui
1316 2177 1342 2212 se
1353 2165 1483 2226 spectando
1495 2168 1617 2228 tumescit,

1048 2227 1549 2277 Pmmmbmmnmmmmmmm

998 2291 1038 2341 Sic
1051 2304 1138 2353 expers
1152 2302 1263 2351 operum,
1274 2291 1298 2336 et
1310 2295 1401 2338 sanctae
1410 2290 1540 2351 speculatio
1556 2291 1637 2352 pararis

1047 2354 1084 2404 ttit
1097 2354 1185 2414 praeter
1202 2350 1314 2399 monachi
1331 2363 1419 2400 nomeu
1432 2351 1501 2401 inane
1516 2354 1598 2402 relert.

951 2530 1055 2597 Valete,
1069 2527 1166 2584 iratres
1185 2527 1210 2582 in
1230 2525 1336 2582 Christo
1356 2525 1535 2597 dilectissimi,
1557 2535 1583 2584 et
1605 2527 1752 2584 lratemam

952 2623 1131 2678 monitionem
1147 2619 1345 2692 aequibonique
1362 2621 1506 2676 consulite.

119 2857 490 2939 tLLUSTRtUlt
525 2863 804 2944 t‘tnonutt
840 2868 915 2944 nu
950 2866 985 2942 J.
1024 2857 1309 2940 casetano
1343 2858 1720 2937 TESTIMONIA.
1778 2808 1814 2867 ³

814 3047 1028 3062 ...ᾑ-

144 3147 172 3202 S.
187 3149 300 3217 Prosper
314 3149 533 3218 aquitanienses
547 3152 686 3216 Cluentiae,
701 3169 748 3208 aa.
765 3158 818 3208 436
833 3171 840 3208 :
909 3153 932 3217 C

16 3312 25 3320 ⁶
125 3240 251 3294 loannes
265 3240 418 3296 Monachus
431 3252 616 3313 cognomento
638 3246 783 3301 Cassianus
799 3245 897 3301 llassi-

87 3333 135 3390 liae
149 3333 265 3404 insignis
278 3343 304 3390 et
316 3334 446 3393 facundus
460 3337 578 3408 scriptor
593 3330 719 3394 lta'tbetur.

219 3432 290 3486 lilim
305 3435 331 3486 iu
346 3435 471 3503 opusculo
483 3438 576 3489 caretro
588 3436 745 3491 bellatorem
763 3456 770 3490 :

125 3523 219 3580 Unius
244 3525 415 3596 potissimum
436 3527 632 3597 definitionem,
659 3544 741 3600 quem
766 3545 820 3586 non
844 3530 893 3587 du·

85 3617 165 3674 bium
186 3629 228 3676 est
246 3621 299 3678 illis
319 3623 447 3679 omnibus
469 3624 497 3678 in
516 3634 671 3683 sanctarum
693 3627 893 3699 scripturarum

85 3711 179 3769 studio
192 3725 330 3786 praestare,
347 3716 505 3774 referemus.

324 3814 359 3866 Et
374 3815 467 3881 pateris
483 3813 628 3882 t'ulerjeatis
646 3834 653 3869 :

122 3900 210 3974 Igitur
230 3902 256 3958 iu
277 3903 365 3973 libro,
382 3906 459 3977 cujus
476 3908 634 3977 praenotatio
651 3915 691 3964 est
713 3930 719 3965 ι
741 3912 783 3967 Dc
797 3920 890 3983 prote-

84 3997 175 4050 ctione
196 3997 256 4062 Dei,
270 3998 312 4054 vir
323 3998 432 4070 quidam
448 4000 622 4057 sacerdotalis
643 4002 756 4072 ordinis,
775 4005 821 4075 qui
835 4004 889 4061 dis·

83 4089 201 4160 putandi
225 4105 278 4145 usu
300 4091 369 4147 inter
394 4108 458 4161 eos,
485 4094 647 4165 quibuscum
670 4095 742 4166 egit,
766 4096 888 4164 excellit,

82 4179 218 4236 abbatem
233 4181 374 4253 quemdam
389 4184 538 4244 introducit
552 4187 586 4245 de
600 4189 684 4260 gratia
698 4196 724 4244 et
744 4188 829 4245 libero
845 4206 887 4246 ar·

82 4271 167 4329 bitrio
182 4272 367 4334 disserentem.
418 4300 425 4309 ’

121 4377 218 4433 caestu·
227 4382 362 4450 rpr'sropus
377 4384 503 4510 alqtleusis
516 4386 544 4436 in
558 4387 669 4453 qsistala
683 4386 806 4441 liminum
815 4388 852 4440 ud

417 4469 556 4510 metianum
574 4475 582 4510 :

1263 3148 1371 3215 Etertp.
1389 3149 1444 3199 ts:

989 3243 1031 3299 Ad
1044 3240 1237 3314 perfectionem
1251 3239 1465 3295 conversationis
1476 3238 1522 3310 qui
1536 3238 1673 3308 festinant,
1689 3248 1754 3296 sant

953 3339 1083 3396 doctrines
1103 3344 1261 3392 sanctornm
1285 3336 1397 3391 Patrum
1427 3350 1572 3406 :quarum
1599 3334 1753 3393 observatio

951 3432 1075 3505 perducit
1100 3431 1240 3488 hominem
1267 3429 1300 3485 ad
1324 3429 1510 3486 celsitudinem
1540 3426 1714 3501 perfectionis
1743 3451 1749 3486 :

950 3541 1012 3596 qua)
1031 3526 1103 3581 enim
1119 3523 1361 3596 pagina,autt1uis
1382 3538 1473 3578 sermo
1491 3522 1589 3578 divinae
1605 3523 1754 3580 auctorita·

948 3620 993 3688 tis,
1014 3620 1113 3676 veteris
1134 3635 1165 3674 ae
1187 3618 1249 3674 novi
1270 3616 1446 3682 Testamenti,
1466 3632 1521 3673 uon
1545 3626 1584 3672 est
1602 3618 1751 3674 rectissima

947 3730 1045 3770 norma
1068 3712 1289 3770 vitaehumanae?
1306 3720 1352 3768 aut
1366 3712 1426 3784 quis
1445 3710 1511 3767 liber
1528 3720 1686 3767 sanctorum
1708 3726 1752 3766 ca·

946 3807 1110 3864 tltolicorum
1132 3810 1242 3863 Patrunt
1257 3805 1310 3863 ltoc
1324 3822 1379 3862 aon
1395 3814 1514 3873 resonat,
1531 3812 1561 3860 ut
1580 3813 1654 3860 recto
1667 3819 1749 3859 cursu

945 3903 1138 3973 perveniamus
1160 3902 1194 3958 ad
1214 3902 1372 3959 Creatorem
1396 3903 1547 3956 nostrum?
1571 3915 1621 3954 nec
1644 3915 1699 3954 non
1723 3905 1751 3953 et

945 3997 1111 4053 Collationes
1131 3998 1255 4064 Petrum,
1278 4003 1305 4052 et
1318 3994 1440 4050 instituta
1457 4002 1482 4050 ct
1502 3994 1563 4049 vitae
1583 3992 1700 4058 illorum,
1721 3998 1748 4046 et

944 4091 1050 4163 Regula
1062 4091 1147 4147 saneti
1159 4091 1244 4145 Patris
1254 4088 1341 4144 nostrl
1351 4087 1440 4141 Basilii
1452 4085 1515 4156 quid
1525 4085 1597 4139 aliud
1611 4091 1685 4147 sunt,
1698 4081 1748 4135 nisi

943 4182 1011 4238 bene
1025 4182 1182 4246 rviventium,
1195 4190 1223 4235 et
1241 4178 1425 4236 obedientium
1441 4175 1640 4246 monachorum
1655 4188 1747 4229 ertem-

942 4276 985 4349 pla
999 4285 1025 4333 et
1039 4277 1218 4332 instrumenta
1236 4273 1389 4328 virtutum?

1014 4376 1170 4435 Gettundius
1178 4376 1320 4444 presbyter
1328 4373 1502 4429 Menesilietasis
1510 4373 1538 4425 iu
1548 4372 1674 4439 Cubtlopo

1169 4447 1319 4502 illustrium
1342 4447 1495 4501 t'uurumt
1514 4462 1519 4496 :

119 4544 235 4600 Damno
258 4544 407 4602 sanctitatis
420 4547 528 4620 speciali
544 4547 628 4621 gloria
650 4547 789 4616 decorato,
809 4534 928 4622 atqueD
979 4549 1135 4614 (assianus,
1170 4545 1280 4602 natione
1308 4543 1426 4617 Scytha,
1459 4541 1696 4615 Constantinopoli
1727 4558 1741 4594 a
1801 4606 1804 4614 Ι

79 4651 129 4707 per
144 4637 239 4692 omnia
257 4640 438 4696 memorando
462 4661 469 4696 ε
490 4640 539 4698 sed
554 4649 582 4697 et
597 4642 769 4699 scientiarum
789 4641 886 4699 decore

79 4729 207 4800 pollenti,
219 4731 290 4785 Patri
300 4731 397 4787 scilicet
411 4733 538 4790 Cassiano
550 4735 657 4803 Castor,
673 4744 724 4792 etc.

226 4835 254 4889 S.
270 4834 425 4889 Rettulimus
442 4838 469 4890 iu
486 4839 589 4905 Rrrpttlu
609 4854 667 4909 cup.
686 4845 742 4894 tt:

113 4924 247 4982 Monachi
270 4928 495 5001 omnitempore,
516 4930 572 4988 sive
585 4931 689 5004 jejunii,
704 4931 760 4987 sire
781 4929 883 5003 prandii

76 5016 172 5086 fauerit,
196 5035 260 5075 mox
285 5029 315 5077 ut
334 5024 501 5080 surrexerint
519 5040 637 5094 acoena,
660 5025 770 5082 sedeant
788 5040 884 5081 omnes

76 5113 104 5168 in
127 5129 235 5182 utrum,
256 5122 281 5170 et
301 5115 371 5188 legat
392 5133 461 5173 unus
484 5118 666 5187 collationes,
687 5118 727 5175 vel
745 5118 811 5175 ritas
830 5119 882 5172 Pu·

75 5216 168 5276 trum,
191 5194 240 5265 aut
266 5219 341 5267 certe
365 5211 465 5283 aliquid
490 5213 563 5285 quod
584 5214 698 5272 aedilicet
727 5213 877 5269 audientes.

76 5304 121 5368 tet
143 5304 222 5368 s'usru
240 5308 274 5370 ι)
296 5305 323 5361 Si
344 5312 435 5361 autem
449 5306 545 5380 jejunii
566 5307 624 5364 dies
638 5306 727 5375 luerit,
743 5306 813 5362 dieta
828 5307 883 5360 lie-

76 5409 163 5467 spera,
186 5413 271 5469 parvo
290 5397 431 5456 intervallo
453 5416 519 5457 mox
536 5402 665 5459 accedant
683 5402 718 5458 ad
739 5401 882 5457 lectionem

79 5489 276 5559 Collationum,
293 5502 322 5548 ut
334 5492 462 5563 diximus,
478 5503 506 5550 et
521 5496 597 5551 lectis
611 5504 729 5567 quatuor
740 5504 785 5551 aut
803 5495 881 5566 quiu-

76 5597 134 5654 que
155 5582 236 5653 loliis,
253 5585 293 5642 tel
314 5594 447 5659 quantum
465 5587 532 5645 hora
548 5589 687 5661 pennittit,
705 5588 834 5645 omnibus
855 5589 880 5643 iu

74 5690 168 5732 unum
178 5681 394 5749 accurrentibus,
410 5697 458 5755 per
469 5680 538 5738 hanc
555 5697 662 5739 moram
678 5681 809 5751 lectionis,
825 5690 878 5738 otc.

109 5810 224 5868 ⁸ldem
250 5812 334 5872 habet
357 5816 494 5872 Honorius
518 5816 772 5889 augustodunensis
797 5835 804 5871 :
832 5815 883 5872 nisi

72 5881 150 5955 quod
165 5898 217 5955 pro
231 5885 333 5958 Scytha
349 5886 447 5944 dirum
465 5888 578 5959 astruit,
598 5897 625 5945 et
638 5888 807 5962 singularum
826 5888 883 5945 eol·

940 4648 1046 4699 Joanne
1068 4645 1168 4712 lllagno
1191 4641 1320 4712 episcopo
1340 4638 1471 4695 diaconus
1494 4637 1649 4704 ordinatus,
1670 4635 1741 4709 opud

940 4737 1089 4793 Massiliam
1111 4735 1260 4807 presbyter,
1275 4731 1396 4788 condidit
1412 4730 1478 4800 dato,
1499 4731 1600 4799 idest,
1621 4730 1741 4784 virorum

940 4840 967 4887 ct
989 4831 1135 4886 mulierum
1151 4825 1327 4894 monasteria,
1344 4841 1405 4898 quac
1420 4840 1504 4896 usque
1524 4823 1605 4877 nodie
1622 4829 1738 4876 exstant.

938 4924 1050 4997 Scripsit
1072 4921 1235 4994 experientia
1260 4920 1452 4992 magistrante,
1487 4917 1568 4987 plano
1591 4922 1618 4970 et
1643 4914 1739 4970 librato

937 5033 1080 5085 sermone,
1100 5024 1131 5070 ut
1152 5022 1179 5070 et
1197 5013 1315 5085 apertius
1335 5012 1437 5077 dicam,
1462 5025 1542 5065 sensu
1563 5007 1642 5064 uerba
1664 5008 1739 5063 inte·
1776 5045 1782 5056 .

937 5115 1024 5178 nicus,
1040 5119 1065 5167 et
1078 5111 1182 5166 actione
1201 5107 1320 5181 linguam
1335 5121 1459 5173 movens,
1474 5121 1517 5161 res
1536 5105 1659 5160 onmium
1677 5119 1738 5158 nto·

934 5208 1088 5271 nueltorum
1109 5202 1269 5279 professioni
1289 5200 1469 5270 necessarias,
1483 5199 1578 5269 idest,
1592 5199 1625 5254 de
1643 5197 1737 5253 ltabitn

938 5301 1075 5368 monachi,
1096 5302 1128 5356 dc
1145 5298 1275 5356 canonico
1297 5298 1450 5353 orationum
1471 5303 1552 5367 atque
1570 5294 1736 5366 psalmorum

937 5395 1032 5464 mado,
1054 5394 1098 5467 qui
1121 5394 1147 5448 in
1165 5391 1336 5448 monasteriis
1359 5388 1464 5462 AEgypti
1484 5387 1526 5445 dic
1547 5395 1682 5459 noctuque
1703 5394 1738 5442 te-

936 5500 1026 5558 netur,
1048 5489 1132 5544 libros
1151 5496 1217 5556 tres,
1237 5485 1445 5541 institutionum
1464 5482 1564 5538 librum
1586 5497 1683 5548 unum,
1704 5480 1738 5537 dc

937 5587 1049 5659 origine,
1064 5592 1091 5641 et
1114 5584 1254 5657 qualitate,
1269 5596 1301 5636 ac
1316 5578 1442 5637 remediis
1457 5585 1531 5646 octo,
1550 5574 1737 5650 principalium

936 5679 1065 5736 vitiorum
1083 5678 1168 5734 libros
1189 5683 1270 5741 osto;
1296 5672 1418 5747 singulos
1443 5672 1544 5729 scilicet
1569 5670 1603 5728 de
1626 5668 1738 5741 singulis

938 5813 1071 5872 lationum
1088 5811 1193 5880 titulos,
1213 5809 1269 5867 sive
1286 5813 1445 5881 argumenta
1461 5800 1574 5860 inlerius
1593 5794 1735 5854 interserit
