3824 6164
81 300 133 358 825

634 268 804 350 cotiano
822 290 854 346 x.
875 319 910 331 -
928 291 973 347 ns
990 290 1180 350 οιιιιιοιιι.

1682 306 1734 363 tte

80 422 240 498 perdurare,
252 422 296 495 qni
305 420 484 489 nonrecenti,
498 418 569 477 sicut
589 419 700 493 putatis,
713 418 874 475 ιιιιιιιοιιιιιιι
889 418 915 482 Α
929 415 964 471 tis
983 419 1084 473 nostris
1104 427 1132 475 et
1145 418 1264 475 bumana
1279 418 1441 493 figuratione
1454 424 1635 495 compositam
1649 428 1733 498 perti·

82 518 221 587 illusione,
241 515 290 575 sed
301 516 473 591 ignoratione
483 514 603 588 pristinae
611 512 769 588 gentilitatis
787 511 873 568 inter-

80 618 135 681 tur,
161 611 250 669 dum·
270 610 420 669 secundnm
437 608 660 667 consuetudinem
680 606 783 664 erroris
802 606 878 662 illius

82 721 137 781 qno
152 705 294 764 daemones
305 704 448 762 bominum
465 704 551 777 ligura
576 701 744 774 compositos
767 697 875 755 excole·

78 800 156 870 bant,
172 817 244 858 nnnc
261 815 368 873 quoqne
379 800 454 856 illam
473 796 776 870 incomprehensibilem
792 802 873 867 atque

81 892 248 951 ineffabilem
269 893 324 949 reri
345 892 467 949 numinis
491 892 661 964 majestatem
680 890 731 946 sub
753 889 875 945 circnm-

77 986 224 1061 scriptione
244 986 358 1059 alicujus
378 985 502 1059 imaginis
524 986 661 1043 estimant
685 982 873 1049 adorandam

78 1081 144 1139 ιιιιιι
155 1098 184 1139 se
196 1082 314 1139 retinere
327 1081 368 1139 vel
378 1081 479 1138 babere
496 1078 647 1148 credentes,
659 1078 681 1135 si
705 1076 873 1150 propositam

76 1191 135 1234 non
147 1177 292 1234 habuerint
304 1176 450 1249 imaginem
462 1173 618 1248 qnamdam,
632 1186 715 1245 quam
726 1172 754 1227 in
770 1167 875 1242 suppli-

77 1268 184 1326 catione
194 1270 275 1342 positi
285 1267 386 1341 jugiter
399 1266 580 1340 interpellent,
594 1280 709 1338 eamque
724 1260 874 1320 circumle-

74 1372 140 1421 rant
151 1373 258 1432 mento,
270 1380 301 1420 ac
318 1378 374 1437 prae
388 1361 474 1419 oculis
492 1369 602 1418 teneant
614 1373 723 1430 semper
744 1355 871 1415 allisam.

75 1458 163 1531 Super
190 1473 308 1531 quorum
332 1457 386 1515 boc
418 1472 512 1514 errore
544 1460 729 1525 competenter
748 1451 876 1524 dirigitur

74 1550 119 1608 illa
134 1553 267 1608 sententia
280 1572 286 1607 :
298 1556 334 1609 Et
343 1556 516 1607 mutarerunt
527 1552 642 1621 gloriam
658 1546 875 1616 incorreptibilis

76 1636 145 1703 neit>
154 1646 184 1699 in
199 1646 404 1701 similitudinem
419 1646 548 1715 imaginis
566 1644 679 1699 hominis
691 1639 876 1710 corruptibilis

81 1737 164 1809 (Rom.
177 1742 210 1807 ι).
234 1738 367 1795 ieremias
385 1754 495 1811 quoqne
516 1738 667 1809 :Populus
683 1734 781 1806 inquit,
803 1748 877 1788 inens

931 509 990 565 naci
1004 512 1184 583 perversitate
1204 513 1366 583 contendit,
1387 531 1470 589 quam
1493 524 1604 587 ιιιιιιιι,
1627 520 1649 575 ιι
1673 520 1734 592 quis

930 599 1016 659 tuerit
1033 604 1178 663 catholicis
1199 604 1371 680 dogmatibus
1389 609 1529 667 institutus
1537 614 1598 683 ,ζιιι
1606 614 1733 686 gentilem
1796 598 1807 623 ⁸

930 695 1124 768 blasphemiam
1139 698 1332 769 detestabitur,
1352 710 1380 757 et
1406 704 1443 759 ita
1460 704 1494 761 ad
1512 705 1586 762 illam
1598 708 1732 767 orationis

931 792 1105 862 purissimam
1123 795 1263 866 perveniet
1281 797 1451 868 qualitatem,
1474 814 1535 870 quae
1562 816 1618 857 non
1643 802 1733 859 solum

929 884 1032 941 nnllam
1046 885 1196 944 divinitatis
1214 887 1346 961 effigiem,
1363 906 1413 947 nec
1426 892 1590 950 lineamenta
1604 910 1733 967 corporea

929 979 1024 1050 (quod
1039 978 1115 1036 dictu
1142 996 1253 1053 quoque
1269 982 1346 1039 netas
1359 985 1421 1052 est)
1435 984 1461 1039 in
1473 1000 1522 1041 sua
1536 988 1733 1059 supplicatione

928 1072 1063 1138 miscebit,
1089 1074 1138 1130 sed
1153 1089 1204 1130 nec
1227 1076 1313 1131 ullam
1332 1076 1443 1149 quidem
1467 1079 1494 1134 ln
1515 1096 1545 1135 se
1571 1084 1733 1139 memoriam

927 1165 1148 1239 dictieujusdam
1164 1168 1208 1223 vel
1232 1168 1295 1225 laeti
1318 1172 1436 1241 speciem
1449 1187 1497 1229 seu
1507 1172 1626 1231 lormsm
1640 1177 1732 1248 cujus·

928 1260 993 1318 libet
1003 1261 1169 1318 clrnracteris
1184 1261 1321 1318 admittet.

1237 1402 1360 1459 CAPUT
1382 1406 1429 1459 Vl.

931 1516 1032 1585 Quibus
1055 1532 1089 1572 ιι
1113 1520 1201 1573 eurisis
1223 1521 1371 1589 unicnique
1398 1526 1519 1575 riostmm
1539 1529 1589 1579 ont
1620 1526 1729 1583 humilis

1020 1588 1141 1644 Christus
1152 1591 1234 1657 ¹lesus
1247 1596 1296 1645 erut
1308 1592 1471 1659 glorificatus
1480 1600 1622 1663 suppurent.

966 1726 1122 1783 Secundum
1139 1742 1296 1783 mensuram
1311 1744 1431 1801 namque
1444 1732 1568 1803 puritatis
1579 1750 1646 1799 suar,
1661 1737 1731 1793 sicut

82 1836 202 1890 mutarit
224 1832 340 1903 pieriam
351 1849 429 1888 strom
441 1834 472 1887 in
495 1832 598 1887 idolum
623 1831 728 1903 (terem
746 1843 770 1883 ιι
780 1832 800 1894 ι.
825 1825 878 1897 Qui
895 1819 1073 1894 Bwperiore
1085 1819 1228 1876 collatione
1240 1821 1440 1893 praetatussnm
1455 1825 1561 1891 (tollet.
1587 1834 1675 1902 turp.
1691 1835 1730 1901 8),

78 1939 155 1982 error
177 1926 238 1982 licet
257 1926 360 1997 origine
385 1924 437 1981 bac
459 1940 513 1996 qna
539 1922 659 1979 diximus
693 1918 878 1995 quorumdam

78 2018 203 2075 sensibus
221 2017 255 2072 sit
277 2016 400 2083 inolitus,
415 2014 595 2072 nibilominus
608 2012 746 2069 tamenin
769 2012 878 2068 illorum

78 2125 190 2182 quoqne
214 2109 314 2166 animis
339 2108 385 2181 qui
401 2122 553 2179 numquam
576 2105 668 2177 gentili
688 2104 879 2177 superstitione

78 2201 177 2273 polluti
191 2209 268 2270 sunt,
282 2202 332 2258 sub
346 2200 438 2258 colore
448 2198 683 2272 testimoniibujus
694 2213 749 2269 quo
762 2195 875 2253 dicitur:

76 2298 400 2355 Fonirntiisbominemed
410 2298 590 2368 temptassent
598 2295 805 2353 similitudinem
816 2309 877 2349 nos·

77 2394 152 2446 trem
173 2392 276 2463 (lienes.
291 2395 327 2460 ι),
350 2391 486 2464 imperitia
514 2406 562 2448 seu
575 2388 727 2446 rusticitate
749 2384 876 2455 faciente,

76 2492 233 2540 contractus
247 2493 297 2551 est,
323 2485 359 2540 ita
374 2491 406 2541 ut
426 2485 533 2541 ιιιιιιιο
557 2482 680 2551 baeresis,
696 2494 757 2553 quae
778 2479 878 2536 dieitur

79 2575 438 2650 Anthropomorpbitarnm,
460 2576 510 2634 sub
536 2576 678 2634 occasione
711 2573 878 2632 detestandae

77 2667 159 2741 bnjtts
190 2671 419 2743 interpretationis
447 2671 609 2739 emerserit,
628 2683 689 2742 quae
714 2667 877 2724 immensam

77 2762 150 2821 illam
160 2780 191 2821 ac
206 2764 359 2838 simplicem
371 2765 519 2823 divinitatis
535 2762 714 2823 substantiam
728 2761 878 2817 lineamen-

934 1927 1104 1985 unaqnaeqne
1128 1929 1207 1971 mens
1227 1915 1254 1970 in
1279 1918 1403 1975 oratione
1424 1934 1472 1975 sua
1496 1921 1538 1978 vel
1558 1922 1671 1995 erigitur
1688 1925 1731 1981 vel

933 2004 1086 2076 lortnnturi
1106 2017 1214 2065 ιιιιιιιιιι
1230 2009 1360 2067 sciliceta
1373 2020 1541 2071 terrenarum
1555 2031 1588 2073 ec
1607 2019 1733 2075 materia·

932 2099 1000 2156 lium
1034 2114 1126 2156 rerum
1159 2104 1389 2175 contemplatione
1418 2105 1569 2176 discedens,
1597 2119 1729 2183 qnantum

932 2209 994 2251 eam
1003 2202 1088 2251 status
1098 2209 1157 2251 snm
1182 2198 1336 2269 provexerit
1350 2200 1484 2271 puritatis,
1501 2201 1646 2275 feceritque
1659 2195 1729 2263 ‘'Je-

932 2303 995 2344 rnm
1019 2287 1059 2344 rol
1079 2289 1210 2347 humilem
1222 2290 1322 2363 adbuc,
1340 2294 1379 2350 rel
1405 2310 1553 2359 carneum,
1572 2298 1612 2353 vel
1627 2296 1731 2369 gloritl-
1827 2370 1833 2381 ι

930 2389 1022 2439 catum
1040 2383 1067 2438 in
1080 2385 1229 2457 maiestatis
1246 2400 1304 2443 snae
1324 2387 1408 2460 gloria
1429 2390 1593 2458 venientem,
1612 2392 1724 2450 internis

931 2476 1074 2534 obtutibus
1087 2480 1188 2536 enimse
1202 2479 1345 2551 pervideri.
1365 2486 1427 2538 lton
1441 2484 1513 2539 enim
1531 2492 1660 2557 poterunt
1683 2488 1730 2543 Je·
1784 2478 1790 2487 '

930 2585 992 2627 sum
1008 2573 1106 2628 intueri
1120 2574 1274 2630 venientem
1287 2576 1406 2648 inregno
1419 2592 1480 2646 suo,
1495 2578 1556 2649 quia
1571 2578 1660 2635 adbuc
1674 2580 1727 2637 sub

931 2662 980 2719 illa
1000 2664 1206 2737 quodammodo
1231 2667 1343 2724 tndaiea
1358 2668 1515 2726 infirmitate
1537 2671 1648 2739 detenti,
1670 2688 1727 2729 non

932 2769 1036 2832 queunt
1059 2759 1149 2817 dicere
1176 2777 1241 2820 eum
1265 2763 1399 2835 Apostolo
1413 2785 1419 2821 :
1434 2768 1470 2821 Et
1494 2769 1521 2821 si
1535 2770 1728 2837 aegrescimus⁰

622 2901 749 2955 sistunt
769 2899 882 2955 GAZAEl
901 2896 1182 2955 COMMENTARIUS.

111 3026 179 3083 ἰιι
193 3026 287 3089 illi,de
304 3040 422 3097 quorum
438 3040 554 3082 numero
576 3040 606 3080 se
633 3040 691 3079 esse
717 3022 798 3079 inxit
823 3023 878 3090 ille,

76 3095 122 3167 qni
135 3096 163 3152 S.
183 3097 305 3152 Antonio
321 3097 347 3151 in
362 3112 455 3153 eremo
473 3098 524 3152 sub
543 3094 632 3150 forma
651 3094 809 3150 homunculi
830 3111 881 3161 ap-

934 3024 1137 3080 concluderetur
1147 3026 1343 3083 hominemnon
1357 3044 1412 3083 csse
1422 3030 1535 3085 similem
1550 3033 1612 3091 Deo,
1631 3045 1678 3084 nce
1693 3031 1730 3086 od

935 3096 992 3165 ejus
1006 3098 1151 3165 imaginem
1168 3104 1194 3152 et
1211 3100 1416 3155 similitudinem
1427 3102 1540 3167 suetum.
1556 3102 1662 3155 Etenim
1678 3103 1730 3155 Zo-

95 3166 177 3232 arnit,
198 3176 226 3224 et
249 3169 374 3240 quisnam
410 3176 482 3223 esset
508 3166 682 3237 interroganti
711 3164 880 3236 respondit:
936 3167 1158 3237 eliertoseop.1v
1171 3168 1297 3224 describit
1310 3173 1393 3225 Derim
1412 3170 1611 3241 sqitiminnlos
1626 3172 1730 3227 trieben·

105 3240 200 3294 ortulis
214 3255 260 3308 epo
278 3254 347 3302 sitm,
359 3244 384 3294 et
396 3254 465 3293 tirius
481 3254 515 3293 ra
528 3237 622 3292 arcolis
636 3238 718 3292 eremi
730 3238 877 3306 qnoscorio
892 3241 914 3304 (ζ
935 3242 997 3301 tem,
1010 3254 1070 3292 crim
1081 3254 1130 3292 nos
1143 3240 1209 3293 ditos
1225 3245 1329 3295 tannim
1343 3242 1487 3297 hirlienmns
1500 3262 1508 3303 ι
1522 3246 1546 3296 ct
1561 3242 1667 3297 Psalmo
1683 3259 1731 3299 no·

75 3308 169 3365 delites
182 3326 270 3365 errore
280 3312 419 3380 pestilitas
432 3312 547 3373 Fitnnos,
558 3310 723 3377 satyrosque
733 3312 758 3361 et
768 3308 878 3362 incubos

76 3394 171 3436 mouns
182 3383 244 3436 solit
258 3384 305 3452 (lt.
319 3383 430 3436 ilioron.
450 3383 479 3436 in
491 3383 556 3437 l't'to
569 3382 673 3441 Pontii.

113 3452 268 3508 l’Erasmus
282 3453 311 3507 in
327 3452 549 3508 annotationibus
568 3450 630 3524 legit
650 3450 677 3505 in
692 3448 830 3515 ablativo,
848 3452 879 3504 in

76 3522 264 3583 similitudine.
277 3539 310 3579 eo
325 3523 399 3594 qnod
420 3524 516 3579 Gratce
532 3522 664 3577 habeatur
679 3521 703 3575 ἔν
725 3521 876 3591 ὁμοιώματι.

77 3593 152 3661 Quod
163 3598 201 3649 its
215 3596 316 3650 die-inm
330 3600 378 3659 est,
388 3595 484 3667 inquit,
496 3595 698 3665 qticstdieutnr,
710 3609 760 3663 per
767 3595 877 3649 assimi-

77 3664 203 3721 lationem
216 3669 353 3738 imoqinis,
367 3672 399 3721 ut
407 3682 498 3721 seriens
508 3669 562 3721 sit:
576 3669 750 3721 licitusernnt
766 3667 879 3735 gloriani

76 3738 127 3791 Dei
137 3740 280 3806 figurarum
294 3740 350 3792 sibi
358 3738 602 3809 insomne-rmntios
616 3739 750 3807 pittnbnnt
762 3754 882 3797 seuerum

74 3810 168 3875 Βιιιιιι,
188 3812 237 3879 qui
259 3813 428 3878 incorporeus
441 3814 489 3872 est,
514 3811 672 3877 sepriense.
702 3810 778 3863 Tales
802 3818 880 3868 critiri

73 3879 203 3933 orirersus
222 3896 287 3947 quos
302 3880 425 3947 disputet
446 3879 546 3933 Penius
562 3880 657 3931 Actor.
673 3892 744 3943 xvir,
768 3890 879 3950 arrepto

72 3952 209 4005 occasione
228 3965 261 4001 en
288 3950 370 4000 inseri
381 3950 462 3999 itione
484 3946 592 4005 ultoris,
613 3947 706 4011 lpiimo
733 3950 805 4014 lteo,·
832 3954 881 4005 nbi

68 4024 133 4090 post
145 4018 242 4077 mrilto,
256 4019 293 4069 sie
311 3964 419 4069 tuition
434 4017 538 4081 insert:
553 4014 644 4069 Genus
654 4029 713 4081 erqo
726 4020 879 4075 sumsimus

72 4091 134 4146 liei,
150 4101 201 4137 non
213 4084 336 4139 ilebcrnus
349 4088 502 4139 existimes
513 4099 588 4145 auro,
600 4088 624 4137 et
634 4090 757 4151 arpenta,
773 4094 822 4143 snt
835 4090 877 4144 lo·

69 4158 138 4229 peili
148 4156 292 4224 scalprum
302 4158 371 4210 ortis
385 4156 585 4225 etetqitittt'onis
594 4154 742 4231 hominnm,
756 4158 878 4217 diuinum

70 4244 129 4285 esse
150 4228 246 4281 sinn'lo.
278 4226 321 4282 Sic
348 4227 414 4298 ipse.
441 4225 493 4299 Qui
517 4226 627 4296 quidem
654 4232 877 4299 eottimentsrins,

69 4297 199 4371 quamtis
213 4298 323 4365 bonus3
352 4299 415 4369 quia
444 4306 536 4353 himen
553 4313 608 4351 non
623 4297 721 4368 optimi
745 4304 876 4373 nitereris,

67 4386 128 4427 nou
142 4367 376 4440 ntegriilariemlus
401 4376 452 4437 est,
465 4368 618 4441 presertim
642 4384 706 4424 cum
730 4371 819 4428 Graeei
832 4374 873 4429 in·

68 4448 223 4512 terpretes,
247 4440 467 4512 chrysostomus,
480 4439 686 4505 Obeumenins,
708 4441 876 4515 'lbeopbrla-

69 4523 143 4575 ctus,
163 4510 259 4566 eodem
280 4511 363 4566 modo
388 4512 601 4585 interpretentur
624 4527 679 4582 quo
692 4514 790 4583 latini,
815 4506 871 4572 nort

68 4584 228 4657 ignorantes
251 4582 472 4652 praepositionem
487 4581 511 4633 ii
526 4582 679 4653 frequenter
690 4588 811 4657 usurpari
841 4606 871 4643 ro
887 4630 913 4693 D
927 4597 1082 4717 (elseshtnlgam
1095 4586 1268 4714 ³{⁵e¹⁰b³t¹'¹³
1282 4588 1322 4644 vel
1339 4590 1504 4713 Nestorlilani,

948 4676 979 4714 ιιι
1000 4676 1014 4716 ι
1035 4675 1092 4719 an,
1130 4674 1164 4713 oc
1182 4674 1209 4713 es
1234 4702 1241 4722 ,
1264 4674 1410 4731 personam
1450 4676 1550 4714 oniirns
1572 4674 1586 4711 a
1611 4672 1726 4727 persona
1787 4675 1790 4681 ·

68 4655 279 4779 dii,¹pi·aesertitrt
295 4669 359 4709 eunt
380 4653 493 4710 veritum
507 4652 668 4725 adjunctum
691 4654 717 4709 id
741 4665 802 4726 pest
832 4668 870 4728 at,

68 4733 102 4785 ut
129 4726 174 4781 ric.

107 4796 228 4867 ‘Hujus
246 4794 358 4852 iratresis
380 4798 499 4866 primum
527 4801 667 4849 auctorem
690 4792 791 4852 iaciunt
816 4802 871 4855 llo-

68 4868 161 4925 daeum
172 4868 330 4949 quemdam,
344 4881 358 4920 a
372 4883 426 4938 quo
447 4864 577 4933 Audiani,
591 4879 639 4920 seu
663 4866 791 4935 Vadiani,
802 4867 869 4925 dicti

67 4946 148 4995 sunt.
166 4942 210 4993 Sic
239 4939 311 4994 enim
331 4936 414 4992 refert
433 4935 603 5005 liieepltorus
625 4935 670 4991 lib.
685 4952 719 4992 ιιι
734 4953 792 5009 cap.
812 4946 867 4996 lt:

67 5013 114 5069 En
126 5014 205 5065 tetuli·
215 5011 334 5065 arrosus
344 5024 447 5079 qnoque
460 5009 582 5078 (ιιιιιιιιιιι,
597 5012 624 5062 et
633 5024 726 5077 ponere
740 5016 764 5063 et
776 5011 870 5080 iniquo

66 5082 167 5153 Syrte,
190 5082 247 5149 [uit
266 5096 393 5135 iturorum
418 5079 575 5148 ‹toanotmn
601 5080 731 5135 intentor.
748 5083 870 5137 Primum

66 5167 189 5222 nomque
202 5168 260 5207 eum
280 5167 424 5223 perperam
435 5151 505 5205 illud
519 5151 692 5206 intellenisset
705 5170 713 5205 :
728 5155 870 5209 Faciamus

65 5224 201 5281 bominem
210 5224 247 5277 inl
253 5226 395 5293 tentiginem
404 5227 429 5278 et
440 5223 644 5277 similitudines
650 5228 777 5286 nostrum,
789 5228 871 5279 Derim

66 5296 189 5351 humone
211 5310 265 5349 esse
284 5298 370 5363 tornis
390 5298 518 5366 opinatus
532 5299 580 5357 est,
593 5295 765 5364 eumdemque
780 5311 871 5366 eorpo-

65 5366 141 5421 rolio
160 5366 258 5421 hebere
278 5368 396 5421 nienibro
416 5368 596 5429 enistt'mutit,
619 5381 701 5421 soene
723 5368 870 5435 Scripta-nr

66 5440 229 5493 sordentium
245 5454 295 5492 non
312 5441 377 5493 scitis
391 5442 534 5499 assertores,
557 5453 617 5507 qne
637 5438 726 5492 stetini
747 5440 870 5494 Nitor-titis

133 5510 192 5565 ibus
198 5512 377 5565 lnrrnnnorum
384 5512 508 5579 portium
520 5509 645 5563 roeolntln
653 5508 788 5563 attribuit.
805 5511 871 5566 lltnc

65 5578 77 5636 i
92 5578 125 5636 le.
157 5582 242 5636 Porro
263 5580 461 5650 'theodoretus
498 5587 594 5651 quaest.
625 5585 659 5632 ιο
679 5579 706 5633 ιιι
729 5580 870 5647 (ienesim,

65 5646 228 5721 hujusmodi
248 5651 392 5707 licreticos
414 5650 465 5705 boc
486 5658 646 5723 argunrento
668 5648 805 5723 redarguit
822 5654 871 5708 :st

62 5726 209 5847 wieres
226 5724 402 5778 existimetur
416 5724 587 5779 Dorrshuliere
605 5738 709 5791 conius,
724 5723 803 5791 qriole
822 5724 871 5776 hn-

128 5794 214 5857 ltomo,
229 5796 294 5863 quio
303 5795 443 5865 Scriptum
456 5794 585 5847 describit
599 5809 658 5847 eum
673 5798 809 5863 tamquarm
823 5796 868 5848 in-

65 5866 201 5921 structum
208 5872 235 5921 et
241 5864 389 5935 proditum
399 5864 522 5921 menbris
529 5864 657 5956 bunariis
663 5883 672 5933 ;
678 5865 762 5920 simili
768 5868 870 5921 tutione

933 3312 1069 3376 nepesino
1079 3310 1219 3364 inducitur
1226 3314 1292 3365 Deus
1302 3312 1399 3366 hebens
1407 3318 1541 3382 pcrrrraset
1552 3314 1622 3375 eliis,
1631 3316 1731 3382 quibus

933 3393 1118 3445 nosceremus,
1129 3384 1154 3433 et
1167 3382 1253 3435 multo
1266 3382 1322 3435 ulio
1329 3398 1379 3451 per
1393 3390 1461 3438 meto
1482 3385 1576 3437 horem
1592 3387 1732 3439 lteouttii·
1784 3396 1787 3401 ’

935 3450 995 3503 buit
1001 3450 1152 3519 Scriptura.
1165 3466 1227 3521 quen
1239 3454 1265 3505 si
1276 3456 1385 3522 propris
1394 3457 1446 3508 ete
1481 3454 1619 3509 ceritatem
1642 3457 1733 3525 enipe-

932 3526 1132 3583 certaminum
1142 3522 1262 3587 {ueremi
1270 3530 1486 3595 enorrnemntquc
1497 3529 1688 3589 monstrosum,
1703 3530 1730 3582 et

933 3594 1010 3663 longe
1024 3594 1234 3648 dissimillimum
1248 3594 1372 3650 hominis.
1389 3598 1446 3653 ll'on
1460 3600 1547 3666 iqitnr
1571 3600 1660 3667 imeqo
1678 3600 1729 3654 Dei

933 3666 1080 3738 quaerenda
1091 3669 1129 3719 cst
1144 3665 1292 3721 irihemtnis
1302 3669 1471 3736 sigismerem
1486 3671 1513 3723 in
1524 3670 1625 3733 estimo,
1636 3672 1684 3739 qni
1698 3674 1729 3725 ut

932 3745 1014 3800 lteris,
1030 3740 1068 3792 sic
1084 3739 1139 3806 ipse
1153 3739 1277 3800 rationis,
1296 3740 1401 3793 rorisiltr'
1426 3742 1604 3809 strepitantia
1626 3754 1728 3807 compos

931 3816 957 3865 et
971 3826 1059 3880 crepon
1074 3812 1122 3862 est.
1136 3808 1201 3862 Vide
1215 3808 1381 3863 Abnlensem
1399 3815 1426 3863 et
1447 3809 1584 3864 l‘ererium
1599 3808 1627 3862 in
1641 3812 1726 3864 Com·

933 3892 1008 3936 ment
1026 3880 1064 3934 in.
1083 3878 1221 3933 Genesim.

965 3951 1052 4004 etita
1077 3964 1176 4019 genera
1203 3949 1346 4005 bominum
1367 3949 1514 4005 ridentium
1540 3951 1646 4014 lesum,
1672 3946 1730 4003 sire

931 4020 1064 4089 triplicem
1087 4019 1200 4074 modum
1226 4036 1280 4090 quo
1294 4025 1334 4085 (nt
1354 4021 1434 4076 babet
1452 4020 1546 4076 titulus
1563 4020 1634 4089 cap.)
1648 4021 1731 4075 iesus

931 4088 1089 4145 hominibus
1103 4096 1224 4159 apparet,
1239 4090 1372 4143 subtiliter
1389 4090 1528 4161 distinguit
1550 4098 1578 4144 et
1591 4088 1730 4145 moraliter

930 4160 1137 4231 interpretatur.
1158 4158 1276 4229 Quidam
1297 4159 1471 4215 erritorident
1494 4163 1589 4215 Jesum
1612 4168 1729 4215 tantum·

931 4232 1014 4287 modo
1026 4237 1056 4285 ut
1067 4244 1207 4294 carneum,
1223 4229 1280 4284 sive
1291 4229 1436 4295 carnalem,
1450 4239 1482 4287 ut
1496 4231 1616 4287 carnales
1626 4230 1726 4300 ιιιιιιιι,

930 4303 975 4374 qui
990 4300 1128 4358 Christum
1145 4316 1199 4355 non
1214 4300 1265 4355 nisi
1281 4316 1409 4357 carneum
1432 4311 1459 4357 et
1469 4318 1567 4374 purum
1588 4302 1727 4359 bominem

928 4372 1127 4445 agnoscebant,
1141 4373 1181 4428 vel
1203 4372 1248 4445 qui
1273 4375 1361 4427 Deum
1376 4381 1406 4428 ut
1429 4389 1557 4430 carneum
1568 4416 1575 4437 ,
1586 4383 1615 4431 et
1629 4390 1728 4445 corpo-

928 4443 1210 4515 renmimaginantur,
1224 4444 1564 4518 utdntbropomorpbittc,
1579 4446 1613 4503 de
1628 4445 1727 4517 quibus

927 4532 1020 4588 supra;
1034 4515 1076 4570 vel
1091 4514 1192 4581 Ariani,
1214 4515 1259 4587 qui
1273 4515 1411 4573 Christum
1424 4534 1479 4573 non
1503 4518 1554 4574 nisi
1573 4533 1683 4643 cafnem
1699 4526 1726 4572 et

1519 4589 1564 4671 qni
1582 4590 1724 4645 Cirislum

924 4731 1006 4786 Verbi
1020 4730 1047 4785 in
1060 4729 1169 4785 Christo
1176 4729 1345 4800 separabant,
1360 4739 1387 4784 ιι
1399 4729 1539 4784 Christum
1554 4741 1609 4780 non
1625 4731 1725 4791 iteum,

925 4799 973 4856 sed
985 4801 1114 4869 ιεοφιρον,
1129 4799 1211 4864 idest,
1222 4799 1359 4854 [relietum
1370 4798 1551 4867 appellabant.
1569 4796 1620 4851 Αιιι
1637 4795 1727 4859 vident

925 4874 1019 4925 Jesum
1033 4881 1062 4923 ιιι
1077 4868 1222 4930 humilem,
1246 4868 1272 4923 id
1294 4875 1347 4931 est,
1363 4866 1517 4936 parvulum,
1540 4875 1569 4922 ιιι
1589 4866 1671 4922 rudes
1698 4874 1726 4923 et

926 4938 1077 5010 imperfecti
1100 4938 1263 5001 Christiani,
1289 4937 1334 5009 qui
1355 4936 1456 4993 Christi
1478 4938 1675 4995 humanitatem
1697 4947 1727 4995 et

925 5010 1047 5065 bumana
1065 5008 1123 5079 ejus
1136 5024 1216 5079 opera
1230 5008 1404 5065 solummodo
1416 5010 1604 5075 considerant;
1630 5011 1681 5073 vel,
1695 5019 1726 5066 ut

926 5081 970 5137 bic
981 5081 1106 5144 babetur,
1120 5078 1148 5133 ιιι
1167 5080 1294 5150 operibus
1317 5080 1437 5137 externis
1453 5084 1517 5139 vitre
1533 5082 1626 5136 aethe
1641 5081 1726 5135 dum-

925 5159 1003 5208 taxat
1023 5158 1200 5220 occupantur,
1216 5160 1246 5205 ut
1260 5151 1365 5208 hiartha
1377 5154 1402 5207 in
1415 5153 1562 5225 Esatrgclio
1581 5152 1667 5221 (ture
1681 5156 1725 5221 x),

925 5230 953 5278 et
977 5222 1013 5277 illi
1035 5221 1070 5277 ad
1097 5235 1167 5293 qnos
1200 5223 1348 5293 Apostolus
1367 5224 1500 5280 scribebat
1528 5225 1640 5280 :Filioli
1661 5226 1723 5287 met,

925 5309 989 5365 piros
1000 5297 1097 5350 iterum
1105 5296 1243 5364 pitrtroie,
1255 5294 1473 5362 rionerformetur
1481 5297 1604 5353 Christos
1618 5296 1724 5352 inrobt's

924 5368 1027 5435 (Giilut.
1054 5370 1107 5433 tv).
1131 5364 1181 5419 stit
1208 5365 1327 5435 deniqne
1348 5365 1437 5421 vident
1455 5376 1482 5422 et
1506 5367 1724 5438 contemplantur

924 5440 1020 5494 lesum
1040 5446 1070 5493 nt
1082 5436 1244 5509 gloriosum,
1260 5436 1307 5507 qni
1321 5436 1379 5507 ejus
1396 5437 1565 5493 divinitatem
1582 5446 1610 5491 et
1623 5438 1724 5509 glorifi-

924 5508 1062 5564 cationem
1081 5509 1187 5579 aliaque
1204 5508 1293 5564 divina
1303 5516 1330 5561 et
1342 5506 1469 5563 sublimia
1479 5508 1605 5580 mysteria
1615 5509 1723 5566 assiduo

925 5579 1049 5635 recolunt
1065 5588 1092 5634 et
1106 5580 1281 5644 meditantur,
1296 5588 1325 5633 ιιι
1340 5578 1387 5650 pii,
1400 5586 1428 5632 et
1446 5578 1556 5661 perlecti
1582 5582 1722 5646 monaehi,

924 5658 951 5705 ιι
975 5651 1201 5721 contemplativi,
1227 5651 1274 5724 qui
1298 5665 1362 5706 oum
1385 5652 1472 5706 blatra
1494 5651 1597 5725 eligunt
1617 5662 1722 5722 plastem

925 5721 1076 5785 meliorem,
1092 5737 1154 5792 quai
1166 5738 1220 5777 non
1235 5722 1412 5778 aufereturab
1427 5722 1474 5781 eit.

960 5793 1265 5857 ⁶8emuou1nmmem,
1282 5792 1309 5849 id
1326 5802 1376 5863 est,
1391 5794 1526 5851 carnalem
1545 5802 1573 5848 et
1588 5792 1721 5846 visttnlem

924 5865 1049 5937 corporis
1072 5867 1246 5935 praesentiam
1260 5885 1267 5923 ι
1281 5866 1398 5936 sedjom
1407 5882 1478 5921 nunc
1490 5864 1681 5921 noniiocimus,
1695 5858 1721 5915 id
