3848 6158
186 250 237 304 ron
431 219 447 291 .’
583 236 587 240 ·
678 239 679 243 ‘
855 246 994 305 toluurs
1012 248 1162 307 nimrim
1786 265 1837 319 ros

184 384 249 432 cant
273 375 402 433 divinitus
427 375 615 443 moderatum
640 383 671 432 ut
690 373 886 431 ardentioribus
909 375 979 444 lide,
996 382 1023 443 Α
1038 377 1113 434 illam
1125 377 1351 448 satisfactionem,
1362 395 1445 453 quam
1454 397 1504 454 pro
1515 382 1687 457 negligentiis
1700 399 1750 443 seu
1760 387 1838 460 igno-
1862 410 1864 414 ·

183 469 301 543 spatium
321 484 376 542 quo
399 485 428 526 se
448 469 553 525 virtutis
574 483 671 524 eorum
690 464 864 539 infatigabilis
887 484 982 525 cursus
1035 473 1186 531 rationibus
1202 474 1304 530 nostris
1318 475 1488 545 obtulimus,
1502 477 1719 537 etoonIessionis
1735 489 1838 538 uosbae

184 563 350 633 extenderet,
368 571 534 631 seruaretur,
557 571 585 618 et
601 559 777 617 nibilominus
796 559 874 618 fessis
891 563 982 636 aegris-
1035 565 1142 621 veniam
1153 565 1271 638 protasis
1279 568 1427 639 gemitibus
1438 569 1764 642 imploratam,sollicitus
1775 588 1837 643 nus,

74 648 77 665 '
183 673 235 729 que
252 656 413 730 corporibus
427 656 539 713 minime
558 656 714 728 gigneretur
733 654 768 712 de
781 655 919 713 nimietate
938 657 982 714 la·
1036 658 1058 714 si
1072 667 1180 731 tempus
1194 660 1294 733 quietis
1307 661 1459 731 invenerit,
1477 665 1614 722 maculare
1627 665 1755 735 festinat,
1771 675 1837 726 tune

81 1764 84 1771 ν
178 1688 264 1761 operi,
277 1704 310 1746 ac
321 1688 492 1747 meditationi
503 1689 626 1761 operatio
637 1688 734 1746 diurna
748 1688 885 1746 succedat.

182 749 309 806 stidium.
328 749 446 821 Ideoque
463 764 526 805 cunr
541 746 644 804 luerint
660 747 817 804 arabonam
838 750 981 806 canoniea·
1036 752 1170 824 praecipue
1185 752 1311 810 liduciam
1329 763 1451 813 nostram
1475 756 1590 831 dejicere
1608 767 1689 831 atque
1711 748 1850 819 enervare'

182 858 245 899 rum
266 842 419 900 functiones
451 858 484 897 ex
508 856 586 897 more
609 841 709 906 linitae,
731 842 916 915 unusquisque
947 843 982 901 ad
1035 845 1296 919 contendens,cum
1314 847 1463 910 ferventius
1482 867 1534 908 nos
1556 851 1590 909 ad
1612 857 1703 911 Deum
1726 854 1839 912 tendere

150 925 156 931 ⁴
181 952 259 993 suam
273 951 417 993 recurrens
431 934 666 1008 cellulamtquam
685 942 732 992 aut
756 934 841 1004 solus,
856 944 905 992 aut
918 952 982 992 cum
1036 940 1194 996 orationum
1216 948 1373 998 nostrarum
1400 943 1517 1015 puritate
1535 945 1680 1018 perviderit
1710 947 1778 1004 :ita
1807 957 1839 1005 ut

181 1033 233 1089 alio
257 1040 364 1088 tantum
385 1031 536 1088 inhabitare
558 1031 746 1104 permittitur,
770 1048 851 1105 quem
882 1033 983 1091 scilicet
1035 1046 1244 1106 nonnumquam
1264 1049 1333 1107 quos
1353 1051 1402 1108 per
1415 1044 1506 1093 totum
1527 1039 1614 1095 noetis
1635 1039 1760 1111 spatium
1778 1056 1840 1098 sau-

182 1125 298 1183 societas
311 1123 494 1199 operationis,
515 1123 556 1181 vel
580 1124 771 1197 discipulatus,
784 1133 813 1180 et
835 1123 983 1198 disciplinae
1035 1126 1108 1185 ciare
1118 1142 1175 1185 non
1188 1128 1287 1199 potuit,
1302 1129 1352 1187 sub
1366 1129 1437 1188 illius
1447 1130 1523 1188 borae
1536 1132 1696 1190 brevissimo
1715 1143 1840 1208 tempore

180 1218 294 1276 imbutio
309 1218 461 1291 copulavit,
474 1219 516 1274 vel
536 1228 612 1276 certe
626 1235 709 1292 quem
729 1217 880 1276 similitudo
900 1219 983 1275 virtu·
1035 1219 1216 1278 dehonestare
1237 1230 1352 1279 conetur
1370 1225 1460 1291 (Vide
1480 1227 1574 1282 Callet.
1594 1231 1647 1295 22,
1671 1244 1731 1298 qua
1745 1234 1783 1285 est
1806 1231 1839 1287 de

178 1322 237 1370 tum
249 1311 487 1386 comparemieeit)
498 1312 571 1369 idem
584 1329 679 1372 rursus
693 1311 982 1372 orationumofficium
1034 1317 1171 1372 nocturnis
1182 1316 1378 1384 illusionibus).
1395 1316 1520 1375 Secunda
1544 1335 1620 1388 vero,
1635 1320 1711 1392 quod
1730 1325 1837 1381 tametsi

179 1408 252 1465 velut
266 1407 401 1481 peculiare
422 1407 585 1472 sacrificium
599 1407 746 1465 studiosius
760 1408 908 1468 celebrant.
927 1424 980 1465 nec
1034 1407 1108 1465 nulla
1119 1408 1183 1465 talis
1201 1409 1316 1467 verenda
1326 1409 1429 1468 diaboli
1453 1422 1574 1485 emergat
1591 1412 1700 1485 illusIo,
1721 1414 1838 1474 interce·

179 1502 290 1559 ulterius
306 1503 450 1574 quisquam
470 1517 566 1559 eorum
578 1501 607 1558 in
628 1501 750 1574 requiem
761 1500 852 1558 somni
875 1494 986 1558 resolvi-
1038 1500 1106 1583 deus
1119 1501 1200 1558 etiam
1215 1518 1300 1574 purus
1312 1518 1396 1577 sopor
1410 1504 1534 1562 inertiam
1552 1508 1688 1566 monacho
1702 1524 1767 1567 mox
1782 1511 1838 1568 evi·

178 1593 351 1663 tur31donec
374 1594 580 1667 superveniente
603 1593 658 1652 diei
672 1592 828 1667 splendore,
850 1602 983 1650 nocturno
1037 1596 1153 1670 gilatum
1175 1599 1322 1670 parturiat,
1353 1614 1518 1673 segnemque
1542 1608 1683 1675 torporem
1715 1604 1836 1662 luterens

1035 1691 1132 1760 menti,
1146 1707 1195 1764 per
1207 1701 1298 1749 totum
1320 1691 1374 1749 diei
1389 1694 1508 1766 spatium
1522 1695 1642 1769 vigorem
1658 1697 1717 1770 ejus
1737 1698 1839 1756 obtun-

466 1815 586 1871 CAPUT
604 1816 684 1870 xm·
993 1762 1017 1825 Β
1033 1783 1089 1855 dat,
1109 1785 1236 1857 illamque
1257 1785 1367 1844 bebetet
1385 1787 1577 1861 perspicaciam
1598 1805 1709 1856 seusus,
1722 1801 1751 1848 et
1778 1792 1838 1864 pin-

393 1945 398 1956 Ι
737 1945 742 1956 .
902 1942 905 1949 ¹
1030 1879 1174 1951 guediuem
1189 1878 1279 1936 cordis
1299 1881 1448 1949 exhauriat,
1468 1897 1531 1954 quae
1552 1884 1704 1959 nospossit
1717 1900 1766 1957 per
1794 1893 1837 1942 to·

178 1949 266 2015 Qum
277 1950 339 2016 ΡΟδι
358 1959 470 1999 ”msam
483 1947 642 1999 mmmm
653 1943 768 1999 dmm
779 1958 832 1999 ’'⁰'‘
842 1948 974 2016 ⁰P⁰r³⁶‘¹²·
1025 1981 1089 2030 tum
1102 1972 1175 2030 diem
1187 1973 1316 2032 adversus
1332 1989 1428 2034 omnes
1440 1975 1557 2034 insidias
1576 1977 1679 2035 inimici
1694 1979 1833 2036 cautiores

212 2075 325 2144 ¹Quem
338 2069 460 2127 laborem
482 2069 666 2142 praeterillam
683 2068 898 2141 rationemque
914 2077 973 2127 tota
1027 2071 1255 2146 robustioresque,
1268 2073 1385 2130 servare.
1406 2075 1593 2144 Quamobrem
1611 2076 1750 2134 canonicis
1769 2077 1836 2151 uigi-

158 2164 309 2231 ,lndustria
330 2164 482 2221 annitentes
500 2162 666 2220 saerilieium
683 2167 742 2220 Deo
756 2162 790 2220 de
810 2162 896 2220 lruetu
915 2179 977 2220 ma·
1029 2165 1072 2222 liis
1085 2167 1196 2238 privatae
1208 2166 1242 2224 ab
1254 2168 1524 2242 eissubjungunturc
1538 2170 1670 2238 excubiae,
1681 2172 1825 2244 aemaj0re

176 2276 262 2318 nuum
277 2275 388 2317 suarum
408 2258 508 2316 otierre
519 2273 549 2315 se
567 2257 692 2326 creduut,
710 2256 817 2314 duabus
835 2272 869 2313 ex
888 2257 977 2315 causis
1029 2260 1081 2318 illis
1094 2261 1284 2319 observatione
1296 2263 1455 2333 succedunt,
1469 2272 1498 2322 ut
1509 2273 1536 2322 et
1548 2266 1593 2322 illa
1606 2267 1758 2340 purificatio
1770 2283 1832 2340 quae

174 2371 238 2411 eum
257 2352 333 2411 omni
348 2353 537 2410 observatione
554 2351 721 2410 custodiunt.
742 2349 823 2420 Quod
839 2366 891 2407 uos
907 2365 976 2423 quo-
1030 2356 1141 2428 psalmis
1154 2366 1182 2415 et
1201 2358 1371 2415 orationibus
1386 2368 1428 2415 est
1446 2360 1590 2432 acquisita,
1611 2379 1668 2419 non
1682 2371 1789 2435 pereat3
1807 2370 1837 2418 et

174 2466 227 2541 qup
245 2449 268 2506 si
287 2448 444 2518 perfectioni
464 2447 622 2529 studemus,
637 2445 733 2503 eadem
746 2445 883 2519 diligentia
906 2461 974 2502 con·
1028 2448 1158 2507 intentior
1174 2450 1327 2508 sollicitudo
1347 2450 1565 2524 diligentiusnos
1585 2470 1634 2526 per
1646 2454 1720 2512 diem
1743 2464 1835 2512 custo-

173 2543 246 2600 venit
268 2543 423 2600 observare.
451 2542 543 2597 Ptims
557 2535 576 2595 ¹²,
593 2557 627 2597 ne
653 2539 726 2597 torte
754 2539 972 2613 purificationem
1027 2540 1131 2612 ditura,
1146 2552 1314 2617 praeparetur
1325 2545 1502 2602 meditatione
1513 2557 1661 2605 nocturna.

173 2645 295 2694 nonnam
315 2634 457 2692 nocturnis
480 2634 593 2707 psalmis
611 2642 639 2691 et
660 2633 844 2690 orabonibusr
858 2633 972 2706 acquisi-

172 2740 242 2802 tam,
267 2730 373 2788 inridus
398 2730 527 2787 inimicus
547 2729 632 2786 linens
655 2728 764 2802 puritati
785 2736 903 2798 nostrae,
929 2728 971 2785 cui

172 2825 291 2883 maxime
305 2824 449 2882 insidiatur
471 2838 589 2897 semper,
608 2831 637 2879 et
658 2822 841 2880 indesinenter
858 2821 973 2880 infestus

172 2929 223 2989 est,
239 2918 355 2992 quedam
379 2921 468 2976 somni
492 2917 618 2975 illusione
639 2916 822 2974 contaminet.
838 2916 890 2985 Qui
910 2924 973 2988 post

1313 2649 1436 2705 CAPUT
1455 2650 1533 2705 XIV.

1080 2743 1308 2813 Quemadmodum
1325 2744 1471 2801 in'cetlulis
1487 2747 1545 2800 suis
1563 2760 1629 2817 opus
1649 2761 1777 2802 manuum
1810 2778 1813 2783 ·

1189 2821 1216 2870 et
1237 2818 1370 2872 arationes
1382 2818 1491 2887 pariter
1504 2822 1654 2873 eucreeant.

1064 2919 1097 2973 Et
1109 2917 1209 2975 idcireo
1222 2933 1268 2975 eas
1282 2934 1345 2975 cum
1359 2917 1512 2990 adiectione
1526 2919 1616 2992 operis
1634 2927 1830 2992 exsequuntur,

720 3025 848 3081 annual
867 3023 982 3081 GIZAEI
1000 3023 1280 3083 COMMENTARIUS.

173 3143 225 3194 tem
238 3137 384 3192 beatissimi
397 3137 487 3192 Patris
501 3138 528 3190 et
545 3134 602 3204 ejus
614 3134 745 3203 Ilequtam
759 3135 877 3199 uenirent,
892 3134 973 3200 facile
989 3104 1011 3202 C
1026 3134 1151 3189 manibus
1165 3137 1303 3204 operantes
1326 3135 1407 3202 facile
1419 3140 1548 3205 possetint,
1564 3138 1589 3190 et
1606 3136 1695 3206 ipsum
1710 3135 1831 3190 laborem

175 3214 213 3265 ast
224 3209 469 3293 sidere-rentaeque
489 3209 537 3277 qui
552 3207 610 3276 ejus
623 3205 755 3274 Repulam
778 3207 860 3260 etiam
873 3220 973 3275 parum

175 3281 440 3421 leqltllllutm'flgmpe,
459 3349 494 3407 de
507 3362 563 3421 quo
575 3347 603 3403 in
620 3347 675 3403 tine
692 3309 970 3419 eapfprsecedenas:

175 3426 308 3480 Nocturna
327 3425 402 3493 operi
420 3439 451 3477 ac
469 3422 639 3476 meditationi
651 3422 770 3491 opieratie
794 3421 895 3474 diurna
913 3436 973 3474 sue-

160 3495 316 3622 'oe‘fiai'ides
329 3571 431 3637 quanto
444 3561 534 3620 studio
556 3568 585 3618 et
601 3559 785 3618 sollicitudine
800 3559 833 3630 pii
854 3554 892 3614 illi
909 3572 971 3613 mo·

172 3638 249 3693 naebi
264 3647 291 3693 et
305 3635 429 3708 puritatis
447 3643 583 3690 curatores
599 3632 754 3689 studuerint
770 3637 918 3686 nocturnas
936 3629 972 3684 il-

1027 3209 1166 3274 tamquam
1177 3206 1268 3260 diuina
1286 3206 1428 3261 celeumate
1446 3207 1586 3261 sanaturi.
1607 3208 1652 3262 An
1671 3209 1830 3275 ipnoramus
1863 3260 1865 3263 .

1026 3280 1130 3347 opifices
1140 3278 1237 3347 quibus
1252 3278 1429 3340 sanitatibus,
1444 3282 1469 3331 et
1478 3279 1635 3347 plerumque
1647 3280 1729 3331 etiam
1742 3281 1830 3346 turpi-

1027 3348 1165 3403 tudinibus
1177 3350 1371 3403 theatricarum
1394 3349 1554 3415 fabularum
1573 3348 1671 3402 donent
1686 3347 1787 3409 corda,
1802 3352 1828 3403 et

1026 3419 1134 3485 linquas
1147 3434 1220 3480 seras,
1233 3435 1293 3473 cum
1300 3435 1395 3474 manus
1407 3421 1442 3473 ab
1451 3435 1588 3489 aperenon
1599 3419 1744 3474 recedant?
1758 3419 1828 3485 Qum

1026 3504 1088 3558 eran
1106 3489 1219 3559 impedit
1238 3505 1345 3544 seruum
1360 3492 1409 3546 Dei
1419 3491 1545 3545 mortibus
1558 3494 1712 3560 warstan
1724 3492 1753 3543 in
1773 3491 1828 3558 leqe

1024 3560 1827 3630 Dominimeditari,etpsutlerenominidltissimi:itasane
1891 3604 1897 3617 .

1024 3634 1055 3684 ut
1069 3630 1106 3683 ad
1117 3631 1165 3683 illa
1177 3630 1314 3692 ancardo,
1329 3646 1389 3701 quac
1398 3634 1549 3686 memomter
1562 3633 1669 3695 recolat,
1680 3632 1777 3687 babeat
1787 3648 1828 3687 se·

170 3709 288 3765 lusiones
312 3715 340 3762 et
359 3707 522 3778 pollutiones
541 3719 623 3775 opera
642 3702 740 3760 diaboli
757 3700 896 3773 procurari
920 3715 966 3756 so·
1018 3703 1109 3770 posita
1123 3705 1265 3770 tempora?
1280 3704 1345 3757 Ilaec
1359 3703 1407 3758 SS.
1424 3704 1528 3758 Patres.
1553 3703 1591 3758 Ex
1609 3703 1826 3773 quibuscolligo

170 3779 231 3835 litas
243 3793 413 3852 praecavere:
430 3785 460 3832 ut
473 3776 543 3831 hauc
557 3775 592 3830 ob
611 3790 721 3830 causam
742 3773 877 3844 reliquum
897 3779 968 3827 tem·

1014 3772 1184 3839 orationem,
1199 3773 1349 3842 prasertim
1360 3773 1527 3845 mentalem,
1540 3788 1597 3829 non
1615 3788 1724 3845 semper
1736 3774 1824 3844 impe·

168 3852 240 3922 poris
253 3854 480 3921 postnocturnam
495 3849 605 3901 missam
617 3844 759 3914 (utbabet
770 3843 868 3899 titulus
887 3841 967 3914 hujus
1020 3841 1072 3898 diri
1091 3857 1173 3914 opere
1191 3850 1318 3913 externo,
1342 3851 1370 3899 et
1389 3844 1525 3910 manuali,
1538 3852 1569 3899 ut
1584 3853 1704 3911 vocsnt3
1723 3851 1751 3901 et
1768 3859 1825 3900 non

167 3927 259 3993 cap),
275 3922 292 3976 i.
311 3937 335 3976 e.
359 3928 422 4003 post
447 3926 613 3974 nocturnum
634 3915 780 3982 Oilieium,
806 3913 968 3996 neminiad

167 4008 299 4049 somnum
311 3991 402 4047 redire
417 3990 528 4046 liceret:
545 3989 590 4046 sed
608 3987 744 4056 orationi,
758 3985 800 4042 vel
818 4002 834 4041 u
854 3993 968 4041 crationi

166 4066 273 4123 assidue
292 4078 389 4120 omnes
408 4069 544 4118 vacarent.
559 4058 638 4130 Quod
664 4059 747 4115 etiam
767 4002 911 4142 mmuYatus
932 4059 966 4112 D.

167 4138 328 4194 Benedictus
340 4135 437 4191 statuit
450 4135 544 4205 adop.
559 4139 576 4188 8
590 4133 726 4201 Regula),
748 4140 780 4187 ut
800 4130 892 4184 bmmrs
906 4133 969 4185 tun-

163 4223 240 4276 pore‚
255 4209 327 4275 quod
346 4211 432 4262 restat
447 4211 509 4277 past
526 4207 643 4275 uigilias,
661 4205 679 4259 i.
703 4210 765 4275 post
784 4211 966 4267 nocturnum,

166 4278 240 4347 quod
255 4276 334 4346 vulgo
346 4277 460 4331 dicimus
474 4278 640 4331 matutinum
651 4274 784 4342 olliuium,
799 4289 817 4327 a
833 4272 967 4339 {natabus

166 4347 337 4401 meditationi
347 4347 520 4399 inscrutatur.

201 4420 213 4450 ⁶
227 4420 280 4471 Eas
294 4416 434 4481 nimirum,
448 4429 516 4496 quas
529 4413 652 4485 superius
663 4414 743 4481 (Cap.
757 4411 886 4480 praeeat.)
898 4410 967 4466 dlxit

166 4488 283 4560 privatas
305 4485 443 4550 excubias,
462 4484 565 4551 idest,
589 4483 725 4555 privatas,
749 4492 777 4536 et
799 4488 961 4551 spontaneas

167 4559 316 4622 umbones,
336 4555 542 4623 meditationes,
565 4553 770 4609 exercitationes
790 4550 960 4632 spirituales,

167 4646 234 4704 quas
258 4629 295 4699 pii
321 4627 357 4683 illi
379 4625 524 4689 monaehi,
540 4633 685 4697 postquam
699 4621 833 4678 absolutis
853 4620 962 4693 vigiliis,

166 4718 213 4758 seu
228 4699 326 4757 officiis
343 4697 485 4754 nocturnis
497 4695 533 4752 ‘ad
544 4711 607 4751 suas
619 4694 730 4751 cellulas
743 4709 772 4749 se
785 4702 962 4764 receperant,

165 4773 291 4845 privatim
311 4787 344 4828 ex
365 4768 509 4826 devotione
533 4766 613 4823 simul
639 4781 702 4821 cum
726 4779 808 4835 opere
828 4763 962 4831 nranuali,

164 4854 296 4916 quantum
312 4842 432 4899 bumana
455 4839 583 4914 fragilitas
601 4837 768 4910 patiebatur,
779 4834 961 4904 exercebaut;

1022 3912 1105 3969 modo
1115 3913 1233 3980 licitum,
1243 3915 1290 3970 sed
1305 3923 1333 3969 et
1346 3915 1431 3987 pium,
1443 3930 1474 3970 ne
1482 3915 1598 3971 salutare
1611 3930 1670 3971 esse
1680 3915 1751 3971 iuter
1760 3931 1825 3986 ope·

1022 3984 1140 4040 randum
1160 3984 1266 4056 aliquid
1281 3985 1317 4056 pii
1337 3986 1479 4048 mediare
1502 3993 1549 4042 aut
1562 3987 1700 4057 psalmos,
1717 3985 1825 4042 stelias

1024 4071 1116 4127 preces
1127 4056 1256 4124 recitare
1267 4056 1350 4113 modo
1362 4056 1440 4113 taleo
1461 4073 1493 4113 us
1503 4057 1613 4124 nonsit,
1623 4055 1697 4128 quod
1712 4072 1824 4113 omnem

1022 4126 1151 4185 excludat
1163 4130 1342 4184 attentionem
1357 4129 1404 4195 (S.
1422 4132 1443 4184 Τ
1476 4145 1515 4184 m.
1533 4144 1610 4198 11,q.
1635 4134 1687 4193 83,
1707 4146 1737 4183 a.
1768 4135 1822 4194 ¹⁴3

1022 4203 1124 4258 Nabar.
1142 4198 1175 4252 de
1189 4200 1265 4255 Orat.
1279 4215 1303 4253 e.
1317 4204 1351 4254 18
1362 4203 1387 4253 et
1407 4203 1466 4264 21).
1480 4203 1551 4255 Nam
1567 4199 1595 4254 iu
1608 4199 1683 4255 omui
1699 4199 1822 4255 brabone

1021 4270 1121 4348 vocali,
1143 4269 1227 4323 etiam
1247 4268 1336 4350 libera
1345 4276 1547 4349 etlspontanen,
1562 4270 1711 4395 repuiritur
1732 4270 1822 4352 aliqua

1020 4348 1134 4395 attemm
1158 4346 1186 4393 et
1204 4347 1354 4394 reverentia
1376 4349 1499 4407 iuterna,
1517 4349 1546 4396 ut
1566 4357 1598 4397 co
1611 4342 1700 4414 ligitur
1719 4355 1751 4397 ex
1775 4342 1820 4397 illa

1019 4409 1120 4465 celebri
1140 4408 1286 4465 Hieremiae
1311 4410 1446 4466 sentemia
1461 4426 1468 4464 :
1484 4413 1642 4468 Maledictus
1661 4415 1753 4476 mmo,
1773 4416 1822 4484 qui

1019 4482 1088 4547 (neit
1114 4495 1180 4548 opus
1206 4482 1255 4536 Dei
1266 4481 1429 4602 neqlipenter
1449 4483 1545 4550 [llier.
1559 4490 1609 4547 48,
1624 4499 1657 4539 ex
1683 4483 1819 4552 Hebraeo,

1015 4551 1217 4619 fraudrrleuter,
1231 4553 1321 4617 LXX,
1353 4551 1442 4622 μελῶς,
1454 4554 1639 4624 aeqltqauerl.
1652 4556 1684 4612 Si
1695 4557 1776 4619 enim,
1784 4555 1822 4611 ait

1016 4624 1052 4678 D.
1068 4621 1253 4689 Benedictus,
1265 4639 1326 4677 eum
1339 4625 1490 4679 bominibus
1499 4627 1651 4695 patentibus
1665 4627 1758 4695 aliqua
1771 4642 1819 4681 uo-

1017 4694 1104 4748 lumus
1117 4709 1277 4763 suqqerere,
1291 4711 1345 4749 nan
1359 4698 1562 4765 presumimus,
1575 4700 1630 4752 nisi
1641 4713 1700 4751 aem
1711 4699 1820 4753 bumili-

1018 4768 1073 4819 tate
1086 4769 1112 4820 et
1122 4767 1271 4820 retiacum
1282 4785 1291 4819 .·
1303 4770 1402 4836 quanta
1415 4769 1503 4836 magis
1518 4771 1629 4824 Domino
1640 4773 1692 4825 Deo
1708 4771 1819 4823 uniuer-

1016 4851 1116 4899 sorum,
1132 4852 1191 4890 cum
1205 4839 1278 4890 omni
1291 4838 1442 4893 bumilitate
1452 4843 1478 4892 et
1488 4841 1598 4908 pietatis
1610 4838 1746 4895 duratione
1755 4855 1819 4909 sup-

164 4931 199 4971 ne
213 4915 278 4998 quid
292 4914 341 4970 sibi
357 4913 489 4985 temporis
511 4911 614 4980 absque
636 4909 727 4965 fructu
749 4916 775 4962 et
793 4915 873 4980 gustu
887 4907 963 4977 spiri·
1013 4907 1173 4976 planatum
1193 4907 1338 5033 estItppod
1362 4907 1384 4962 si
1403 4908 1431 4962 in
1458 4910 1579 4965 oratioue
1605 4911 1688 4966 etiarn
1713 4911 1816 4980 priuata

162 4988 229 5042 tualr
252 4985 396 5057 deperiret,
415 4986 455 5040 vel
483 4983 578 5039 otiosis
598 4990 645 5036 urit
668 4978 825 5035 vacantibus
848 4993 963 5034 sonibus

163 5056 315 5128 obreperet.
341 5060 383 5110 Ita
401 5072 517 5125 utrinque
539 5056 573 5108 ab
597 5056 636 5107 eis
661 5055 822 5107 itrcessanter
844 5052 963 5120 operatio

161 5144 291 5183 manarum
302 5129 433 5197 praesrtim
445 5142 495 5195 per
514 5126 622 5179 cellulas
637 5125 819 5184 accersebatur,
838 5127 868 5176 ut
887 5123 962 5190 psal·

162 5215 266 5254 morum
279 5214 391 5268 quaque,
402 5199 442 5250 rel
450 5201 605 5249 caeterarum
615 5196 818 5263 scripturarum
825 5192 962 5246 meditatio

164 5285 312 5339 numquam
331 5271 438 5338 pertitus
453 5268 634 5329 omittereturr
651 5274 681 5319 ut
703 5273 798 5319 auctor
817 5263 914 5332 repetit
935 5270 962 5317 et

165 5342 281 5397 inculcat
295 5339 342 5395 lib.
359 5353 399 5396 ιιι
412 5354 472 5409 cap.
489 5345 515 5400 2,
539 5343 567 5391 et
578 5339 613 5390 D.
630 5336 815 5406 Hieronymus
838 5334 864 5388 in
880 5332 959 5404 epist.

166 5419 198 5467 18
207 5412 240 5468 de
250 5411 415 5467 monasterio
426 5418 452 5465 et
461 5406 602 5462 monacbis
611 5404 822 5461 Betbleemiticis
831 5405 959 5475 laqueus:

163 5487 194 5540 In
209 5485 317 5544 Chresti,
330 5481 426 5552 inquit,
437 5480 503 5533 uilla
514 5482 569 5532 tata
583 5480 787 5532 sustentasset:
800 5476 960 5544 antrapsal-

161 5570 217 5609 mos
228 5556 362 5608 silentium
374 5556 428 5607 est:
439 5564 602 5620 punctimque
614 5553 638 5603 te
649 5552 747 5609 sertas,
760 5549 959 5600 aratorstiuam

161 5631 250 5687 tmmss
275 5625 393 5680 Alleluia
415 5623 556 5684 decantat3
570 5620 672 5674 sudans
685 5633 784 5674 messor
802 5619 915 5687 psalmis
933 5634 960 5672 se

161 5699 265 5758 auocat,
281 5700 306 5749 et
319 5710 400 5748 aretia
415 5691 556 5747 attondens
567 5692 632 5745 uites
652 5690 724 5756 salae
735 5687 836 5743 vinitor
850 5688 955 5758 aliquid

1016 4987 1044 5033 et
1055 4978 1140 5034 llbera
1163 4979 1253 5033 locum
1294 4978 1371 5047 abet,
1384 4978 1471 5035 multo
1486 4983 1573 5053 magis
1590 4981 1617 5035 ia
1632 4981 1754 5037 oratione
1769 4998 1817 5052 pu·

1017 5049 1086 5105 blica
1099 5059 1127 5105 et
1149 5057 1294 5174 praecepta,
1310 5057 1374 5121 puta
1392 5053 1419 5105 in
1438 5050 1514 5106 boris
1526 5052 1663 5108 canonicIs
1677 5061 1705 5108 et
1718 5052 1817 5108 ollieiis

1017 5121 1202 5176 ecelesiasticis
1223 5136 1239 5175 o
1260 5120 1423 5177 servandum
1446 5139 1452 5175 :
1477 5123 1577 5194 quade
1597 5139 1627 5180 re
1641 5122 1731 5192 inira,
1753 5122 1817 5180 loco

1017 5190 1079 5247 bule
1091 5191 1218 5262 persimili
1230 5207 1342 5262 agemus
1355 5193 1478 5263 pluribus
1491 5195 1559 5259 (bib.
1577 5210 1617 5250 xxx
1632 5212 1655 5250 a.
1675 5200 1711 5260 2),
1727 5196 1815 5250 Porro

1016 5263 1130 5318 orationi
1145 5262 1265 5327 urenlali,
1280 5278 1328 5319 seu
1346 5263 1516 5320 meditationi
1531 5264 1624 5322 deesse
1646 5282 1701 5322 non
1725 5274 1815 5337 potest

1015 5335 1141 5402 attentio,
1153 5349 1216 5389 cum
1229 5334 1287 5404 ipsa
1302 5334 1416 5390 attentio
1429 5334 1463 5391 sit
1476 5336 1609 5407 ipsissima
1622 5338 1710 5393 oratio
1721 5339 1814 5402 (sotiis

1015 5406 1061 5460 lib.
1076 5421 1096 5461 x
1112 5406 1145 5460 de
1158 5409 1225 5460 lust.
1249 5423 1275 5476 q.
1290 5411 1318 5472 ⁵,
1331 5422 1359 5462 a.
1370 5407 1408 5477 5).
1433 5407 1553 5467 Proinde
1565 5416 1698 5481 repugnat
1718 5417 1813 5463 mente

1013 5491 1101 5543 orare,
1116 5485 1144 5531 et
1161 5491 1217 5531 uon
1231 5475 1382 5548 attendere,
1405 5485 1436 5533 ut
1447 5493 1495 5548 per
1512 5488 1650 5535 senatum
1662 5487 1703 5535 est
1725 5496 1732 5532 z
1747 5494 1813 5534 nam

1013 5563 1075 5603 cum
1091 5546 1210 5619 primum
1226 5562 1303 5603 mens
1321 5547 1412 5620 vagari
1423 5548 1525 5621 incipit,
1542 5566 1619 5606 orare
1632 5549 1739 5606 desinit.
1755 5551 1811 5604 Ita·

1013 5633 1065 5690 que
1079 5618 1135 5674 sola
1155 5619 1254 5674 vocalis
1274 5619 1360 5675 oratio
1378 5628 1439 5687 est,
1466 5636 1528 5692 quse
1549 5621 1697 5679 attentione
1719 5636 1812 5678 carere

1010 5697 1110 5761 potest,
1125 5689 1192 5746 dum
1205 5689 1368 5761 cogitatione
1383 5690 1419 5747 ad
1432 5689 1481 5748 alia
1497 5690 1643 5760 defluente,
1657 5693 1751 5764 lingua
1763 5690 1811 5749 dat

158 5768 318 5826 Dauidica-m
331 5767 413 5819 carsit.
427 5766 461 5818 D.
473 5761 640 5834 Augustinus
654 5758 699 5815 lib.
712 5759 747 5816 de
758 5761 847 5830 Opere
856 5774 954 5815 mona·
1008 5760 1067 5818 sine
1086 5770 1178 5818 mente
1191 5776 1301 5818 sonum.

158 5839 275 5897 eborum
285 5852 311 5894 c.
330 5842 358 5891 tr
376 5854 383 5891 z
398 5837 517 5898 llantiea,
531 5833 628 5905 inquit,
643 5832 736 5887 diuina
744 5835 858 5903 eantare
871 5836 953 5887 ettam
