3848 6158
154 236 207 292 ete
827 226 967 286 tonuuts
985 226 1138 284 cassiani
1765 225 1823 282 344

153 360 368 430 contemnimus,
376 357 421 416 vel
431 365 505 416 certe
516 373 572 417 non
585 355 650 414 vitio
665 363 761 413 nostro
774 353 896 411 deantes
910 357 996 420 eosA
1304 349 1426 408 CAPUT
1444 350 1521 406 XlV.

154 451 286 524 offensos,
298 451 463 526 despicimus
479 470 486 507 :
501 453 656 508 animarum
663 448 784 506 medicus
798 456 825 505 et
833 449 955 505 occulto·
1010 470 1087 540 Quod
1095 474 1170 525 ,ems
1182 484 1285 539 quoqu,
1295 467 1415 523 papam
1425 482 1479 522 ‚m
1492 468 1596 520 pamm
1608 465 1641 520 de
1650 466 1756 536 effectu,
1769 468 1820 525 sed

154 564 216 606 rum
226 549 367 618 conscius,
378 548 535 604 occasiones
549 544 696 602 iracundiae
710 543 803 602 volens
822 543 956 601 radicitus
1164 543 1247 596 etiam
1268 540 1302 595 de
1327 540 1488 609 manatione
1510 537 1649 592 convellat.

153 656 170 698 a
183 641 312 698 cordibus
325 639 425 697 nostris
439 634 574 706 evellere,
591 653 647 694 non
660 637 751 695 solum
762 638 785 694 si
800 637 857 694 tesi
872 636 957 695 fueri·
1045 665 1099 725 Sed
1112 663 1176 738 quid
1187 665 1291 723 diutius
1304 665 1447 738 φωρῆς
1469 663 1630 735 ,vangepcps
1646 648 1817 738 atquem

151 745 226 801 mus,
242 732 320 804 jubet
342 746 396 788 nos
413 730 572 800 remittere,
596 737 624 786 et
637 730 805 788 reconciliari
823 729 956 787 fratribus
1008 759 1112 817 stolicis
1127 760 1320 829 immoramur,
1340 775 1404 816 cum
1418 758 1500 815 epam
1515 765 1594 813 ,ems
1609 756 1669 826 10¹,
1689 773 1751 831 φη
1765 758 1817 816 ap,

151 825 265 893 nostris‚
278 824 435 896 nullamque
448 823 577 881 adversus
589 839 636 881 eos
650 824 759 896 injuriae
772 839 821 882 sen
834 823 955 882 laesionis
1007 851 1072 924 quid
1091 851 1191 910 habere
1202 851 1372 909 remissioni,
1385 850 1503 920 ,idem
1521 850 1580 907 bae,
1600 850 1696 908 eadem
1708 867 1818 925 prm,

151 917 316 975 memoriam
330 917 462 1000 reducam
473 917 525 976 sed
535 917 648 976 etiamsi
658 918 893 976 illos⁸adversum
904 934 955 976 nos
1007 954 1068 1003 ,eat
1088 945 1203 1004 dicem:
1226 949 1267 1006 Ne
1283 946 1371 1001 0de
1384 947 1499 1014 fratrem
1523 949 1599 1001 ,uum
1619 946 1650 999 ,ἢ
1669 946 1748 1002 00,oe
1767 951 1816 1004 mo

150 1026 198 1070 sau
206 1011 291 1083 iuste,
307 1027 356 1069 seu
370 1012 469 1086 injuste
486 1011 589 1070 habere
602 1011 705 1086 aliquid
718 1014 897 1085 noverimus,
915 1014 954 1071 si·
1008 1040 1016 1113 p
1024 1043 1108 1097 Lm,
1122 1055 1173 1098 m
1184 1045 1194 1109 )
1205 1061 1212 1110 3
1225 1048 1253 1096 ep
1266 1040 1366 1096 perum
1377 1057 1385 1093 :
1398 1041 1457 1096 Νοη
1469 1040 1522 1093 eris
1537 1054 1636 1093 mernor
1645 1039 1757 1109 i'rijuria
1770 1043 1814 1096 ci-

149 1104 255 1162 mifiter
269 1106 407 1178 praecepit,
423 1115 454 1163 ut
467 1113 707 1181 munusnostrum
720 1106 913 1179 relinquentes,
926 1105 955 1163 id
1006 1136 1081 1191 „pum
1095 1139 1202 1191 mmm
1211 1138 1221 1202 (
1228 1134 1297 1191 Md·
1305 1137 1330 1203 )ς
1341 1141 1368 1188 e,
1381 1147 1494 1188 rursum
1504 1133 1531 1187 :e
1542 1134 1749 1202 mmmmm,
1764 1136 1820 1205 qm·

153 1206 206 1266 est,
218 1207 424 1272 compescentes
439 1201 577 1256 eradonas
585 1207 711 1268 nostras,
723 1199 758 1257 ed
769 1215 865 1256 eorum
877 1202 955 1272 prius
1007 1222 1438 1295 mnamrepmmpmapfapi,
1451 1229 1598 1281 mmmm„
1620 1226 1819 1294 (pprgqppqggg

153 1291 367 1351 satisfactionem
385 1293 496 1351 tendere
513 1293 673 1352 festinemus
689 1315 696 1351 ι
710 1301 738 1350 et
750 1293 788 1350 ita
800 1292 893 1350 fratris
903 1309 954 1350 eu·
1008 1333 1036 1382 0,
1047 1323 1083 1381 ibi
1097 1322 1249 1395 ,le-quitiam
1263 1320 1356 1377 noni„
1372 1334 1454 1392 „pere
1470 1325 1597 1389 tamum,
1617 1319 1665 1375 ,ed
1681 1319 1767 1375 etiam
1786 1319 1816 1376 in

153 1385 260 1442 ratione
269 1386 410 1458 praemissa
429 1385 585 1444 orationum
599 1395 757 1444 nostrerum
772 1400 888 1442 munera
901 1385 955 1443 illi-
1007 1417 1112 1474 amnis
1119 1414 1325 1490 cogitationibus
1334 1413 1466 1482 mmm
1479 1428 1545 1471 cum
1560 1411 1594 1469 de
1604 1411 1687 1470 corde
1701 1411 1814 1484 odium,

153 1476 216 1535 bata
230 1477 347 1537 deferre.
362 1483 425 1537 Non
439 1480 511 1537 enim
524 1480 561 1536 ita
570 1481 671 1538 nostris
683 1480 819 1553 obsequiis
834 1495 957 1537 commu·
1008 1519 1035 1569 e,
1046 1510 1155 1584 injuriae
1173 1524 1229 1565 non
1246 1508 1339 1567 mmm
1350 1506 1505 1578 mummio,
1518 1505 1567 1565 sed
1579 1507 1665 1564 etiam
1679 1507 1737 1580 ipsa
1753 1521 1816 1565 m„

152 1570 206 1640 nis,
224 1572 349 1629 omnium
374 1572 511 1631 Dominus
530 1572 691 1641 delectatur,
714 1581 746 1629 ut
762 1573 836 1644 quod
856 1573 884 1628 in
900 1587 954 1629 uno
1007 1607 1098 1664 moria
1112 1604 1245 1661 radimus
1256 1602 1369 1675 jubetur
1383 1600 1470 1658 evelli·

83 1662 90 1672 “
153 1665 284 1736 acquirit,
316 1665 411 1736 perdat
440 1666 466 1721 in
481 1666 581 1737 alteros,
600 1665 761 1723 dominante
783 1665 901 1722 tristitia.
921 1667 955 1720 lii

153 1757 298 1831 cujuslibet
308 1773 425 1831 namque
436 1757 579 1831 dispendio
593 1775 680 1815 unum
691 1759 793 1831 patitur
803 1757 958 1814 detrimen·
975 1751 1000 1815 B
1308 1727 1429 1785 CAPUT
1446 1726 1511 1783 XV·

152 1859 227 1921 tum,
248 1852 294 1925 qui
309 1852 408 1910 eodem
424 1851 508 1909 modo
520 1852 646 1908 omnium
658 1850 826 1909 famulorum
839 1865 954 1908 suorum
1043 1836 1126 1908 noim
1142 1861 1184 1903 eos
1201 1848 1250 1916 qui
1269 1846 1445 1929 impatientiae
1467 1859 1523 1899 sua
1548 1858 1645 1901 musas
1662 1843 1694 1899 in
1708 1844 1778 1903 aiios

151 1944 268 2002 salutem
289 1944 428 2003 desiderat
456 1954 483 2002 et
495 1953 642 2018 exspectat.
665 1949 701 2003 tii
717 1938 951 2020 linteolisque,
1023 2004 1028 2011 ,
1328 1920 1484 1986 mmmm·

152 2036 271 2096 habente
284 2039 387 2111 aliquid
402 2038 546 2096 adeersum
565 2055 616 2096 nos
635 2038 741 2110 fratre,
756 2039 885 2096 inefficax
905 2038 957 2095 erit
1045 2043 1188 2101 interdum
1207 2041 1332 2115 superbia
1352 2039 1395 2097 rel
1416 2039 1583 2112 impatientia
1595 2041 1729 2112 superati,
1747 2056 1815 2098 cuni

153 2133 240 2190 oratio
255 2140 367 2202 nostra,
379 2147 411 2189 ac
429 2133 453 2188 si
465 2148 517 2188 nos
532 2131 679 2191 adversum
699 2149 762 2191 eum
776 2133 893 2191 tumenti
906 2133 956 2206 spi·
1009 2136 1164 2196 inconditos
1179 2152 1269 2193 mores
1287 2123 1396 2193 nastros
1408 2176 1415 2204 ,
1427 2143 1510 2207 atque
1532 2133 1702 2191 inordinatos
1732 2134 1813 2192 eolu-

153 2227 208 2284 ritu
227 2227 421 2301 indignationis
441 2228 651 2286 amaritudinem
673 2245 852 2288 reservemus.
1009 2245 1073 2287 mus
1086 2228 1252 2300 emandare,
1268 2219 1282 2263 ‘¹
1301 2226 1475 2287 solitudinem
1496 2242 1547 2285 nos
1570 2226 1725 2286 desiderare
1743 2243 1815 2286 miii·

704 2385 832 2440 amabi
851 2385 963 2450 GazAEt
983 2382 1262 2441 continuitatis,

190 2522 203 2553 ¹
216 2516 330 2576 Videtur
340 2518 482 2576 Cassianus
495 2522 582 2588 (Vide
592 2522 687 2578 collat.
705 2527 749 2593 16,
761 2539 784 2578 o.
796 2527 844 2590 16)
859 2523 952 2580 locum
1005 2523 1034 2579 in
1056 2522 1164 2595 vulgata
1176 2520 1295 2578 editione
1308 2518 1440 2576 sententia
1454 2517 1519 2575 buia
1534 2515 1744 2588 respondenssie
1757 2515 1811 2573 ha·

154 2589 233 2646 illum
247 2588 371 2646 Maubai
388 2590 427 2646 sic
437 2591 600 2648 intellexisse
611 2633 618 2659 ‚
631 2601 661 2648 ut
671 2592 726 2648 sire
743 2593 821 2660 uste,
840 2595 898 2650 sive
911 2594 953 2650 in·
1004 2593 1053 2651 bet
1067 2615 1073 2649 :
1089 2593 1345 2662 lnsemitojustilia
1355 2593 1435 2655 uitem
1448 2592 1597 2645 iterantem
1604 2588 1711 2643 dmium
1720 2589 1812 2645 tendd

149 2660 225 2733 juste
238 2659 354 2716 fratrem
367 2669 502 2730 nostrum,
513 2678 561 2718 seu
579 2609 844 2732 proximumbebere
853 2664 954 2748 aliquid
981 2722 990 2729 .
1006 2667 1044 2721 ad
1055 2672 1176 2720 marten.
1192 2666 1279 2720 Porro
1293 2661 1367 2734 quod
1377 2659 1592 2742 admemoriam
1603 2667 1631 2715 et
1643 2658 1813 2717 oblivionem

153 2730 298 2788 adeersum
314 2746 382 2794 nos,
401 2730 455 2788 boe
475 2741 537 2801 cst,
551 2733 632 2790 nobis
655 2733 762 2792 infenso
781 2751 841 2792 esse
859 2751 953 2792 animo
1010 2735 1175 2809 injuriarum
1186 2776 1194 2802 ,
1207 2734 1241 2791 de
1253 2749 1307 2805 qua
1319 2733 1365 2788 liic
1379 2741 1477 2802 agitur,
1494 2738 1595 2786 attinet
1604 2730 1725 2812 notanda
1743 2739 1813 2787 sunt

153 2801 316 2859 noverimus
326 2820 334 2869 ς
346 2800 380 2857 id
391 2818 456 2859 eum
469 2804 560 2859 statim
568 2804 796 2862 reconciliationis
807 2806 893 2879 gratia
905 2822 957 2862 aas
1007 2808 1120 2864 loannis
1130 2800 1243 2863 climaci
1259 2804 1340 2860 verba
1361 2825 1367 2859 :
1383 2805 1525 2865 Memorio,
1536 2801 1634 2872 inquit,
1645 2804 1813 2872 injuriarum

154 2872 262 2941 cedere,
278 2887 395 2945 eumque
412 2873 517 2944 placare
530 2875 688 2933 debeamus.
699 2876 754 2933 Sed
767 2891 953 2947 saepenumero
1008 2883 1047 2935 est
1058 2881 1159 2946 seroib
1171 2877 1399 2947 complementum,
1409 2877 1578 2945 peccatorum
1586 2876 1682 2936 custos,
1693 2874 1812 2943 aaran

153 2944 266 3001 consilia
290 2959 354 3001 cuni
375 2946 519 3017 praereptis
541 2945 704 3015 confundit,
721 2956 753 3003 ut
774 2947 819 3003 hic
836 2955 864 3004 et
879 2947 953 3016 alibi,
1007 2950 1109 3013 odium,
1121 2951 1253 3004 virtutum
1262 2947 1392 3018 perditio,
1407 2946 1650 3007 uenenumanimoe,
1662 2946 1758 2999 mentis
1772 2959 1814 3001 as·

153 3011 235 3072 facile
256 3023 297 3072 est
319 3016 544 3074 animadvertere.
560 3016 643 3074 Aliud
659 3018 734 3075 enini
757 3018 887 3090 estquod
909 3017 954 3075 hic
1007 3020 1102 3088 aduris
1120 3020 1369 3082 renumerationis
1384 3017 1516 3082 conlusio,
1530 3015 1725 3085 deprecationis
1738 3016 1814 3073 eam·

153 3087 309 3159 praecipitur
319 3105 327 3156 ;
339 3086 413 3144 aliud
428 3086 502 3170 quod
515 3088 667 3144 consulitur
682 3110 688 3146 :
704 3086 853 3145 satisfactio
866 3090 954 3163 erigi-
1006 3094 1057 3155 sili,
1064 3092 1206 3146 clementis
1213 3091 1350 3152 alienatio,
1359 3088 1449 3143 clauus
1457 3089 1556 3156 tritius
1567 3088 1676 3149 areima,
1682 3085 1811 3167 tiquam·

153 3165 201 3214 tur
214 3158 248 3214 ab
264 3174 307 3226 eo,
323 3159 369 3229 qui
380 3159 466 3227 laesit;
479 3158 605 3216 remissio
615 3168 718 3226 antem,
730 3175 777 3216 seu
788 3159 953 3217 condonatio
1008 3162 1167 3226 descensus,
1174 3164 1223 3232 qui
1230 3164 1260 3216 in
1267 3156 1739 3226 amaritudinissuaoitatediliqitur,
1742 3173 1757 3227 J
1797 3173 1813 3214 e

155 3227 242 3300 culpae
259 3228 293 3284 ab
314 3243 358 3296 eo,
369 3230 415 3302 qui
433 3230 513 3286 iesus
527 3237 578 3296 est,
588 3237 619 3286 ut
630 3229 734 3287 dictum
748 3234 847 3288 estat
861 3231 954 3289 consi·
1004 3229 1753 3304 peccatumnimiquamdormierisi'niquitas,lmrissinq
1787 3231 1812 3285 is

154 3296 223 3356 lium
233 3298 404 3372 perfeetionis
418 3308 471 3369 est,
484 3316 540 3357 non
555 3309 738 3374 praeceptum,
752 3302 954 3359 recondliatio-
1007 3304 1250 3367 admissamalitia,
1260 3299 1693 3381 tenebrosum,aemolestissimum
1700 3301 1811 3355 uitium.

153 3384 218 3426 nem
227 3370 261 3426 ab
277 3387 309 3427 eo
324 3386 463 3442 quaerere,
485 3372 531 3454 qui
543 3371 644 3444 injuste
662 3375 757 3440 iratus,
773 3382 803 3430 ut
823 3382 867 3430 ote
881 3373 953 3431 nulla
968 3342 990 3405 C
1008 3377 1045 3432 Et
1069 3374 1139 3432 infre
1165 3394 1171 3428 :
1196 3375 1340 3432 Monachus
1355 3373 1512 3433 solito-rius,
1529 3386 1576 3439 qui
1591 3370 1659 3424 bone
1672 3376 1763 3425 seruat
1782 3372 1813 3426 in

155 3441 266 3498 anobis
282 3441 450 3500 affeetusest
467 3442 575 3515 injuria.
595 3442 638 3499 sd
655 3460 737 3517 quain
756 3460 790 3516 pe
817 3444 952 3503 actionem
1007 3449 1318 3517 semetipsomemorram,
1328 3445 1401 3514 aspis
1414 3442 1556 3517 nidificans
1565 3445 1614 3504 est,
1627 3441 1813 3498 etiamsinon

154 3526 219 3568 cum
231 3526 328 3570 omnes
340 3512 489 3570 Christiani
504 3513 646 3586 multiplici
666 3515 772 3571 ratione
787 3516 951 3584 inruentum
1007 3533 1094 3573 seeum
1103 3518 1202 3587 ubique
1214 3516 1415 3582 circumferens.
1432 3514 1485 3580 Qui
1494 3513 1563 3566 bunc
1577 3512 1659 3582 ejicit,
1672 3513 1812 3569 ranissio-

153 3583 241 3640 multo
256 3585 344 3657 magis
358 3583 493 3656 religiosi,
505 3584 551 3656 qui
566 3601 595 3641 se
610 3584 783 3656 perfectionis
798 3585 951 3657 studiosos,
1007 3604 1067 3643 uem
1081 3591 1182 3658 reperit
1196 3589 1261 3655 :qui
1272 3584 1576 3653 varoilliaqqlutinotus
1585 3587 1633 3646 est,
1642 3584 1812 3641 menalion

155 3662 182 3711 et
195 3654 275 3711 ueluti
297 3653 456 3712 candidatos
470 3654 647 3726 profitentur3
662 3671 731 3729 quos
745 3656 818 3713 decet
844 3658 954 3728 implere
1004 3660 1143 3731 privatur.
1151 3658 1297 3714 Laboribus
1305 3672 1332 3711 se
1341 3656 1501 3727 quittamus
1510 3653 1695 3718 dotenhusen
1702 3657 1813 3713 saniem

154 3740 256 3782 omnem
271 3728 401 3783 'ustitiam
414 3725 525 3798 (Melit.
542 3740 579 3783 111
594 3728 656 3796 etv)
671 3727 953 3800 :etquorumjustitia
1007 3734 1181 3792 menuitur,
1196 3731 1396 3799 coposuerunt:
1416 3728 1461 3781 lios
1474 3730 1562 3780 tamen
1573 3726 1625 3789 uir,
1638 3727 1688 3794 qui
1697 3727 1812 3796 injuria

154 3803 232 3854 tanto
246 3744 307 3869 pius
318 3797 456 3855 abundare
470 3795 551 3853 debet
568 3812 652 3869 quam
664 3798 852 3865 saccularium3
866 3814 952 3871 quan·
1008 3801 1183 3865 obliviscitur,
1196 3800 1277 3868 semla
1292 3799 1461 3869 anticipavit.
1472 3796 1613 3866 Siquidem
1625 3796 1695 3851 illud
1705 3800 1812 3854 retusi

155 3874 185 3924 to
206 3883 304 3925 eorum
317 3877 404 3926 status
425 3866 577 3936 sublimior,
598 3877 626 3924 et
643 3869 772 3925 sanctior.
792 3871 851 3940 Qua
864 3869 955 3927 consi·
1008 3888 1083 3927 mum
1094 3876 1133 3928 est
1146 3872 1218 3943 qnod
1231 3871 1333 3926 dieitur
1349 3888 1357 3924 ε
1372 3869 1507 3924 lli'mittite
1530 3867 1649 3931 celemus,
1663 3872 1689 3922 et
1709 3871 1814 3939 copiose
1890 3896 1893 3899 Δ

153 3936 295 3997 deratioue
308 3941 392 3998 etiam
410 3943 443 3996 D.
460 3939 625 3997 Benedictus
643 3955 701 4012 cap.
718 3946 750 3996 tt
767 3941 872 4011 statuit,
888 3943 956 3998 atsi
1009 3944 1161 3999 dimittetur
1173 3943 1256 3998 uobis.
1275 3945 1360 4004 Vera,
1376 3954 1564 4010 qmmanoeque
1576 3941 1740 4009 pestilentia
1751 3956 1811 3996 cer-

154 4013 216 4082 quis
227 4012 318 4079 frater
327 4028 379 4083 pra
388 4015 483 4082 quaen
495 4014 608 4068 minima
621 4027 702 4068 casua
714 4013 748 4067 ob
762 4013 868 4077 abbate,
881 4015 923 4068 uel
938 4029 956 4068 a
1009 4020 1067 4070 tum
1079 4018 1267 4086 argumentum
1278 4018 1317 4069 est
1330 4010 1600 4079 obliuioinjuriarum
1611 4029 1619 4065 :
1631 4011 1680 4080 qui
1690 4013 1814 4069 vereini-

154 4098 319 4207 puooumque
325 4087 418 4154 priore
429 4100 477 4140 suo
491 4085 637 4157 cermpitur
649 4085 767 4155 quolibet
776 4085 868 4152 modo,·
880 4086 921 4141 uel
932 4087 957 4140 si
1008 4088 1127 4142 miiitiae
1140 4090 1225 4153 tenet,
1241 4090 1265 4141 et
1277 4101 1304 4139 se
1315 4084 1446 4155 paenitere
1458 4082 1606 4145 existimat,
1619 4082 1717 4136 similis
1731 4087 1772 4139 est
1786 4088 1814 4141 ei

166 4156 248 4209 enitar
260 4159 372 4211 senserit
384 4159 503 4212 animum
512 4158 616 4227 prioris
628 4157 814 4227 majuscumque
824 4162 915 4212 contm
928 4171 956 4212 sc
1010 4160 1060 4228 qui
1070 4172 1097 4213 se
1111 4161 1141 4213 in
1154 4159 1255 4212 somnio
1267 4171 1373 4210 currere
1384 4156 1473 4224 putet.
1489 4153 1557 4208 Heio
1568 4151 1611 4208 ille
1631 4152 1743 4222 (Gradu
1760 4160 1809 4224 9).

154 4225 269 4286 iratum,
280 4226 498 4291 eelcommolum,
509 4244 631 4298 quamuis
639 4229 739 4285 modice
747 4229 955 4284 monsinemora
1043 4215 1160 4298 dliujus
1172 4227 1212 4282 rei
1227 4226 1383 4297 exemplum
1398 4223 1520 4305 insigne,
1532 4231 1561 4278 et
1581 4223 1647 4280 liuic
1669 4223 1731 4281 loco
1752 4242 1813 4298 per

155 4293 263 4348 tamdiu
271 4299 424 4362 prostratus
433 4300 544 4352 interra
554 4300 764 4369 antepedesejus
773 4298 956 4368 jooeutsutis-
1009 4295 1346 4370 quamaecommodatum
1360 4295 1477 4352 habesiu
1487 4297 1548 4350 Vita
1563 4297 1591 4352 S.
1605 4295 1704 4368 Ignatii
1715 4298 1811 4372 Loyo-

154 4362 277 4430 tamem
299 4366 458 4432 usquedum
481 4366 656 4423 benedictione
679 4374 789 4424 sanetur
815 4370 865 4423 iila
887 4384 956 4424 com·
1008 4368 1043 4425 lie
1060 4384 1109 4440 per
1122 4366 1264 4423 Maffeium
1277 4367 1366 4434 edita;
1390 4365 1465 4439 quod
1479 4365 1524 4422 hic
1541 4365 1665 4425 retulisse
1678 4383 1733 4424 non
1756 4370 1812 4428 erit

154 4435 247 4487 motio.
425 4488 430 4499 ,
1007 4438 1813 4510 extraneumcumquemdamerrat-mbas,quodstomaclia

191 4494 206 4533 ¹³
220 4506 313 4558 Durus
327 4510 369 4559 est
379 4504 425 4562 liic
446 4520 540 4563 sermo
554 4546 562 4574 ,
578 4513 606 4560 et
617 4504 694 4562 valde
707 4505 916 4578 hyperbolieus,
928 4507 952 4564 ii
1006 4515 1061 4568 sior
1073 4516 1139 4566 esset
1147 4515 1259 4574 natura,
1270 4515 1294 4566 et
1304 4510 1416 4567 subinde
1423 4512 1453 4563 in
1460 4525 1554 4564 amora
1560 4511 1643 4566 uerba
1652 4526 1769 4582 prorum

154 4571 447 4657 seeundumpraedicta
461 4576 610 4649 generatim
631 4576 801 4660 intelligatur
819 4577 854 4634 de
871 4577 953 4636 fratre
1005 4587 1056 4646 ret,
1069 4598 1124 4637 sese
1134 4584 1255 4651 fratrum
1267 4582 1462 4645 consuetudini,
1473 4581 1560 4636 alieno
1569 4585 1696 4653 tempore,
1712 4575 1747 4639 sii
1784 4602 1812 4640 u·

154 4643 628 4719 babentealiquidadversumnos,
655 4649 953 4721 alternamento.
1006 4655 1375 4725 emtmneidissethnatius3
1393 4653 1556 4707 blandorum
1568 4655 1728 4724 compellans
1780 4659 1813 4713 iri

151 4717 236 4847 pisto.
252 4719 314 4774 Non
341 4719 380 4776 sio
401 4719 572 4795 Augustinus
594 4735 675 4793 supra
698 4720 812 4789 citatus,
837 4736 888 4777 nec
906 4721 951 4778 alii
969 4695 1148 4796 1Jte,iiiquit,
1156 4726 1381 4782 statutisliorisin
1390 4673 1812 4791 praeeminentiaeieemb'ssi

178 4799 249 4849 atres
263 4790 463 4849 intellexerunt.
478 4790 596 4849 Proinde
616 4807 700 4864 grano
720 4792 786 4849 salis
798 4791 953 4863 condiatur,
1007 4814 1067 4854 eum
1079 4799 1125 4853 ille
1140 4798 1308 4853 iracundiam
1324 4801 1449 4859 natura,
1463 4797 1591 4865 bilemque
1599 4798 1782 4868 proelmderet
1800 4820 1808 4856 :

155 4864 235 4920 etsie
248 4873 418 4934 exponatur:
439 4866 524 4937 AEque
543 4861 670 4921 inefficax
685 4863 775 4921 futura
789 4874 882 4922 nostra
895 4880 955 4922 ora·
1007 4872 1065 4934 Na,
1081 4874 1112 4925 tu
1125 4870 1287 4925 eelenmimr
1298 4883 1384 4931 erras,
1397 4868 1438 4921 ait
1450 4869 1571 4936 lpiiatius
1585 4888 1593 4923 i
1607 4873 1705 4925 etenim
1718 4872 1811 4929 tacet

131 4956 133 4960 ’
154 4933 211 5002 tio,
224 4948 273 4989 seu
285 4933 370 5014 frater
385 4945 433 4992 aut
447 4936 588 5009 proximus
603 4935 732 4994 adversus
752 4935 820 5005 iios,
841 4952 890 4994 seu
903 4952 955 4994 nos
1008 4938 1435 5011 hujusmodiuitianonsuqimdo,
1446 4939 1642 4997 sedresisteiido
1652 4944 1808 4999 moiuntur.

136 5002 285 5084 *adversus
299 5019 389 5075 ipsum
404 5006 510 5063 infenso
523 5008 612 5065 simus
627 5007 732 5080 animo,
753 5009 794 5065 rel
807 5017 837 5065 ut
850 5012 955 5066 Auctor
1008 5013 1071 5069 Huc
1091 5019 1196 5083 spectat
1218 5012 1290 5083 quod
1316 5011 1350 5066 de
1374 5007 1538 5080 quibusdam
1561 5012 1691 5070 solitariis
1711 5013 1810 5071 scribit

156 5072 245 5129 verbis
262 5088 291 5129 se
311 5074 439 5132 uentibus
458 5078 587 5149 exponit,
602 5078 745 5136 adversum
758 5095 821 5137 eum
838 5080 955 5138 tumenti
1007 5084 1127 5140 ioannes
1140 5082 1275 5139 climacus
1298 5100 1305 5136 ι
1322 5083 1387 5139 cum
1399 5081 1526 5146 sederem,
1547 5082 1645 5154 inquit,
1659 5085 1812 5156 aliquando

156 5143 249 5200 enimc
269 5089 462 5227 inbigiiationis
480 5147 690 5230 amaritudinem
708 5166 889 5208 reseruemus.
911 5152 954 5209 Ob
1007 5155 1149 5225 minicium
1161 5154 1325 5210 necessitatis
1337 5169 1418 5209 cause
1427 5153 1513 5222 juata
1526 5157 1708 5223 quorumdem
1717 5158 1810 5214 solita·

155 5213 228 5296 bane
244 5215 449 5286 obscuritatem,
462 5227 489 5275 et
503 5215 691 5277 difficultatem
709 5236 771 5294 quae
783 5237 815 5277 ei
827 5220 879 5278 hoc
892 5238 954 5293 cap.
1006 5227 1110 5281 riorum
1118 5225 1353 5289 cellulam,audiui
1360 5226 1419 5280 illos
1425 5225 1565 5294 perdicum
1572 5243 1644 5282 more
1652 5230 1727 5284 intus
1736 5243 1809 5285 sum·

157 5284 222 5342 oriri
236 5294 353 5370 peterat,
368 5289 518 5373 Dionysius
538 5288 609 5345 liunc
623 5290 714 5349 locum
733 5291 768 5348 ab
784 5290 837 5348 illis
851 5292 954 5357 verbis,
1008 5313 1053 5352 ma
1062 5297 1255 5365 amaritudine,
1267 5301 1293 5350 et
1303 5298 1398 5364 surore
1411 5297 1487 5366 opud
1497 5313 1524 5352 se
1538 5301 1715 5365 corrinantes,
1727 5305 1810 5371 atque

155 5372 210 5440 non
222 5373 293 5439 enim
307 5362 346 5413 iia
365 5365 463 5416 nostris
477 5361 623 5431 obsequiis,
643 5370 709 5432 cte,
721 5361 828 5418 silentio
843 5371 956 5434 praeter-
1007 5371 1037 5424 iri
1046 5369 1103 5439 ejus
1112 5383 1266 5441 pascuam,
1276 5370 1326 5438 qui
1334 5384 1362 5424 se
1374 5369 1489 5436 luserat,
1501 5373 1640 5440 tamquam
1655 5373 1811 5442 isprasens

157 5443 221 5489 ttsse
234 5428 350 5485 videtur.
414 5501 419 5514 ¹
809 5455 811 5457 ¹
1009 5445 1086 5508 esset,
1136 5439 1316 5496 tuleritissime
1329 5441 1485 5496 insilientes.
1503 5442 1628 5511 Quoseqo
1642 5458 1676 5498 ne
1689 5443 1810 5498 ultrain

171 5500 292 5582 ,enine
305 5508 467 5558 sententiam
482 5503 656 5575 praetermisit
673 5504 824 5577 Dionysius
837 5505 957 5564 Cartbu·
1008 5513 1060 5567 iol·
1110 5513 1152 5567 ine
1170 5511 1363 5583 sademotpie,
1379 5517 1405 5568 et
1427 5508 1545 5582 fideliter
1557 5517 1695 5579 monuisi
1708 5514 1810 5571 nollent

155 5584 248 5653 cianus
260 5572 336 5644 (quai
351 5580 444 5629 tamen
464 5574 492 5630 in
509 5574 640 5633 omnibus
651 5574 792 5633 codicibus
805 5583 862 5634 tam
875 5592 957 5634 ercu-
1008 5597 1044 5636 en
1057 5582 1208 5637 nominibus
1223 5584 1353 5639 danaim
1364 5586 1433 5654 peri.
1449 5586 1483 5640 Et
1495 5582 1565 5640 infra
1582 5587 1633 5643 :Si
1649 5586 1811 5656 diligentius

155 5655 195 5699 sis
205 5658 290 5725 quain
300 5644 496 5725 ¹manuscriptis
507 5646 641 5716 habetur)
658 5667 664 5702 :
682 5646 754 5703 forte
768 5648 831 5720 quia
845 5649 873 5706 in
894 5650 956 5706 vul·
1008 5655 1811 5729 impiciamus,animaduerteiusplerasqueentis,patira

175 5721 225 5771 atis
238 5713 330 5771 Bibliis
348 5730 404 5798 non
423 5725 526 5799 erstem
541 5717 589 5780 sed
606 5735 638 5774 ex
652 5717 782 5800 dmierb.
803 5734 849 5777 iiii
862 5736 957 5777 secun
1009 5724 1808 5800 eundiafaeibusennqitanturpromptejmunare,imitare,
1852 5734 1864 5745 '

177 5802 224 5843 um
233 5789 425 5862 Septuaginta,
441 5796 471 5845 ut
483 5788 527 5847 bie
541 5789 575 5848 ad
590 5805 742 5864 marginem
755 5790 854 5848 citatur
884 5794 955 5849 Nam
1008 5797 1128 5866 quietem
1146 5798 1303 5856 solitudinis
1315 5800 1423 5857 sedam.
1435 5800 1485 5856 Est
1500 5802 1572 5855 enim
1584 5814 1617 5857 ea
1630 5800 1812 5859 eamnbiimi'
