3824 6164
82 258 134 316 541
617 250 785 311 consano
804 252 836 308 n.
856 280 892 294 -
912 253 954 311 nu
974 254 1205 313 arscennene.
1686 266 1738 319 sss

84 384 168 439 tutori
180 383 288 450 (Erotes.
302 380 345 448 xi,
366 379 443 437 taciti
463 379 597 451 serpentis
611 393 735 436 morsum
747 378 884 452 pernicio·
899 380 927 445 Α
941 385 1111 452 turriumque
1125 381 1295 452 conflictum,
1315 399 1365 441 nec
1384 393 1478 444 eontra
1492 403 1577 443 unum
1593 403 1641 445 seu
1656 388 1736 457 duos.

82 493 149 534 sum
173 492 232 533 esse
252 474 419 548 designans,
442 473 469 530 id
492 483 551 541 est,
574 473 659 546 siper
680 472 884 531 confessionem
924 468 990 549 ¹sed
1009 479 1106 528 contra
1129 471 1341 530 innumerabiles
1360 483 1483 533 catervas
1504 477 1624 549 spiritale
1648 488 1734 535 certa·

82 570 419 647 suggestioseucogitatio
428 569 560 626 diabolica
571 569 733 627 incantatori
743 568 881 641 cuiquam,
936 578 1014 634 men,
1028 565 1107 638 cujus
1121 581 1200 623 casus
1214 575 1293 624 tanto
1312 569 1488 641 perniciosior
1500 572 1617 643 cuncus,
1631 582 1734 646 quanto

83 666 196 740 spiritali
212 665 403 735 scilicetriro,
425 664 472 737 qui
488 664 659 721 carminibus
678 662 882 736 scripturarum
936 666 965 715 et
982 656 1108 717 infestior
1129 660 1276 733 inimicus,
1297 671 1326 720 et
1345 680 1509 739 congressus
1534 667 1676 725 occultior.
1699 672 1734 725 Et

81 761 186 820 mederi
199 761 325 834 protinus
340 759 464 827 vulneri,
478 767 506 815 et
516 757 659 815 extrahere
671 758 706 814 de
719 757 804 815 corde
817 771 882 813 con·
934 750 996 808 ldeo
1016 767 1126 826 semper
1139 754 1281 812 seniomm
1295 771 1404 814 summa
1426 758 1565 832 diligentia
1586 769 1651 817 sunt
1673 776 1735 818 sec-

80 857 173 914 suevit
186 855 268 913 noxia
285 870 385 912 venena
398 841 542 928 serpentis,
554 852 689 926 patefacta
700 869 758 910 non
771 852 881 926 luerint,
933 844 1017 902 tanda
1032 845 1158 919 vestigio,
1184 855 1266 921 atque
1282 848 1317 906 ad
1333 864 1380 906 eos
1401 859 1499 908 cuneta
1513 866 1575 923 quae
1589 852 1618 907 in
1631 853 1732 908 nosuis

83 965 248 1007 succurrere
263 948 424 1022 periclitanti
447 948 600 1021 periturove
617 964 673 1004 110„
689 948 798 1019 poterit,
819 950 880 1005 Hoc
932 938 1060 997 cordibus
1071 942 1210 1013 oriuntur,
1223 944 1332 1001 sublato
1346 944 1514 1005 contusionis
1523 948 1671 1019 velamine,
1681 947 1734 1007 de·

80 1045 168 1119 igitur
182 1045 265 1103 modo
279 1044 315 1101 ad
325 1044 469 1102 seientiam
483 1042 655 1100 discretionis
669 1057 740 1098 verre
752 1040 879 1113 perveni·
931 1031 1057 1091 strenia·

78 1156 112 1199 re
127 1140 256 1198 facillime
270 1139 430 1212 poterimus,
454 1145 485 1193 ut
495 1137 636 1194 seniorum
646 1136 758 1210 vestigia
774 1135 872 1193 subse·
1225 1177 1345 1235 CAPUT
1363 1180 1417 1236 ΧΗ

78 1243 207 1308 quantes,
219 1248 308 1306 neque
323 1248 404 1306 agere
417 1229 567 1303 quidquam
584 1227 657 1298 novi,
669 1245 759 1302 neque
773 1229 876 1286 discer·
1422 1223 1428 1235 “

77 1327 358 1401 nerenostroy'udicio
367 1323 634 1399 prmrumamus3sed
643 1323 878 1396 quemadmodum
932 1300 1067 1368 0⁰¹²s0332‘0
1079 1300 1258 1404 wewam»
1274 1304 1306 1359 ⁰⁶
1326 1321 1410 1389 quam
1423 1307 1649 1374 msutdtt'tmtlt·
1662 1312 1733 1381 cesi·

76 1438 131 1481 nos
143 1422 185 1478 rel
202 1420 312 1478 traditio
322 1420 432 1476 illomm
447 1418 490 1474 vel
503 1419 564 1475 vitae
577 1417 697 1490 probitas
708 1415 876 1486 informarit,
1060 1376 1172 1429 mmm
1185 1379 1295 1430 ”ms
1310 1378 1457 1435 ⁵⁰²¹²⁰⁷¹²bu⁸
1470 1380 1600 1435 revelare·

77 1519 106 1575 in
120 1515 249 1574 omnibus
269 1513 437 1588 gradiamur.
460 1513 519 1584 Qua
541 1511 713 1569 institutione
731 1511 873 1579 firmatus,
963 1515 1121 1573 Germanus
1143 1535 1150 1572 ι
1174 1517 1353 1574 Occasionem
1377 1519 1456 1576 nobis
1478 1521 1730 1593 perniciosaevcre-

75 1621 134 1664 non
153 1604 237 1663 modo
251 1605 285 1660 ad
299 1603 447 1677 perfectam
460 1602 631 1660 discretionis
649 1602 783 1660 rationem
794 1604 875 1676 quis·
927 1607 1047 1676 candiae,
1061 1624 1113 1680 qua
1125 1609 1303 1682 cogitationes
1316 1611 1401 1669 malas
1414 1614 1574 1672 studeamus
1588 1617 1728 1691 obtegere,

75 1718 131 1776 que
139 1699 288 1775 perveniet,
304 1699 487 1756 verumetiam
500 1714 515 1754 a
527 1697 633 1756 eunctis
644 1696 752 1756 insidiis
766 1699 873 1755 inimici
927 1719 960 1760 ae
982 1702 1094 1760 salutari
1107 1718 1154 1759 eae
1166 1702 1319 1776 patefacere
1332 1705 1503 1766 confessione
1519 1725 1673 1777 vereamur,
1685 1711 1729 1767 illa

75 1798 230 1856 tutissimus
244 1797 422 1871 permanebit.
436 1795 519 1853 Nullo
532 1810 650 1867 namque
669 1795 723 1851 alio
737 1794 803 1851 vitio
814 1802 873 1852 tam
886 1814 915 1879 R
929 1796 1063 1869 praecipue
1076 1803 1148 1852 creat
1162 1812 1256 1865 causa,
1273 1815 1327 1871 qua
1339 1801 1467 1858 novimus
1481 1803 1628 1875 quemdam
1641 1804 1668 1861 in
1681 1807 1728 1879 Sy·

74 1890 245 1964 praeeipitcm
256 1888 380 1973 diabolus
393 1888 560 1945 monachum
577 1886 710 1961 pertrahit
723 1904 756 1943 ac
768 1885 869 1960 perdu·
926 1892 975 1950 rim
998 1892 1132 1964 partibus,
1152 1900 1184 1950 ut
1197 1893 1369 1963 credebatur,
1397 1897 1574 1970 precipuum.
1589 1897 1729 1958 seniorum

74 1988 116 2044 cit
135 1984 171 2043 ad
185 1994 314 2053 mortem,
330 2000 413 2058 quam
428 1999 494 2041 cum
507 1998 584 2051 eum,
603 1981 731 2056 neglectis
752 1981 872 2039 consiliis
925 1987 1033 2045 cuidam
1053 1986 1131 2043 fratri
1147 1987 1326 2061 cogitationes
1338 2005 1402 2047 suas
1424 1991 1539 2064 simplici
1559 1991 1729 2050 confessione

75 2080 225 2147 senionem,
244 2079 272 2136 in
284 2078 450 2153 snojudieio
473 2077 637 2152 persuaserit
659 2093 691 2134 ac
712 2075 871 2135 definitione
925 2080 1061 2154 prodenti,
1077 2081 1257 2153 postmodum
1268 2082 1387 2155 quadam
1407 2084 1594 2157 indignatione
1605 2101 1730 2143 eommo-

75 2176 234 2235 doctrinave
247 2174 394 2232 conddere.
421 2171 531 2231 Etenim
551 2187 616 2228 eum
641 2186 736 2228 ornnes
749 2180 822 2229 artes
841 2189 873 2229 ac
925 2185 986 2236 tum
998 2176 1108 2234 easdem
1120 2177 1238 2250 graviter
1251 2177 1439 2251 exprobrasse.
1454 2179 1537 2237 Unde
1550 2188 1592 2250 ut,
1608 2189 1640 2239 ut
1659 2181 1727 2239 dum

77 2270 226 2343 disciplina
245 2269 366 2327 humano
389 2268 500 2341 ingenio
526 2272 785 2339 reportantque
804 2265 872 2322 nibil
929 2286 977 2328 eas
990 2272 1020 2328 in
1040 2271 1119 2328 nobis
1140 2272 1308 2344 premimus,
1324 2288 1356 2329 ae
1374 2273 1525 2332 senioribus
1543 2274 1728 2333 erubescimus

76 2366 195 2439 amplius
211 2381 307 2440 quam
328 2366 391 2422 riter
422 2363 504 2436 hujus
521 2361 695 2436 temporariae
716 2362 873 2420 commodis
926 2365 1072 2439 publicare,
1088 2367 1262 2425 curationum
1273 2365 1395 2425 remedia
1407 2368 1534 2442 consequi
1548 2383 1726 2445 nequeamus.

75 2470 199 2533 prosunt,
211 2459 275 2517 licet
286 2474 371 2517 manu
380 2458 485 2532 palpari
499 2465 600 2532 queant
612 2465 640 2514 et
653 2456 740 2514 oculis
752 2457 875 2530 pervide-
1214 2502 1336 2560 CAPUT
1359 2506 1428 2562 xm

74 2553 198 2621 ri,recte
210 2561 329 2610 tamena
350 2551 561 2627 quoquamsine
572 2551 738 2608 iustimentis
749 2550 872 2608 docmina
1432 2548 1439 2562 ’

72 2655 211 2722 nequeant
224 2646 436 2719 comprehendi3
448 2651 463 2681 ⁸
474 2661 556 2720 quam
570 2645 696 2718 ineptum
706 2653 750 2702 est
762 2645 873 2703 credere
961 2626 1105 2697 Responsio
1117 2624 1150 2680 dt
1160 2627 1314 2694 multllm&
1327 2626 1458 2709 milda
1471 2631 1496 2684 θ*
1505 2629 1625 2702 Peil'ffll‘)
1637 2645 1691 2689 ἢθη

72 2742 306 2802 bancsolsmnon
314 2740 521 2815 egeredoctore,
530 2748 626 2814 queret
639 2739 780 2797 invisibilis
790 2747 819 2797 et
828 2755 873 2798 oo
1241 2696 1414 2753 ⁶⁰²¹d⁰lmt²⁸'

73 2837 145 2895 mlta
159 2845 211 2906 est,
225 2834 537 2909 etquaenonnisicorde
546 2833 696 2908 purissimo
708 2832 869 2904 pervidetur,
961 2838 1073 2909 Moyses
1088 2852 1096 2890 r
1110 2834 1185 2893 Sicut
1198 2849 1253 2892 non
1262 2843 1328 2892 sunt
1338 2850 1432 2893 omnes
1444 2833 1558 2906 juvenes
1572 2833 1629 2908 pari
1644 2835 1727 2893 modo

73 2932 150 3006 cuius
159 2946 237 2989 error
248 2946 304 2988 non
318 2930 469 3002 temporale
479 2929 624 2998 damnum,
636 2944 686 2985 nee
700 2927 773 3001 quod
787 2927 869 2986 facile
922 2930 963 2986 vel
993 2927 1131 2986 ferventes
1162 2929 1272 3001 spiritu,
1297 2928 1338 2989 vel
1366 2927 1516 3001 disciplinis
1539 2944 1571 2985 ac
1603 2929 1727 2987 moribus

72 3034 227 3100 reparetur,
245 3024 293 3083 sed
312 3025 413 3081 animae
434 3022 615 3094 perditionem
629 3021 713 3094 parit,
736 3031 869 3080 mortem·
923 3023 1038 3097 optimis
1061 3022 1195 3092 instituti,
1208 3021 1245 3081 ita
1267 3037 1303 3078 ne
1324 3036 1403 3079 senes
1423 3021 1536 3095 quidem
1559 3022 1650 3082 cuncti
1670 3038 1726 3079 uno

72 3135 126 3193 que
141 3120 316 3192 perpetuam!
330 3115 422 3175 Habet
437 3114 512 3172 enim
523 3130 581 3172 non
593 3115 722 3174 adversus
735 3116 870 3186 visibiles,
923 3116 1007 3175 modo
1020 3116 1061 3173 rel
1085 3115 1198 3190 perfecti
1221 3123 1346 3189 possunt,
1369 3115 1411 3173 vel
1426 3115 1632 3189 probatissimi,
1645 3133 1725 3189 repe·

73 3211 126 3268 sed
147 3209 296 3268 invisibiles
308 3219 389 3281 atque
407 3208 531 3265 immites
545 3208 641 3264 hostes
661 3208 790 3265 diurnum
802 3226 871 3267 noe-
887 3196 910 3259 C
925 3211 982 3268 riri:
995 3203 1010 3244 l
1024 3210 1133 3271 Divitiae
1145 3211 1221 3270 enim
1240 3227 1337 3270 senum
1351 3226 1408 3269 non
1424 3218 1489 3270 sunt
1499 3210 1598 3270 canitie
1613 3211 1724 3285 capitis,

622 3315 749 3373 ALARDI
769 3317 880 3375 GAZAEI
898 3318 1176 3376 COMMENTARIUS.

71 3424 154 3494 plius.
168 3421 246 3477 Alter
265 3434 362 3476 sensus
382 3439 389 3474 :
405 3420 437 3477 Si
447 3435 525 3490 qrrcm
541 3433 650 3490 επακ
672 3419 799 3477 diabolos
813 3438 872 3478 mo-
924 3422 1001 3478 scula
1020 3422 1205 3490 sabmeantur,
1230 3421 1330 3492 absque
1344 3421 1449 3478 donare
1468 3436 1523 3478 essa
1543 3437 1596 3477 noa
1613 3428 1726 3493 possunt

73 3495 212 3557 mandarit,
231 3499 257 3549 et
271 3494 345 3549 nullo
358 3494 461 3547 marcio
472 3508 532 3547 eum
543 3495 649 3562 peccati
659 3506 758 3549 emeno
771 3496 871 3563 insece·
924 3495 997 3565 qraoei
1005 3494 1133 3564 eupnurrtc
1144 3494 1217 3564 quod
1224 3495 1386 3549 medicorum
1396 3497 1605 3564 estpromittunt
1616 3496 1723 3565 media,

74 3570 129 3633 rite
142 3568 167 3622 si
178 3569 302 3629 tacuerat,
311 3567 361 3636 qai
371 3569 571 3636 percussusest,
584 3568 611 3619 et
627 3568 771 3634 acceperit
780 3560 870 3636 pani·
924 3570 1045 3621 tractant
1056 3566 1534 3636 fabmtr'afabri5solascripturarum
1542 3581 1586 3621 ars
1594 3572 1634 3622 est
1642 3583 1725 3638 quam

74 3640 194 3705 tmtiam,
212 3653 258 3693 nec
269 3638 365 3693 v‘alnus
380 3652 459 3691 suum
469 3638 558 3705 fratri
570 3640 596 3691 et
609 3639 738 3706 magistro
757 3638 872 3694 uoluerit
922 3638 977 3693 sibi
987 3640 1090 3708 passim
1104 3653 1193 3693 omnes
1203 3638 1354 3705 vindicant,
1365 3646 1418 3693 etc.
1437 3639 1543 3694 Rursus
1564 3638 1593 3693 in
1609 3640 1724 3710 epistola

74 3710 199 3784 captim-i,
212 3712 343 3780 magister
357 3709 407 3779 qui
423 3708 545 3778 linquam
559 3707 639 3762 babet
650 3709 688 3764 ad
701 3710 868 3773 carendum,
922 3708 957 3766 ad
973 3708 1184 3765 Pammachiurn
1203 3711 1238 3765 de
1250 3708 1399 3765 erroribus
1422 3709 1547 3781 Origenis
1566 3707 1626 3765 lvaec
1652 3710 1725 3765 inter

74 3781 152 3846 (adde
164 3781 383 3850 etprodesseaon
391 3782 503 3849 poterit.
514 3781 545 3836 Si
556 3782 627 3833 enain
637 3780 871 3851 emdescatoeqro-
923 3779 975 3836 alia
994 3781 1091 3852 (Epist.
1111 3782 1177 3851 ool:
1201 3785 1272 3837 Dum
1286 3796 1366 3836 essem
1380 3779 1500 3848 juvenis,
1514 3781 1583 3834 miro
1604 3781 1725 3836 amsardi

74 3854 114 3905 tus
128 3852 225 3905 melnes
244 3853 345 3907 medico
360 3852 499 3918 emitteriy
511 3850 585 3917 quod
597 3853 717 3917 ignorat,
736 3853 871 3907 medicina
922 3853 1032 3920 ferebar
1039 3853 1146 3916 ardore,
1158 3868 1205 3906 nec
1207 3852 1295 3921 juata
1303 3850 1483 3920 quorumdam
1489 3853 1724 3919 presumptionem

73 3936 123 3976 noa
142 3927 228 3978 curat.
250 3925 292 3978 lta
312 3921 392 3976 dirus
405 3919 602 3987 Hieronymus.
633 3924 723 3989 Atque
734 3919 809 3976 bunc
819 3938 870 3991 po·
929 3924 979 3978 'so
991 3938 1033 3978 me
1043 3923 1123 3978 doctri
1130 3941 1138 3990 3
1153 3930 1181 3977 et
1192 3921 1283 3978 subdit
1295 3919 1491 3992 postmodum:
1508 3920 1581 3974 idem
1593 3933 1622 3972 se
1635 3919 1724 3974 adbuc

71 3993 219 4048 steriorem
234 4005 346 4046 sensum
359 3988 396 4043 illi
418 3986 536 4042 versioni
551 3993 577 4040 et
590 4000 640 4040 suo
663 3988 789 4044 instituto
804 4004 872 4045 eon-
936 3993 1032 4055 coisse,
1045 3995 1112 4048 dnm
1123 3995 1199 4048 conis
1212 3996 1389 4063 spargeretur
1399 3994 1491 4060 eaput,
1503 3995 1528 4043 ct
1537 3992 1666 4059 putarent
1676 3989 1724 4042 bo-

71 4070 218 4134 gruentcm
234 4058 372 4116 bieabbas
385 4065 496 4111 secutus
511 4062 564 4118 est,
578 4054 621 4110 eui
633 4063 662 4111 et
675 4056 766 4113 Graeci
781 4061 873 4115 Patres
923 4063 1004 4116 missis
1027 4063 1118 4130 ipsum
1132 4066 1212 4132 trum
1233 4064 1329 4129 fecsse
1346 4062 1475 4116 demedi.
1490 4059 1621 4115 Similiter
1644 4059 1724 4115 divus

70 4131 266 4203 astipulantur.
288 4129 334 4185 Sic
352 4128 427 4183 enim
448 4125 662 4200 Olympiodorus
688 4126 762 4185 bunc
781 4128 871 4185 laeum
927 4131 1097 4203 Augustinus
1118 4147 1245 4186 sermone
1268 4130 1420 4185 centesimo
1432 4129 1597 4185 duodecimo
1610 4128 1644 4184 de
1656 4138 1725 4185 tem·

70 4207 200 4273 explanat
214 4221 220 4257 :
235 4203 266 4258 Si
275 4203 381 4271 peccati
392 4214 500 4269 serpens
513 4199 678 4255 mordentia
692 4202 809 4263 silmtio,
826 4203 873 4257 boc
927 4217 1015 4272 pore:
1039 4202 1114 4258 Sient
1134 4217 1226 4265 canas,
1251 4201 1350 4272 inquit,
1374 4201 1432 4255 sine
1452 4200 1570 4268 ductore,
1590 4201 1628 4256 sie
1648 4202 1723 4259 bomo

70 4281 117 4337 est,
147 4276 188 4327 ita
201 4276 231 4326 ut
248 4276 372 4343 peccator
389 4272 537 4327 admissam
557 4272 640 4326 scelus
659 4273 726 4327 nolt't
739 4274 871 4343 confiteri,
925 4275 983 4329 sine
994 4273 1104 4329 doctore
1116 4274 1189 4326 oram
1202 4275 1302 4328 redvrm
1313 4273 1363 4327 vie
1376 4271 1513 4341 graditur.

71 4344 293 4401 mltamsalatem
304 4345 604 4413 etpotaitprecstoreis
616 4346 668 4412 qui
676 4349 770 4400 sanata
781 4348 872 4400 tman-
959 4338 973 4376 ¹³
986 4344 1074 4400 Divus
1097 4344 1304 4416 Hieronymus:
1320 4346 1381 4401 Non
1395 4344 1466 4398 enim
1480 4345 1509 4399 ia
1528 4345 1633 4400 bomine
1644 4348 1720 4410 atas,

72 4421 171 4473 tatiaae
183 4431 243 4469 eum
251 4417 406 4485 susceperit,
415 4415 496 4469 danea
505 4429 555 4468 stau
565 4419 674 4484 peccata
687 4419 811 4486 mnfiteri
818 4432 870 4473 ao·
923 4417 970 4472 sed
987 4418 1077 4472 sirtur
1089 4417 1236 4488 spectarrda
1249 4421 1297 4472 est.
1319 4418 1352 4473 Et
1372 4414 1467 4474 Cicero
1487 4415 1515 4472 in
1530 4419 1647 4475 Catone:
1663 4420 1722 4476 Non

72 4487 158 4543 duait.
173 4486 224 4542 Cui
238 4494 371 4568 consonat
384 4487 411 4541 in
423 4500 472 4541 sua
485 4486 653 4567 bletaplrrasl
665 4485 744 4544 divus
759 4488 866 4561 Grego-
922 4491 993 4554 cani,
1005 4488 1102 4562 inquit,
1113 4505 1167 4544 non
1177 4506 1254 4560 ruqm
1265 4494 1372 4560 repente
1384 4490 1574 4546 auctoritatem
1587 4489 1720 4561 offmuotr

72 4559 123 4615 rius
137 4557 368 4615 Neoeaesariensrs
383 4577 389 4613 :
407 4557 560 4622 occubere,
576 4558 721 4627 inquiens,
737 4563 866 4630 saperetis
919 4562 1466 4629 scdrccteactaatasauctoaitata'sfnmtns
1473 4563 1718 4631 prabetcctarmos.

72 4643 187 4685 marsim
194 4632 435 4684 incantatoresque
444 4627 867 4686 mediaabanmr.0aeuituscaim
919 4632 1044 4690 Viderint
1057 4633 1117 4689 hmo
1129 4634 1251 4690 seniores
1262 4633 1315 4699 illi,
1329 4633 1377 4703 qui
1390 4634 1451 4688 solo
1478 4633 1626 4687 senectutis
1640 4633 1720 4687 titulo

71 4714 172 4757 ”lmus
186 4703 316 4771 immisi
336 4704 376 4754 0³2
391 4701 529 4768 peceatum
542 4713 560 4750 a
574 4702 709 4766 lltoeafflrt
726 4702 840 4756 celatum
855 4720 863 4756 :
882 4702 949 4799 Diu
963 4704 1095 4778 religione
1111 4704 1275 4775 gloriantur,
1288 4702 1367 4775 quasi
1382 4701 1580 4771 religiosiores,
1598 4702 1664 4767 quia
1677 4714 1720 4752 se·

70 4770 863 4841 paimei-simaetransnatantesqueatamoispmdmtibus,
921 4789 1034 4831 mores:
1057 4788 1128 4842 quos
1147 4774 1193 4829 bic
1204 4781 1278 4829 certe
1299 4772 1384 4826 abbas
1408 4773 1502 4824 Moses
1520 4766 1640 4835 maniter
1658 4782 1721 4837 per·

69 4844 98 4899 id
109 4849 150 4899 est
161 4846 228 4898 siris
241 4841 432 4912 spiritualibus
451 4845 477 4895 et
490 4839 685 4900 sacerdotibus,
698 4854 752 4894 noa
762 4843 864 4909 poterit
919 4844 1041 4915 stringit.
1055 4845 1127 4899 Nam
1139 4844 1213 4913 quod
1236 4841 1276 4897 ait
1289 4844 1327 4895 l).
1343 4838 1529 4904 Hieronymus
1542 4834 1643 4904 (Epist.
1655 4842 1720 4903 tal:

66 4917 173 4977 errari,
187 4915 268 4969 donec
277 4928 326 4983 per
337 4913 527 4979 contessionem
535 4912 565 4964 ia
576 4910 671 4981 palam
684 4913 784 4967 ueniat.
919 4915 980 4969 Non
1013 4913 1203 4979 Hierosolymis
1230 4912 1326 4977 samse,
1355 4907 1402 4962 sed
1430 4906 1621 4986 Hierosolymis
1653 4912 1722 4965 recte

102 4989 117 5019 ⁸
132 4989 176 5042 lta
196 4984 275 5042 divus
291 4983 392 5039 Hieron
414 4997 476 5038 mus
497 4996 579 5037 suum
600 4981 746 5036 Rvistlcum
769 4996 865 5037 mona·
918 4981 1259 5037 messelauctandamest.
1274 4976 1570 5049 ldemderellgioneet
1584 4977 1721 5052 religiosis

73 5055 157 5113 dium
166 5056 241 5113 serio
254 5055 385 5112 admonet
395 4998 439 5109 ins
454 5052 542 5108 serbis
556 5072 562 5107 :
577 5054 647 5108 tlibi
660 5052 770 5120 quiden
780 5053 867 5123 placet
920 5052 974 5108 dici
989 5057 1089 5122 potest.
1113 5052 1162 5131 liet
1180 5056 1305 5105 sanemus
1319 5046 1448 5131 quidem.
1472 5047 1500 5103 in
1512 5049 1644 5132 religione
1659 5066 1720 5107 ma·

73 5133 104 5183 ut
114 5130 215 5184 babeas
224 5131 379 5183 sanctorum
389 5125 601 5186 mataoemtum,
611 5138 658 5178 nec
664 5124 720 5192 ipse
729 5123 865 5186 tedooeus,
920 5123 1004 5190 xime,
1019 5120 1177 5177 venerabilis
1191 5129 1219 5176 et
1237 5119 1406 5177 honorabilis
1419 5139 1425 5175 :
1439 5120 1499 5190 sed,
1513 5129 1546 5176 ut
1557 5129 1597 5177 art
1610 5122 1721 5192 Sapiens

72 5205 97 5254 et
110 5201 212 5270 absque
229 5200 333 5254 doctore
351 5196 512 5265 ingrediaris
528 5197 603 5249 eiam
622 5209 705 5263 qrram
718 5210 868 5264 numquam
921 5209 984 5249 mox
996 5193 1095 5249 citatus
1107 5192 1602 5275 :Nonqaiodiuturamaataanorum
1610 5209 1721 5250 rmmero

70 5266 868 5341 ingressnsesstatimqaetiatiraportemalteramdcalr'nan-
920 5263 1719 5347 computatamquraeonisoatsensasboministsapar),

71 5340 137 5397 dum
148 5345 198 5406 stt,
208 5346 234 5396 et
247 5342 334 5396 errori
340 5344 446 5410 puteas,
458 5339 573 5408 plusque
586 5341 637 5392 arat
648 5339 737 5392 minus
748 5338 867 5392 ambules
920 5335 948 5392 id
962 5346 1014 5402 est,
1033 5336 1144 5399 maturi.
1165 5335 1267 5407 providi
1281 5344 1309 5390 et
1322 5333 1460 5392 exercitati
1479 5334 1515 5392 ad
1528 5332 1720 5396 discretionem

70 5427 154 5481 quom
165 5427 268 5469 ncmsse
280 5416 329 5477 est;
344 5426 377 5465 rae
390 5414 439 5465 out
450 5424 559 5465 currens
571 5411 690 5473 iassab,
705 5414 755 5464 aut
764 5425 867 5464 moram
920 5408 1023 5465 boniet
1037 5408 1114 5477 mali,
1128 5415 1159 5465 ut
1175 5406 1215 5463 ait
1234 5408 1384 5478 Apostolus
1398 5406 1469 5473 (baec
1482 5406 1554 5463 enim
1571 5423 1632 5464 vera
1648 5411 1722 5467 eani-

72 5484 173 5548 tuciem
185 5484 349 5540 ordonatus.
363 5482 439 5537 ldcm
454 5478 593 5537 incelebri
606 5480 651 5536 illa
668 5479 701 5535 ad
716 5480 865 5536 Paulinum
921 5480 983 5547 ties,
997 5494 1060 5551 qum
1069 5486 1190 5536 mentem
1205 5482 1296 5543 ornat)
1310 5494 1317 5531 ε
1330 5481 1356 5533 et
1368 5482 1435 5535 atos
1449 5481 1591 5536 amatistes
1603 5483 1662 5536 vita
1674 5498 1722 5536 sm·

72 5552 183 5623 epbtolr
195 5554 316 5629 graviter
325 5552 484 5624 perstringit
498 5551 633 5624 quosdam
645 5551 749 5622 absque
763 5567 867 5624 praece-
920 5555 1057 5607 maculata
1071 5553 1165 5618 (Habr.
1180 5554 1220 5618 v).
1237 5550 1365 5621 Cantas,
1379 5549 1416 5605 ait
1427 5549 1641 5623 chrysostomus
1649 5555 1720 5619 (Ho-

71 5625 195 5696 ptoribns
205 5625 333 5700 jactitare
342 5625 495 5681 divinarum
509 5623 864 5696 Scripturammnotitiam:
920 5625 1042 5678 mittio
1053 5626 1140 5693 Epist.
1152 5623 1305 5691 edfleda),
1316 5625 1379 5676 tune
1386 5625 1425 5677 cst
1431 5623 1602 5684 ammobilia
1612 5623 1721 5694 quartdo

69 5698 202 5766 Agricolae
216 5701 315 5769 (Epist.
334 5700 407 5762 103),
420 5695 517 5765 inquit,
538 5698 710 5759 commtarii,
726 5697 868 5765 {absime-
920 5696 1094 5764 cogeretque
1101 5692 1721 5762 conitiemdceeat;ettmverojaoeailiterseaeoe

69 5771 208 5834 tollor-ran,
217 5773 528 5839 lipomamqaecoesores,
536 5769 639 5823 lanarii
646 5784 761 5838 quoque,
772 5772 798 5823 et
807 5767 868 5835 fal·
920 5770 1100 5831 eoaoersotur,
1113 5766 1177 5837 plns
1184 5765 1329 5836 jamnitas
1343 5765 1474 5820 ridiculus
1484 5765 1545 5818 erit.
1557 5764 1630 5819 Hine
1643 5769 1719 5840 Apo-

70 5838 151 5912 brer,
164 5846 192 5899 et
203 5842 363 5911 rotatque·
374 5842 481 5897 oeream
491 5839 712 5910 mpetlectitemet
724 5840 792 5895 odia
803 5852 868 5908 opu·
920 5837 1008 5895 stolus
1019 5850 1099 5895 senes
1111 5837 1185 5895 serio
1205 5837 1349 5908 admonet,
1365 5841 1398 5892 ut
1414 5835 1502 5891 soona·
1525 5835 1591 5892 sint,
1614 5828 1729 5897 medeor·
