3848 6158
99 203 153 258 soa
475 195 642 255 consano
661 202 683 255 r.
702 228 737 240 -
756 201 800 256 os
818 199 974 257 nouimus
994 166 1204 259 rurensium
1224 206 1266 260 na
1286 206 1374 261 rius.
1705 219 1757 274 sro

97 324 192 391 mino,
214 320 301 380 libros
320 321 431 378 annales
455 321 600 396 instigatur
623 324 774 396 inquirere,
799 326 899 398 quihus
912 328 939 393 Α
953 329 1191 400 aseeudoitsuger
1212 335 1246 393 te,
1263 332 1346 387 laeam
1361 337 1437 388 tetram
1457 349 1489 390 ae
1510 336 1632 392 dimittas
1645 340 1753 407 (Ecclas.

96 416 269 479 Mardochaei
288 415 421 474 beneficia
433 417 606 488 recordatus,
625 419 725 476 summi
739 435 803 477 eum
815 422 900 494 gradu
952 422 1077 489 1).lllud
1091 438 1199 496 quoque
1209 425 1282 495 quod
1294 425 1395 482 dicitur
1407 426 1441 485 ad
1451 428 1537 485 heum
1550 439 1645 487 contra
1660 434 1753 492 Achab

94 514 215 574 honoris
229 511 347 581 exaltat,
372 527 404 568 ac
430 512 554 585 protinus
578 513 795 572 crudelissimam
819 532 900 590 super
954 516 982 572 in
993 517 1073 572 tertio
1087 520 1196 590 Regum
1207 518 1276 576 lihro
1295 534 1327 575 ex
1340 536 1456 594 persona
1468 521 1578 595 spiritus
1589 523 1724 583 immundi
1741 522 1765 582 τ’

94 627 165 672 nece
177 610 265 684 gentis
282 609 388 667 tudere
410 609 571 668 sententiam
589 618 698 667 revocat
717 613 830 680 (Fstlter
841 612 897 685 vr).
953 613 1120 682 Egrediuret
1130 629 1172 669 mo
1181 615 1295 685 spiritus
1304 617 1422 673 mendam
1431 620 1460 673 iu
1469 622 1755 692 oreomuiumproplte·

95 707 148 766 Vel
162 721 226 764 cum
238 703 375 777 Propheta
384 712 596 773 commemorat,
609 706 803 777 Audiamquid
815 706 901 778 togam
954 713 1044 766 turum
1058 709 1115 782 ejus
1130 713 1185 778 (lll
1201 715 1266 781 iteg.
1284 716 1376 784 aru).
1393 717 1456 769 elix
1465 716 1547 772 nobis
1557 726 1650 774 autem
1662 719 1755 775 oriun-

97 809 144 861 tar
163 804 193 858 iu
206 802 383 858 memmimus
394 800 559 868 neusffsat.
573 804 721 867 nxxsrv).
740 799 818 859 Alius
830 818 900 875 quo·
953 811 1008 875 tur,
1020 821 1084 863 cum
1097 806 1255 864 naturaliter
1273 823 1305 866 ea
1326 824 1388 880 quae
1402 811 1540 883 gerimus,
1552 813 1592 869 vel
1604 813 1754 884 gessimus,

97 912 164 971 que,
176 899 211 954 st
224 895 307 958 dicit,
323 896 554 965 amputaremus
571 897 621 964 qui
638 896 795 967 loquebatur
811 900 839 952 ia
861 915 902 953 me
955 898 996 953 vel
1010 899 1354 970 audivimus,recordamur
1365 906 1375 972 (
1387 906 1455 961 Vide
1465 909 1754 978 cunctationemquar·

97 991 197 1064 (lach.
211 992 244 1058 1).
258 987 307 1045 Vel
321 1003 386 1044 cum
402 987 486 1044 Filius
506 987 556 1043 Dei
571 997 717 1047 venturum
728 1006 756 1048 se
770 1007 824 1048 uua
838 1008 901 1049 amn
955 995 1010 1046 tam
1024 994 1136 1062 cogatis·
1145 998 1206 1064 post
1217 997 1294 1064 finem
1306 998 1418 1065 operis).
1433 997 1581 1069 Dequibus
1594 999 1754 1057 heatusDa·

96 1088 197 1154 Patre,
212 1090 239 1140 et
257 1079 428 1138 mansionem
446 1081 520 1153 apud
534 1097 586 1139 nos
609 1082 745 1142 laetorum
767 1099 827 1144 esse
839 1102 900 1159 pro
954 1087 1008 1155 vid,
1023 1091 1153 1158 Cogitaui,
1167 1088 1262 1161 inquit,
1278 1091 1335 1146 dies
1347 1094 1487 1162 antiquos,
1497 1100 1523 1149 et
1536 1110 1619 1151 uitreas
1639 1102 1751 1154 eternas

97 1182 183 1242 mittit
196 1183 289 1253 (Joatt.
301 1193 367 1238 xlv.
386 1181 438 1248 Et,
450 1181 509 1238 Non
524 1181 587 1235 estis
603 1196 658 1245 eos,
674 1181 778 1254 iuquit,
794 1182 840 1252 qui
860 1185 899 1239 lo·
954 1183 1077 1238 iumenta
1089 1183 1215 1248 lesbaici
1225 1184 1437 1240 meditatu-esum
1448 1191 1522 1242 uocte
1533 1190 1676 1244 cumeorde
1686 1207 1751 1252 mco.

96 1275 406 1352 quonimeedsptrttus
418 1276 900 1347 Putrisueslriquiloquiturtuoohis
953 1280 978 1330 et
1000 1276 1178 1340 ehereilahar,
1198 1282 1223 1333 et
1240 1279 1375 1347 scopebam
1400 1281 1527 1349 spiritam
1548 1296 1635 1334 mcum
1656 1283 1749 1350 (Psul.

98 1372 212 1442 (neat.
227 1373 276 1438 x).
300 1371 398 1427 Etrus
419 1366 570 1437 electionis,
590 1370 810 1438 Erpemmenmm
841 1371 899 1441 ejus
953 1373 1076 1440 nxxvr).
1088 1372 1124 1426 Et
1135 1370 1246 1441 iterum,
1261 1375 1390 1429 neutrius
1401 1374 1452 1427 scit
1472 1374 1644 1442 cogitationes
1665 1376 1753 1429 liniret-

99 1466 223 1539 quoeritis
241 1465 290 1536 qui
307 1465 337 1519 iu
350 1477 392 1518 me
406 1463 525 1532 loquitur
540 1463 661 1519 Christus
674 1464 716 1527 (ll
730 1463 789 1520 Gor.
805 1467 898 1529 still?
951 1480 1025 1528 atam,
1041 1467 1168 1536 qouniam
1179 1482 1257 1522 uuae
1268 1472 1331 1522 suut
1346 1468 1430 1534 (Psal.
1447 1469 1544 1536 xctrr).
1562 1469 1595 1522 tn
1607 1467 1753 1538 Evangelio

99 1561 169 1618 ‘Es
182 1555 290 1616 diaholo
305 1570 369 1625 vero
384 1554 578 1629 cogitationum
590 1555 711 1613 nascitur
724 1556 822 1624 series,
834 1574 896 1615 cum
951 1574 1059 1632 quoque
1071 1559 1207 1618 Dominus
1220 1560 1255 1617 ad
1269 1560 1431 1632 Pharisaeos,
1448 1563 1520 1632 Quid
1540 1565 1663 1633 cogitatis
1679 1564 1753 1619 mula

99 1657 255 1716 sirhvertere
274 1669 325 1712 nos
352 1661 412 1712 tam
439 1653 566 1711 vitiorum
593 1653 788 1724 oblectatione,
815 1672 899 1729 quam
955 1655 1117 1711 tricordibus
1131 1656 1352 1725 cestrisfflattli.
1373 1655 1440 1728 ixl?

99 1753 181 1830 etiam
194 1750 308 1810 occultis
328 1757 444 1807 conatur
464 1747 584 1820 insidiis,
599 1749 774 1808 subtilissima
794 1751 936 1848 callidi-B
1249 1794 1369 1852 CAPUT
1387 1795 1444 1850 XX

99 1855 156 1906 mre
163 1846 238 1904 malo
252 1860 302 1920 pro
315 1843 395 1918 bonis
407 1841 595 1900 fraudulenter
606 1851 759 1915 ostentans,
773 1854 801 1902 et
811 1853 899 1904 trans

99 1941 220 2015 liguram
233 1951 263 1998 stt
275 1937 354 1996 nobis
373 1936 403 1994 iu
416 1935 545 2009 angelum
563 1936 630 1993 lucis
645 1937 684 2010 (ll
696 1939 755 1996 Cor.
773 1938 831 2011 xr).
849 1938 898 1997 Vel
988 1925 1065 1977 Docet
1087 1935 1121 1974 ce
1140 1919 1319 1974 similitudine
1336 1920 1446 1989 probuti
1462 1921 1601 1990 trapezitae
1625 1922 1754 1989 quamodo

99 2051 164 2093 gum
175 2033 339 2108 evangelista
348 2029 448 2090 refert,
459 2034 495 2088 Eg
504 2046 577 2086 ΝΜ
586 2033 673 2100 sacta,
682 2025 697 2064 u
705 2049 764 2089 cum
774 2034 897 2090 diabolus
1070 1991 1242 2060 cogitationes
1256 1995 1356 2046 orostrae
1369 1991 1547 2046 accerrimae
1562 1993 1626 2045 siut.

94 2133 158 2202 gom
166 2131 281 2186 misisset
295 2130 324 2182 ia
332 2141 376 2182 eor
387 2126 587 2183 indesinente
599 2128 769 2190 Smlmth‚ut
781 2131 898 2186 traderet
986 2128 1065 2183 Hanc
1079 2126 1161 2199 igitur
1174 2131 1284 2197 oportet
1297 2124 1461 2198 tripartitam
1474 2123 1609 2180 rationem
1619 2137 1671 2180 nos
1676 2123 1753 2197 J'ugi-

101 2225 248 2283 Domtnum
261 2223 351 2287 (ioum
373 2222 453 2293 ¹111).
472 2223 509 2276 Et
528 2221 628 2278 iterum
645 2241 651 2277 :
666 2225 730 2279 Post
744 2223 896 2282 buccellam.
951 2226 994 2277 ter
1009 2221 1163 2290 ohservare,
1183 2227 1210 2276 et
1227 2218 1368 2276 uniuersas
1387 2216 1563 2291 cagitationes
1582 2232 1643 2290 quae
1663 2231 1752 2273 emer·

104 2315 208 2388 inquit,
221 2315 343 2370 iatroioit
361 2315 391 2370 in
408 2314 615 2372 atlumsatuuas
636 2316 779 2386 (wem).
802 2318 898 2376 Petrus
952 2323 1020 2389 gunt
1040 2317 1068 2372 in
1081 2315 1163 2373 corde
1178 2323 1283 2384 nostro,
1306 2314 1394 2387 sagaci
1422 2313 1585 2371 discretione
1599 2313 1749 2379 discutere,

101 2423 214 2483 quoque
225 2406 260 2464 sd
270 2407 413 2479 Ananiam,
425 2411 522 2478 Quare,
538 2409 586 2479 ait,
598 2413 712 2466 tentavit
726 2412 843 2469 Satanas
854 2428 898 2470 cor
952 2411 1070 2486 origines
1084 2426 1178 2468 earum
1194 2417 1221 2467 et
1235 2424 1330 2467 causas
1344 2416 1523 2483 auctoresque
1535 2398 1751 2481 primitus'iuda-

99 2511 187 2574 tuom,
203 2504 314 2561 mentiri
326 2509 351 2561 te
362 2505 480 2576 Spiritm
492 2510 583 2561 sancto
595 2507 706 2576 (Actor.
732 2512 770 2565 v?
784 2511 819 2564 Et
830 2508 897 2568 illud
952 2515 1099 2579 gememus
1117 2508 1211 2581 quales
1224 2521 1274 2563 nos
1288 2506 1327 2563 eis
1339 2506 1460 2578 praehere
1471 2504 1632 2576 debeamus,
1647 2519 1679 2562 ex
1693 2503 1752 2562 illo·

102 2598 217 2673 quadiu
235 2598 393 2672 Evangelio,
406 2607 435 2657 et
449 2600 537 2657 multo
561 2609 623 2658 ante
644 2616 693 2674 per
707 2602 897 2661 Ecclesiastem
951 2617 1015 2659 rum
1035 2601 1134 2658 merito
1149 2601 1195 2673 qui
1221 2615 1267 2657 eas
1286 2609 1453 2673 suggerunt,
1468 2600 1639 2658 considerare
1660 2598 1751 2671 possi·

101 2691 261 2767 pransum
274 2689 390 2766 tegimus
406 2713 414 2751 ι
430 2695 462 2752 Si
472 2695 590 2766 Spiritm
605 2699 763 2767 potestatem
777 2698 898 2754 habentis
950 2684 1049 2768 mus„d
1061 2704 1092 2752 ut
1112 2694 1265 2752 efficiamur
1287 2692 1438 2751 secuudum
1459 2701 1627 2767 preceptum
1641 2692 1753 2749 Domini

648 2830 778 2886 sinaut
796 2832 908 2889 GAZAEI
925 2829 1205 2889 COMMENTARIUS.

102 2956 204 3009 meaos
214 2955 272 3008 est?
286 2955 421 3009 utrorum
435 2957 460 3009 ei
475 2957 547 3010 semri
558 2955 615 3025 ejus
632 2958 900 3016 contristamini
952 2957 1129 3031 ginationem,
1141 2963 1169 3011 et
1179 2954 1250 3012 varia
1262 2955 1286 3011 ei
1303 2954 1407 3027 objecta
1421 2953 1544 3010 suasoria
1559 2952 1751 3025 proponendm

103 3027 208 3080 omnino
218 3024 345 3089 mercedis
359 3027 468 3097 accepit,
483 3033 536 3082 ete.
548 3026 658 3097 Josephi
675 3043 736 3085 tero
755 3032 910 3086 Commen·
952 3036 999 3086 aut
1021 3028 1176 3101 passionom
1197 3024 1338 3083 excitando
1361 3024 1587 3091 insensualitate,
1606 3039 1752 3096 perquam

103 3094 187 3152 tarum
203 3116 209 3152 ι
224 3098 305 3164 Date,
320 3095 416 3166 inquit,
434 3112 508 3167 spem
529 3099 676 3166 malignum
690 3101 781 3155 Amuu
800 3101 901 3156 deride
953 3099 1079 3157 uoluntas
1092 3098 1216 3155 allicitur.
1238 3100 1394 3170 Utrumque
1412 3097 1487 3153 enim
1506 3103 1595 3168 potest
1609 3094 1751 3160 diabolus,

106 3168 160 3230 bot,
174 3170 210 3234 ct,
225 3167 543 3237 accitmrtiaprmuidcas,
556 3169 589 3224 de
601 3170 898 3236 satereisdelcctalatur.
952 3171 975 3228 si
994 3174 1068 3228 Deus
1092 3171 1245 3243 ponnittet3
1273 3169 1441 3225 voluntatem
1464 3174 1555 3223 tamen
1583 3182 1679 3238 cogere
1707 3173 1754 3222 aut

102 3241 173 3295 Nam
183 3240 367 3306 segisamonae
377 3237 621 3308 perillamaoctem
633 3241 901 3312 animaequae
954 3242 1099 3300 efficaciter
1120 3255 1228 3298 movere
1241 3256 1303 3305 ‚non
1315 3247 1420 3314 potest,
1436 3238 1486 3295 nisi
1503 3239 1560 3310 ipsa
1580 3247 1677 3310 sponte
1692 3253 1754 3294 con·

103 3316 233 3381 quantor.
252 3308 420 3380 Castigatum
434 3324 528 3380 ergoa
550 3309 668 3365 Domino
689 3313 838 3381 assuerum
859 3312 902 3370 hic
953 3312 1060 3372 sentiat.

103 3380 220 3437 insinuat
230 3381 344 3447 Auctor,
355 3395 419 3436 cum
431 3379 551 3437 immissa
563 3379 692 3437 diuinitus
700 3381 743 3437 illa
753 3382 900 3455 insomnia,
918 3372 941 3436 C
989 3377 1049 3439 bl).
1063 3382 1235 3455 Augustinus
1246 3388 1327 3436 tract.
1336 3386 1370 3437 55
1382 3381 1409 3435 iu
1421 3382 1558 3436 Joauuem
1572 3400 1577 3435 τ
1597 3382 1690 3436 Missio
1700 3383 1753 3434 ista

107 3451 234 3524 lectisque
251 3466 342 3507 coram
367 3466 399 3507 eo
413 3451 561 3508 Annalium
573 3459 601 3508 et
620 3451 794 3510 historiarum
809 3469 903 3512 monu-
955 3455 1107 3526 spiritmtlis
1117 3455 1251 3524 suggestio
1266 3456 1319 3517 est3
1330 3457 1356 3507 et
1366 3468 1419 3506 area
1432 3456 1463 3522 gt
1472 3467 1522 3521 per·
1535 3467 1636 3513 aalma,
1647 3452 1693 3506 sed
1703 3466 1754 3521 per

105 3522 221 3591 mentis,
238 3521 387 3580 madochaet
406 3521 488 3580 fidem
510 3531 538 3580 et
558 3521 679 3580 emaum
699 3523 726 3581 in
745 3524 902 3597 detegendis
955 3525 1296 3598 cogituaorcmntutoltee
1303 3529 1371 3587 euim
1379 3525 1752 3592 cogitationesimmittuntur,

103 3592 209 3650 insidiis
221 3593 286 3651 olim
301 3594 452 3667 praestitum
475 3593 684 3653 admemoriam
703 3611 847 3666 revocans,
866 3596 901 3656 de
954 3604 979 3654 et
990 3600 1113 3654 humanis
1125 3597 1329 3667 cogitationibus
1339 3597 1532 3650 immisceatur.

103 3665 166 3736 ipso
190 3671 220 3720 ut
238 3681 287 3738 par
311 3675 383 3734 erat,
401 3665 482 3739 digne
503 3666 720 3738 remunerando,
741 3673 800 3726 Deo
818 3669 900 3742 iuspi·
989 3669 1156 3740 eQuomodo
1179 3668 1356 3741 cogitationes
1378 3667 1499 3723 oriantur
1517 3681 1551 3721 er
1569 3664 1665 3733 nobis,
1690 3678 1755 3719 cum

102 3742 183 3792 rante
200 3736 285 3817 ‘serio
299 3736 418 3809 cogitare
428 3737 512 3823 coepit
530 3738 623 3797 :unde
643 3749 789 3799 consecuta
802 3739 900 3798 deiude
953 3741 1100 3813 Apostolus
1125 3740 1220 3798 dicat:
1245 3742 1304 3797 Nou
1334 3754 1426 3794 sumas
1456 3739 1613 3805 sufficientes
1638 3738 1754 3804 cogitare

103 3776 300 3864 crudelissimae
313 3809 454 3867 sententiae
467 3827 494 3865 rn
507 3809 618 3868 iudanos
640 3810 674 3867 ah
697 3815 789 3868 Aman
802 3828 899 3884 procu·
953 3814 1106 3883 aliquidem
1117 3812 1292 3882 uobis,quasi
1304 3826 1337 3865 ear
1345 3812 1422 3865 achis
1434 3810 1476 3880 (ll
1488 3808 1545 3864 Coi.
1555 3810 1631 3888 ⁴111).
1647 3806 1715 3862 Vide
1727 3806 1754 3860 io

104 3884 171 3960 ratae
184 3880 318 3935 revocatio
338 3888 364 3935 et
377 3879 528 3961 abrogatio.
552 3883 638 3936 Porro
650 3881 716 4005 auid
730 3883 800 3938 iuter
821 3882 901 3941 histo
954 3884 1094 3941 notatione
1107 3882 1185 3940 dom.
1200 3881 1310 3955 cuychii
1322 3880 1357 3937 ad
1371 3881 1474 3960 calcem
1488 3893 1586 4004 operis.

104 3963 158 4005 rias
169 3956 204 4015 ,et
224 3951 334 4007 annales
357 3950 519 4007 discriminis
543 3949 596 4016 sit,
609 3957 652 4004 tra
673 3958 694 4004 it
710 3951 804 4007 Gelius
822 3952 901 4008 lihv
989 3942 1058 4010 dDe
1072 3954 1122 4011 hac
1137 3969 1201 4010 voce
1223 3969 1255 4010 ae
1267 3952 1404 4021 sententia
1417 3949 1483 4007 uihrl
1513 3963 1559 4005 ere
1579 3947 1705 4017 estquod
1720 3944 1755 4001 ad

103 4035 163 4092 cap.
175 4027 218 4089 18,
226 4028 254 4078 et
264 4021 383 4078 Isidorus
396 4018 516 4090 Etymol.
532 4017 579 4072 lih.
594 4031 678 4087 roap.
693 4020 744 4075 ult.
755 4023 796 4076 Er
804 4020 903 4089 quihus
955 4025 1109 4080 notationes
1129 4023 1242 4095 Cuychii
1265 4031 1294 4078 et
1315 4023 1445 4091 ciaconii,
1466 4020 1547 4089 adjici
1566 4018 1662 4093 possit,
1688 4031 1754 4086 quas

103 4092 238 4148 Batonius
247 4092 284 4148 ita
299 4090 392 4146 retulit
403 4092 447 4151 (Itt
468 4094 481 4142 1
494 4089 611 4158 masat.
620 4088 722 4144 Auuul.
732 4092 758 4157 ):
769 4093 804 4145 Eo
814 4090 904 4146 dtsem
956 4093 1070 4164 proinde
1081 4101 1157 4150 utras
1176 4110 1211 4150 ue
1224 4095 1314 4150 risum
1324 4102 1367 4149 est
1378 4093 1421 4149 hic
1430 4092 1580 4157 ascribere,
1595 4105 1626 4144 ac
1636 4088 1755 4160 primum

42 4210 49 4220 .
102 4165 174 4217 mine
188 4167 288 4217 ceteras
304 4162 339 4213 ab
358 4161 471 4214 historia
494 4157 604 4214 auuahs
618 4159 903 4231 deterioratamque
957 4163 1068 4236 Cuychii
1084 4172 1190 4220 notatio
1207 4162 1360 4220 sichabet:
1375 4162 1525 4234 Trapezitae
1542 4159 1646 4216 Graecis
1665 4158 1755 4214 dicun·

100 4235 151 4288 illa
164 4235 275 4303 proprie
289 4245 330 4285 ras
340 4245 448 4284 atumem
458 4235 605 4302 temporum
617 4236 716 4299 gestus,
730 4248 799 4302 quas
811 4237 904 4289 auctor·
956 4243 1013 4301 tur,
1026 4249 1096 4317 quos
1108 4233 1207 4290 Latine
1219 4231 1437 4301 nummularios,
1453 4231 1612 4298 mensarios,
1632 4230 1688 4286 sive
1700 4244 1756 4286 mo·

100 4305 142 4359 aet
158 4304 239 4361 stetit,
250 4300 290 4353 oet
311 4301 509 4370 potuitaidere,
520 4306 676 4373 pertractet,
695 4320 779 4374 acque
797 4310 903 4362 tautum
956 4314 1075 4363 netauos
1098 4304 1232 4377 appellare
1251 4318 1412 4378 pessumum
1432 4304 1472 4360 sio
1493 4304 1609 4362 dictosa
1630 4308 1755 4368 moneta,

100 4375 171 4446 quiet
185 4376 286 4439 gestum
300 4375 345 4435 sit,
359 4373 405 4427 scd
415 4377 440 4426 et
452 4389 507 4443 qua
519 4376 632 4437 ratmrre,
641 4389 723 4444 quoae
732 4378 851 4440 comalio,
861 4378 904 4433 iu·
955 4378 1011 4434 siue
1028 4385 1140 4451 argento
1155 4394 1162 4430 :
1177 4392 1234 4434 nou
1257 4375 1330 4449 quod
1353 4383 1481 4449 argentea
1512 4390 1575 4432 vasa
1596 4375 1692 4432 caelent
1707 4371 1754 4441 ,vel

101 4447 182 4501 dicet.
196 4443 348 4498 Artaulihus
359 4448 766 4519 calatrascrtptorresontaquas,
777 4449 901 4519 utpluri·
956 4449 1090 4518 inaurant,
1112 4447 1165 4506 hoc
1183 4449 1258 4506 enim
1277 4446 1420 4505 fabrorum
1445 4457 1507 4505 cst:
1525 4446 1572 4504 sed
1591 4446 1664 4519 quod
1684 4443 1755 4518 apud

102 4531 190 4600 mum,
202 4529 271 4597 queas
283 4529 333 4569 sua
346 4531 399 4569 acu
413 4519 487 4600 arcuit
500 4522 576 4582 ctus,
587 4518 743 4588 easdemque
753 4537 804 4591 per
817 4536 902 4577 aauos
955 4520 1017 4577 illos
1035 4520 1259 4578 examinarentur
1280 4519 1416 4593 pecuulae,
1435 4527 1463 4576 et
1482 4519 1515 4576 de
1536 4527 1697 4587 onerentur,
1716 4517 1756 4572 in-

101 4587 899 4730 meritummanathasim-uiues·
955 4536 1757 4730 {astla-‘samtrial“attentissimam:ir

103 4727 156 4784 hus
167 4743 248 4800 agens
262 4748 268 4783 :
284 4729 385 4796 Oreum
397 4729 493 4799 inquit,
502 4731 624 4800 prucios
639 4731 674 4785 ab
691 4701 758 4802 ipsis
768 4748 901 4803 macaru-
955 4680 1049 4793 mgnsa
1071 4752 1174 4793 nomen
1193 4736 1309 4804 hahent3
1329 4751 1394 4791 nam
1413 4735 1521 4804 τράπεζα
1536 4746 1660 4786 mensam
1675 4728 1756 4798 signi·

103 4805 159 4862 tur,
175 4805 201 4854 et
221 4803 335 4870 impure
346 4801 571 4870 perturbationes.
587 4804 624 4857 at
636 4817 776 4871 saggeerre
793 4805 903 4873 quidem
956 4806 1027 4864 licat.
1045 4813 1070 4864 A
1090 4808 1126 4863 ud
1146 4806 1258 4863 Iudaeos
1276 4821 1387 4877 quoque
1408 4804 1493 4859 fuisse
1515 4799 1675 4870 trapezitas,
1701 4797 1757 4851 siue

103 4872 207 4926 horaa‘m
216 4874 345 4940 permissi
355 4877 428 4936 suat,
450 4888 541 4941 cogere
563 4877 653 4928 auten
668 4889 721 4929 oon
731 4880 854 4946 possum.
870 4879 903 4932 lu
954 4824 1162 4942 nummufarios,
1180 4877 1226 4948 qui
1249 4877 1276 4930 in
1295 4875 1399 4945 templo
1422 4869 1686 4941 Hierosolymitano,
1698 4865 1758 4949 'de-

103 4945 196 4998 aoslra
209 4944 279 4997 etaim
290 4946 465 5012 potestatecst
473 4944 615 5000 admittere
633 4949 746 5000 uutaou
763 4947 905 5004 admittere
956 4957 1031 5004 creto
1052 4947 1227 5003 sacerdotum
1250 4942 1406 5009 constituti,
1422 4948 1546 4997 mutuam
1568 4939 1619 4995 suh
1633 4946 1758 4995 cautione

104 5029 192 5069 eorum
203 5015 407 5083 suggestionem.
421 5017 462 5070 lta
471 5016 666 5072 Damascenus.
680 5016 843 5074 D.Thomas
857 5018 904 5075 uhi
957 5018 1101 5091 pecuniam
1125 5016 1241 5082 dabunt,
1264 5030 1296 5070 er
1331 5012 1476 5096 Evangelio
1500 5010 1674 5068 manifestum
1704 5018 1755 5067 est.

102 5099 184 5155 supra
197 5104 203 5139 :
217 5090 362 5148 moues,
374 5085 421 5149 ait,
431 5102 484 5140 aaa
493 5090 607 5156 possum
616 5089 758 5143 immittere
766 5091 903 5157 cogitatio·
956 5089 1093 5163 Quoniam
1113 5095 1204 5143 autem
1222 5094 1333 5158 propter
1345 5093 1505 5142 continuum
1524 5083 1644 5156 pecuniae
1664 5098 1755 5151 usum,

103 5171 158 5218 nes,
170 5158 283 5211 interius
293 5172 336 5212 eas
355 5158 567 5225 consumatum
579 5173 643 5214 usus
654 5161 804 5228 cogitativa
813 5163 904 5217 uirtu·
957 5158 1123 5217 adulterinos
1135 5165 1163 5215 et
1176 5157 1300 5215 exoticos
1320 5171 1449 5214 nummos
1472 5173 1488 5212 a
1511 5155 1583 5212 hona
1604 5163 1631 5210 et
1644 5153 1755 5227 probata

104 5230 139 5281 tis
151 5227 434 5295 subjaceataoluatuti.
448 5232 554 5285 Diettru
563 5233 650 5285 tamea
657 5231 904 5288 diabolusiuceusor
958 5239 1069 5288 moneta
1088 5230 1191 5303 optime
1211 5228 1411 5298 discernebant,
1426 5228 1488 5285 hinc
1502 5225 1695 5298 trapezitarum
1710 5241 1757 5298 ap·

104 5301 347 5367 cogitationumtu
362 5305 494 5370 guantum
507 5303 647 5358 incitatae
660 5304 843 5372 cogitandum,
862 5304 904 5359 acl
958 5302 1066 5386 pallatio
1105 5301 1238 5359 eneratim
1263 5300 1298 5358 ad
1320 5315 1416 5358 omues
1440 5300 1501 5357 illos
1525 5298 1694 5367 extenditur,
1711 5297 1756 5371 qui

104 5370 141 5422 ad
150 5371 329 5440 appetendum
339 5374 463 5441 cogitata,
475 5389 526 5444 per
536 5374 644 5430 aradum
655 5376 904 5445 persuadeatque
954 5374 1092 5447 judicandi
1113 5373 1208 5446 peritia
1220 5372 1324 5439 valent,
1337 5381 1366 5429 et
1379 5371 1557 5429 interaurum
1574 5379 1602 5427 et
1619 5369 1754 5428 aurichal-

102 5444 253 5508 pussioaem
265 5445 430 5502 concitantis.
443 5447 532 5502 Potest
541 5448 612 5501 euim
632 5446 787 5516 hujatsmodi
795 5449 904 5517 passio·
956 5461 1031 5516 cum,
1043 5446 1111 5502 inter
1121 5444 1240 5502 triticum
1255 5453 1283 5500 et
1292 5442 1404 5510 zizania,
1419 5444 1593 5500 interiorum
1607 5451 1634 5499 et
1645 5442 1755 5508 falsum,

104 5525 150 5564 aes
164 5517 331 5570 mammem
342 5517 524 5582 sensualitate,
536 5521 617 5589 atque
627 5520 666 5573 itu
676 5520 838 5574 saturitatem
853 5534 904 5574 mo
956 5517 1027 5574 inter
1039 5517 1144 5575 honum
1165 5524 1192 5573 et
1206 5517 1321 5585 malum,
1344 5523 1419 5572 recte
1431 5515 1635 5588 prudenterque
1654 5513 1756 5570 discer-

103 5596 179 5645 oerer
190 5599 241 5641 ooo
252 5591 342 5642 tamea
357 5603 391 5643 eu
408 5591 576 5660 necessitate,
588 5592 654 5662 qum
666 5592 789 5646 uoluntas
801 5606 904 5661 semper
956 5596 1035 5646 nunt.
1054 5591 1090 5645 Et
1103 5588 1130 5645 in
1144 5587 1195 5645 hac
1207 5586 1403 5662 significatione
1422 5586 1474 5643 hoc
1492 5587 1623 5644 vocabulo
1636 5599 1701 5640 usus
1715 5591 1755 5639 est

102 5660 222 5738 remanet
233 5657 315 5714 liheru
327 5659 363 5714 ad
374 5662 589 5718 consentiendum
602 5663 644 5717 oei
656 5663 833 5718 recolendum
843 5678 904 5733 pas
956 5663 1075 5718 loannes
1094 5660 1249 5718 Cassianus.
1267 5662 1336 5717 Hace
1359 5658 1505 5732 Cuychius.
1528 5657 1670 5715 Ciaconius
1690 5670 1754 5710 vero

100 5741 184 5810 sacae.
201 5729 313 5811 iluohus
335 5746 400 5815 ergo
423 5730 514 5790 modis
535 5731 659 5790 immittit
680 5732 760 5791 nohis
778 5733 913 5791 diabolus·
956 5732 1015 5790 hmo
1023 5731 1127 5791 addidit
1141 5751 1148 5788 ι
1161 5732 1301 5805 Trapezita
1315 5731 1410 5788 latim
1423 5729 1624 5787 nummularius
1637 5726 1752 5785 dicitur:

99 5805 290 5872 cogitationes,
303 5808 350 5858 aut
370 5802 542 5862 immutando
567 5801 747 5877 phantasiam,
766 5819 814 5861 seu
837 5804 905 5861 ima·
956 5804 1107 5862 mensarius
1130 5805 1165 5860 ad
1188 5804 1303 5863 verbum
1327 5802 1403 5861 reddi
1423 5809 1523 5874 potest.
1550 5803 1621 5856 Nam
1646 5797 1754 5866 τράπεαζ
