3824 6164
120 235 188 291 taut
661 235 803 295 lOANNlS
819 236 972 295 cassum
990 234 1234 293 centuriones,
1717 238 1785 294 1308

121 361 214 433 idest,
228 361 465 431 rationabile,'aut
476 363 591 436 θυμικόν,
607 365 634 422 id
648 374 700 434 est,
713 366 861 437 irascibile,
873 374 922 422 nut
935 365 1051 432 Astra,
1075 376 1160 434 quam
1183 359 1335 433 specialiter
1356 357 1475 416 diximus
1500 357 1688 423 vulneratam,
1710 375 1784 418 seraa

123 456 310 530 lerinensem,
331 457 359 515 id
376 465 428 529 est,
447 459 658 533 concupiscibile
673 463 742 536 ejus,
757 462 849 535 aliquo
863 477 925 518 cor·
978 454 1140 513 humilitatis
1157 453 1308 521 medelam;
1332 466 1394 524 quae
1408 449 1541 523 quoniam
1555 448 1668 507 oetetis
1682 451 1783 511 anima

123 559 272 625 rumpatur
285 551 406 609 incursu.
422 551 491 609 Cum
505 569 570 629 ergo
583 554 700 628 aliquem
715 572 748 613 ex
763 556 808 613 his
821 554 924 612 affecti-
978 549 1124 607 umoribus
1143 549 1171 605 in
1189 546 1277 617 vobis,
1291 553 1424 619 quantvrm
1437 550 1561 617 apparet,
1575 541 1715 601 infirmior
1732 553 1783 612 est,

121 643 173 700 bus
186 643 226 700 vis
244 642 331 700 nonar
351 643 488 703 obsederit
503 648 647 721 passionis,
669 666 719 722 pro
740 648 815 706 illius
835 649 925 706 causis
978 658 1090 701 necesse
1104 651 1146 699 est
1160 650 1192 699 nt
1203 639 1347 697 diabolica
1360 636 1530 695 infestationi
1545 636 1638 709 prima
1651 653 1785 697 mecum-

123 736 206 795 etiam
225 736 290 794 vitio
309 753 411 794 nomeu
429 738 590 813 imponitur.
607 746 679 800 Nam
693 744 715 799 si
730 743 924 800 rationabilem
978 737 1036 793 bat.
1059 731 1304 806 Quemadmodum
1327 729 1519 804 ingruentibus
1545 728 1716 800 quibusdam
1742 732 1784 788 in·

128 826 185 899 ejus
208 836 317 901 partem
335 830 464 889 vitiorum
488 832 572 905 pestis
592 833 728 905 infecerit,
754 835 923 904 cenodoxiae,
974 831 1067 905 juriis,
1082 846 1146 904 quae
1158 830 1200 886 vel
1215 843 1248 885 er
1262 825 1396 885 accidenti
1407 823 1515 892 labore,
1529 824 1573 880 vel
1588 821 1625 881 dc
1639 825 1712 881 aeris
1725 841 1784 883 cor·

122 922 259 992 elationis,
283 925 404 994 invidia,
427 928 573 1000 superbie,
602 929 832 1002 praesumptionis,
856 944 924 986 con·
979 925 1107 999 ruptione
1120 923 1280 997 gignuntur,
1294 919 1351 977 lieri
1363 918 1448 976 enam
1461 918 1492 974 in
1506 917 1675 991 corporibus
1689 917 1783 977 huma

123 1017 262 1088 tentionis,
283 1019 420 1078 haereseos
439 1022 506 1079 vitia
528 1023 691 1095 procreabit.
708 1025 735 1080 Si
757 1023 925 1080 irascibilem
978 1020 1022 1077 nis
1042 1019 1122 1088 solet,
1136 1026 1167 1075 ιιι
1185 1017 1231 1075 iila
1250 1030 1312 1089 qua
1327 1013 1431 1071 fuerint
1445 1011 1569 1079 inerma,
1590 1013 1703 1070 casibus
1717 1014 1782 1071 istis

124 1110 309 1169 vulneraverit
323 1129 447 1185 sensum,
459 1113 596 1184 furorem,
613 1116 823 1189 impatientiam,
839 1115 925 1172 tristi-
980 1112 1069 1184 prima
1083 1109 1261 1168 consentiant
1276 1117 1361 1181 atque
1376 1104 1579 1173 succumbant,
1598 1121 1721 1180 cumque
1736 1123 1783 1179 pe·

124 1204 203 1274 tiam,
215 1206 350 1276 acediam,
364 1209 633 1280 pusillanimitatem,
649 1210 843 1267 crudelitatem
858 1225 923 1282 par-

124 1298 217 1353 turiet.
249 1297 277 1353 Si
308 1300 550 1371 concupiscibilem
575 1305 729 1375 corruperit
756 1305 922 1376 portionem,

123 1390 351 1465 gastrimargiam,
367 1390 592 1465 fornicationem,
605 1396 821 1471 phylargyriam,
834 1399 922 1456 avari·

977 1206 1110 1263 culiarius
1128 1205 1157 1261 in
1177 1204 1217 1261 eis
1231 1202 1346 1261 morbus
1360 1198 1507 1268 insederit,
1528 1201 1653 1272 reliquas
1671 1216 1783 1276 quoquo

977 1308 1069 1373 partes
1086 1298 1210 1371 corporis
1227 1296 1325 1355 eadem
1340 1302 1418 1368 peste
1432 1292 1584 1351 tabefaciat
1599 1314 1606 1350 :
1626 1294 1665 1351 ita
1679 1303 1708 1351 et
1723 1296 1782 1353 ani-

978 1407 1055 1449 mam
1078 1393 1301 1465 uniuscujusque
1316 1397 1456 1458 nostrum,
1470 1387 1556 1446 llaote
1574 1389 1782 1462 quodammodo

125 1483 191 1539 bam
209 1492 236 1540 et
247 1483 382 1542 desideria
396 1487 477 1545 noxia
491 1497 650 1563 terrenaque
661 1492 834 1565 germinabit.
979 1487 1118 1560 pestilenti
1133 1487 1224 1544 balitu
1237 1485 1370 1542 vitiorum
1387 1482 1432 1539 illa
1447 1483 1572 1540 maxime
1587 1484 1719 1557 passione
1734 1500 1780 1541 ne·

418 1590 539 1649 CAPUT
556 1594 634 1650 XVI.
978 1597 1055 1641 cesse
1074 1590 1115 1638 est
1130 1579 1275 1648 attentari,
1293 1577 1322 1634 in
1342 1592 1398 1649 qua
1413 1577 1534 1635 tenerior
1546 1586 1630 1651 atque
1645 1579 1785 1636 infirmior

125 1682 286 1756 cpmpcam
298 1688 455 1744 rationalem
464 1693 675 1762 ammoeparypm
684 1695 819 1765 principia
830 1709 924 1751 cumr,
979 1677 1038 1749 ejus
1057 1676 1156 1747 portio,
1178 1672 1274 1730 ualidis
1288 1670 1396 1728 inimici
1412 1684 1466 1727 nan
1479 1678 1537 1726 tam
1551 1668 1662 1727 fortiter
1675 1672 1782 1728 resistit

451 1761 516 1816 dem
528 1777 591 1818 esse.
941 1750 964 1814 Β
982 1768 1158 1842 impulsibus,
1171 1776 1200 1824 ιι
1212 1782 1246 1823 ιι
1265 1765 1320 1822 illis
1338 1763 1493 1837 periculum
1505 1762 1676 1835 captivitatis
1690 1765 1782 1822 incur·

161 1857 198 1912 Et
211 1855 313 1915 idcirco
329 1859 352 1915 si
367 1858 469 1918 fontem
483 1862 539 1919 vitii
556 1862 637 1937 hujus
650 1872 678 1920 et
690 1865 830 1938 originem
843 1866 926 1923 vultis
980 1879 1051 1933 rere,
1070 1863 1099 1918 in
1117 1860 1218 1934 quibus
1239 1857 1356 1916 faciliori
1379 1856 1526 1931 proditioni
1548 1857 1659 1914 aditum
1683 1868 1782 1917 reserat

126 1965 285 2023 agnocere,
297 1954 490 2013 rationabilem
504 1958 605 2015 mentis
619 1967 807 2032 vestraeatque
822 1961 926 2018 animas
981 1960 1090 2015 incauta
1113 1952 1248 2011 custodia.
1271 1952 1316 2010 Sic
1334 1967 1453 2025 namque
1477 1943 1492 1983 l
1513 1950 1625 2007 Βιιιιιιι
1647 1953 1783 2024 populum

128 2046 283 2118 portionem
306 2050 435 2108 noveritis
457 2067 515 2110 esse
544 2061 713 2127 corruptum,
740 2070 772 2111 ex
804 2071 859 2127 qua
886 2056 926 2112 vei
981 2053 1031 2109 Dei
1046 2064 1127 2123 posse
1141 2048 1237 2121 decipi,
1261 2054 1335 2104 certa
1351 2045 1459 2102 ratione
1472 2044 1595 2118 collegit,
1616 2045 1688 2102 dans
1702 2047 1782 2102 consi

126 2141 387 2215 presumptionem,
408 2145 451 2201 vel
469 2147 625 2203 cenodoriae
644 2147 734 2204 solent
752 2148 817 2205 vitia
835 2149 928 2222 pullu·
980 2146 1050 2203 lium
1071 2152 1103 2201 ut
1122 2158 1154 2200 ex
1176 2143 1222 2200 illa
1243 2149 1321 2216 parte
1340 2155 1393 2212 qua
1417 2138 1554 2195 infirmari
1576 2147 1693 2195 noverat
1716 2138 1783 2196 ilios

124 2231 190 2290 lare.
206 2236 327 2294 Proinde
340 2238 393 2297 boc
409 2241 642 2313 primumanimae
656 2242 734 2300 vobis
750 2247 793 2310 (ut
806 2242 842 2298 ita
856 2241 928 2298 dixe
981 2240 1076 2304 lsrael,
1097 2235 1241 2310 perniciosi
1260 2235 1299 2291 eis
1312 2232 1402 2306 laquei
1423 2230 1613 2300 tenderentur,
1631 2249 1690 2289 non
1704 2233 1782 2290 dubi-

126 2325 191 2395 rim)
207 2330 368 2388 membrum
382 2341 466 2389 rectae
478 2333 651 2392 discretionis
659 2336 765 2408 judicio
775 2344 804 2392 et
815 2335 927 2391 humili·
983 2342 1044 2390 tans
1057 2348 1104 2389 eos
1115 2330 1207 2387 oblata
1218 2330 1297 2402 copia
1312 2327 1491 2398 feminarum,
1503 2326 1695 2385 fornicationis
1707 2328 1784 2383 ruina

128 2421 192 2477 tntis
214 2421 313 2479 virtute
335 2424 490 2483 curandum
512 2435 564 2495 est,
578 2443 635 2500 quo
664 2429 761 2486 vitiato
782 2430 849 2486 dum
872 2444 927 2485 non
984 2428 1107 2500 protinus
1134 2425 1314 2497 collapsuros,
1342 2422 1407 2497 quia
1432 2421 1661 2494 concupiscibiles
1683 2421 1784 2478 animae

128 2514 221 2572 solum
239 2515 275 2573 ad
295 2517 467 2590 perfectionis
485 2521 545 2595 jam
566 2524 721 2596 pervenisse
743 2524 860 2597 fastigia,
881 2523 929 2581 sed
983 2535 1079 2577 eorum
1105 2527 1195 2593 partes
1218 2516 1323 2575 sciebat
1346 2530 1407 2572 esse
1428 2523 1574 2588 comvvptas
1597 2517 1689 2582 (Num.
1713 2529 1784 2571 xrvs

127 2609 213 2666 etiam
228 2609 326 2668 docere
340 2613 409 2671 alios
421 2630 500 2687 posse
512 2631 562 2673 vos
576 2617 698 2686 creditis,
711 2624 738 2674 ιι
750 2618 784 2676 ad
796 2618 930 2675 eruditio-
984 2620 1010 2671 ιι
1023 2613 1123 2685 xxxv).
1141 2617 1182 2670 lta
1196 2627 1260 2685 ergo
1274 2625 1500 2683 unumquemque
1514 2616 1646 2666 nostrum
1661 2607 1784 2679 nequitia

128 2717 195 2759 nem
209 2712 372 2763 eaeterornm
383 2708 552 2768 sufficientes
566 2719 647 2785 atque
659 2711 928 2786 idoneosjudicatis,
983 2706 1120 2780 spiritales
1135 2713 1244 2763 versuta
1261 2703 1428 2778 malignitate
1448 2711 1621 2776 pertentant,
1642 2702 1699 2758 illis
1713 2716 1785 2774 pra--

128 2812 177 2869 per
190 2798 339 2858 elationem
350 2804 508 2864 cenodoxiae
520 2823 605 2879 quam
619 2807 748 2881 patefecit
759 2817 848 2865 vestra
865 2824 931 2865 con·
983 2803 1063 2875 cipue
1077 2800 1224 2859 affectibus
1234 2798 1334 2856 animae
1345 2795 1488 2853 insidiosos
1497 2796 1613 2866 aqueas
1625 2802 1784 2866 perstruen-

130 2889 213 2949 iossio
234 2898 456 2968 pervagationem
470 2901 583 2957 vanitati
601 2906 684 2973 [Lips.
701 2907 732 2959 iu
747 2920 833 2973 marg.
850 2903 930 2958 vani·
986 2903 1036 2964 lei,
1048 2893 1146 2966 quibus
1158 2907 1220 2948 eim
1232 2890 1366 2948 senserint
1374 2896 1507 2962 aedfflllle
1521 2907 1530 2943 '-
1542 2888 1676 2957 ulsiirbl
1688 2889 1782 2960 gralli.

128 2989 194 3054 tate]
221 2988 378 3058 raptamiui;
404 3006 473 3062 quas
503 3002 644 3065 amputare
671 2995 800 3065 deinceps
825 2994 929 3066 absque
982 3002 1048 3045 cum
1060 2985 1177 3042 viderint
1191 2983 1365 3042 rationabiles
1385 2983 1485 3038 animae
1496 2984 1715 3053 nostrae'partes
1727 2997 1784 3039 esse

130 3073 293 3136 difficultate
310 3081 446 3150 poteritis,
468 3083 491 3138 si
514 3098 588 3141 verto
607 3082 794 3158 discretionis,
814 3094 845 3143 ut
860 3086 928 3154 diri,
983 3079 1103 3145 vitiatas,
1124 3078 1172 3134 ἱΙΙῡ
1194 3093 1246 3134 ¹1⁰8
1269 3075 1365 3134 θιᾶῑῦθ
1387 3073 1514 3146 dlsslllerl
1537 3074 1705 3140 m⁰¹5¹¹¹¹fflb
1731 3090 1783 3146 (1¹¹⁰

130 3165 281 3226 bumilitate
293 3170 410 3243 fundati,
424 3191 507 3247 quam
519 3176 700 3247 laboriosum,
711 3194 848 3250 quamque
860 3179 931 3236 diiii·
948 3155 970 3215 C
984 3173 1082 3231 achab
1092 3188 1185 3248 regem
1198 3171 1233 3227 ab
1246 3171 1298 3228 illis
1311 3169 1385 3243 Syris
1398 3167 1548 3241 deceptum
1559 3167 1697 3241 Scriptura
1709 3185 1783 3225 com·

131 3254 183 3313 cilo
202 3257 238 3314 sit
258 3259 409 3335 unicuique
430 3276 556 3323 nostrum
578 3268 682 3325 salvare
704 3270 825 3328 animam
839 3287 929 3336 suam,
984 3276 1132 3334 memorat,
1146 3266 1329 3339 quidixeruot
1343 3266 1690 3334 :scimusquouiumrepes
1703 3266 1785 3319 lsrael

130 3350 230 3409 mentis
247 3360 344 3411 vestrae
362 3356 522 3415 contritione
537 3359 663 3430 discatis,-
677 3368 705 3418 et
724 3362 823 3420 intimo
838 3364 930 3421 cordis
984 3363 1167 3419 mesericordes
1184 3366 1262 3429 sunt;
1278 3373 1414 3433 ponamm
1428 3360 1521 3428 daque
1532 3373 1621 3415 saccos
1641 3361 1669 3412 in
1690 3359 1784 3412 lrrmbis

132 3442 246 3509 affectu,
270 3463 327 3504 non
342 3449 424 3506 modo
442 3452 524 3525 longe
544 3470 592 3510 vos
607 3454 641 3511 ab
664 3455 707 3512 illa
721 3455 838 3516 docendi
860 3474 930 3532 prae·
984 3461 1083 3517 nostris
1093 3464 1118 3513 et
1127 3459 1265 3527 suniarius
1277 3460 1306 3512 in
1316 3455 1450 3528 capitibus
1459 3456 1570 3519 nostris,
1582 3455 1784 3524 eteprediamur

130 3538 287 3607 sumptione
302 3539 456 3611 submotos,
471 3559 566 3601 verum
581 3548 663 3602 etiam
678 3548 768 3606 adbuc
786 3566 867 3624 egere
880 3550 930 3609 do·
985 3557 1023 3612 ad
1035 3571 1124 3625 recem
1141 3556 1233 3617 Ιιτιιι,
1254 3556 1280 3609 ιι
1294 3552 1410 3608 ιιιιιιιιιι
1430 3570 1439 3606 r
1458 3552 1555 3608 Seruus
1575 3555 1638 3605 tuus
1660 3549 1784 3606 benadab

136 3629 222 3687 ctoris
237 3633 392 3705 agnoscatis
410 3637 519 3694 auxilio.

414 3738 535 3797 CAPUT
553 3742 646 3797 XVll.

132 3832 208 3899 meod
225 3835 360 3905 infirmior
377 3853 443 3909 pars
461 3844 559 3895 anime
579 3841 718 3897 diabolicas
740 3847 930 3903 tentationibus

395 3914 487 3979 prima
500 3913 662 3967 succumbat.

169 4004 304 4065 Adhibete
318 4024 382 4082 ergo
396 4019 408 4047 ⁸
421 4011 483 4068 huic
495 4011 622 4070 membro
637 4013 678 4070 vel
694 4015 762 4086 parti
776 4016 876 4074 animae
887 4032 932 4074 ve·

985 3651 1053 3707 dicit
1071 3669 1079 3704 r
1097 3651 1254 3719 Viuipectur
1273 3648 1368 3702 anima
1380 3661 1450 3702 mea.
1466 3644 1574 3715 Quibus
1592 3643 1638 3700 ille
1652 3659 1711 3699 non
1726 3657 1783 3699 vera

986 3742 1095 3813 pietate,
1113 3739 1162 3797 sed
1183 3755 1251 3796 vana
1276 3737 1467 3796 misericordia
1484 3735 1565 3790 laude
1577 3744 1740 3805 permotus.
1758 3736 1786 3792 Si
1826 3792 1832 3803 ,

985 3834 1084 3894 adbuc,
1098 3831 1196 3904 inquit,
1207 3833 1285 3895 uiuit,
1298 3834 1389 3899 trater
1399 3831 1516 3885 mersen
1526 3827 1579 3894 nu
1590 3830 1657 3896 nec.
1668 3827 1739 3892 xxi.
1751 3829 1785 3882 Et

986 3926 1039 3982 hoc
1054 3925 1189 3998 exemplo,
1206 3924 1290 3980 etiam
1304 3938 1356 3980 nos
1374 3920 1545 3980 rationabilis
1555 3918 1630 3975 illius
1642 3921 1731 3991 partis
1744 3934 1785 3975 er-

984 4034 1048 4076 rore
1067 4018 1208 4089 deceptos,
1220 4016 1282 4073 iude
1300 4016 1440 4073 incurrere
1456 4011 1595 4070 offensam
1606 4012 1658 4068 Dei
1674 4010 1783 4075 faciunt,

679 4139 807 4196 ALARDI
825 4142 938 4198 Gaza!
957 4141 1234 4200 constabilimus.

135 4245 201 4302 Cain
214 4261 318 4316 puopue
323 4252 438 4318 pectore,
448 4252 592 4319 postquem
601 4248 697 4318 ejectus
707 4254 745 4303 est
754 4251 931 4320 deparudisa,

134 4332 187 4370 nan
201 4320 393 4387 eesttnpur'ter,
409 4328 461 4375 etc.
478 4321 519 4374 ita
532 4320 719 4392 Hieronymus
736 4328 764 4375 et
781 4322 931 4378 Platonico·

135 4401 196 4442 rum
212 4386 351 4457 doctrinm
365 4387 437 4445 unde
449 4389 494 4445 illa
506 4390 638 4447 vocabula
654 4389 788 4462 prodiere.

172 4459 184 4488 ⁸
200 4459 271 4513 Parti
286 4459 417 4515 nimirum
431 4461 563 4541 superiori
582 4469 610 4518 et
622 4462 761 4530 rationali,
776 4463 809 4519 de
823 4478 875 4534 qua
890 4478 933 4519 su·

136 4527 226 4600 perius
235 4531 273 4592 (C.
282 4529 489 4600 praeced.)dir1t
499 4550 505 4585 :
516 4532 713 4587 [rationabilem
722 4537 817 4588 mcertis
826 4540 931 4598 uestra,

135 4604 931 4674 atqueenr'mrepartionemnooeritt'sesseconuptam;vitio

135 4671 238 4728 seilicet
256 4673 415 4732 cenodoxia
436 4683 463 4730 et
477 4673 562 4731 inanis
581 4673 686 4746 gloriae,
702 4690 758 4747 quo
773 4675 807 4732 ud
828 4676 929 4733 docen-

136 4742 203 4799 dum
218 4744 288 4800 alios
299 4746 462 4817 aspirabant.

171 4807 184 4845 l
194 4815 304 4871 Balaam
313 4817 443 4890 propbeta
452 4816 662 4888 avarus,dequo
674 4821 706 4872 Ι).
715 4818 901 4891 Hieronymus
907 4818 934 4873 in

138 4884 170 4953 Q.
183 4886 267 4942 Hebr.
275 4890 442 4959 (Superum.
454 4907 476 4945 c.
484 4895 528 4955 ιι)
540 4890 663 4945 :Balaam
671 4891 879 4953 illediuiuus,ut
888 4893 935 4946 He·

139 4954 204 5009 brai
211 4959 334 5022 tradunt,
344 4965 393 5030 qui
400 4965 429 5016 in
440 4962 506 5017 libro
513 4961 560 5017 lob
571 4961 753 5029 studueritis,
763 4964 884 5032 primum
892 4964 935 5016 eir

137 5030 246 5081 sanctus
259 5033 284 5082 ct
295 5032 434 5100 propbetas
449 5035 506 5096 Dei,
521 5038 613 5102 postea
625 5049 673 5101 per
687 5034 896 5089 inobedientium
910 5038 936 5087 ιι

138 5098 300 5155 desideriam
322 5117 471 5166 recurrerem,
494 5104 558 5157 dum
572 5104 658 5158 israel
676 5106 829 5160 rrvaledieere
849 5106 933 5174 cupit,

138 5171 227 5225 diuini
236 5173 363 5229 eoeabelo
376 5179 557 5245 reurreupatur·¹
572 5176 620 5229 iiie
633 5191 726 5245 nempe
737 5177 876 5232 mutauere
888 5178 936 5230 iia·

139 5244 198 5297 leae
213 5259 271 5314 repe
285 5247 364 5300 Moab
376 5248 492 5302 mercede
510 5247 653 5302 coreduetus
667 5252 698 5301 ut
713 5249 843 5302 israelitis
857 5246 936 5301 male·

138 5315 245 5379 diecret,
260 5333 320 5372 crem
332 5325 428 5374 carrtra
438 5319 601 5373 eolrmtatem
614 5333 701 5383 suam,
717 5320 816 5387 spiritu
829 5321 878 5373 Ilei
891 5321 936 5372 im·

138 5386 259 5455 pellente,
276 5392 313 5445 eis
330 5390 517 5457 benedixisset,
532 5390 653 5445 auaritia
667 5390 844 5443 nibilominus
861 5391 936 5443 insti

138 5463 227 5523 perine,
243 5461 290 5516 boe
304 5465 363 5531 rapi
373 5464 473 5519 Beluae
486 5463 626 5517 seruilium
640 5460 725 5523 dedit,
740 5465 771 5516 ut
783 5460 935 5531 pulcherri-

139 5540 195 5579 mas
206 5532 321 5594 (eminas
332 5533 494 5590 Moabitidus
505 5536 534 5588 in
544 5533 650 5589 israelis
661 5537 751 5587 castra
763 5534 934 5597 immitterem

140 5610 200 5666 prun
210 5602 246 5653 ad
259 5604 397 5660 leuciaiam
409 5610 435 5661 et
448 5605 632 5660 idololatrium
643 5603 774 5674 papulum
790 5606 835 5657 Dei
846 5619 936 5673 praee

139 5672 239 5749 ¹eruent.
255 5673 300 5727 Sic
321 5677 393 5731 enim
413 5676 471 5732 iore
490 5677 597 5733 dicebat
617 5682 647 5731 ut
667 5678 752 5736 Dens.
767 5675 868 5745 populo
883 5689 935 5729 suo

78 5746 84 5757 “
139 5745 235 5810 iratus,
256 5743 311 5815 regi
337 5747 434 5801 Batnae
451 5746 564 5817 inroret,
587 5753 615 5801 et
637 5746 775 5801 israelitas
798 5743 933 5814 perderet.

138 5809 221 5868 Unde
240 5816 346 5888 Moyses
362 5818 448 5873 Num.
465 5832 543 5874 xxxi
558 5816 731 5873 vehementer
746 5817 844 5883 iratus,
858 5814 932 5886 quod

987 4252 1118 4309 israelitae
1140 4250 1252 4309 devietis
1272 4248 1430 4307 biadianitis
1447 4247 1566 4304 feminas
1579 4254 1736 4303 servassent
1750 4245 1784 4299 in·

986 4323 1133 4379 columen:
1153 4327 1217 4386 cur,
1233 4321 1282 4390 ait,
1298 4323 1415 4389 tauirms
1426 4321 1607 4376 reseruastis?
1619 4320 1710 4373 Nonne
1728 4321 1784 4371 asta

986 4400 1049 4449 suut
1070 4410 1130 4463 quae
1150 4395 1310 4465 &ceperum
1331 4394 1401 4462 ilios
1423 4391 1509 4448 isreel
1532 4390 1571 4445 ad
1593 4391 1784 4457 suggestionem

986 4466 1099 4520 Micam
1113 4484 1121 4519 r
1134 4469 1160 4520 et
1170 4467 1348 4535 praevaricari
1356 4479 1397 4519 eas
1409 4464 1533 4530 fecerum
1545 4463 1575 4515 iu
1585 4463 1697 4517 Domino
1708 4473 1785 4528 sarper

984 4541 1092 4605 peccato
1106 4538 1218 4605 Pbopar,
1234 4542 1258 4591 ιι
1271 4549 1411 4606 percussus
1424 4539 1464 4589 cst
1477 4534 1614 4604 populus?
1626 4533 1661 4586 Et
1674 4528 1783 4610 Apooal.

988 4621 1012 4662 11
1026 4607 1134 4677 angelo,
1155 4606 1183 4661 id
1195 4614 1248 4673 est,
1260 4607 1388 4678 episcopo
1402 4604 1528 4676 Pergami
1544 4604 1615 4658 inter
1626 4601 1675 4656 alia
1687 4602 1784 4671 obpres-

949 4661 972 4722 Ι)
987 4685 1032 4734 tur
1047 4678 1150 4733 :Habes
1161 4679 1218 4733 illie
1229 4682 1345 4734 teneritas
1356 4678 1506 4731 doctrinam
1519 4677 1642 4735 Balaam,
1655 4674 1702 4741 qui
1714 4671 1786 4725 daec·

988 4749 1034 4804 bat
1054 4750 1152 4804 Baiurae
1172 4752 1278 4805 mittere
1300 4749 1457 4803 scandulum
1484 4763 1574 4802 coram
1600 4744 1663 4815 tiliis
1691 4742 1785 4808 lsrael,

987 4822 1075 4883 eriere,
1091 4826 1116 4875 et
1126 4822 1267 4888 farnr'eeri.
1284 4821 1413 4876 cctcmm
1426 4819 1473 4874 boc
1486 4819 1637 4887 malignum
1649 4815 1787 4871 consilians

988 4893 1028 4946 ait
1042 4893 1211 4962 Augustinus
1227 4893 1333 4962 (Queat.
1347 4895 1381 4945 63
1395 4906 1478 4962 super
1490 4891 1596 4954 uerri,
1611 4892 1643 4941 ιιι
1654 4887 1692 4940 ad
1706 4887 1788 4939 illece-

989 4963 1063 5017 bram
1075 4964 1184 5030 feminae
1195 4966 1415 5034 stepponereutur,
1426 4976 1476 5031 per
1488 4975 1558 5029 quas
1571 4974 1625 5013 non
1638 4959 1726 5012 soleam
1738 4972 1788 5010 eer-

985 5034 1127 5104 pericliter,
1137 5035 1184 5089 sed
1193 5037 1274 5089 etium
1283 5034 1455 5104 spiritaliter,
1467 5035 1496 5086 in
1506 5029 1647 5087 odoranda
1656 5029 1788 5092 idalasor·

988 5107 1155 5168 eruerentur,
1175 5106 1285 5175 qam-ndo
1304 5105 1408 5160 dederit
1428 5105 1552 5167 Balaam,
1571 5103 1716 5170 Scriptura
1734 5112 1788 5151 uon

987 5177 1060 5231 dicit
1076 5195 1083 5230 :
1097 5182 1122 5231 ct
1137 5181 1226 5232 tumen
1235 5181 1349 5247 apparet
1360 5178 1464 5244 laetum
1476 5190 1542 5237 esse,
1553 5188 1611 5228 eum
1619 5172 1664 5224 bie
1677 5185 1789 5224 mmmc-

988 5252 1119 5302 moratur.
1135 5249 1174 5303 lta
1188 5248 1357 5318 Augustinus
1369 5261 1499 5318 perquam
1518 5242 1708 5328 probabiliter.
1722 5244 1789 5297 Cum

988 5318 1063 5372 enim
1079 5318 1181 5373 videret
1193 5318 1304 5374 Balaam
1317 5317 1394 5390 quod
1408 5316 1542 5372 israelitis
1555 5314 1722 5370 maledicere.
1736 5326 1788 5368 non

988 5396 1092 5459 posset,
1106 5397 1137 5444 ut
1158 5389 1256 5444 saltem
1268 5390 1357 5462 aliqua
1375 5389 1482 5445 rationo
1498 5387 1557 5460 regi
1573 5386 1675 5442 Βιιιιι
1693 5381 1788 5458 gentili·

988 5468 1108 5525 curetur,
1123 5459 1147 5514 ei
1162 5459 1315 5516 valedicens
1332 5460 1370 5515 ait
1388 5479 1393 5511 :
1416 5461 1611 5515 Verumtamen
1628 5472 1741 5529 pergens
1756 5453 1789 5509 nd

987 5532 1118 5601 populram
1138 5547 1234 5595 meum,
1251 5533 1320 5586 dabo
1333 5532 1482 5601 eonsilium,
1504 5531 1579 5600 quod
1591 5531 1713 5601 populus
1733 5532 1789 5583 treus

987 5604 1086 5673 populo
1100 5603 1162 5656 bute
1171 5605 1257 5670 saciat
1269 5606 1387 5656 catremo
1398 5608 1513 5671 ternpore
1522 5602 1617 5666 (Num.
1631 5600 1734 5667 xxiv).
1751 5603 1789 5653 Αι-

989 5675 1036 5745 qui
1051 5673 1104 5730 hoe
1123 5673 1266 5728 consilium
1288 5676 1398 5745 bloyses
1412 5673 1513 5729 ibidem
1526 5672 1626 5739 tacuit,
1648 5670 1729 5743 quod
1748 5684 1790 5742 ou·

989 5753 1047 5800 stea
1070 5742 1210 5817 expressit,
1231 5743 1319 5800 simile
1340 5744 1481 5801 occasione
1504 5750 1534 5799 et
1549 5743 1680 5815 periculo
1701 5754 1791 5800 ooror·

989 5824 1075 5872 rente.
