3848 6158
130 248 180 303 bttt
551 237 720 296 coenatio
740 238 797 296 AV.
816 238 916 295 -DE
934 234 1208 294 cflaatsuatdttts
1227 233 1362 307 btvtuts.
1733 240 1787 295 998

129 369 262 427 Μειιιιιιιε
296 366 443 441 apostolica
477 363 680 437 multiloquium
710 364 769 438 ejus
793 360 1016 432 brevitatcAad
1042 360 1200 419 condictum
1227 357 1333 427 locum,
1355 357 1502 431 spectaculi
1525 357 1607 432 hujus
1633 359 1786 432 cupiditate

127 466 211 536 [Lapa.
234 465 265 518 iu
288 476 376 531 mam.
396 459 570 528 auctoritate]
590 456 848 527 concludens,1lou
877 466 930 527 est,
984 457 1191 524 confluxerant,
1213 452 1361 511 exterritus
1388 451 1422 510 de
1446 453 1612 511 conscientia
1637 468 1694 510 suae
1722 453 1787 510 iuli-

129 559 227 632 iuquit,
244 558 272 613 iu
287 556 369 613 verbo
383 572 499 629 reguum
519 554 582 624 Dei,
596 552 685 611 sedin
699 554 811 611 virtute.
825 554 932 610 Ειιιιιιιε
984 551 1101 610 delibatis
1122 549 1244 623 aufugit,
1265 564 1297 605 ao
1322 548 1448 621 protinus
1467 548 1502 604 ab
1522 548 1650 607 universa
1670 552 1785 622 AEgypto

130 652 212 726 igitur
233 650 268 708 ad
288 649 422 723 sepulcra,
447 656 475 706 et
492 663 595 705 nomeu
617 647 732 705 Domini
749 661 833 717 super
852 660 932 702 mor·
984 644 1196 717 transmigrarit.
1211 644 1301 714 Quem
1316 657 1379 700 oum
1394 642 1490 699 beatus
1501 641 1637 699 Macarius
1647 658 1732 716 usque
1745 641 1782 700 ad

131 754 211 803 tuum
234 745 281 818 qui
304 745 410 817 primus
432 742 559 799 inventus
581 740 672 809 fuerit,
698 740 868 808 invocemus,
887 754 932 805 ec,
985 737 1083 795 boram
1097 753 1200 795 nonam
1212 752 1275 793 cum
1289 736 1395 809 populis
1404 736 1586 809 prestolatus,
1598 753 1647 809 pro
1660 752 1710 795 suu
1719 753 1785 795 cou-

130 839 203 897 sicut
217 840 351 911 seriptum
366 844 409 894 est
422 837 456 910 ill
470 838 530 896 dor.
542 836 599 909 ιι),
617 835 799 893 ostendamus
814 850 847 890 ex
867 848 935 907 ope·
985 832 1101 893 scientia
1116 831 1264 888 declinasse
1287 829 1412 897 vidisset,
1431 846 1573 888 amumeus
1594 831 1702 902 plebem
1720 846 1783 905 qum

131 932 210 989 ribus
224 931 307 988 fidem
324 939 466 1000 nostram,
481 938 512 987 ιιι
525 926 747 986 manifestissime
767 935 850 984 rectae
871 925 932 982 fidei
986 925 1020 981 ab
1043 925 1089 981 illo
1105 925 1193 982 fuerat
1210 924 1365 996 depravata,
1380 924 1414 981 ad
1429 925 1557 981 condicta
1571 925 1694 997 sepulcra
1715 940 1777 997 por·

131 1024 298 1082 documenta
317 1023 375 1095 ejus
398 1023 555 1081 testimonio
577 1023 757 1092 declarentur,
777 1028 804 1077 et
827 1019 933 1093 perspi·
985 1018 1164 1075 resimilans
1180 1026 1272 1074 autem
1288 1018 1418 1090 AEgyptiis
1437 1029 1571 1075 morem·
1589 1019 1642 1075 liiii
1656 1018 1774 1076 fluminis

131 1133 211 1175 cuam
231 1118 372 1174 veritatem
395 1134 450 1174 non
475 1117 549 1174 inani
571 1115 756 1189 disputatione
775 1114 931 1183 uerborum,
984 1109 1088 1167 iuverit
1101 1111 1209 1176 alveus,
1229 1118 1261 1165 ut
1279 1110 1409 1181 quoniam
1429 1112 1555 1167 universa
1574 1111 1646 1168 illius
1671 1111 1786 1169 latitudo

132 1211 181 1269 sed
196 1211 297 1269 virtute
319 1211 472 1285 signorum,
490 1219 517 1268 ει
540 1209 587 1267 illo
605 1209 678 1281 quod
697 1224 753 1265 non
774 1215 862 1281 potest
881 1206 933 1263 falli
985 1212 1066 1261 terrae
1084 1203 1170 1260 instar
1187 1202 1313 1258 immensi
1331 1203 1430 1276 pelagi,
1445 1219 1501 1258 nou
1522 1219 1606 1274 parvo
1626 1205 1692 1261 anni
1713 1212 1785 1260 tem·

133 1305 233 1363 indicio
248 1306 468 1377 comprobemus.
488 1305 549 1373 Quo
563 1302 656 1360 audito
671 1301 816 1359 lraeretiout
837 1314 933 1356 coram
988 1312 1055 1371 pore
1078 1294 1159 1352 solita
1184 1310 1316 1367 aquarum
1335 1296 1478 1368 eruptione
1509 1297 1672 1370 contegitur,
1701 1297 1792 1353 itaut

133 1398 323 1456 circumstanti
337 1398 415 1471 plebe
427 1398 531 1469 pudore
545 1395 719 1465 constrictus,
734 1409 798 1451 cum
813 1392 847 1450 ad
862 1408 934 1466 prae·
988 1392 1065 1448 nulla
1076 1399 1143 1446 tuuc
1155 1389 1284 1461 cuiquam
1298 1389 1432 1446 humandi
1445 1391 1522 1463 copia
1536 1390 1647 1448 humani
1666 1390 1788 1462 corporis

134 1504 197 1547 scus
211 1489 333 1562 praebere
347 1506 376 1546 εε
389 1489 539 1547 conditioni
552 1489 702 1562 propositae
716 1487 872 1543 simulasset
889 1500 934 1542 as·
990 1483 1137 1550 tribuatur,
1151 1481 1203 1536 uisi
1218 1490 1280 1552 post
1293 1482 1519 1539 transvectionem
1536 1483 1687 1553 decursam,
1700 1478 1714 1517 ¹³
1726 1500 1789 1541 cor-

136 1596 259 1653 seusum,
272 1598 355 1656 seque
370 1581 522 1639 affuturum
538 1582 567 1639 iu
587 1581 736 1638 crastiuum
754 1579 936 1652 promisisset,
993 1590 1059 1650 pora
1078 1590 1143 1631 aero
1165 1584 1341 1633 mortuorum
1355 1577 1499 1649 pigmentis
1518 1577 1631 1634 condita
1646 1577 1790 1634 redolenti·

137 1684 247 1749 postero
266 1675 310 1733 dis
323 1677 546 1751 exspectantibus
569 1675 707 1732 universis
722 1674 768 1746 qui
793 1671 939 1730 studiosius
993 1670 1055 1741 bus,
1072 1677 1083 1701 ‘
1101 1669 1128 1725 iu
1143 1668 1302 1726 editioribus
1316 1669 1418 1726 cellulis
1441 1664 1632 1728 recondantur.
1647 1672 1718 1728 llam
1732 1685 1792 1728 ma·

688 1834 815 1890 ALARDI
833 1832 948 1888 GAZAEl
967 1828 1247 1887 COMMENTARIUS.

140 1976 168 2025 et
177 1970 304 2024 acumina
315 1968 393 2041 quasi
406 1968 499 2093 spinas
509 1968 666 2040 pungentia.
679 1970 817 2039 Spectasse
832 1966 939 2024 ridetur
952 1969 976 2032 Β
992 1967 1023 2021 ia
1035 1981 1087 2037 quo
1095 1968 1369 2036 operaadpppticrum
1386 1981 1450 2020 curo
1457 1966 1597 2036 praecellit.
1610 1969 1649 2022 lta
1659 1968 1794 2039 Augusti·

140 2042 245 2095 Auctor
259 2038 405 2110 quemdam
426 2055 507 2095 ocum
522 2043 556 2095 D.
570 2040 742 2111 Hieronymi,
756 2040 802 2095 ubi
811 2038 845 2095 dc
858 2038 939 2094 variis

140 2110 283 2182 gentilium
305 2109 533 2180 philosophorum
548 2118 575 2165 et
593 2111 784 2166 lraeretioorum
801 2109 940 2165 erroribus

140 2196 224 2253 ageos
241 2200 247 2236 ι
264 2182 371 2245 Οηιιιιιι,
385 2181 473 2253 inquit
490 2184 532 2247 (la
545 2183 653 2239 Nabum
666 2186 793 2251 capud,
813 2180 940 2249 doprarda

140 2266 227 2306 comm
237 2268 296 2305 cum
305 2255 429 2321 frigeant
441 2257 466 2306 ει
478 2255 567 2307 colare
576 2251 839 2321 rtaupossinl,sedem
851 2252 940 2304 sibiae

140 2325 491 2391 requicmiulerdristotelis
498 2329 522 2377 ει
530 2325 783 2393 Clarpsipps'spiuuta
791 2323 938 2390 reperiant,

141 2394 206 2449 ludo
219 2395 495 2462 Euaemiusprcsert:
508 2395 746 2461 Quadriduum,
758 2408 811 2447 acra
821 2393 938 2467 suffan-

144 2468 251 2533 fequam
263 2471 429 2529 rasceretur,
449 2475 501 2519 etc.

178 2533 278 2590 ²Nilus
298 2535 405 2606 d'gppti
426 2534 524 2591 fluvius
539 2535 641 2590 mirum
656 2533 684 2589 iu
698 2532 813 2590 modum
827 2541 940 2605 augetur

141 2604 212 2660 circa
231 2605 380 2660 solstitium
397 2606 534 2672 aestivum,
547 2604 617 2660 adeo
631 2612 661 2660 ut
674 2620 722 2676 per
739 2612 827 2659 totam
841 2605 940 2674 spatia-

142 2682 188 2758 tus
207 2676 366 2757 AEgpptum,
382 2683 483 2731 terram
508 2676 604 2746 pluviis
621 2674 749 2731 omuibus
769 2675 938 2740 destitutam,

994 2051 1054 2092 uus.
1064 2036 1228 2106 Porroapud
1240 2034 1410 2091 Christianos
1419 2037 1476 2107 jam
1487 2036 1572 2091 iudea
1586 2036 1686 2093 Christi
1701 2053 1791 2095 exem·

994 2107 1039 2180 plo
1054 2122 1116 2163 mos
1133 2106 1208 2161 idem
1229 2106 1357 2170 obtinuit,
1377 2107 1495 2162 maxime
1508 2108 1535 2162 in
1555 2108 1714 2178 sepeliendis
1728 2125 1791 2166 san·
1877 2123 1891 2139 ·

993 2185 1102 2234 ctorum
1124 2177 1246 2233 virorum
1267 2178 1439 2249 corporibus.
1452 2177 1535 2234 Unde
1560 2179 1742 2235 Tertullianus
1764 2179 1793 2235 iu

992 2248 1170 2319 Apologetioo
1190 2250 1312 2311 :Sciant
1332 2248 1419 2321 inquit
1433 2249 1507 2374 (Οεᾶ).
1524 2249 1580 2319 ιι),
1594 2251 1686 2306 Sabaei
1700 2253 1792 2322 pluris

993 2323 1019 2374 et
1032 2320 1162 2375 cluderis
1174 2334 1238 2374 suas
1249 2335 1346 2375 merces
1356 2320 1470 2390 sepeliat
1491 2323 1514 2374 ιε
1526 2321 1686 2377 Christianis
1700 2326 1794 2392 propli-

992 2392 1065 2459 purr',
1076 2389 1105 2446 id
1117 2400 1169 2459 est,
1184 2391 1319 2462 majorem
1333 2391 1443 2462 copiam
1458 2390 1546 2446 tlruris
1558 2399 1585 2446 et
1599 2401 1754 2449 aromatum
1766 2395 1794 2451 in

993 2459 1153 2531 sepeliendis
1173 2462 1348 2517 cadaveribus
1368 2460 1438 2532 apud
1461 2462 1640 2529 Christianos,
1661 2479 1745 2535 quam
1765 2466 1793 2521 in

993 2530 1132 2611 sacrificiis
1146 2531 1268 2612 gentium
1282 2532 1398 2607 absumi.
1414 2532 1577 2587 Prudentius
1593 2550 1712 2605 quoque,
1732 2552 1795 2607 qum

993 2616 1022 2655 ιιι
1041 2601 1168 2656 Ecclesits
1186 2601 1406 2658 Occidentalibus
1419 2603 1448 2657 in
1463 2603 1608 2659 vestiendis
1621 2612 1649 2660 et
1662 2606 1795 2676 ungendis

993 2669 1185 2727 defunctorum
1199 2673 1358 2743 corporibus
1368 2672 1427 2728 lieri
1437 2672 1514 2729 solita
1528 2682 1629 2741 esseut,
1647 2674 1721 2731 bisce
1732 2690 1794 2731 aer·

141 2760 288 2817 sursaqurs
309 2754 413 2818 irriget,
438 2745 684 2827 facundissimoque
705 2745 900 2801 limoobducat
913 2753 941 2800 et
993 2741 1211 2799 sibusenarrat:
1311 2800 1315 2807 ,

143 2816 256 2888 operiat.
279 2820 320 2872 De
344 2817 395 2873 bac
418 2818 468 2872 Nili
487 2817 571 2873 eluvie
592 2824 619 2871 ει
640 2824 808 2872 incremento
827 2815 940 2887 ejusque

143 2887 244 2951 causis,
256 2887 317 2941 ride
327 2887 444 2942 Plinium
457 2886 504 2943 tib.
521 2904 536 2941 ι
550 2903 611 2959 cap.
624 2893 651 2943 9.

180 2949 194 2986 ¹'
219 2958 303 3010 lluuo
321 2971 429 3010 morem
447 2959 645 3038 AEgyprtiacum,
669 2956 812 3014 condiendi
837 2957 940 3013 scilicet

144 3040 260 3096 corpora
274 3023 465 3080 defunctorum
482 3026 625 3097 pigmentis
639 3027 692 3083 sive
705 3027 882 3092 aromatibus,
898 3028 940 3082 ui·

145 3095 247 3150 mirum
272 3094 305 3149 ad
325 3094 509 3166 repellendam
529 3094 774 3167 putrefactionem,
788 3107 816 3153 et
837 3097 941 3153 bouum

145 3165 601 3233 odotemconciliandum,tradunt
610 3167 767 3222 Herodotus
777 3167 823 3224 lib.
834 3182 868 3232 ιι,
880 3167 944 3224 Dio-

144 3235 229 3293 dorus
250 3236 357 3292 Siculus
371 3235 418 3291 lib.
439 3251 462 3303 t,
477 3237 552 3292 Plato
567 3238 595 3291 in
611 3236 758 3303 Phaedone,
772 3237 867 3293 Cicero
886 3239 943 3292 Tn-

145 3307 213 3364 soul.
229 3322 251 3378 t,
265 3307 368 3362 l’linius
382 3306 427 3362 lib.
441 3323 475 3362 xi
489 3324 546 3379 cap.
557 3313 635 3373 stat
649 3308 695 3363 lib.
704 3324 757 3365 xvi
765 3324 824 3379 cap.
841 3312 943 3363 tt.At·
961 3339 984 3403 C

1120 2853 1186 2903 ilinc
1200 2854 1309 2902 maxima
1324 2866 1385 2903 cura
1396 2852 1518 2916 sepulcris

1119 2914 1273 2977 impenditur
1288 2933 1294 2962 :
1310 2915 1367 2963 binc
1378 2917 1500 2965 resolutos

1120 2978 1206 3025 ilouor
1221 2975 1323 3025 ultimus
1333 2977 1423 3039 arripit
1435 2980 1514 3037 atius,

1122 3040 1152 3087 lii
1167 3038 1264 3087 funeris
1274 3038 1384 3087 ambitus
1393 3043 1466 3088 ornat
1477 3058 1483 3087 ι

1123 3100 1238 3149 Garrelcrc
1250 3099 1353 3149 ullaulla
1363 3100 1430 3149 claro

1122 3160 1277 3211 Praetendere
1292 3162 1366 3211 lintea
1376 3176 1431 3210 mos
1444 3165 1482 3212 cst
1497 3182 1503 3211 :

1125 3226 1284 3286 aspersaque
1299 3227 1406 3285 tuprrlre,
1418 3225 1507 3273 Sabaeo

1126 3286 1223 3348 Corpus
1237 3285 1401 3334 medicamine
1411 3290 1504 3334 sorsat.

166 3394 199 3435 ue
210 3378 234 3433 is
249 3378 318 3433 ritus
332 3378 367 3434 ab
389 3378 519 3450 Aegyptiis
538 3394 587 3451 per
601 3379 782 3449 patriarchum
797 3379 898 3450 ioseph
911 3378 946 3435 ad
1002 3387 1037 3439 D.
1053 3385 1118 3440 item
1130 3385 1281 3455 Gregorius
1293 3385 1320 3439 in
1336 3386 1446 3441 Cantica
1460 3385 1534 3459 (Gap.
1546 3390 1602 3459 ιιι),
1627 3400 1801 3450 mortuorum

146 3393 257 3505 ffudaeos
268 3450 414 3505 translatus
428 3458 478 3504 est.
495 3449 539 3505 Sic
551 3449 625 3504 enim
636 3452 731 3521 loseph
743 3453 871 3520 pracepit
888 3466 944 3505 ser·

146 3522 186 3575 aas
198 3522 255 3575 suis
265 3521 385 3584 mediata,
396 3525 427 3574 uf
436 3520 604 3575 decimalibus
611 3522 751 3576 condiscat
758 3526 875 3591 pafrem.
889 3522 947 3588 Qui

149 3590 197 3645 bus
203 3591 283 3660 jussa
295 3592 473 3661 replentibus,
488 3595 693 3646 transieruatdd
706 3593 777 3647 dies:
791 3595 947 3662 istaquippc

146 3676 200 3716 mos
215 3667 271 3717 erat
294 3664 455 3717 tardaturum
476 3664 645 3717 soliditatum
657 3664 720 3721 dou.
736 3679 752 3716 ι.
767 3682 772 3717 :
791 3665 835 3718 sta
848 3668 874 3718 ει
887 3678 946 3717 car-

141 3746 194 3802 pus
203 3736 264 3788 Asa
278 3734 436 3801 rapisiada
449 3735 584 3805 sepultum
601 3734 714 3805 ligimus
723 3735 945 3804 pleaumaroma·

144 3803 213 3858 tibus
227 3809 252 3859 ει
266 3808 408 3873 unquentis
422 3807 578 3859 meretriciis
591 3820 651 3874 quta
664 3810 742 3858 crant
749 3806 945 3874 pigmentario·

143 3888 205 3929 rum
227 3881 286 3929 arto
309 3878 436 3941 confecto.
467 3876 490 3926 ll
519 3875 643 3941 Paralip.
674 3888 739 3927 ιιι.
765 3875 838 3927 idem
864 3875 946 3928 etiam

144 3943 172 3999 iu
190 3944 288 4000 Christi
311 3958 425 4003 corrrors
451 3940 607 4010 sepeliendo
638 3941 812 3996 observatum
837 3942 949 3996 tradunt

142 4014 323 4083 Evangelistm
336 4013 443 4079 (diutili.
455 4011 635 4075 axunbfarc.
647 4012 781 4074 attubus.
795 4013 946 4073 saniona.

144 4100 180 4141 ιιι
197 4092 224 4138 ει
238 4083 314 4151 xta).
332 4083 366 4135 Et
377 4081 403 4134 id
417 4081 473 4149 ipse
485 4080 518 4133 dc
533 4095 561 4133 se
580 4077 701 4134 futurum
718 4078 880 4150 praedixerat
894 4080 949 4136 illis

145 4153 255 4211 verbis:
271 4155 372 4206 maura
385 4166 451 4219 opus
465 4153 494 4203 in
510 4166 551 4205 aaa
560 4154 671 4220 operata
681 4155 721 4205 cst
736 4152 865 4205 :mittens
878 4153 948 4206 enim

146 4227 194 4280 lroc
203 4228 370 4290 carpetaneam
383 4224 411 4274 ia
419 4236 616 4291 corpasmeum,
627 4221 848 4292 adsepelieudum
857 4238 899 4276 mc
908 4223 950 4288 ta·

147 4297 193 4350 cit.
216 4293 296 4364 Quod
317 4308 399 4357 opere
415 4296 552 4362 expletum
572 4300 665 4347 narrat
682 4294 802 4348 loannes
823 4308 829 4345 :
856 4295 946 4357 Venit,

147 4365 244 4435 iuquit,
260 4364 417 4422 Nicodamus
430 4365 521 4431 seretis
532 4364 680 4418 mistarum
694 4364 814 4433 mprrlra
827 4366 853 4418 ει
865 4364 947 4426 alacs,

147 4436 317 4505 quasilibras
329 4440 441 4490 cardum.
452 4436 615 4504 Acceptorum
627 4450 687 4503 erpo
701 4450 798 4505 corpus
809 4438 870 4490 lesu
877 4439 902 4489 ει
914 4435 947 4488 li·

999 3471 1115 3526 oorpora
1138 3454 1249 3528 myrrha
1269 3455 1378 3511 condita
1396 3455 1481 3512 fuisse
1500 3460 1592 3525 tradit,
1608 3477 1644 3517 ue
1664 3471 1799 3545 putresee-

1000 3536 1071 3581 reut.
1091 3526 1213 3597 Denique
1237 3527 1378 3582 Aimoinus
1398 3529 1548 3586 monachus
1569 3532 1762 3591 benedictinus
1774 3548 1801 3595 et

1000 3596 1161 3663 historicus,
1183 3613 1298 3668 corpora
1319 3597 1511 3656 defunctorum
1530 3618 1704 3674 magnacum
1718 3616 1798 3665 uncta

1000 3676 1029 3723 et
1037 3668 1208 3723 aromatibus
1221 3668 1328 3724 condita
1343 3668 1429 3725 fuisse
1447 3672 1541 3735 refert.
1555 3674 1601 3730 lib.
1615 3691 1659 3744 tv,
1672 3694 1731 3750 cap.
1749 3686 1795 3737 ³³.

1002 3739 1067 3796 Vide
1080 3739 1253 3811 Ouupltrium
1268 3741 1337 3806 (bib.
1349 3742 1382 3795 do
1395 3744 1464 3796 illlis
1476 3746 1643 3815 sepeliendi).

1036 3813 1094 3865 οιιι
1117 3818 1168 3877 εει,
1185 3811 1322 3882 speluncis
1346 3812 1567 3869 eminentioribus
1589 3823 1617 3869 et
1634 3817 1669 3872 ab
1692 3816 1801 3875 inunde-

1002 3880 1082 3936 tionis
1094 3882 1217 3963 periculo
1229 3881 1353 3937 remotis.
1369 3882 1457 3937 litium
1472 3884 1607 3940 Romanis
1620 3888 1743 3959 sepultos
1754 3904 1802 3945 ua-

1001 3957 1060 4004 tare
1075 3952 1209 4020 piaculum
1220 3960 1278 4005 erat
1292 3973 1298 4007 :
1312 3951 1380 4006 adeo
1396 3961 1425 4007 ιιι
1442 3953 1465 4008 si
1481 3954 1601 4011 fluminis
1612 3956 1721 4015 incursu
1741 3960 1802 4015 reli·

1003 4019 1074 4088 quite
1087 4021 1256 4090 sepultorum
1275 4022 1505 4093 contingerentur,
1524 4029 1649 4083 consulto
1664 4030 1800 4101 pontifice,

1003 4087 1031 4142 iu
1045 4088 1127 4143 atium
1152 4090 1243 4143 locum
1263 4089 1409 4145 transferre
1435 4092 1535 4148 liceret.
1559 4097 1620 4150 tib.
1643 4114 1653 4153 1
1676 4100 1742 4155 Cod.
1766 4101 1801 4157 de

1003 4156 1131 4228 Religios.
1140 4167 1169 4212 ει
1181 4160 1287 4228 Sumpt.
1304 4160 1401 4214 Funet.
1413 4163 1495 4218 Unde
1505 4173 1532 4219 et
1540 4167 1597 4237 agri
1617 4168 1682 4224 olim
1692 4170 1801 4241 inculti,

1002 4229 1104 4354 petrosi
1122 4237 1149 4283 ct
1163 4230 1282 4284 multum
1295 4229 1363 4285 aridi
1372 4233 1680 4307 humandisoorporibus
1693 4258 1803 4300 coeme-

1022 4306 1103 4355 antur
1120 4316 1152 4355 ex
1167 4299 1241 4372 lege3
1258 4300 1291 4355 dc
1315 4317 1368 4373 qua
1386 4304 1482 4361 Cicero
1496 4306 1530 4363 ds
1552 4310 1618 4382 Leg.
1635 4312 1683 4368 tib.
1705 4329 1737 4370 ιι.
1754 4316 1800 4371 Si-

1003 4370 1081 4425 culus
1097 4372 1198 4426 Faccus
1215 4370 1248 4425 de
1267 4374 1469 4432 conditionibus
1490 4393 1580 4449 agror.
1592 4401 1598 4438 :
1612 4386 1643 4439 la
1660 4386 1733 4449 locas,
1751 4387 1801 4455 ait,

1003 4443 1107 4497 saaosis
1119 4443 1297 4506 custoditum,
1310 4447 1392 4499 etiam
1402 4450 1431 4501 ιιι
1440 4449 1535 4504 medas
1544 4458 1752 4523 possessionibus
1759 4474 1800 4515 sa.

147 4511 279 4576 quaeruut
296 4505 371 4560 illud
388 4507 476 4561 liuteis
490 4521 550 4560 ctam
564 4507 742 4587 aromatibus,
758 4509 826 4561 sicut
840 4521 896 4560 mos
910 4509 949 4560 εει
999 4513 1099 4583 pulcra
1111 4514 1229 4580 tacitast.
1245 4515 1370 4572 Sidonius
1386 4520 1503 4589 Apollin.
1516 4522 1563 4577 lib.
1578 4539 1589 4579 1
1605 4528 1682 4596 epist.
1699 4534 1716 4582 8
1732 4528 1803 4583 inter

146 4578 246 4632 fadaia
267 4579 387 4648 sepda're.
409 4578 461 4630 Sed
478 4584 504 4629 et
525 4574 597 4645 apud
612 4576 724 4646 gentiles
742 4584 802 4632 tum
824 4578 947 4644 Gtaecos,
1002 4583 1053 4638 alia
1072 4584 1121 4638 soli
1137 4586 1301 4641 Ravennatis
1324 4586 1499 4646 incommoda
1520 4609 1527 4647 :
1549 4597 1613 4649 Vici
1631 4601 1729 4652 sitiunt
1759 4613 1804 4653 se-

147 4655 205 4703 tum
219 4651 370 4715 Rauracos,
383 4662 442 4701 mos
461 4646 511 4700 ist'e
525 4654 657 4726 receptus,
670 4655 700 4701 ut
714 4644 832 4702 defuncti
846 4661 947 4718 corpus
999 4656 1074 4724 palti
1083 4660 1189 4710 natarat.
1206 4656 1326 4712 isidorus
1340 4659 1386 4714 lib.
1400 4676 1442 4715 xv
1457 4663 1574 4731 litpnrol.
1584 4680 1643 4732 cap.
1658 4672 1684 4719 tt
1702 4637 1804 4735 :Apud

148 4732 223 4798 a(1¹¹3,
232 4719 351 4789 Primum
365 4718 529 4781 abluffssllll'a
553 4714 651 4771 delude
664 4732 747 4788 under
749 4724 820 4773 01⁰¹·
834 4721 875 4774 ΒΘ
885 4721 945 4773 RO-
963 4715 989 4780 D
1003 4725 1424 4796 majores,iuquitpofeutesauf
1435 4732 1681 4789 spiritualibusque
1691 4737 1803 4791 iumen·

148 4803 238 4843 matus
252 4789 421 4844 celebrantur
434 4787 514 4842 Ennii
527 4802 620 4843 versus
635 4805 642 4840 :

196 4896 323 4959 Tarquinii
334 4907 427 4959 eorpus
436 4896 500 4946 bona
514 4897 605 4949 femina
620 4897 682 4948 larii
697 4901 721 4948 sl
732 4896 812 4948 unxit.

149 5006 219 5060 ilem
234 5002 359 5076 Virgilius
370 5018 399 5058 vt
416 5002 558 5059 AEneidos:

197 5114 359 5164 Parscalidos
369 5113 455 5163 letires
464 5116 491 5163 ot
500 5114 582 5163 altera
593 5113 712 5164 undantia
729 5113 835 5164 flammis

196 5176 351 5239 liaqrediuut,
367 5190 509 5241 corpusque
518 5176 603 5227 laraul
617 5177 730 5239 frigentis
744 5182 770 5226 et
781 5176 886 5239 ungunt.

151 5284 226 5340 ilinc
252 5284 425 5355 pollinctores
445 5284 521 5353 dicti,
550 5283 594 5356 qui
618 5283 746 5340 cadavera
770 5282 907 5357 ungebant
923 5290 951 5339 et

150 5355 321 5410 aromatibus
333 5355 536 5413 suffarciebaut.
550 5357 626 5427 Quos
639 5356 720 5410 Lxx
733 5353 892 5426 ἐνταφιαστιις
903 5370 951 5409 ro·

151 5435 258 5482 earuut.
275 5430 315 5482 De
326 5427 425 5496 quibus
434 5430 468 5482 D.
481 5427 649 5499 Augustinus
662 5426 709 5483 lib.
725 5425 951 5484 tLocutionisde

1006 4796 1294 4864 acassepatiaboatur.
1310 4799 1374 4852 fredo
1393 4804 1510 4853 tractum
1523 4806 1571 4863 εει,
1587 4809 1706 4875 utsuper
1719 4809 1802 4863 sado·

1005 4881 1077 4928 cera,
1097 4869 1146 4918 aut
1165 4868 1320 4933 pyramides
1341 4872 1448 4934 ιειειιι,
1471 4875 1520 4925 aut
1540 4873 1659 4943 iupordcs
1678 4879 1804 4934 columna

1005 4936 1205 4991 collocarentur.
1219 4938 1347 4992 Lucanus
1362 4937 1409 4993 lib.
1420 4954 1477 4995 vttt
1493 4958 1501 4996 :

1069 5048 1099 5095 Et
1111 5048 1206 5105 Regum
1221 5045 1316 5097 cineres
1330 5052 1458 5101 easlmclo
1474 5057 1557 5105 ruoulc
1570 5055 1706 5117 quiescant,

1006 5152 1133 5227 Virgilius
1146 5169 1177 5210 ιί
1195 5154 1320 5211 dineidos
1334 5176 1342 5212 :

1068 5268 1100 5317 Al
1117 5266 1273 5331 piusAEneas
1283 5267 1374 5330 ingenti
1389 5270 1455 5321 mole
1468 5274 1611 5337 sepulerum

1067 5331 1183 5392 lmponit,
1200 5344 1295 5394 suaque
1305 5344 1374 5380 erma
1389 5333 1451 5395 tiro,
1467 5335 1771 5406 remumquelubamqus,

1068 5394 1152 5442 llonta
1163 5392 1210 5442 sub
1220 5406 1300 5444 aereo.

152 5496 253 5581 fieuesi
262 5497 337 5570 (sap.
356 5496 420 5570 ult.)
437 5515 444 5552 r
461 5500 521 5556 Noa
534 5501 615 5566 euim,
629 5497 727 5569 iuquit,
740 5500 795 5567 ipsa·
806 5498 949 5567 sepeliunt,
1007 5498 1094 5579 Porro
1108 5499 1232 5581 solemus
1241 5497 1335 5555 itidem
1350 5500 1435 5585 fuisse
1444 5511 1500 5560 tatu
1516 5506 1647 5590 AEgyptiis
1658 5526 1741 5583 quam
1754 5515 1771 5569 ι
1774 5530 1805 5570 u·

153 5568 185 5623 td
200 5573 248 5637 ert,
265 5574 343 5624 terra
352 5567 525 5624 maudaatco
574 5585 607 5624 ra
620 5575 803 5631 mortuorum
817 5568 950 5637 quodaoa
1005 5566 1074 5624 daers
1088 5576 1212 5624 mortuos
1224 5586 1252 5624 ιιι
1274 5571 1375 5629 cellulis
1394 5589 1451 5631 stre
1468 5575 1605 5649 speluncis
1627 5584 1764 5641 excavatis
1777 5592 1805 5641 et

152 5643 192 5695 εει
206 5640 295 5697 Gracc
311 5640 463 5711 ἐνταφιάσαι,
476 5639 523 5694 sed
546 5640 646 5711 ιιάψαι,
661 5641 706 5696 lili
716 5655 779 5709 erpo
792 5638 952 5709 ἐνταφιασιαὶ
1006 5639 1151 5695 cameratis
1172 5640 1294 5710 sepelire,
1311 5642 1488 5703 manifestum
1502 5656 1552 5713 est,
1567 5658 1627 5707 tum
1644 5668 1677 5709 ex
1691 5654 1808 5712 Genesis

151 5710 185 5765 id
205 5717 300 5794 munt,
323 5710 551 5795 quoduealtibetur
569 5712 720 5794 corporibus
738 5711 891 5794 bumaradia
909 5710 952 5765 uel
1005 5722 1087 5767 xxttt
1098 5725 1173 5782 cap,
1190 5712 1236 5769 ubi
1249 5714 1387 5771 Abrabam
1407 5718 1546 5792 legiturud
1558 5722 1743 5795 sepeliendam
1756 5725 1804 5778 sa-

152 5781 311 5848 ooadaeado,
324 5782 365 5838 cel
377 5780 558 5845 secundaria
566 5781 732 5847 inuoluendo,
745 5782 787 5837 ael
798 5781 951 5852 allegandor
1005 5796 1065 5838 ram
1084 5797 1199 5841 uxorem
1214 5785 1312 5843 emisse
1327 5789 1361 5846 ab
1382 5788 1494 5863 iipbrou
1512 5792 1627 5851 iletbaec
1647 5794 1806 5864 speluncam
