3848 6158
127 268 175 325 8dl
668 258 809 317 lOlellS
826 258 979 315 cassium
997 255 1243 314 subteriores.

127 390 294 463 contingere,
313 402 423 445 necme
434 385 623 443 laboraturum
637 386 732 453 eredo,
746 386 843 459 utjam
857 386 928 442 intra
943 386 970 450 Α
983 386 995 421 ¹³
1009 399 1091 456 quam
1114 383 1234 455 primum
1254 378 1325 453 typis
1347 375 1512 451 quibusdam
1534 386 1564 433 et
1578 376 1792 439 formuliseera

127 486 218 543 aulam
231 480 438 555 quodammodo
449 480 535 553 ipsius
549 478 717 549 oberrantes,
732 479 758 536 in
771 480 851 555 adyta
865 495 930 552 quo

126 592 191 651 que,
217 577 246 631 in
268 582 403 647 quamum
425 573 558 629 Dominus
582 573 720 641 direxerit,
747 572 928 639 introducam,

127 686 179 728 nec
201 684 251 725 ros
268 666 302 723 ad
316 664 536 737 „introspicienda
554 664 614 722 baec
636 682 698 738 quae
711 666 930 736 ¹demonstranda

128 767 203 829 suut,
214 759 271 813 ullo
288 757 457 813 difficultatis
469 757 610 813 obstaculo
623 758 810 815 retardandos.
832 761 931 816 Proti-

128 868 194 911 mus
207 850 284 907 enim
296 848 446 921 cognitioni
457 856 508 916 est,
521 849 568 921 qui
590 850 656 922 quid
668 852 807 923 inquirere
821 851 929 921 debeat,

126 946 275 1023 prudenter
295 943 429 1017 agnoscit,
453 948 536 1002 ¹¹nec
556 946 701 1003 escientia
723 946 803 1019 longe
825 949 930 1021 estqui

129 1040 216 1113 erepit
228 1040 388 1113 intelligere,
398 1038 464 1112 quid
478 1040 593 1113 ignoret.
609 1042 642 1097 Et
655 1039 757 1097 idcirco
768 1057 825 1099 non
835 1056 930 1100 vereor

126 1142 223 1192 notam
235 1133 396 1206 proditionis
409 1134 450 1190 rei
465 1134 581 1191 levitatis
606 1134 754 1205 incurrere,
770 1137 793 1193 si
805 1152 847 1209 ea,
866 1153 930 1210 quae

128 1229 158 1285 in
174 1228 314 1302 superiore
329 1236 446 1286 tractatu
461 1229 495 1286 de
514 1228 679 1303 perfectione
693 1231 826 1289 orationis
840 1232 930 1290 disse·

128 1336 192 1379 rens
206 1321 381 1393 disputationi
412 1321 611 1391 subtraxeram,
636 1325 832 1397 propalavero3
855 1340 930 1398 quo-

129 1428 193 1472 rum
207 1414 335 1470 virtutem
349 1414 427 1471 vobis
447 1414 475 1471 in
489 1415 542 1471 hoc
553 1415 680 1472 exercitio
696 1432 728 1473 ac
741 1416 832 1473 studio
846 1417 930 1475 coilo·

129 1510 209 1577 eatis,
223 1508 303 1564 etiam
315 1507 374 1565 sine
387 1508 542 1565 ministerio
555 1509 642 1565 nostri
656 1511 800 1581 sermonis,
816 1526 865 1583 per
879 1510 930 1567 Dei

130 1602 248 1675 gratiam
257 1600 379 1659 arbitror
391 1599 475 1659 tuisse
494 1602 679 1660 reserandam.

436 1736 556 1794 CAPUT
575 1739 615 1794 X.

273 1858 311 1911 lic
326 1856 493 1913 institutione
506 1858 634 1912 orationis
641 1860 789 1927 perpetuu.

170 1984 351 2053 Quapropter,
365 1981 516 2040 secundum
537 1981 614 2037 iilam
631 1981 830 2037 institutionem
844 1992 928 2050 quam

130 2078 307 2153 parvulorum
330 2075 474 2133 eruditioni
503 2075 714 2149 prudentissime
737 2074 929 2144 comparastis,

130 2171 176 2245 qui
187 2171 255 2226 alias
267 2170 465 2227 elementorum
475 2167 647 2224 traditionem
659 2167 777 2239 primam
790 2166 930 2238 percipere

129 2281 185 2323 non
201 2272 325 2337 possunt,
341 2280 391 2321 neo
404 2278 502 2320 eorum
513 2262 553 2319 rel
565 2277 714 2334 agnoscere
730 2261 823 2329 lineas,
838 2262 878 2316 vel
889 2259 929 2316 in-

132 2358 238 2433 trepida
258 2375 341 2416 manu
367 2364 470 2431 queunt
496 2355 647 2413 describere
670 2354 852 2422 characteres,
874 2354 927 2411 nisi

984 478 1126 549 diiigenter
1142 474 1294 547 impressis,
1311 472 1414 547 efligies
1428 486 1524 529 eorum
1547 472 1710 544 exprimere
1727 488 1791 531 con·

985 570 1164 643 temptatione
1186 569 1244 642 jugi
1272 576 1300 625 et
1313 566 1469 641 quotidiana
1497 564 1656 621 imitatione
1673 580 1790 627 musne-

985 673 1081 734 scant;
1102 664 1183 737 hujus
1215 677 1326 736 quoquc
1350 660 1478 735 spiritalis
1508 659 1624 718 theoriae
1657 660 1789 723 munus

984 761 1064 817 vobis
1088 768 1129 816 est
1157 758 1287 826 lormuia,
1307 757 1342 814 ed
1367 771 1451 830 quam
1479 770 1592 829 semper
1617 757 1790 817 tenacissime

984 862 1107 911 restrum
1121 852 1252 909 intuitum
1265 850 1425 925 deligentes,
1440 848 1486 907 vel
1500 848 1631 907 eamdem
1643 851 1791 912 salubriter

987 948 1094 1004 volvere
1119 946 1257 1019 indirupta
1279 944 1393 1019 jugitate
1406 943 1531 1013 discatis,
1556 943 1596 999 rel
1614 944 1791 1005 sublimiores

986 1042 1099 1099 intuitus
1118 1042 1249 1099 scandere
1270 1040 1340 1097 iilius
1354 1054 1405 1097 usu
1420 1055 1453 1095 ae
1466 1037 1645 1096 meditatione
1664 1042 1786 1113 possitis.

986 1140 1051 1193 iiaee
1075 1136 1157 1209 igitur
1180 1134 1258 1191 vobis
1287 1134 1368 1205 huius
1383 1148 1467 1205 quam
1486 1132 1613 1207 quaeritis
1637 1133 1790 1209 disciplinae

984 1241 1066 1304 atque
1083 1231 1216 1288 orationis
1225 1229 1343 1287 lormula
1355 1228 1526 1300 proponitur,
1544 1242 1629 1300 quam
1642 1232 1790 1304 unumun-

984 1342 1037 1398 que
1060 1325 1211 1382 monaclrus
1232 1324 1267 1382 ad
1286 1324 1380 1397 jugem
1400 1323 1451 1379 Dei
1477 1322 1650 1379 memoriam
1675 1324 1790 1385 tendens

984 1418 1133 1475 incessabili
1144 1418 1237 1475 cordis
1255 1414 1422 1475 volutatione
1436 1415 1579 1483 meditari,
1599 1418 1714 1490 expulsa
1728 1435 1788 1478 om·

986 1510 1062 1567 nium
1080 1512 1276 1584 cogitationum
1304 1511 1444 1579 varietate,
1468 1518 1643 1581 consuescat,
1661 1513 1721 1584 quia
1735 1528 1787 1573 nee

985 1606 1052 1662 alias
1063 1620 1124 1661 eam
1136 1604 1193 1662 uilo
1206 1605 1289 1662 modo
1303 1604 1405 1677 poterit
1415 1612 1569 1672 retentare,
1583 1605 1635 1661 nisi
1647 1604 1682 1663 ab
1693 1607 1785 1665 omni·

986 1697 1037 1755 bus
1049 1698 1131 1755 luerit
1145 1698 1332 1770 corporalibus
1347 1698 1419 1755 curis
1437 1713 1471 1755 ac
1489 1697 1716 1758 sollicitudinibus
1729 1700 1783 1759 alr-

946 1784 971 1847 B
984 1791 1099 1847 solutus.
1113 1791 1182 1861 Quae
1194 1790 1264 1847 sicut
1277 1790 1357 1847 uobis
1371 1807 1387 1847 e
1399 1791 1503 1863 paucis,
1516 1791 1567 1863 qui
1583 1792 1783 1865 antiquissimo-

984 1898 1046 1939 rum
1066 1891 1176 1956 patrum
1196 1884 1300 1941 residui
1320 1892 1408 1953 eraut,
1434 1883 1534 1941 tradita
1556 1894 1611 1953 est,
1627 1886 1692 1943 itaa
1708 1888 1787 1947 uobis

985 1994 1094 2051 quoque
1116 1979 1236 2036 nonnisi
1255 1978 1401 2036 rarissimis
1420 1994 1452 2036 ac
1468 1994 1534 2037 rere
1556 1980 1715 2039 sitientibus
1726 1982 1790 2040 inti·

985 2080 1087 2128 matur.
1106 2068 1166 2130 Erit
1183 2073 1275 2144 itaque
1300 2072 1335 2129 ad
1362 2082 1523 2145 perpetuam
1548 2073 1602 2129 Dei
1627 2076 1788 2133 memoriam

986 2165 1189 2237 possidendam,
1213 2166 1273 2224 haec
1301 2166 1518 2239 inseparabiliter
1547 2168 1692 2240 proposita
1718 2170 1788 2227 rolris

984 2258 1104 2317 formula
1116 2261 1240 2333 pietatis:
1255 2266 1335 2325 Deus,
1345 2264 1374 2317 in
1380 2262 1551 2333 adjutorium
1561 2278 1655 2317 meum
1664 2264 1788 2332 intende,-

983 2357 1104 2419 Domine,
1118 2354 1156 2409 ud
1174 2355 1360 2425 adjuvandum
1380 2372 1421 2411 me
1436 2357 1553 2424 festina.
1567 2358 1580 2391 ⁰
1596 2358 1651 2413 llic
1672 2370 1787 2432 namque

678 2510 805 2565 tttnbi
823 2508 936 2566 Gtzst
955 2507 1233 2565 conuenientes,

166 2640 178 2671 ¹
197 2638 263 2695 Num
275 2638 325 2709 qui
336 2635 405 2691 uilril
419 2637 478 2703 scit,
492 2635 561 2690 nibil
574 2634 692 2698 dubitat,
707 2634 746 2689 ait
759 2632 927 2689 Aristoteles.

131 2708 202 2765 ilinc
216 2710 384 2780 Aprostolus:
400 2709 452 2776 Oui
462 2722 489 2763 se
502 2708 640 2761 eristimet
650 2708 716 2759 scire
727 2705 846 2774 reliquid,
860 2720 930 2760 non-

130 2780 195 2835 dum
210 2784 328 2849 corprrorr't
347 2780 571 2851 qrtcmudmorium
585 2782 704 2847 oqrorterrt
720 2792 780 2831 euru
801 2778 878 2831 seire.
896 2778 930 2831 Et

130 2852 255 2907 Socrates
272 2852 433 2907 Graeconrm
448 2848 662 2921 sapientissimus
682 2846 818 2919 judicatus
835 2866 841 2901 :
864 2848 928 2927 ilos,

130 2920 232 2992 inquit,
242 2924 296 3001 scio
308 2922 379 3001 quod
389 2921 460 2975 nillil
474 2923 537 3000 aruo,
552 2927 582 2974 nt
594 2916 678 2973 refert
689 2918 771 2973 etiam
786 2917 849 2972 Div.
861 2918 929 2973 lbe-

131 2989 663 3127 ω111οῃ11101111111111111111111111131111
675 3062 800 3141 protppis
814 3059 929 3129 quitus-

131 3130 194 3186 rium
210 3134 236 3184 et
246 3130 382 3199 formulis,
403 3137 456 3183 ete.
472 3130 595 3187 Sumitur
609 3138 700 3185 autem
723 3130 766 3185 irre
777 3138 858 3202 typus
874 3130 930 3185 sire

56 3252 64 3267 ,
131 3210 266 3273 protypon
287 3214 336 3273 pro
361 3199 494 3272 scriptura
521 3201 673 3273 exemplari
700 3201 734 3257 od
762 3200 929 3257 imitandum

130 3272 278 3344 proposita.
310 3270 394 3343 Cujus
420 3273 562 3329 occasione
587 3290 644 3329 non
668 3272 719 3329 erit
743 3272 863 3329 alienum
884 3272 930 3329 bie

129 3350 238 3399 notasse
257 3344 361 3399 varium
381 3360 414 3399 ac
440 3344 620 3417 multiplicem
648 3343 782 3400 scribendi
803 3343 930 3410 modum,

130 3414 185 3471 sire
200 3416 343 3471 materiam
355 3415 497 3488 scriptioni
512 3424 632 3487 aptatam
647 3416 719 3487 apud
741 3424 855 3477 veteres,
867 3423 929 3471 anto

131 3500 211 3541 usum
231 3486 331 3541 chartae
353 3495 453 3543 nostrae
477 3488 628 3543 inventum.
659 3488 783 3543 Primum
808 3486 928 3543 enimin

131 3568 204 3622 cera,
216 3570 263 3610 seu
278 3556 376 3611 ceratis
391 3559 418 3613 in
436 3557 546 3625 tabuiis,
570 3558 625 3612 sire
641 3557 815 3628 pugillaribus
828 3557 929 3629 (quales

131 3624 280 3680 etiamnum
299 3627 547 3695 circumferuntur),
560 3628 740 3682 instrumento
753 3627 872 3696 quodam
889 3628 928 3681 rel

129 3693 270 3753 ferreorei
289 3712 385 3765 mnaeo,
411 3699 552 3755 alteriusve
580 3697 711 3760 metretae,
732 3697 808 3767 quasi
832 3698 927 3768 grandi

130 3782 192 3833 acu,
208 3769 372 3838 scribebant,
386 3770 505 3851 illudque
523 3768 623 3840 stylum
635 3775 681 3821 aut
695 3764 837 3847 graphium
847 3782 928 3848 roera-

130 3838 207 3896 bant.
223 3840 304 3897 Unde.
320 3849 347 3896 et
361 3842 469 3895 dicendi
487 3854 572 3911 genus
585 3835 685 3907 stylum
700 3836 789 3891 adbuc
802 3834 927 3905 drcrmus,

130 3918 157 3967 et
173 3912 313 3983 pugillares
327 3910 401 3976 dieti,
420 3911 493 3979 quod
505 3910 575 3988 stylo
593 3907 619 3961 iu
642 3908 685 3961 tris
703 3907 848 3979 pungendo
858 3910 928 3963 scri-

130 3982 251 4040 beretur.
267 3984 325 4051 Qua
345 3980 379 4036 de
393 3995 421 4036 re
435 3979 457 4034 si
476 3978 645 4051 antiquitatis
660 3978 816 4034 testimonia
836 3980 927 4052 requi·

130 4055 178 4123 ris,
189 4056 305 4111 occurrit
316 4049 417 4107 Plinius
439 4050 486 4107 lib.
512 4065 523 4106 t
545 4049 684 4121 Epistol:
711 4052 808 4118 Eruert,
831 4050 926 4122 inquit,

130 4129 160 4182 in
170 4131 293 4197 proriuro
306 4141 360 4182 nou
371 4124 532 4180 eeuebnlum
554 4126 604 4177 rurt
621 4122 722 4184 lnetceo,
736 4122 783 4177 seri
805 4124 892 4193 stylus
903 4128 928 4179 ct

127 4200 299 4269 perquiro-ess:
325 4198 476 4253 medilrrbur
497 4195 614 4265 uliquiri,
630 4194 880 4265 urorrrtomqumt
901 4197 929 4251 si

129 4284 226 4324 mrnrrrs
235 4284 341 4335 rrectius,
349 4269 444 4337 picum
452 4272 542 4321 iernen
552 4280 625 4322 ceros
637 4268 775 4333 referrem.
787 4265 848 4321 Die.
861 4267 928 4323 itte-

131 4354 266 4408 ronymrrs
285 4339 425 4407 epistole
457 4338 593 4408 eleganter
619 4345 645 4392 et
658 4337 782 4463 apsposite
808 4337 929 4393 adhunc

131 4407 222 4462 locrrm
233 4406 318 4461 tradit
327 4407 441 4460 modum
454 4408 643 4475 quodoceatur
655 4408 683 4462 in

985 2634 1171 2705 iiieronymus
1182 2633 1288 2705 epistol.
1303 2640 1338 2689 41
1352 2633 1387 2690 ad
1396 2634 1506 2690 Niceam
1525 2655 1532 2691 :
1549 2638 1643 2694 ltndes
1652 2639 1695 2695 illi
1705 2642 1787 2697 italie

983 2706 1111 2767 borsines,
1121 2706 1193 2774 qnod
1203 2707 1298 2762 (luscos
1316 2709 1420 2762 Eurrirrs
1434 2708 1568 2777 appellnt,
1582 2712 1634 2779 qui
1642 2711 1706 2779 sibi,
1719 2714 1785 2768 utin

984 2777 1123 2831 ltiteioriru
1142 2778 1228 2832 Cicero
1246 2779 1306 2839 cit,
1323 2780 1380 2831 ritu
1401 2778 1490 2845 {mireo
1502 2781 1609 2834 certum
1626 2784 1782 2853 qucrrdrurt,

982 2850 1045 2900 unte
1059 2847 1160 2900 cirurtre
1170 2852 1195 2901 et
1204 2847 1423 2903 membranorum
1433 2864 1524 2917 mum,
1538 2853 1783 2910 ‹rutinrledolotise

983 2918 1056 2986 liquo
1069 2917 1209 2980 codicillis,
1226 2924 1275 2972 out
1289 2921 1317 2973 iu
1329 2921 1471 2975 cortr'cidus
1485 2922 1621 2978 orborum
1631 2929 1720 2979 mutuo
1770 2926 1777 2937 '

982 2988 1237 3059 stolorumnlloquio
1249 2992 1422 3045 missitabant
1434 2940 1785 3064 1111111111111111111111ιῖ

982 3060 1213 3123 rumtrrbellurios,
1223 3065 1249 3115 11
1256 3063 1422 3131 scriptoresrr
1432 3063 1510 3117 libris
1520 3066 1657 3121 ardorum
1664 3068 1784 3123 librarius

982 3146 1115 3186 umatum.
1132 3130 1244 3200 Quinto.
1265 3133 1328 3187 Fuit
1349 3132 1466 3204 denique
1487 3143 1579 3202 retus,
1601 3136 1710 3263 publica
1729 3138 1783 3209 qui·

983 3200 1048 3258 dem
1064 3202 1232 3258 monimenta
1248 3202 1276 3258 in
1304 3202 1437 3276 plumbeis
1461 3204 1599 3261 uolumini
1621 3224 1667 3275 us,
1687 3210 1783 3282 prirata

983 3288 1046 3328 vero
1059 3273 1087 3327 in
1112 3274 1201 3329 linteis
1216 3274 1296 3329 tertis
1310 3274 1445 3330 scribendi
1470 3291 1544 3332 mos.
1561 3279 1602 3333 De
1628 3294 1686 3351 quo
1710 3280 1785 3337 edam

983 3343 1108 3399 meminit
1124 3344 1229 3400 Plinius
1242 3344 1289 3400 lib.
1314 3360 1373 3401 11111
1395 3361 1455 3428 cap.
1477 3352 1519 3411 ti,
1534 3350 1786 3423 Symmachusepi·

983 3414 1044 3471 stol.
1062 3420 1096 3470 34
1105 3416 1151 3471 lib.
1163 3431 1204 3484 rv,
1213 3416 1351 3472 Ausonius
1362 3417 1475 3473 Paulrno
1486 3420 1597 3490 epistol.
1612 3436 1706 3481 xsrrr.
1719 3422 1785 3479 unde

985 3484 1044 3539 libri
1061 3485 1146 3550 lintei,
1159 3488 1236 3542 Livio
1249 3487 1297 3543 lib.
1312 3503 1344 3543 tv
1356 3488 1440 3557 (l'irle
1450 3492 1536 3545 etium
1549 3493 1783 3551 Tritlremiumlr'i.

983 3556 1017 3609 rie
1028 3558 1232 3627 Perper-rpem),

1024 3628 1037 3655 ⁰
1052 3628 1157 3681 Eximio
1170 3636 1197 3682 et
1212 3628 1381 3699 amplissima
1395 3631 1600 3687 commendatio
1611 3633 1687 3689 illius
1701 3635 1787 3691 11111-

983 3695 1038 3751 culi
1055 3696 1178 3752 Davidici
1193 3718 1199 3752 :
1217 3702 1294 3762 burs,
1310 3703 1340 3754 iu
1361 3702 1532 3771 aripatorium
1550 3718 1633 3757 murm
1656 3706 1785 3773 alerstide,-

982 3770 1103 3829 Donriue,
1112 3769 1341 3839 adrrtjrrrrrnrtrrm
1350 3788 1390 3826 me
1401 3775 1514 3840 sestius.
1525 3774 1605 3845 Cujus
1613 3773 1781 3844 multiplices

983 3853 1047 3893 usus
1062 3838 1246 3911 utilitatesque
1259 3850 1332 3896 tauta
1353 3843 1487 3899 orationis
1501 3844 1577 3916 copia
1595 3851 1621 3898 et
1633 3844 1781 3925 splendore

983 3909 1167 3981 prosequitur,
1182 3920 1213 3967 ut
1226 3911 1293 3967 nilril
1306 3913 1369 3969 addi
1386 3929 1465 3986 posse
1477 3914 1608 3973 videatur.
1622 3918 1696 3971 Hinc
1712 3918 1783 3974 Cas·

981 3981 1108 4038 siodorus
1127 3982 1155 4037 iu
1175 3984 1343 4054 expositione
1364 3984 1488 4058 ejusdem
1504 3988 1602 4059 psalmi
1623 3990 1722 4043 :liunt
1744 3990 1785 4045 lo-

981 4068 1052 4120 crrm,
1065 4052 1153 4123 inquit
1165 4056 1381 4122 sucurrrlissimus
1395 4058 1539 4113 Cassianus
1549 4062 1579 4113 in
1590 4060 1696 4115 decimu
1709 4060 1786 4115 eollo-

982 4126 1061 4191 tione,
1071 4126 1192 4195 plurimu
1204 4126 1237 4180 de
1244 4128 1301 4196 eius
1307 4125 1430 4183 utilitate
1443 4129 1589 4194 disserere,
1604 4136 1683 4187 teuto
1695 4134 1785 4187 bonore

983 4198 1152 4259 concelebret,
1167 4202 1198 4251 ut
1211 4198 1347 4267 quidquid
1360 4201 1485 4254 rnoauelri
1501 4206 1715 4272 assumpserint.
1733 4206 1783 4259 sine

982 4267 1064 4335 bajus
1084 4268 1207 4322 rersr'euli
1225 4271 1299 4323 trinu
1320 4271 1463 4326 iteratione
1481 4288 1534 4327 non
1548 4274 1693 4339 inchoent:
1713 4288 1780 4347 quen

984 4340 1098 4406 repetito
1112 4342 1211 4407 sepius
1224 4340 1303 4395 laude
1315 4345 1510 4411 congeminans,
1523 4346 1609 4399 nimis
1627 4348 1724 4401 trtilrnu
1736 4360 1783 4401 este

695 4408 785 4464 antula
799 4406 927 4474 seribere,
979 4409 1077 4477 produt
1091 4410 1149 4478 eires
1174 4414 1340 4467 memorium.
1365 4415 1450 4469 Porro
1474 4413 1545 4469 hanc
1570 4418 1710 4486 Cassiani,
1733 4416 1780 4473 sire

131 4476 177 4531 ubi
190 4474 248 4530 baec
259 4474 386 4528 iuteraiia
401 4495 407 4529 :
421 4478 485 4531 ilum
495 4480 602 4545 creperet
613 4481 929 4547 trcrucntimuuustplum
983 4477 1090 4533 abbatis
1104 4481 1185 4535 isaaci
1202 4480 1355 4538 doctrinam
1367 4483 1466 4540 doctor
1477 4487 1620 4543 Nararrus
1635 4491 1705 4545 tanti
1715 4486 1779 4551 ierit,

130 4548 160 4601 in
174 4562 234 4599 reru
247 4546 352 4607 rlurerr,
363 4546 404 4600 rel
419 4547 531 4600 ulterius
546 4553 714 4618 superposito
732 4566 816 4604 mauu
831 4552 926 4617 teucri,

130 4621 258 4686 reputetur
270 4618 390 4679 rutimli,
401 4618 442 4672 rel
455 4619 482 4672 ire
497 4619 589 4673 trrbulrr
605 4622 764 4690 sculpuntur
778 4620 925 4675 elementa:

130 4693 161 4744 ui
182 4706 232 4760 per
256 4691 358 4745 cosdem
377 4690 462 4745 srrleos
477 4691 579 4747 incluso
591 4691 757 4759 marginibus
779 4691 928 4745 trabuntur

983 4556 1090 4620 utpene
1106 4558 1197 4607 totum
1213 4552 1265 4608 boc
1282 4561 1364 4626 eaput
1386 4556 1413 4610 in
1433 4571 1513 4611 strum
1539 4557 1693 4617 inseruerit
1712 4572 1778 4615 eom·

984 4621 1148 4676 montorium
1162 4624 1197 4679 de
1216 4625 1347 4682 Oratione
1358 4641 1419 4697 cap.
1436 4633 1479 4693 19,
1493 4625 1540 4682 ubi
1557 4629 1600 4685 sic
1619 4632 1778 4688 esorditrrr:

986 4694 1129 4761 litiuqiter
1143 4697 1192 4749 liei
1207 4700 1261 4765 opt.
1273 4712 1349 4751 mur.
1367 4700 1547 4763 recordemur,
1563 4706 1590 4755 et
1605 4714 1780 4760 assumamus

129 4764 251 4830 oestiqr'rr,
261 4768 291 4817 ut
307 4764 383 4830 [orda
400 4778 452 4817 eron
462 4768 560 4833 qucrrnt
572 4764 693 4833 errrani.
707 4763 741 4817 Et
759 4776 854 4817 rursus
867 4762 928 4834 epi·
976 4763 1040 4832 jugi
1049 4767 1174 4828 orationi,
1182 4771 1339 4891 presertim
1352 4771 1465 4825 mentali
1477 4775 1504 4824 rt
1523 4772 1609 4837 brrari,
1627 4776 1778 4843 ubieunque

130 4832 193 4886 stoi.
207 4838 241 4885 20
256 4853 262 4886 :
275 4836 397 4889 Termetis
405 4850 501 4890 murres
512 4850 561 4905 per
573 4850 664 4891 cereres
676 4850 742 4890 ecrre
752 4836 873 4889 tramites
883 4850 928 4889 er·
943 4837 1062 4899 Dsiruus
1075 4878 1083 4897 ,
1098 4840 1183 4907 etqui
1202 4840 1270 4907 quid
1283 4856 1408 4909 repersus,
1420 4843 1490 4895 citro
1502 4844 1726 4912 impedimentum
1737 4858 1779 4898 no·

129 4906 234 4957 euntem
247 4904 346 4970 atpium
370 4906 451 4958 ducit.
470 4906 605 4973 merendo,
618 4907 646 4961 in
672 4907 826 4977 palmarum
845 4904 926 4961 loliis.

130 4977 235 5032 Auctor
249 4974 336 5028 l'arro
348 4974 419 5044 apud
434 4976 557 5030 Serrium
572 4976 606 5031 ad
623 4993 653 5031 rr
668 4978 773 5033 ,tineid
792 4981 843 5034 :ln
852 4979 929 5046 soleii

129 5048 229 5119 peluem
238 5044 372 5101 interritum
380 5046 602 5103 uotr's,iuterrirrm
612 5050 926 5112 seruurrribrrssrribebrtt,

130 5122 237 5187 Tertio,
257 5118 285 5173 in
316 5114 485 5172 tenuissimis
506 5114 634 5169 arborum
656 5119 824 5176 corticibus:
852 5120 928 5191 eujus

130 5191 238 5262 generis
267 5189 349 5245 arbor
362 5201 478 5271 papyrus
502 5186 572 5258 apud
602 5187 741 5259 ,ligyptios
770 5189 832 5245 iruic
867 5189 927 5244 usui

130 5262 280 5329 aptissima,
295 5268 325 5314 ut
336 5259 401 5313 airas
419 5264 545 5314 notatum
557 5258 662 5325 (Callet.
679 5264 705 5319 3,
731 5274 791 5327 cup.
809 5260 872 5327 erit.)
887 5282 894 5325 3
911 5274 927 5315 a

130 5331 208 5404 etrjus
220 5330 331 5385 nourine
350 5330 432 5385 etiam
450 5329 530 5385 lrodie
545 5329 651 5384 chartas
665 5338 783 5393 nostras,
809 5343 869 5399 quae
890 5346 926 5386 ox

130 5402 255 5457 contritis
279 5400 366 5457 linteis
380 5401 462 5469 liunt,
475 5417 607 5475 papyrum
628 5401 723 5456 mdem
748 5402 926 5471 appellamus,

131 5474 206 5543 quod
222 5474 351 5529 eunrrlem
372 5472 452 5529 nobis
477 5482 607 5544 prestent
634 5486 724 5537 usum,
751 5488 833 5543 quem
862 5474 927 5529 olim

131 5545 264 5615 rllgyptiis
282 5545 429 5616 praestabat
445 5560 575 5618 papyrus.
593 5546 706 5614 Quarto,
719 5542 745 5597 in
759 5545 928 5601 membranis

131 5629 179 5671 seu
194 5614 319 5670 tenuibus
330 5615 462 5686 pelliculis
475 5631 537 5688 quae
556 5617 680 5687 Pergami
696 5614 815 5687 primum
832 5617 929 5671 inven-

130 5693 176 5749 tae,
192 5686 305 5740 undeet
321 5701 490 5757 pergamenae
504 5694 569 5742 suut
593 5687 741 5757 appellate.
763 5687 861 5740 Plinius
881 5687 927 5741 lib.

130 5772 172 5815 tut
185 5772 244 5829 cap.
264 5762 293 5811 ii
320 5776 326 5812 :
353 5758 521 5819 interuenit
539 5758 685 5812 conclusum
710 5758 797 5813 lliurlrr
810 5760 926 5829 Homeri,

130 5846 237 5887 coenem
253 5832 281 5885 iu
298 5828 455 5885 erembertus
468 5830 597 5899 stripeium
613 5829 729 5885 tradidit
748 5830 845 5887 Cicero.
866 5832 925 5888 uir.

980 4910 1098 4961 struerem
1112 4910 1256 4977 actionum,
1269 4926 1328 4965 cerm
1342 4928 1441 4981 mogun
1458 4914 1643 4971 corrsoirrtiouc
1652 4922 1679 4972 et
1695 4918 1777 4983 srrrets

981 4981 1147 5041 animorum,
1161 4980 1255 5035 bonum
1266 4986 1305 5037 est
1312 4985 1355 5037 uti
1365 4984 1411 5037 illo
1422 4986 1551 5037 rersr'crrlo
1559 4986 1773 5057 Psrrlmoqrupli:

984 5054 1061 5105 Deus.
1072 5053 1100 5105 iu
1113 5052 1279 5121 adjutorium
1303 5069 1391 5109 murm
1415 5056 1532 5115 intrude,
1546 5064 1602 5113 etc.
1628 5062 1666 5115 tta
1677 5060 1774 5113 datar·

982 5136 1039 5176 rus.
1060 5124 1100 5177 tit
1122 5130 1215 5178 autem
1238 5123 1319 5196 huius
1347 5124 1481 5183 doetrinae
1503 5142 1647 5185 summam
1666 5128 1777 5185 breuiter

983 5194 1208 5317 perstringamus,
1232 5196 1301 5251 raiet
1314 5197 1342 5251 iu
1357 5197 1450 5270 primis
1465 5198 1511 5253 ille
1534 5200 1691 5257 versiculus
1704 5198 1778 5255 toties

993 5264 1180 5334 ricrepetitus,
1195 5266 1283 5336 primo
1304 5267 1338 5322 ad
1353 5282 1450 5325 omnes
1477 5268 1537 5337 pios
1562 5270 1685 5329 allectus
1713 5268 1778 5327 esri-

982 5334 1099 5399 tandos;
1115 5337 1189 5392 unde
1202 5344 1229 5392 et
1238 5336 1383 5393 iornrulam
1399 5340 1505 5411 pietatis
1517 5351 1661 5416 nuncupat
1671 5348 1778 5398 Arre-tor.

983 5404 1118 5470 Secundo,
1131 5406 1166 5463 ad
1181 5423 1280 5466 omnes
1302 5410 1467 5467 tornationes
1488 5416 1658 5483 superandas
1671 5422 1719 5471 aut
1740 5426 1781 5469 re·

982 5475 1141 5558 pellendas3
1156 5494 1208 5549 qua
1227 5480 1332 5536 ratione
1346 5496 1441 5537 murus
1458 5483 1689 5557 inexpugnabilis,
1703 5486 1782 5542 lorica

983 5549 1206 5618 impenetrabilis,
1229 5566 1262 5606 ac
1276 5552 1476 5609 munitissimus
1493 5554 1606 5626 clypeus
1627 5556 1729 5613 merito
1741 5552 1783 5611 di·

982 5620 1085 5675 ceorlus
1095 5628 1145 5675 est.
1162 5622 1267 5689 Tertio,
1282 5623 1414 5679 adr-ersus
1428 5640 1526 5681 omnes
1541 5626 1627 5683 animi
1641 5628 1757 5685 morbos
1773 5644 1781 5681 ε

983 5706 1089 5761 prasos,
1105 5692 1307 5772 inclinationes,
1326 5693 1498 5762 allectiones,
1513 5696 1655 5765 vitiorum,
1672 5712 1783 5771 praesrr·

982 5761 1034 5816 tim
1057 5764 1221 5832 carnalium,
1242 5764 1421 5835 titillationes,
1447 5766 1633 5833 irritamenta,
1654 5770 1782 5843 pericula,

982 5832 1194 5905 occasionesque
1208 5844 1391 5907 peccatorum.
1404 5842 1521 5911 Quarto,
1532 5838 1665 5899 adversus
1677 5848 1784 5899 necutr-
