3848 6158
154 223 223 278 l293
620 214 791 273 tetberto
810 215 905 272 xxttt.
923 243 961 257 -
978 214 1023 272 DE
1041 213 1343 273 tteettrtesrtouu.
1745 222 1814 279 stes

152 346 212 404 larse
224 343 348 417 mualida
359 344 388 400 in
401 342 501 417 quibus
512 340 648 416 degimus,
671 340 713 399 vel
726 340 761 401 ad
774 341 821 400 illa
834 341 959 415 Scytbic-
972 343 999 408 Α
1013 341 1089 399 velut
1101 339 1162 413 equi
1180 338 1297 398 effrenes
1317 339 1347 397 iu
1359 337 1465 397 diversa
1488 339 1663 412 pervolitant.
1681 342 1736 400 Sed
1751 360 1817 402 cum

152 436 543 510 tica·,senerintloce,tautis
550 434 959 509 cogitationumaestibus,tauta
1013 436 1049 493 ad
1065 450 1185 510 praesens
1197 434 1233 492 de
1246 434 1302 493 sais
1314 435 1388 492 uelut
1398 434 1515 493 stabulis
1528 445 1686 510 evagentur,
1706 441 1815 513 capitur

153 535 239 592 animi
254 534 389 590 anxietate
403 538 544 601 serantur,
557 538 590 589 ut
601 530 679 604 quasi
693 530 777 589 rudes
791 539 819 588 et
831 531 878 604 qui
890 529 958 589 seli·
1013 530 1108 588 statim
1121 529 1234 604 aliquod
1254 528 1297 587 vel
1320 530 1403 587 breve
1424 530 1465 587 vel
1482 529 1557 587 triste
1576 531 1713 589 solatium.
1744 535 1815 591 Cam

152 626 256 685 tudinis
267 625 393 683 exerdtia
408 640 443 682 ne
462 624 556 682 leviter
568 623 681 696 quidem
703 623 850 697 aliquando
868 623 958 682 centi-
1013 638 1216 697 vero,eorpare
1233 621 1269 680 ad
1282 621 1380 679 cellam
1398 622 1535 695 propriam
1554 632 1706 692 remeante,
1719 641 1814 685 rursus

153 721 257 794 gerint,
269 720 518 778 commorationem
529 718 641 777 celiteet
652 719 754 792 quietis
772 719 877 775 silentia
889 719 958 774 tole·
1014 718 1095 790 quasi
1114 714 1257 773 adsedem
1278 730 1358 773 suam
1370 724 1468 772 cuncta
1490 716 1688 789 cogitationum
1705 727 1816 777 caterva

153 829 214 871 rare
228 830 283 872 non
297 813 420 886 possint3
433 822 515 887 atque
531 829 564 872 ex
578 814 617 871 eis
633 813 728 871 statim
742 814 865 885 excussi,
883 821 959 871 tam·
1013 811 1177 879 recurrerit,
1199 810 1339 884 graviores
1352 809 1452 866 excitat
1464 809 1593 866 stimulas
1607 811 1666 884 ipsa
1679 811 1813 869 invetera-

154 922 239 981 quam
263 912 434 980 experisset
455 908 552 965 novitii
574 907 775 980 perturbentur.
798 909 860 965 llon
884 908 959 965 enim
1013 915 1049 964 tae
1062 904 1180 963 licentiae
1191 904 1373 961 consuetudo.
1390 903 1425 960 lli
1437 903 1555 976 ergaqui
1568 903 1688 961 necdum
1700 914 1815 978 possunt

154 1000 249 1058 sedare
262 1000 400 1058 interioris
409 1001 529 1058 hominis
539 1010 632 1059 motus
643 1010 671 1058 et
684 1002 882 1074 cogitationum
894 1016 959 1059 sua·
1013 998 1054 1055 uel
1068 998 1169 1056 nolunt
1182 998 1357 1056 voluntatum
1375 1012 1488 1055 suarum
1502 998 1723 1071 instigationibus
1742 1000 1817 1056 relu-

154 1111 219 1153 rum
232 1087 441 1169 tempestatibus
453 1095 575 1166 obtime,
585 1096 645 1169 jugi
659 1095 840 1153 sollicitudine
856 1112 888 1153 ac
900 1111 959 1168 per·
1013 1093 1093 1164 stari,
1105 1107 1182 1162 cum,
1195 1091 1290 1149 acedia
1301 1099 1396 1163 pectus
1410 1090 1553 1148 insolitum
1566 1090 1750 1149 vehementius
1764 1092 1817 1149 im·

154 1189 288 1247 seuerami
302 1186 453 1247 intentione
462 1188 627 1259 didicerunt,
639 1190 685 1262 qai
699 1189 885 1248 subdivalibus
895 1204 960 1261 quo·
1012 1194 1171 1259 pugnante,
1195 1184 1265 1241 intra
1288 1184 1384 1239 cellam
1402 1182 1506 1240 luerint
1527 1184 1640 1252 anxiati,
1662 1185 1684 1241 si
1700 1200 1815 1259 progre-

156 1281 220 1340 tidie
234 1283 362 1355 operibus
376 1283 555 1353 desudantes,
570 1291 628 1341 tota
642 1282 686 1341 dic
705 1284 756 1341 snb
769 1299 848 1340 aerea
869 1283 959 1339 inani-
1013 1279 1107 1338 dieudi
1128 1278 1229 1352 saepius
1247 1278 1403 1335 libertatem
1424 1276 1478 1334 sibi
1499 1278 1615 1335 remissa
1636 1278 1816 1337 districtionis

154 1383 223 1446 tete,
238 1393 296 1433 nou
309 1377 398 1434 solutu
413 1393 540 1452 serpere,
554 1378 743 1436 verumetiam
755 1386 850 1436 mente
862 1393 959 1450 perso·
1013 1372 1072 1447 lege
1086 1371 1281 1440 concesserint,
1295 1371 1429 1427 acriorem
1443 1368 1589 1427 adversum
1602 1386 1632 1429 se
1645 1380 1749 1444 pestem
1760 1372 1814 1431 hoe

156 1469 250 1541 litant,
264 1473 559 1546 etcogitationessuas
574 1487 638 1531 cum
653 1472 808 1531 mobilitate
829 1488 959 1546 corporea
1013 1475 1045 1525 ut
1068 1473 1174 1539 putant,
1200 1464 1321 1522 remedio
1344 1463 1533 1533 suscitabunt,
1550 1464 1622 1522 sicut
1639 1466 1813 1539 gelidissimas

154 1566 256 1637 passim
273 1566 408 1638 inaperta
430 1565 602 1625 diffundunt.
620 1570 656 1624 Et
669 1550 771 1625 idcireo
785 1565 959 1625 multivolam
1013 1576 1093 1634 aquea
1103 1560 1447 1618 haustuuiminternarum
1461 1557 1579 1615 lebrium
1592 1558 1704 1630 quidam
1715 1560 1815 1617 restin-

155 1658 239 1716 auimi
255 1659 297 1716 sui
309 1659 432 1715 sentiunt
445 1663 604 1729 vamtatem,
616 1677 668 1719 nec
679 1663 738 1733 ejus
756 1662 875 1718 lubricos
893 1675 959 1732 pos·
1014 1670 1097 1730 guero
1107 1670 1188 1728 posse
1199 1669 1230 1711 se
1244 1653 1371 1722 credunt,
1385 1668 1449 1709 cum
1469 1652 1565 1725 utique
1576 1650 1682 1709 accindi
1700 1668 1733 1708 er
1746 1652 1812 1725 hoc,

155 1760 221 1809 runt
243 1767 371 1809 coercere
390 1751 545 1821 discursus;
564 1768 615 1809 nec
639 1752 834 1810 contritionem
847 1754 958 1826 spiritus
973 1758 998 1822 Β
1013 1750 1102 1823 ignem
1122 1749 1200 1806 illum
1221 1756 1329 1805 constet
1348 1747 1533 1821 potiusquam
1554 1746 1658 1816 sedari,
1674 1746 1809 1820 siquidem

156 1843 286 1914 serentes,
307 1843 574 1902 intolerabilemsibi
588 1845 677 1916 ipsam
691 1845 791 1902 silentii
813 1848 857 1903 sui
883 1849 961 1904 aesti-
1015 1855 1240 1903 momentaneam
1271 1844 1348 1900 illam
1371 1843 1566 1901 relevationem
1586 1842 1676 1899 multo
1703 1841 1815 1916 gratim

155 1946 233 1994 mant
244 1938 407 2010 lugientem,
433 1953 466 1993 aa
487 1937 629 1994 laboriosis
643 1937 717 1995 ruris
736 1938 863 2010 operibus
883 1940 960 1998 inde·
1013 1947 1197 2014 consequetur
1211 1937 1337 1996 sillictio.

155 2027 230 2096 lessi,
243 2029 393 2087 uincuntur
407 2031 474 2102 otio,
487 2037 516 2088 et
529 2030 629 2102 quietis
642 2046 700 2088 suae
714 2031 894 2091 diuturnitate
909 2035 962 2092 las·
1331 2072 1449 2131 CAPUT
1464 2074 1512 2128 vl·
1571 2108 1578 2135 Ι

156 2129 261 2179 ⁸³⁰¹u'·
471 2217 591 2277 CAPUT
610 2223 644 2277 v·
1015 2210 1072 2279 Quo
1090 2213 1170 2280 pacto
1193 2208 1338 2262 monechete
1359 2208 1530 2275 capitationes
1553 2203 1686 2258 custodire
1709 2202 1815 2265 debeat,

156 2313 233 2381 Quae
240 2317 397 2384 eeaqatiane
407 2319 525 2387 mort,
534 2322 664 2386 amem,
673 2321 762 2388 ,mags
772 2334 856 2389 quam
867 2319 961 2376 releve-
1229 2278 1408 2334 similitudine
1427 2277 1601 2332 demorestrat.

405 2392 452 2443 mr
469 2389 556 2445 mis
575 2392 710 2445 “mm
1050 2407 1238 2481 Quamobrem
1251 2406 1289 2461 ita
1301 2402 1430 2461 monachi
1444 2403 1535 2459 omnis
1549 2403 1667 2458 intentio
1685 2402 1712 2456 iu
1726 2417 1815 2457 unum

191 2498 249 2553 Nec
271 2497 373 2554 mirum
386 2498 409 2555 si
433 2499 544 2557 incella
568 2500 628 2572 quis
652 2499 777 2558 residens
790 2503 868 2573 queri
889 2501 960 2557 intra
1014 2515 1123 2571 semper
1151 2503 1194 2554 est
1215 2494 1367 2568 deligenda,
1385 2503 1599 2567 caudarumque
1619 2494 1815 2568 cogitationum

154 2591 343 2648 arctissimum
355 2593 516 2661 claustrum,
539 2593 754 2667 cogitationibus
768 2597 960 2668 congregatis,
1015 2592 1074 2666 ejus
1087 2599 1164 2649 ortus
1180 2607 1213 2648 ac
1228 2591 1388 2648 circumitus
1402 2590 1432 2646 in
1451 2590 1582 2664 idipsum,
1598 2589 1689 2660 idest,
1708 2588 1744 2646 ad
1758 2605 1815 2647 me·

154 2683 325 2742 anxietatum
339 2686 518 2744 multitudine
532 2685 699 2758 suffocetur,
711 2703 773 2761 quae
786 2686 821 2745 de
842 2689 961 2745 carceri·
1015 2687 1137 2743 moriam
1151 2685 1204 2742 Ilei
1219 2693 1330 2742 strenue
1343 2683 1504 2751 revocandi;
1519 2682 1592 2741 velut
1605 2684 1628 2741 si
1642 2684 1728 2757 quisl
1743 2683 1816 2741 absi·

154 2776 206 2835 bus
220 2777 365 2835 habitaculi
386 2796 451 2837 eum
469 2781 581 2837 homine
593 2790 815 2854 prorumpentes,
830 2782 961 2839 cantinrm
1015 2782 1059 2839 dis
1071 2795 1210 2838 cameram
1223 2780 1356 2837 volensin
1367 2777 1487 2836 sublime
1503 2777 1678 2846 concludere,
1695 2776 1815 2837 subtilis·

706 2905 834 2961 tethel
852 2905 965 2961 GAZAEl
984 2904 1267 2961 COMMENTARIUS.

152 3005 281 3079 piendus
295 3004 393 3075 inquit,
405 3009 564 3062 literatorie
578 3023 668 3063 οοναηι
686 3011 807 3065 omnihus
814 3014 959 3080 promittat
1012 3011 1580 3082 quoeasroqentur,aesisarteebabhatesao
1589 3014 1814 3081 espreopiatas,

155 3077 189 3133 de
201 3077 350 3133 stabilitate
363 3091 423 3144 see,
439 3079 522 3132 saeos
535 3078 590 3146 leae
601 3080 787 3149 schematum,
802 3082 875 3150 qaod
886 3084 912 3136 ei
925 3097 959 3138 ec
1012 3091 1064 3138 etc.
1076 3082 1241 3139 Hisaocedit
1252 3084 1287 3137 D.
1302 3080 1459 3138 Bernardus
1468 3085 1503 3137 Ι).
1516 3081 1653 3138 Benedicti
1668 3082 1813 3139 emulator

154 3149 206 3203 illa
217 3149 262 3204 die
272 3163 325 3203 aoa
335 3147 457 3228 liceatde
466 3152 624 3206 monasterio
638 3149 739 3220 epredi,
752 3167 800 3207 aec
810 3153 959 3209 collames·
1012 3153 1146 3226 egregiis
1159 3154 1240 3226 cujus
1251 3161 1293 3209 est
1304 3152 1371 3209 illud
1385 3153 1547 3225 praeclarum
1560 3153 1680 3225 elegiam
1695 3173 1702 3207 ε
1717 3156 1815 3211 Merito

155 3224 241 3275 attere
255 3221 289 3275 de
306 3218 355 3273 sah
364 3235 434 3289 papo
446 3221 564 3299 hepate
583 3229 635 3276 etc.
647 3221 778 3294 Quamuis
789 3222 864 3278 enim
880 3223 959 3279 clau·
1012 3229 1203 3293 comparentes
1213 3227 1501 3294 staphismoeastere'a,
1512 3225 1560 3280 abi
1569 3225 1814 3294 quadammodoie·

154 3304 220 3347 sura
230 3290 258 3346 in
271 3289 377 3345 ratione
388 3289 544 3346 stabilitatis
556 3306 613 3347 non
624 3292 779 3349 necessario
793 3291 957 3361 includatur,
1012 3296 1232 3363 maceratiptsces
1241 3294 1812 3361 wapaedtneahabeaatltbertatem(Serae.

155 3369 186 3418 ut
209 3361 380 3431 dictumest,
402 3368 496 3418 tamen
515 3360 549 3418 ad
570 3378 631 3420 eam
651 3362 800 3432 reducitur,
824 3372 958 3435 quatenus
1012 3365 1085 3420 des.
1105 3366 1241 3429 hesdrae).
1256 3364 1399 3418 Postrema
1420 3362 1536 3432 denique
1555 3363 1660 3433 Regula
1675 3364 1705 3418 S.
1726 3365 1816 3420 Fran·

154 3432 207 3489 sub
232 3430 390 3488 obedientia
412 3432 540 3504 religiosa
558 3433 727 3503 continetur,
747 3434 804 3491 sive
823 3445 958 3508 quatenus
974 3413 996 3477 C
1011 3435 1075 3493 cisci
1088 3432 1124 3490 ab
1133 3434 1260 3491 Honorio
1273 3435 1312 3490 lll
1325 3431 1497 3500 confirmata,
1516 3440 1544 3488 et
1558 3432 1631 3490 inter
1648 3435 1817 3505 approbatas

155 3502 275 3575 legitime
296 3512 324 3558 et
346 3503 534 3560 secundumll
574 3505 649 3562 ulam
664 3507 815 3579 imponitur
836 3522 869 3562 ac
893 3522 959 3579 prae·
1013 3514 1194 3562 annumerata
1217 3504 1289 3561 banc
1306 3504 1440 3561 clausurae
1462 3504 1551 3577 legem
1567 3512 1595 3561 et
1620 3507 1811 3577 praescriptum

153 3573 293 3631 scribitur.
306 3574 390 3631 Unde
400 3578 435 3630 D.
448 3578 551 3631 Bernar
572 3591 603 3633 us
615 3576 693 3649 epist.
709 3583 724 3632 t
741 3596 749 3631 s
768 3578 813 3635 Sic
828 3581 853 3633 te
870 3579 959 3634 stabi-
1012 3591 1070 3634 non
1079 3577 1267 3650 praetermisit,
1280 3575 1348 3633 dum
1356 3575 1440 3632 etiam
1453 3574 1617 3647 praedicandi
1632 3586 1661 3633 et
1672 3575 1706 3632 ad
1717 3576 1811 3634 inlide-

154 3644 214 3708 lem,
234 3646 334 3717 inquit,
350 3649 379 3702 ia
400 3647 454 3702 loco
470 3647 605 3712 eahtbm,
623 3653 654 3704 at
671 3649 768 3704 abbati
785 3649 884 3705 seb'e'ci
906 3665 960 3705 aaa
1013 3647 1051 3704 les
1073 3646 1274 3705 convertendos
1298 3645 1415 3703 exeundi
1428 3646 1563 3702 licentiam
1583 3662 1599 3703 a
1627 3647 1761 3704 ministris
1784 3658 1812 3705 et

153 3666 959 3791 enemeasrseoeeeiassabaeesabbatt,atstaitteatem
1013 3720 1198 3792 superioribus
1249 3718 1363 3776 tendam
1376 3716 1500 3775 decernit
1513 3719 1594 3789 (Gap.
1619 3724 1647 3783 ll,
1673 3721 1734 3787 12).
1759 3720 1812 3801 Sed

153 3786 204 3843 loci
225 3804 279 3843 eea
301 3792 421 3845 amittas.
438 3789 472 3844 Et
491 3791 718 3848 Turrecrematus
730 3791 758 3847 iu
778 3806 842 3847 eam
866 3792 958 3849 locum
1012 3789 1141 3848 haetenus
1155 3791 1322 3849 decaustro
1335 3797 1363 3845 et
1380 3789 1505 3845 clausura
1523 3788 1724 3846 monachorum
1744 3797 1812 3846 satta

152 3858 268 3929 Regula
280 3877 286 3911 :
298 3860 581 3924 Perstabttttatem,in
603 3861 654 3925 uit,
667 3863 959 3931 astrteptiatelb'qttcr
1012 3859 1116 3920 dictum
1130 3862 1246 3920 videtur.
1261 3865 1304 3918 De
1318 3860 1440 3918 clausura
1463 3868 1555 3916 autem
1568 3858 1730 3917 monialium
1749 3858 1812 3917 vide

152 3928 306 3993 monachus,
321 3928 481 3996 qaedaelle
494 3928 572 3982 mode
619 3930 959 3998 seretmoaachatam,eec
1011 3934 1164 3989 ttavarrnm
1178 3933 1224 3989 ubi
1240 3948 1333 4004 supra.

153 3999 562 4068 siaeaeeessitateetsaperrbets
572 4003 960 4058 aectentateeseatmoeaste-
1046 4012 1059 4038 ⁸
1072 4003 1255 4075 Designantur
1273 4003 1318 4057 hic
1331 4010 1386 4058 tres
1400 4002 1565 4058 celebriores
1577 4002 1662 4058 eremi
1683 4002 1739 4059 sise
1762 4018 1811 4060 so·

153 4071 236 4124 mam.
249 4067 386 4136 Secunda,
397 4067 464 4124 dum
476 4068 511 4124 de
525 4069 639 4125 ostiaria
651 4071 710 4127 sive
764 4072 846 4127 rtario
858 4087 957 4130 mena·
1011 4071 1140 4129 litudines
1153 4072 1188 4129 ab
1199 4071 1371 4128 anachoretis
1383 4070 1435 4127 illis
1454 4070 1650 4143 lrequentatae,
1671 4073 1808 4141 Calamus,

153 4139 228 4196 sterii
244 4139 280 4194 ita
295 4139 410 4196 sollicite
422 4140 544 4210 disponit
552 4154 612 4212 cap.
626 4147 659 4198 67
672 4163 678 4197 :
692 4087 857 4215 Atioportem
871 4159 957 4200 meaa
1011 4142 1065 4199 alio
1077 4144 1188 4199 nomine
1202 4142 1372 4216 Porphyri03
1387 4141 1514 4206 Thebais,
1530 4142 1585 4198 sive
1598 4141 1757 4212 Thebaida3
1783 4154 1810 4202 et

126 4213 579 4288 ,steriipaaaterseaeesapieas
606 4215 712 4269 eieciat
721 4216 957 4286 accipererespoa-
1011 4213 1094 4282 sceti,
1107 4214 1166 4271 sive
1186 4213 1301 4282 Soetiea,
1321 4213 1360 4269 sel
1381 4211 1557 4285 scythiotica,
1574 4220 1605 4269 ut
1620 4212 1665 4268 hic
1684 4223 1808 4284 vacatur,

152 4297 213 4338 sem
222 4282 378 4338 etreddere.
392 4283 445 4350 Qas'
455 4282 548 4338 cellam
558 4283 591 4339 de
622 4285 739 4341 thabere
746 4286 956 4356 insuspectos,
1010 4292 1038 4342 et
1052 4284 1081 4341 in
1095 4285 1139 4342 his
1154 4285 1225 4341 varia
1241 4284 1468 4341 anachoretarum
1479 4284 1719 4341 etmonachorunt
1732 4285 1808 4344 insti·

152 4357 184 4408 et
193 4355 328 4409 eeehales
337 4368 441 4425 seraper
448 4359 609 4424 paeseatem
620 4356 770 4420 inveniant,
783 4364 834 4413 etc.
851 4358 954 4425 Tertio,
1010 4365 1068 4413 tuta
1083 4365 1111 4413 et
1121 4356 1230 4414 risendi
1244 4355 1364 4413 rationes
1377 4355 1500 4413 disersae.
1522 4358 1593 4413 llam
1607 4354 1653 4411 alii
1667 4355 1737 4413 iutra
1755 4358 1809 4415 cel·

152 4423 222 4481 dum
242 4424 343 4480 ibidem
365 4423 469 4493 subdit,
491 4424 615 4482 imitatus
628 4426 701 4484 baud
714 4427 796 4484 dubie
818 4427 955 4485 lsidorum
1010 4427 1080 4484 lulas
1102 4443 1166 4485 suas
1187 4426 1246 4485 iere
1262 4426 1363 4485 assidui
1388 4435 1415 4483 et
1438 4428 1545 4492 inclusi,
1572 4428 1691 4500 exceptis
1712 4427 1809 4489 diebus

152 4494 242 4561 illum,
255 4496 289 4551 de
321 4511 448 4566 uasupra
461 4498 667 4553 :btoeasteriear
680 4501 956 4571 ostemationem·
1009 4498 1108 4572 quibus
1127 4498 1161 4556 ad
1181 4499 1304 4573 synaxim
1326 4501 1370 4555 sel
1388 4496 1423 4555 ad
1442 4498 1590 4556 Ecclesiam
1605 4499 1808 4572 procedendum

152 4568 200 4634 stt,
223 4569 263 4621 ite
280 4567 313 4622 de
345 4570 505 4631 treacle-ei,
525 4573 556 4624 at
572 4573 663 4624 emese
677 4572 841 4635 caesarie,
856 4571 887 4626 id
905 4576 953 4636 est,
1009 4579 1077 4639 erat,
1092 4578 1257 4644 perpetuum
1271 4570 1413 4629 silentium
1426 4570 1589 4642 seruabant,
1602 4570 1731 4636 oratiam,
1749 4585 1808 4627 me·

152 4638 956 4710 aqua,maiesataam,hortas,pistriaum,eelestesdiecrso
1009 4639 1149 4710 ditationi,
1170 4642 1280 4699 lectioni
1300 4651 1327 4698 et
1346 4642 1422 4714 operi
1437 4656 1570 4697 manuum
1588 4640 1667 4696 stads
1685 4638 1761 4697 horis
1779 4651 1808 4698 et

152 4710 228 4763 istro
240 4713 433 4765 monasteriam
453 4715 638 4780 acescentes,
657 4717 688 4767 et
699 4728 752 4767 eoa
763 4715 800 4769 sit
812 4718 955 4771 necessitas
1010 4722 1063 4769 tem
1103 4713 1179 4770 ribus
1200 4713 1328 4785 priuatim
1345 4719 1481 4768 vacantes.
1504 4711 1559 4767 Alii
1575 4709 1637 4767 licet
1650 4711 1679 4767 in
1693 4709 1806 4770 desertis

151 4781 289 4834 monacbis
298 4782 510 4851 rependissem,
519 4785 586 4853 quea
595 4786 701 4839 omnim
711 4800 764 4838 aas
775 4785 885 4854 expedit
896 4789 955 4840 aab
972 4793 1066 4878 Deta
1086 4783 1150 4841 ditis
1165 4784 1233 4840 loeis
1256 4783 1402 4855 degentes,
1424 4791 1588 4838 tamennon
1610 4781 1647 4838 ita
1672 4782 1765 4839 stricte
1779 4791 1807 4841 et

151 4850 247 4904 males
259 4865 359 4905 eoram
376 4854 491 4922 Quarto,
506 4853 574 4910 dum
583 4854 671 4927 eapite
684 4856 808 4927 sequenti
818 4854 852 4911 de
864 4853 955 4912 iratri·
1008 4855 1115 4912 assidm
1129 4855 1187 4912 suis
1200 4855 1326 4911 claustris
1336 4862 1363 4909 et
1374 4853 1479 4911 cellulis
1490 4852 1697 4921 cohibebantur,
1712 4862 1742 4910 ut
1764 4852 1808 4912 hio

152 4921 204 4976 bus
215 4919 306 4991 atiquo
320 4919 483 4990 proiecturis
497 4939 584 4996 agens
601 4945 607 4979 :
623 4926 775 4996 Diripeedi,
791 4925 889 4997 inquit,
898 4929 955 4994 sre-
1008 4925 1121 4994 dicitur,
1135 4926 1201 4999 quin
1213 4925 1408 4998 saepiue,etiam
1422 4924 1457 4981 ad
1471 4925 1552 4982 urbes
1565 4932 1592 4980 et
1610 4925 1662 4981 alia
1677 4925 1736 4981 loca
1751 4941 1806 4983 ex«

152 4993 249 5047 tresis
261 4994 342 5060 elaea
358 4996 477 5049 amatam
488 4996 609 5063 fratrem
624 4999 666 5052 vel
679 4998 785 5052 abbates
796 5012 824 5053 se
839 5001 956 5055 oratiam¹
1007 5005 1157 5067 currerent,
1168 4997 1256 5054 immo
1274 5004 1302 5054 et
1316 4994 1502 5125 affcultum,
1522 5003 1551 5054 et
1571 4995 1730 5070 colligendis
1744 4994 1805 5054 iru-

152 5064 343 5119 eommeadeat.
360 5067 396 5120 Et
407 5062 476 5120 inira
493 5085 499 5121 :
515 5068 567 5124 Nec
575 5074 725 5137 presumat
736 5071 880 5139 quisquam
890 5072 954 5126 aliis
1006 5069 1107 5137 ctibm,
1126 5084 1158 5125 nc
1178 5067 1314 5125 metendis
1365 5068 1461 5142 ugibus
1477 5083 1527 5125 sua
1549 5075 1673 5140 tempore
1691 5082 1804 5138 operam

151 5135 433 5206 resereqeoeetmque
447 5138 518 5204 soris
531 5143 719 5194 maiestatem
731 5141 885 5196 machicol
899 5157 953 5196 ae·
1006 5139 1121 5208 dabant,
1146 5156 1200 5212 quo
1221 5149 1280 5196 tum
1302 5139 1438 5207 sibi,tum
1453 5140 1522 5204 aliis,
1541 5139 1645 5194 victum
1677 5146 1803 5206 ararent,

152 5205 244 5269 derit
257 5210 322 5275 qaia
334 5209 456 5279 plurima
469 5209 612 5264 hstractio
626 5215 674 5266 est.
688 5211 765 5278 Quod
778 5213 803 5266 si
815 5215 876 5281 quis
888 5228 954 5282 pre·
1007 5219 1101 5284 utpote
1112 5211 1170 5268 laici
1184 5210 1315 5284 plerique,
1330 5219 1357 5266 et
1371 5226 1428 5266 non
1446 5209 1508 5266 aliis
1522 5154 1709 5265 iunctioniius
1723 5224 1804 5265 occu·

151 5279 306 5346 sumpserit,
318 5280 574 5350 vindictarepelari
580 5280 956 5354 subjaceatsimt'llteretqai
1007 5283 1076 5355 pati,
1088 5291 1120 5341 ut
1140 5284 1206 5339 alias
1219 5281 1326 5340 dictum
1340 5289 1391 5349 est,
1407 5288 1435 5338 et
1453 5287 1530 5353 patet
1548 5288 1606 5337 tunt
1621 5295 1652 5335 ex
1667 5279 1719 5336 hoo
1732 5279 1803 5350 loco,

149 5351 351 5418 mosampsertt
366 5352 487 5409 statere
499 5355 655 5408 monasterii
664 5354 764 5422 egredi,
781 5355 823 5410 eet
833 5371 955 5426 quocum-
1006 5362 1066 5411 tum
1081 5370 1114 5410 er
1125 5355 1184 5411 aliis
1194 5370 1265 5427 saepe
1277 5353 1387 5411 notatis.

152 5434 204 5490 que
216 5420 264 5487 ile,
276 5420 318 5474 vil
336 5422 480 5491 quidpiam
496 5423 628 5496 (semeis
639 5427 751 5496 parem)
768 5428 826 5482 siae
835 5427 954 5497 jussione
1042 5426 1055 5461 l
1069 5428 1106 5481 lle
1120 5427 1212 5482 abside
1224 5441 1272 5483 seu
1284 5425 1379 5499 apside
1393 5422 1460 5480 mihi
1473 5423 1560 5496 placet
1581 5421 1702 5480 Cieconii
1718 5437 1804 5479 anno·

152 5490 259 5547 abbatis
276 5492 373 5559 sacae.
391 5490 496 5550 Eadem
514 5504 620 5567 spectat
642 5504 670 5552 et
686 5496 763 5559 illud,
787 5498 861 5570 quod
876 5514 900 5553 c.
917 5504 949 5554 st
1007 5496 1085 5563 tatio,
1100 5510 1183 5567 quam
1200 5511 1251 5553 neo
1264 5512 1314 5553 suo
1329 5496 1432 5552 honore
1444 5493 1571 5551 fraudare
1587 5493 1677 5564 velim,
1694 5509 1745 5550 nec
1765 5493 1804 5551 le·

151 5562 266 5633 Regula
278 5562 410 5619 statuitur
421 5562 457 5620 de
467 5562 598 5624 basibus
606 5568 652 5640 qui
665 5584 721 5625 non
729 5567 797 5624 satis
805 5568 885 5641 longe
896 5584 954 5639 pro·
1006 5568 1075 5625 ctori
1103 5566 1234 5635 invidere,
1258 5567 1399 5625 additurus
1417 5574 1509 5623 tamen
1538 5564 1561 5621 si
1585 5563 1653 5637 quid
1673 5574 1803 5638 praeterea

151 5631 315 5690 fl⁰l⁵⁰¹¹¹¹t⁰r
328 5652 335 5690 ²
350 5637 470 5703 Flam&
482 5639 588 5709 etipsa
601 5643 694 5710 qaoeis
705 5655 832 5711 responso
842 5643 953 5712 profici·
1006 5638 1117 5696 aliunde
1130 5639 1291 5700 occurrerit.
1305 5639 1399 5706 Absis,
1422 5637 1519 5710 iuquit,
1533 5636 1587 5708 dbis
1600 5638 1688 5695 deese
1704 5639 1805 5705 sormi-

145 5709 275 5768 ,sceattaz
294 5709 319 5759 el
333 5721 363 5760 ea
377 5706 458 5763 disee
468 5713 577 5778 meam
589 5714 687 5767 receti
699 5711 736 5767 ad
749 5714 951 5777 monesterium,
1005 5727 1070 5779 sem,
1086 5713 1142 5767 sice
1152 5727 1245 5767 ereum
1258 5713 1404 5781 significet.
1421 5711 1480 5766 Dio.
1502 5728 1510 5764 :
1528 5707 1612 5777 delore
1626 5709 1803 5780 τροπαιοφόρος

151 5792 204 5833 aee
212 5782 381 5848 presumant
396 5779 465 5846 seris
483 5779 661 5847 meedeeere,
684 5785 791 5840 etiamsi
811 5785 953 5840 omeieoa
1005 5781 1696 5856 damoiselle,idest,!omis,sieearetsstriampbalts
1704 5783 1803 5837 erectae
