<?xml version="1.0" encoding="UTF-8"?>
<!DOCTYPE html PUBLIC "-//W3C//DTD XHTML 1.0 Transitional//EN"
    "http://www.w3.org/TR/xhtml1/DTD/xhtml1-transitional.dtd">
<html xmlns="http://www.w3.org/1999/xhtml" xml:lang="en" lang="en">
 <head>
  <title>
</title>
<meta http-equiv="Content-Type" content="text/html;charset=utf-8" />
  <meta name='ocr-system' content='tesseract 3.04.00' />
  <meta name='ocr-capabilities' content='ocr_page ocr_carea ocr_par ocr_line ocrx_word'/>
</head>
<body>
  <div class='ocr_page' id='page_1' title='image "./patrologiaecurs29unkngoog_0442.png"; bbox 0 0 3848 6158; ppageno 0'>
   <div class='ocr_carea' id='block_1_1' title="bbox 129 234 182 291">
    <p class='ocr_par' dir='ltr' id='par_1_1' title="bbox 129 234 182 291">
     <span class='ocr_line' id='line_1_1' title="bbox 129 234 182 291; baseline -0.038 0"><span class='ocrx_word' id='word_1_1' title='bbox 129 234 182 291; x_wconf 84' lang='lat' dir='ltr'><strong>tes</strong></span> 
     </span>
    </p>
   </div>
   <div class='ocr_carea' id='block_1_2' title="bbox 669 226 972 285">
    <p class='ocr_par' dir='ltr' id='par_1_2' title="bbox 669 226 972 285">
     <span class='ocr_line' id='line_1_2' title="bbox 669 226 972 285; baseline 0 -2"><span class='ocrx_word' id='word_1_2' title='bbox 669 226 840 285; x_wconf 81' lang='lat' dir='ltr'><strong>COLLthO</strong></span> <span class='ocrx_word' id='word_1_3' title='bbox 859 226 916 283; x_wconf 84' lang='lat' dir='ltr'><strong>xtt.</strong></span> <span class='ocrx_word' id='word_1_4' title='bbox 935 256 972 269; x_wconf 89' lang='lat'><em>-</em></span> 
     </span>
    </p>
   </div>
   <div class='ocr_carea' id='block_1_3' title="bbox 990 228 1793 299">
    <p class='ocr_par' dir='ltr' id='par_1_3' title="bbox 990 228 1793 299">
     <span class='ocr_line' id='line_1_3' title="bbox 990 228 1793 299; baseline 0.002 -14"><span class='ocrx_word' id='word_1_5' title='bbox 990 228 1035 285; x_wconf 84' lang='lat' dir='ltr'><strong>nn</strong></span> <span class='ocrx_word' id='word_1_6' title='bbox 1053 228 1256 287; x_wconf 79' lang='lat' dir='ltr'><strong>casuram.</strong></span> <span class='ocrx_word' id='word_1_7' title='bbox 1740 243 1793 299; x_wconf 61' lang='grc' dir='ltr'><strong>οη)</strong></span> 
     </span>
    </p>
   </div>
   <div class='ocr_carea' id='block_1_4' title="bbox 129 332 1793 437">
    <p class='ocr_par' dir='ltr' id='par_1_4' title="bbox 129 332 1793 437">
     <span class='ocr_line' id='line_1_4' title="bbox 129 332 1793 437; baseline 0.005 -25"><span class='ocrx_word' id='word_1_8' title='bbox 129 332 930 431; x_wconf 71' lang='lat' dir='ltr'><strong>spirituseuimpromptuscst,curouutemiultrmulllluttlr.</strong></span> <span class='ocrx_word' id='word_1_9' title='bbox 947 357 1049 426; x_wconf 75' lang='lat' dir='ltr'><strong>Aqua</strong></span> <span class='ocrx_word' id='word_1_10' title='bbox 1066 352 1239 423; x_wconf 87' lang='lat' dir='ltr'><strong>desideratis,</strong></span> <span class='ocrx_word' id='word_1_11' title='bbox 1257 353 1415 429; x_wconf 83' lang='lat' dir='ltr'><strong>diligentius</strong></span> <span class='ocrx_word' id='word_1_12' title='bbox 1426 357 1589 433; x_wconf 79' lang='lat' dir='ltr'><strong>indaganda,</strong></span> <span class='ocrx_word' id='word_1_13' title='bbox 1607 362 1706 421; x_wconf 90' lang='lat' dir='ltr'><strong>mentis</strong></span> <span class='ocrx_word' id='word_1_14' title='bbox 1725 380 1793 437; x_wconf 92' lang='lat' dir='ltr'><strong>qno·</strong></span> 
     </span>
    </p>
   </div>
   <div class='ocr_carea' id='block_1_5' title="bbox 128 448 937 616">
    <p class='ocr_par' dir='ltr' id='par_1_5' title="bbox 128 448 937 616">
     <span class='ocr_line' id='line_1_5' title="bbox 128 448 936 524; baseline -0.01 -11"><span class='ocrx_word' id='word_1_15' title='bbox 128 458 235 521; x_wconf 76' lang='lat' dir='ltr'><strong>xxvrlr</strong></span> <span class='ocrx_word' id='word_1_16' title='bbox 251 466 314 524; x_wconf 78' lang='lat' dir='ltr'><strong>quae</strong></span> <span class='ocrx_word' id='word_1_17' title='bbox 332 450 416 508; x_wconf 92' lang='lat' dir='ltr'><strong>etiam</strong></span> <span class='ocrx_word' id='word_1_18' title='bbox 438 464 513 505; x_wconf 90' lang='lat' dir='ltr'><strong>nunc</strong></span> <span class='ocrx_word' id='word_1_19' title='bbox 527 448 567 504; x_wconf 85' lang='lat' dir='ltr'><strong>rel</strong></span> <span class='ocrx_word' id='word_1_20' title='bbox 582 448 673 521; x_wconf 78' lang='lat' dir='ltr'><strong>exigui</strong></span> <span class='ocrx_word' id='word_1_21' title='bbox 687 448 740 505; x_wconf 91' lang='lat' dir='ltr'><strong>cibi</strong></span> <span class='ocrx_word' id='word_1_22' title='bbox 759 448 936 521; x_wconf 75' lang='lat' dir='ltr'>perceptione</span> 
     </span>
     <span class='ocr_line' id='line_1_6' title="bbox 129 541 937 616; baseline -0.005 -13"><span class='ocrx_word' id='word_1_23' title='bbox 129 545 250 603; x_wconf 86' lang='lat' dir='ltr'><strong>curanda</strong></span> <span class='ocrx_word' id='word_1_24' title='bbox 262 553 313 613; x_wconf 85' lang='lat' dir='ltr'><strong>est,</strong></span> <span class='ocrx_word' id='word_1_25' title='bbox 332 552 364 601; x_wconf 90' lang='lat' dir='ltr'><strong>ut</strong></span> <span class='ocrx_word' id='word_1_26' title='bbox 378 551 439 615; x_wconf 92' lang='lat' dir='ltr'><strong>post</strong></span> <span class='ocrx_word' id='word_1_27' title='bbox 452 541 648 616; x_wconf 75' lang='lat' dir='ltr'><strong>perfectionem</strong></span> <span class='ocrx_word' id='word_1_28' title='bbox 662 542 732 615; x_wconf 75' lang='lat' dir='ltr'><strong>eius,</strong></span> <span class='ocrx_word' id='word_1_29' title='bbox 756 541 839 599; x_wconf 89' lang='lat' dir='ltr'><strong>etiarn</strong></span> <span class='ocrx_word' id='word_1_30' title='bbox 855 541 889 598; x_wconf 89' lang='lat' dir='ltr'><strong>ad</strong></span> <span class='ocrx_word' id='word_1_31' title='bbox 903 558 937 599; x_wconf 89' lang='lat' dir='ltr'><strong>ea</strong></span> 
     </span>
    </p>
   </div>
   <div class='ocr_carea' id='block_1_6' title="bbox 989 449 1316 521">
    <p class='ocr_par' dir='ltr' id='par_1_6' title="bbox 989 449 1316 521">
     <span class='ocr_line' id='line_1_7' title="bbox 989 449 1316 521; baseline 0.018 -18"><span class='ocrx_word' id='word_1_32' title='bbox 989 463 1044 521; x_wconf 91' lang='lat' dir='ltr'><strong>que</strong></span> <span class='ocrx_word' id='word_1_33' title='bbox 1058 449 1177 507; x_wconf 84' lang='lat' dir='ltr'><strong>addatur</strong></span> <span class='ocrx_word' id='word_1_34' title='bbox 1190 450 1316 509; x_wconf 90' lang='lat' dir='ltr'><strong>intentio.</strong></span> 
     </span>
    </p>
   </div>
   <div class='ocr_carea' id='block_1_7' title="bbox 492 796 1427 920">
    <p class='ocr_par' dir='ltr' id='par_1_7' title="bbox 492 796 1427 920">
     <span class='ocr_line' id='line_1_8' title="bbox 492 796 1427 920; baseline 0.002 -21"><span class='ocrx_word' id='word_1_35' title='bbox 492 796 886 899; x_wconf 82' lang='lat' dir='ltr'><em>COLLATIO</em></span> <span class='ocrx_word' id='word_1_36' title='bbox 927 796 1427 920; x_wconf 78' lang='lat' dir='ltr'><em>DUODECIMA,</em></span> 
     </span>
    </p>
   </div>
   <div class='ocr_carea' id='block_1_8' title="bbox 599 965 1324 1141">
    <p class='ocr_par' dir='ltr' id='par_1_8' title="bbox 599 965 1324 1141">
     <span class='ocr_line' id='line_1_9' title="bbox 599 965 1324 1044; baseline 0.003 -11"><span class='ocrx_word' id='word_1_37' title='bbox 599 971 678 1044; x_wconf 75' lang='lat' dir='ltr'><strong>Quae</strong></span> <span class='ocrx_word' id='word_1_38' title='bbox 695 972 746 1035; x_wconf 88' lang='lat' dir='ltr'><strong>esl</strong></span> <span class='ocrx_word' id='word_1_39' title='bbox 765 966 914 1034; x_wconf 85' lang='lat' dir='ltr'><strong>secunda</strong></span> <span class='ocrx_word' id='word_1_40' title='bbox 933 965 1066 1033; x_wconf 84' lang='lat' dir='ltr'><strong>abbatis</strong></span> <span class='ocrx_word' id='word_1_41' title='bbox 1084 967 1324 1035; x_wconf 83' lang='lat' dir='ltr'><strong>Chaeremonis.</strong></span> 
     </span>
     <span class='ocr_line' id='line_1_10' title="bbox 842 1089 1087 1141; baseline -0.004 -1"><span class='ocrx_word' id='word_1_42' title='bbox 842 1090 883 1141; x_wconf 78' lang='lat' dir='ltr'><strong>ott</strong></span> <span class='ocrx_word' id='word_1_43' title='bbox 901 1089 1087 1141; x_wconf 81' lang='lat' dir='ltr'><strong>cnstttntn.</strong></span> 
     </span>
    </p>
   </div>
   <div class='ocr_carea' id='block_1_9' title="bbox 888 1230 1047 1243">
    <p class='ocr_par' dir='ltr' id='par_1_9' title="bbox 888 1230 1047 1243">
     <span class='ocr_line' id='line_1_11' title="bbox 888 1230 1047 1243; baseline 0 0"><span class='ocrx_word' id='word_1_44' title='bbox 888 1230 1047 1243; x_wconf 44' lang='lat' dir='ltr'><strong>—ss</strong></span> 
     </span>
    </p>
   </div>
   <div class='ocr_carea' id='block_1_10' title="bbox 134 1328 938 1775">
    <p class='ocr_par' dir='ltr' id='par_1_10' title="bbox 134 1328 938 1775">
     <span class='ocr_line' id='line_1_12' title="bbox 386 1328 690 1385; baseline -0.016 -1"><span class='ocrx_word' id='word_1_45' title='bbox 386 1328 506 1385; x_wconf 81' lang='lat' dir='ltr'><strong>CAPUT</strong></span> <span class='ocrx_word' id='word_1_46' title='bbox 533 1330 690 1385; x_wconf 80' lang='lat' dir='ltr'><strong>antttnt.</strong></span> 
     </span>
     <span class='ocr_line' id='line_1_13' title="bbox 168 1419 937 1494; baseline -0.003 -16"><span class='ocrx_word' id='word_1_47' title='bbox 168 1421 328 1478; x_wconf 76' lang='lat' dir='ltr'><strong>helectionc</strong></span> <span class='ocrx_word' id='word_1_48' title='bbox 353 1431 502 1489; x_wconf 87' lang='lat' dir='ltr'><strong>transacta,</strong></span> <span class='ocrx_word' id='word_1_49' title='bbox 525 1438 585 1494; x_wconf 83' lang='lat' dir='ltr'><strong>qum</strong></span> <span class='ocrx_word' id='word_1_50' title='bbox 603 1421 737 1478; x_wconf 81' lang='lat' dir='ltr'><strong>doctrines</strong></span> <span class='ocrx_word' id='word_1_51' title='bbox 756 1420 850 1477; x_wconf 91' lang='lat' dir='ltr'><strong>cibum</strong></span> <span class='ocrx_word' id='word_1_52' title='bbox 864 1419 937 1477; x_wconf 90' lang='lat' dir='ltr'><strong>desi-</strong></span> 
     </span>
     <span class='ocr_line' id='line_1_14' title="bbox 134 1514 937 1589; baseline -0.004 -17"><span class='ocrx_word' id='word_1_53' title='bbox 134 1515 295 1572; x_wconf 90' lang='lat' dir='ltr'><strong>derantibus</strong></span> <span class='ocrx_word' id='word_1_54' title='bbox 316 1516 396 1572; x_wconf 92' lang='lat' dir='ltr'><strong>nobis</strong></span> <span class='ocrx_word' id='word_1_55' title='bbox 421 1532 535 1573; x_wconf 92' lang='lat' dir='ltr'><strong>onerosa</strong></span> <span class='ocrx_word' id='word_1_56' title='bbox 558 1514 643 1589; x_wconf 83' lang='lat' dir='ltr'><strong>magis</strong></span> <span class='ocrx_word' id='word_1_57' title='bbox 659 1516 718 1572; x_wconf 87' lang='lat' dir='ltr'><strong>risa</strong></span> <span class='ocrx_word' id='word_1_58' title='bbox 736 1524 776 1572; x_wconf 92' lang='lat' dir='ltr'><strong>cst</strong></span> <span class='ocrx_word' id='word_1_59' title='bbox 792 1530 876 1587; x_wconf 90' lang='lat' dir='ltr'><strong>quam</strong></span> <span class='ocrx_word' id='word_1_60' title='bbox 892 1514 937 1585; x_wconf 84' lang='lat' dir='ltr'><strong>ju-</strong></span> 
     </span>
     <span class='ocr_line' id='line_1_15' title="bbox 134 1609 938 1683; baseline 0.001 -20"><span class='ocrx_word' id='word_1_61' title='bbox 134 1609 244 1679; x_wconf 92' lang='lat' dir='ltr'><strong>cunda,</strong></span> <span class='ocrx_word' id='word_1_62' title='bbox 268 1625 332 1665; x_wconf 93' lang='lat' dir='ltr'><strong>cum</strong></span> <span class='ocrx_word' id='word_1_63' title='bbox 355 1611 425 1667; x_wconf 88' lang='lat' dir='ltr'><strong>illico</strong></span> <span class='ocrx_word' id='word_1_64' title='bbox 439 1626 490 1667; x_wconf 93' lang='lat' dir='ltr'><strong>nos</strong></span> <span class='ocrx_word' id='word_1_65' title='bbox 509 1610 635 1683; x_wconf 90' lang='lat' dir='ltr'><strong>promissi</strong></span> <span class='ocrx_word' id='word_1_66' title='bbox 654 1610 789 1667; x_wconf 90' lang='lat' dir='ltr'><strong>sermonis</strong></span> <span class='ocrx_word' id='word_1_67' title='bbox 812 1609 938 1666; x_wconf 91' lang='lat' dir='ltr'><strong>debitum</strong></span> 
     </span>
     <span class='ocr_line' id='line_1_16' title="bbox 134 1700 937 1775; baseline -0.002 -18"><span class='ocrx_word' id='word_1_68' title='bbox 134 1716 218 1758; x_wconf 84' lang='lat' dir='ltr'><strong>senex</strong></span> <span class='ocrx_word' id='word_1_69' title='bbox 233 1711 388 1774; x_wconf 81' lang='lat' dir='ltr'><strong>exspectare</strong></span> <span class='ocrx_word' id='word_1_70' title='bbox 402 1703 552 1759; x_wconf 85' lang='lat' dir='ltr'><strong>sensisset:</strong></span> <span class='ocrx_word' id='word_1_71' title='bbox 574 1704 658 1759; x_wconf 88' lang='lat' dir='ltr'><strong>Grata</strong></span> <span class='ocrx_word' id='word_1_72' title='bbox 672 1711 732 1771; x_wconf 88' lang='lat' dir='ltr'><strong>est,</strong></span> <span class='ocrx_word' id='word_1_73' title='bbox 748 1703 854 1775; x_wconf 92' lang='lat' dir='ltr'><strong>inquit,</strong></span> <span class='ocrx_word' id='word_1_74' title='bbox 869 1700 937 1757; x_wconf 92' lang='lat' dir='ltr'><strong>mihi</strong></span> 
     </span>
    </p>
   </div>
   <div class='ocr_carea' id='block_1_11' title="bbox 991 1329 1798 1777">
    <p class='ocr_par' dir='ltr' id='par_1_11' title="bbox 991 1329 1798 1777">
     <span class='ocr_line' id='line_1_17' title="bbox 994 1329 1795 1402; baseline 0.01 -21"><span class='ocrx_word' id='word_1_75' title='bbox 994 1329 1111 1382; x_wconf 87' lang='lat' dir='ltr'><strong>merudru</strong></span> <span class='ocrx_word' id='word_1_76' title='bbox 1132 1334 1220 1384; x_wconf 80' lang='lat' dir='ltr'><strong>cestre</strong></span> <span class='ocrx_word' id='word_1_77' title='bbox 1234 1344 1293 1399; x_wconf 78' lang='lat' dir='ltr'><strong>quoe</strong></span> <span class='ocrx_word' id='word_1_78' title='bbox 1309 1334 1373 1384; x_wconf 80' lang='lat' dir='ltr'><strong>sutri</strong></span> <span class='ocrx_word' id='word_1_79' title='bbox 1388 1344 1470 1400; x_wconf 85' lang='lat' dir='ltr'><strong>super</strong></span> <span class='ocrx_word' id='word_1_80' title='bbox 1489 1336 1589 1387; x_wconf 82' lang='lat' dir='ltr'><strong>terrum</strong></span> <span class='ocrx_word' id='word_1_81' title='bbox 1605 1330 1713 1402; x_wconf 76' lang='lat' dir='ltr'><strong>(coloss.</strong></span> <span class='ocrx_word' id='word_1_82' title='bbox 1735 1340 1795 1400; x_wconf 90' lang='grc' dir='ltr'><strong>ιιι).</strong></span> 
     </span>
     <span class='ocr_line' id='line_1_18' title="bbox 992 1420 1796 1497; baseline 0.007 -21"><span class='ocrx_word' id='word_1_83' title='bbox 992 1420 1073 1476; x_wconf 86' lang='lat' dir='ltr'><strong>Prius</strong></span> <span class='ocrx_word' id='word_1_84' title='bbox 1086 1436 1150 1495; x_wconf 81' lang='lat' dir='ltr'><strong>ergo</strong></span> <span class='ocrx_word' id='word_1_85' title='bbox 1166 1438 1249 1494; x_wconf 88' lang='lat' dir='ltr'><strong>quarn</strong></span> <span class='ocrx_word' id='word_1_86' title='bbox 1264 1432 1361 1480; x_wconf 83' lang='lat' dir='ltr'><strong>caetera</strong></span> <span class='ocrx_word' id='word_1_87' title='bbox 1376 1432 1589 1495; x_wconf 79' lang='lat' dir='ltr'><strong>perscrutemur,</strong></span> <span class='ocrx_word' id='word_1_88' title='bbox 1601 1441 1662 1497; x_wconf 85' lang='lat' dir='ltr'><strong>qum</strong></span> <span class='ocrx_word' id='word_1_89' title='bbox 1676 1426 1726 1481; x_wconf 86' lang='lat' dir='ltr'><strong>ista</strong></span> <span class='ocrx_word' id='word_1_90' title='bbox 1739 1427 1796 1482; x_wconf 90' lang='lat' dir='ltr'><strong>sint</strong></span> 
     </span>
     <span class='ocr_line' id='line_1_19' title="bbox 991 1514 1793 1590; baseline 0.007 -20"><span class='ocrx_word' id='word_1_91' title='bbox 991 1514 1116 1570; x_wconf 88' lang='lat' dir='ltr'><strong>membra</strong></span> <span class='ocrx_word' id='word_1_92' title='bbox 1151 1532 1212 1587; x_wconf 83' lang='lat' dir='ltr'><strong>qum</strong></span> <span class='ocrx_word' id='word_1_93' title='bbox 1234 1516 1395 1573; x_wconf 85' lang='lat' dir='ltr'><strong>mortilicari</strong></span> <span class='ocrx_word' id='word_1_94' title='bbox 1420 1518 1598 1589; x_wconf 79' lang='lat' dir='ltr'><strong>praeceperit,</strong></span> <span class='ocrx_word' id='word_1_95' title='bbox 1623 1518 1793 1590; x_wconf 80' lang='lat' dir='ltr'><strong>indagemus.</strong></span> 
     </span>
     <span class='ocr_line' id='line_1_20' title="bbox 992 1609 1793 1682; baseline 0.002 -15"><span class='ocrx_word' id='word_1_96' title='bbox 992 1611 1107 1681; x_wconf 66' lang='lat' dir='ltr'><strong>”Neque</strong></span> <span class='ocrx_word' id='word_1_97' title='bbox 1119 1609 1193 1665; x_wconf 90' lang='lat' dir='ltr'><strong>enim</strong></span> <span class='ocrx_word' id='word_1_98' title='bbox 1204 1611 1300 1667; x_wconf 88' lang='lat' dir='ltr'><strong>beatus</strong></span> <span class='ocrx_word' id='word_1_99' title='bbox 1312 1611 1463 1682; x_wconf 79' lang='lat' dir='ltr'><strong>Apostolus</strong></span> <span class='ocrx_word' id='word_1_100' title='bbox 1475 1612 1509 1667; x_wconf 92' lang='lat' dir='ltr'><strong>ad</strong></span> <span class='ocrx_word' id='word_1_101' title='bbox 1522 1612 1719 1668; x_wconf 83' lang='lat' dir='ltr'><strong>abscissionem</strong></span> <span class='ocrx_word' id='word_1_102' title='bbox 1733 1629 1793 1669; x_wconf 86' lang='lat' dir='ltr'><strong>ma-</strong></span> 
     </span>
     <span class='ocr_line' id='line_1_21' title="bbox 993 1704 1798 1777; baseline 0.005 -19"><span class='ocrx_word' id='word_1_103' title='bbox 993 1719 1080 1759; x_wconf 91' lang='lat' dir='ltr'><strong>nuum</strong></span> <span class='ocrx_word' id='word_1_104' title='bbox 1096 1712 1144 1759; x_wconf 89' lang='lat' dir='ltr'><strong>aut</strong></span> <span class='ocrx_word' id='word_1_105' title='bbox 1154 1704 1263 1775; x_wconf 92' lang='lat' dir='ltr'><strong>pedum,</strong></span> <span class='ocrx_word' id='word_1_106' title='bbox 1280 1713 1328 1760; x_wconf 87' lang='lat' dir='ltr'><strong>aut</strong></span> <span class='ocrx_word' id='word_1_107' title='bbox 1343 1706 1505 1777; x_wconf 78' lang='lat' dir='ltr'><strong>genitalium</strong></span> <span class='ocrx_word' id='word_1_108' title='bbox 1517 1706 1620 1761; x_wconf 88' lang='lat' dir='ltr'><strong>immiti</strong></span> <span class='ocrx_word' id='word_1_109' title='bbox 1633 1722 1683 1761; x_wconf 93' lang='lat' dir='ltr'><strong>nos</strong></span> <span class='ocrx_word' id='word_1_110' title='bbox 1695 1721 1798 1777; x_wconf 83' lang='lat' dir='ltr'><strong>praece·</strong></span> 
     </span>
    </p>
   </div>
   <div class='ocr_carea' id='block_1_12' title="bbox 133 1764 1796 1871">
    <p class='ocr_par' dir='ltr' id='par_1_12' title="bbox 133 1764 1796 1871">
     <span class='ocr_line' id='line_1_22' title="bbox 133 1764 1796 1871; baseline 0.004 -20"><span class='ocrx_word' id='word_1_111' title='bbox 133 1811 190 1853; x_wconf 94' lang='lat' dir='ltr'><strong>non</strong></span> <span class='ocrx_word' id='word_1_112' title='bbox 205 1798 295 1852; x_wconf 92' lang='lat' dir='ltr'><strong>solum</strong></span> <span class='ocrx_word' id='word_1_113' title='bbox 314 1798 430 1853; x_wconf 89' lang='lat' dir='ltr'><strong>attonita</strong></span> <span class='ocrx_word' id='word_1_114' title='bbox 442 1796 475 1853; x_wconf 91' lang='lat' dir='ltr'><strong>ad</strong></span> <span class='ocrx_word' id='word_1_115' title='bbox 490 1796 651 1855; x_wconf 88' lang='lat' dir='ltr'><strong>discendum</strong></span> <span class='ocrx_word' id='word_1_116' title='bbox 672 1805 770 1853; x_wconf 77' lang='lat' dir='ltr'><strong>vestrm</strong></span> <span class='ocrx_word' id='word_1_117' title='bbox 788 1798 889 1853; x_wconf 92' lang='lat' dir='ltr'><strong>mentis</strong></span> <span class='ocrx_word' id='word_1_118' title='bbox 904 1764 978 1851; x_wconf 87' lang='lat' dir='ltr'><strong>in·B</strong></span> <span class='ocrx_word' id='word_1_119' title='bbox 995 1797 1087 1866; x_wconf 91' lang='lat' dir='ltr'><strong>ptione</strong></span> <span class='ocrx_word' id='word_1_120' title='bbox 1111 1798 1261 1870; x_wconf 83' lang='lat' dir='ltr'><strong>compellit,</strong></span> <span class='ocrx_word' id='word_1_121' title='bbox 1277 1798 1325 1855; x_wconf 91' lang='lat' dir='ltr'><strong>sed</strong></span> <span class='ocrx_word' id='word_1_122' title='bbox 1340 1808 1350 1833; x_wconf 73' lang='lat'><em>⁰</em></span> <span class='ocrx_word' id='word_1_123' title='bbox 1365 1814 1464 1871; x_wconf 87' lang='lat' dir='ltr'><strong>eorpus</strong></span> <span class='ocrx_word' id='word_1_124' title='bbox 1478 1799 1592 1871; x_wconf 89' lang='lat' dir='ltr'><strong>pcccati,</strong></span> <span class='ocrx_word' id='word_1_125' title='bbox 1607 1798 1682 1871; x_wconf 93' lang='lat' dir='ltr'><strong>qnod</strong></span> <span class='ocrx_word' id='word_1_126' title='bbox 1701 1798 1796 1871; x_wconf 88' lang='lat' dir='ltr'><strong>utique</strong></span> 
     </span>
    </p>
   </div>
   <div class='ocr_carea' id='block_1_13' title="bbox 135 1891 942 3090">
    <p class='ocr_par' dir='ltr' id='par_1_13' title="bbox 135 1891 942 3090">
     <span class='ocr_line' id='line_1_23' title="bbox 135 1891 937 1965; baseline 0.001 -20"><span class='ocrx_word' id='word_1_127' title='bbox 135 1892 243 1958; x_wconf 91' lang='lat' dir='ltr'><strong>tentio,</strong></span> <span class='ocrx_word' id='word_1_128' title='bbox 267 1891 414 1947; x_wconf 85' lang='lat' dir='ltr'><strong>sedetiam</strong></span> <span class='ocrx_word' id='word_1_129' title='bbox 443 1891 587 1963; x_wconf 90' lang='lat' dir='ltr'><strong>disciplina</strong></span> <span class='ocrx_word' id='word_1_130' title='bbox 606 1894 753 1963; x_wconf 73' lang='lat' dir='ltr'><strong>propositae</strong></span> <span class='ocrx_word' id='word_1_131' title='bbox 767 1892 937 1965; x_wconf 68' lang='lat' dir='ltr'><strong>quaestionis.</strong></span> 
     </span>
     <span class='ocr_line' id='line_1_24' title="bbox 136 1984 940 2056; baseline 0.005 -19"><span class='ocrx_word' id='word_1_132' title='bbox 136 1984 320 2039; x_wconf 87' lang='lat' dir='ltr'><strong>Rationabilis</strong></span> <span class='ocrx_word' id='word_1_133' title='bbox 347 1986 420 2040; x_wconf 91' lang='lat' dir='ltr'><strong>enim</strong></span> <span class='ocrx_word' id='word_1_134' title='bbox 453 2000 546 2040; x_wconf 78' lang='lat' dir='ltr'><strong>resera</strong></span> <span class='ocrx_word' id='word_1_135' title='bbox 571 1986 794 2056; x_wconf 78' lang='lat' dir='ltr'><strong>interrogationis</strong></span> <span class='ocrx_word' id='word_1_136' title='bbox 818 2003 834 2042; x_wconf 92' lang='lat' dir='ltr'><strong>a</strong></span> <span class='ocrx_word' id='word_1_137' title='bbox 864 1986 940 2041; x_wconf 83' lang='lat' dir='ltr'><strong>robis</strong></span> 
     </span>
     <span class='ocr_line' id='line_1_25' title="bbox 137 2074 940 2136; baseline 0.006 -5"><span class='ocrx_word' id='word_1_138' title='bbox 137 2074 207 2131; x_wconf 92' lang='lat' dir='ltr'><strong>ordo</strong></span> <span class='ocrx_word' id='word_1_139' title='bbox 223 2087 344 2133; x_wconf 85' lang='lat' dir='ltr'><strong>serratus</strong></span> <span class='ocrx_word' id='word_1_140' title='bbox 364 2085 416 2133; x_wconf 88' lang='lat' dir='ltr'><strong>est.</strong></span> <span class='ocrx_word' id='word_1_141' title='bbox 432 2080 549 2133; x_wconf 87' lang='lat' dir='ltr'><strong>Necesse</strong></span> <span class='ocrx_word' id='word_1_142' title='bbox 562 2087 603 2135; x_wconf 90' lang='lat' dir='ltr'><strong>est</strong></span> <span class='ocrx_word' id='word_1_143' title='bbox 617 2079 691 2133; x_wconf 93' lang='lat' dir='ltr'><strong>enim</strong></span> <span class='ocrx_word' id='word_1_144' title='bbox 705 2086 737 2134; x_wconf 89' lang='lat' dir='ltr'><strong>ut</strong></span> <span class='ocrx_word' id='word_1_145' title='bbox 749 2087 807 2134; x_wconf 87' lang='lat' dir='ltr'><strong>tam</strong></span> <span class='ocrx_word' id='word_1_146' title='bbox 828 2080 940 2136; x_wconf 79' lang='lat' dir='ltr'><strong>encelsee</strong></span> 
     </span>
     <span class='ocr_line' id='line_1_26' title="bbox 135 2168 941 2243; baseline 0.005 -20"><span class='ocrx_word' id='word_1_147' title='bbox 135 2168 334 2241; x_wconf 89' lang='lat' dir='ltr'><strong>plenitudinem</strong></span> <span class='ocrx_word' id='word_1_148' title='bbox 350 2172 491 2228; x_wconf 87' lang='lat' dir='ltr'><strong>charitatis</strong></span> <span class='ocrx_word' id='word_1_149' title='bbox 519 2170 652 2228; x_wconf 90' lang='lat' dir='ltr'><strong>immensa</strong></span> <span class='ocrx_word' id='word_1_150' title='bbox 677 2173 723 2228; x_wconf 86' lang='lat' dir='ltr'><strong>illa</strong></span> <span class='ocrx_word' id='word_1_151' title='bbox 750 2170 878 2243; x_wconf 71' lang='lat' dir='ltr'><strong>periectas</strong></span> <span class='ocrx_word' id='word_1_152' title='bbox 898 2180 941 2227; x_wconf 88' lang='lat' dir='ltr'><strong>at-</strong></span> 
     </span>
     <span class='ocr_line' id='line_1_27' title="bbox 136 2265 942 2337; baseline 0.002 -20"><span class='ocrx_word' id='word_1_153' title='bbox 136 2278 190 2334; x_wconf 90' lang='lat' dir='ltr'><strong>que</strong></span> <span class='ocrx_word' id='word_1_154' title='bbox 216 2273 355 2335; x_wconf 84' lang='lat' dir='ltr'><strong>perpetum</strong></span> <span class='ocrx_word' id='word_1_155' title='bbox 385 2266 557 2321; x_wconf 74' lang='lat' dir='ltr'><strong>castimoniae</strong></span> <span class='ocrx_word' id='word_1_156' title='bbox 582 2265 694 2336; x_wconf 77' lang='lat' dir='ltr'><strong>prumia</strong></span> <span class='ocrx_word' id='word_1_157' title='bbox 724 2272 942 2337; x_wconf 87' lang='lat' dir='ltr'><strong>consequantur,</strong></span> 
     </span>
     <span class='ocr_line' id='line_1_28' title="bbox 136 2357 941 2431; baseline 0.001 -20"><span class='ocrx_word' id='word_1_158' title='bbox 136 2370 239 2428; x_wconf 89' lang='lat' dir='ltr'><strong>parque</strong></span> <span class='ocrx_word' id='word_1_159' title='bbox 262 2357 296 2412; x_wconf 91' lang='lat' dir='ltr'><strong>sit</strong></span> <span class='ocrx_word' id='word_1_160' title='bbox 320 2358 451 2429; x_wconf 79' lang='lat' dir='ltr'><strong>gaudium</strong></span> <span class='ocrx_word' id='word_1_161' title='bbox 469 2359 497 2414; x_wconf 94' lang='lat' dir='ltr'><strong>in</strong></span> <span class='ocrx_word' id='word_1_162' title='bbox 519 2368 594 2415; x_wconf 90' lang='lat' dir='ltr'><strong>tanta</strong></span> <span class='ocrx_word' id='word_1_163' title='bbox 621 2359 756 2431; x_wconf 83' lang='lat' dir='ltr'><strong>parilitate</strong></span> <span class='ocrx_word' id='word_1_164' title='bbox 777 2360 941 2430; x_wconf 90' lang='lat' dir='ltr'><strong>palmarum.</strong></span> 
     </span>
     <span class='ocr_line' id='line_1_29' title="bbox 136 2451 940 2517; baseline 0.002 -10"><span class='ocrx_word' id='word_1_165' title='bbox 136 2452 224 2507; x_wconf 86' lang='lat' dir='ltr'><strong>Tanta</strong></span> <span class='ocrx_word' id='word_1_166' title='bbox 244 2451 316 2507; x_wconf 91' lang='lat' dir='ltr'><strong>enim</strong></span> <span class='ocrx_word' id='word_1_167' title='bbox 338 2453 390 2508; x_wconf 93' lang='lat' dir='ltr'><strong>sibi</strong></span> <span class='ocrx_word' id='word_1_168' title='bbox 409 2455 537 2511; x_wconf 85' lang='lat' dir='ltr'><strong>societate</strong></span> <span class='ocrx_word' id='word_1_169' title='bbox 560 2452 740 2517; x_wconf 74' lang='lat' dir='ltr'><strong>foederantur,</strong></span> <span class='ocrx_word' id='word_1_170' title='bbox 760 2461 790 2508; x_wconf 96' lang='lat' dir='ltr'><strong>ut</strong></span> <span class='ocrx_word' id='word_1_171' title='bbox 805 2469 859 2509; x_wconf 92' lang='lat' dir='ltr'><strong>una</strong></span> <span class='ocrx_word' id='word_1_172' title='bbox 879 2453 940 2509; x_wconf 87' lang='lat' dir='ltr'><strong>abs-</strong></span> 
     </span>
     <span class='ocr_line' id='line_1_30' title="bbox 137 2545 941 2620; baseline 0.001 -19"><span class='ocrx_word' id='word_1_173' title='bbox 137 2560 191 2616; x_wconf 92' lang='lat' dir='ltr'><strong>que</strong></span> <span class='ocrx_word' id='word_1_174' title='bbox 210 2545 293 2602; x_wconf 89' lang='lat' dir='ltr'><strong>altera</strong></span> <span class='ocrx_word' id='word_1_175' title='bbox 307 2556 426 2618; x_wconf 90' lang='lat' dir='ltr'><strong>nequeat</strong></span> <span class='ocrx_word' id='word_1_176' title='bbox 446 2547 587 2620; x_wconf 90' lang='lat' dir='ltr'><strong>possideri.</strong></span> <span class='ocrx_word' id='word_1_177' title='bbox 611 2547 672 2602; x_wconf 91' lang='lat' dir='ltr'><strong>lloc</strong></span> <span class='ocrx_word' id='word_1_178' title='bbox 690 2546 774 2618; x_wconf 85' lang='lat' dir='ltr'><strong>igitur</strong></span> <span class='ocrx_word' id='word_1_179' title='bbox 788 2547 941 2619; x_wconf 91' lang='lat' dir='ltr'><strong>propositio</strong></span> 
     </span>
     <span class='ocr_line' id='line_1_31' title="bbox 137 2642 940 2714; baseline 0.002 -19"><span class='ocrx_word' id='word_1_180' title='bbox 137 2648 224 2697; x_wconf 85' lang='lat' dir='ltr'><strong>vestra</strong></span> <span class='ocrx_word' id='word_1_181' title='bbox 240 2644 380 2714; x_wconf 80' lang='lat' dir='ltr'><strong>complexa</strong></span> <span class='ocrx_word' id='word_1_182' title='bbox 402 2651 454 2707; x_wconf 89' lang='lat' dir='ltr'><strong>est,</strong></span> <span class='ocrx_word' id='word_1_183' title='bbox 479 2652 510 2699; x_wconf 92' lang='lat' dir='ltr'><strong>ut</strong></span> <span class='ocrx_word' id='word_1_184' title='bbox 527 2651 619 2698; x_wconf 91' lang='lat' dir='ltr'><strong>utrum</strong></span> <span class='ocrx_word' id='word_1_185' title='bbox 635 2652 647 2677; x_wconf 74' lang='lat'>⁰</span> <span class='ocrx_word' id='word_1_186' title='bbox 663 2642 733 2714; x_wconf 84' lang='lat' dir='ltr'><strong>ignis</strong></span> <span class='ocrx_word' id='word_1_187' title='bbox 751 2642 796 2697; x_wconf 93' lang='lat' dir='ltr'><strong>ille</strong></span> <span class='ocrx_word' id='word_1_188' title='bbox 810 2642 940 2713; x_wconf 91' lang='lat' dir='ltr'><strong>concupi-</strong></span> 
     </span>
     <span class='ocr_line' id='line_1_32' title="bbox 137 2734 942 2808; baseline 0 -18"><span class='ocrx_word' id='word_1_189' title='bbox 137 2736 259 2803; x_wconf 89' lang='lat' dir='ltr'><strong>scentiae,</strong></span> <span class='ocrx_word' id='word_1_190' title='bbox 281 2737 358 2808; x_wconf 86' lang='lat' dir='ltr'><strong>cujus</strong></span> <span class='ocrx_word' id='word_1_191' title='bbox 372 2737 431 2793; x_wconf 79' lang='lat' dir='ltr'><strong>haec</strong></span> <span class='ocrx_word' id='word_1_192' title='bbox 453 2752 515 2792; x_wconf 88' lang='lat' dir='ltr'><strong>caro</strong></span> <span class='ocrx_word' id='word_1_193' title='bbox 531 2736 604 2792; x_wconf 84' lang='lat' dir='ltr'><strong>uelut</strong></span> <span class='ocrx_word' id='word_1_194' title='bbox 618 2736 733 2791; x_wconf 89' lang='lat' dir='ltr'><strong>insitum</strong></span> <span class='ocrx_word' id='word_1_195' title='bbox 756 2736 839 2791; x_wconf 90' lang='lat' dir='ltr'><strong>sentit</strong></span> <span class='ocrx_word' id='word_1_196' title='bbox 861 2734 942 2791; x_wconf 87' lang='lat' dir='ltr'><strong>ardo·</strong></span> 
     </span>
     <span class='ocr_line' id='line_1_33' title="bbox 137 2828 941 2905; baseline -0.004 -19"><span class='ocrx_word' id='word_1_197' title='bbox 137 2846 207 2898; x_wconf 89' lang='lat' dir='ltr'><strong>rem,</strong></span> <span class='ocrx_word' id='word_1_198' title='bbox 221 2830 254 2887; x_wconf 88' lang='lat' dir='ltr'><strong>ad</strong></span> <span class='ocrx_word' id='word_1_199' title='bbox 268 2832 378 2903; x_wconf 87' lang='lat' dir='ltr'><strong>plenum</strong></span> <span class='ocrx_word' id='word_1_200' title='bbox 392 2833 477 2903; x_wconf 85' lang='lat' dir='ltr'><strong>possit</strong></span> <span class='ocrx_word' id='word_1_201' title='bbox 488 2831 635 2905; x_wconf 82' lang='lat' dir='ltr'><strong>exstingui,</strong></span> <span class='ocrx_word' id='word_1_202' title='bbox 655 2830 842 2902; x_wconf 88' lang='lat' dir='ltr'><strong>disputatione</strong></span> <span class='ocrx_word' id='word_1_203' title='bbox 856 2828 941 2884; x_wconf 89' lang='lat' dir='ltr'><strong>simili</strong></span> 
     </span>
     <span class='ocr_line' id='line_1_34' title="bbox 138 2924 942 2997; baseline 0.004 -20"><span class='ocrx_word' id='word_1_204' title='bbox 138 2924 333 2995; x_wconf 88' lang='lat' dir='ltr'><strong>panderemus.</strong></span> <span class='ocrx_word' id='word_1_205' title='bbox 348 2929 389 2979; x_wconf 84' lang='lat' dir='ltr'><strong>hc</strong></span> <span class='ocrx_word' id='word_1_206' title='bbox 403 2942 456 2996; x_wconf 93' lang='lat' dir='ltr'><strong>quo</strong></span> <span class='ocrx_word' id='word_1_207' title='bbox 470 2928 591 2997; x_wconf 91' lang='lat' dir='ltr'><strong>primum</strong></span> <span class='ocrx_word' id='word_1_208' title='bbox 606 2925 672 2997; x_wconf 92' lang='lat' dir='ltr'><strong>quid</strong></span> <span class='ocrx_word' id='word_1_209' title='bbox 681 2926 778 2981; x_wconf 88' lang='lat' dir='ltr'><strong>beatus</strong></span> <span class='ocrx_word' id='word_1_210' title='bbox 793 2924 942 2995; x_wconf 77' lang='lat' dir='ltr'><strong>Apostolus</strong></span> 
     </span>
     <span class='ocr_line' id='line_1_35' title="bbox 139 3016 941 3090; baseline -0.001 -18"><span class='ocrx_word' id='word_1_211' title='bbox 139 3017 258 3072; x_wconf 83' lang='lat' dir='ltr'><strong>senserit</strong></span> <span class='ocrx_word' id='word_1_212' title='bbox 278 3016 429 3089; x_wconf 82' lang='lat' dir='ltr'><strong>diligentius</strong></span> <span class='ocrx_word' id='word_1_213' title='bbox 449 3018 640 3089; x_wconf 90' lang='lat' dir='ltr'><strong>inquiramus:</strong></span> <span class='ocrx_word' id='word_1_214' title='bbox 655 3022 824 3088; x_wconf 67' lang='lat' dir='ltr'><strong>Mortificate,</strong></span> <span class='ocrx_word' id='word_1_215' title='bbox 842 3018 941 3090; x_wconf 88' lang='lat' dir='ltr'><strong>inquit,</strong></span> 
     </span>
    </p>
   </div>
   <div class='ocr_carea' id='block_1_14' title="bbox 992 1892 1800 3088">
    <p class='ocr_par' dir='ltr' id='par_1_14' title="bbox 992 1892 1799 2808">
     <span class='ocr_line' id='line_1_36' title="bbox 992 1892 1795 1966; baseline 0.002 -20"><span class='ocrx_word' id='word_1_216' title='bbox 992 1898 1101 1946; x_wconf 90' lang='lat' dir='ltr'><strong>constat</strong></span> <span class='ocrx_word' id='word_1_217' title='bbox 1116 1906 1147 1945; x_wconf 83' lang='lat' dir='ltr'><strong>ex</strong></span> <span class='ocrx_word' id='word_1_218' title='bbox 1162 1892 1305 1960; x_wconf 91' lang='lat' dir='ltr'><strong>membris,</strong></span> <span class='ocrx_word' id='word_1_219' title='bbox 1331 1893 1491 1966; x_wconf 86' lang='lat' dir='ltr'><strong>quantocius</strong></span> <span class='ocrx_word' id='word_1_220' title='bbox 1510 1892 1611 1949; x_wconf 89' lang='lat' dir='ltr'><strong>destrui</strong></span> <span class='ocrx_word' id='word_1_221' title='bbox 1634 1893 1693 1949; x_wconf 87' lang='lat' dir='ltr'><strong>zelo</strong></span> <span class='ocrx_word' id='word_1_222' title='bbox 1709 1892 1795 1965; x_wconf 90' lang='lat' dir='ltr'><strong>perie-</strong></span> 
     </span>
     <span class='ocr_line' id='line_1_37' title="bbox 992 1985 1797 2059; baseline 0 -18"><span class='ocrx_word' id='word_1_223' title='bbox 992 1994 1043 2041; x_wconf 82' lang='lat' dir='ltr'><strong>ctm</strong></span> <span class='ocrx_word' id='word_1_224' title='bbox 1058 1985 1193 2042; x_wconf 90' lang='lat' dir='ltr'><strong>desiderat</strong></span> <span class='ocrx_word' id='word_1_225' title='bbox 1215 1987 1377 2055; x_wconf 88' lang='lat' dir='ltr'><strong>sanctitatis,</strong></span> <span class='ocrx_word' id='word_1_226' title='bbox 1397 1986 1430 2043; x_wconf 87' lang='lat' dir='ltr'><strong>de</strong></span> <span class='ocrx_word' id='word_1_227' title='bbox 1453 2004 1509 2059; x_wconf 89' lang='lat' dir='ltr'><strong>quo</strong></span> <span class='ocrx_word' id='word_1_228' title='bbox 1533 2003 1649 2059; x_wconf 92' lang='lat' dir='ltr'><strong>corpore</strong></span> <span class='ocrx_word' id='word_1_229' title='bbox 1671 1987 1748 2053; x_wconf 92' lang='lat' dir='ltr'><strong>alibi,</strong></span> <span class='ocrx_word' id='word_1_230' title='bbox 1768 1993 1797 2042; x_wconf 87' lang='lat' dir='ltr'><strong>ul</strong></span> 
     </span>
     <span class='ocr_line' id='line_1_38' title="bbox 992 2080 1797 2153; baseline 0.005 -18"><span class='ocrx_word' id='word_1_231' title='bbox 992 2080 1158 2142; x_wconf 80' lang='lat' dir='ltr'><strong>destruetur,</strong></span> <span class='ocrx_word' id='word_1_232' title='bbox 1179 2080 1276 2153; x_wconf 90' lang='lat' dir='ltr'><strong>inquit,</strong></span> <span class='ocrx_word' id='word_1_233' title='bbox 1293 2098 1387 2153; x_wconf 72' lang='lat' dir='ltr'><strong>carpus</strong></span> <span class='ocrx_word' id='word_1_234' title='bbox 1396 2085 1502 2151; x_wconf 82' lang='lat' dir='ltr'><strong>pcccati</strong></span> <span class='ocrx_word' id='word_1_235' title='bbox 1513 2084 1598 2151; x_wconf 85' lang='lat' dir='ltr'><strong>(itum.</strong></span> <span class='ocrx_word' id='word_1_236' title='bbox 1614 2082 1669 2151; x_wconf 76' lang='lat' dir='ltr'><strong>rt).</strong></span> <span class='ocrx_word' id='word_1_237' title='bbox 1684 2084 1720 2137; x_wconf 87' lang='lat' dir='ltr'><strong>Et</strong></span> <span class='ocrx_word' id='word_1_238' title='bbox 1734 2096 1797 2153; x_wconf 80' lang='lat' dir='ltr'><strong>quae</strong></span> 
     </span>
     <span class='ocr_line' id='line_1_39' title="bbox 993 2174 1792 2247; baseline 0.001 -18"><span class='ocrx_word' id='word_1_239' title='bbox 993 2174 1030 2229; x_wconf 89' lang='lat' dir='ltr'><strong>sit</strong></span> <span class='ocrx_word' id='word_1_240' title='bbox 1052 2175 1111 2247; x_wconf 90' lang='lat' dir='ltr'><strong>ejus</strong></span> <span class='ocrx_word' id='word_1_241' title='bbox 1130 2174 1291 2243; x_wconf 87' lang='lat' dir='ltr'><strong>destructio,</strong></span> <span class='ocrx_word' id='word_1_242' title='bbox 1315 2183 1513 2245; x_wconf 91' lang='lat' dir='ltr'><strong>consequenter</strong></span> <span class='ocrx_word' id='word_1_243' title='bbox 1538 2176 1658 2247; x_wconf 81' lang='lat' dir='ltr'><strong>exponit,</strong></span> <span class='ocrx_word' id='word_1_244' title='bbox 1680 2182 1711 2231; x_wconf 88' lang='lat' dir='ltr'><strong>ut</strong></span> <span class='ocrx_word' id='word_1_245' title='bbox 1720 2176 1792 2245; x_wconf 77' lang='lat' dir='ltr'><strong>jura,</strong></span> 
     </span>
     <span class='ocr_line' id='line_1_40' title="bbox 993 2266 1796 2340; baseline 0.005 -19"><span class='ocrx_word' id='word_1_246' title='bbox 993 2266 1090 2339; x_wconf 89' lang='lat' dir='ltr'><strong>inquit,</strong></span> <span class='ocrx_word' id='word_1_247' title='bbox 1116 2284 1168 2322; x_wconf 81' lang='lat' dir='ltr'><strong>raon</strong></span> <span class='ocrx_word' id='word_1_248' title='bbox 1190 2272 1337 2323; x_wconf 73' lang='lat' dir='ltr'><strong>serviemus</strong></span> <span class='ocrx_word' id='word_1_249' title='bbox 1356 2273 1465 2340; x_wconf 81' lang='lat' dir='ltr'><strong>percule</strong></span> <span class='ocrx_word' id='word_1_250' title='bbox 1484 2272 1571 2335; x_wconf 80' lang='lat' dir='ltr'><strong>(Rom.</strong></span> <span class='ocrx_word' id='word_1_251' title='bbox 1602 2274 1665 2337; x_wconf 78' lang='lat' dir='ltr'><strong>tn).</strong></span> <span class='ocrx_word' id='word_1_252' title='bbox 1691 2271 1717 2324; x_wconf 85' lang='grc' dir='ltr'><strong>Α</strong></span> <span class='ocrx_word' id='word_1_253' title='bbox 1740 2284 1796 2339; x_wconf 90' lang='lat' dir='ltr'><strong>que</strong></span> 
     </span>
     <span class='ocr_line' id='line_1_41' title="bbox 994 2361 1797 2436; baseline 0.001 -21"><span class='ocrx_word' id='word_1_254' title='bbox 994 2361 1075 2416; x_wconf 89' lang='lat' dir='ltr'><strong>etiam</strong></span> <span class='ocrx_word' id='word_1_255' title='bbox 1086 2378 1115 2417; x_wconf 92' lang='lat' dir='ltr'><strong>sc</strong></span> <span class='ocrx_word' id='word_1_256' title='bbox 1124 2362 1232 2417; x_wconf 89' lang='lat' dir='ltr'><strong>liberari</strong></span> <span class='ocrx_word' id='word_1_257' title='bbox 1251 2379 1315 2418; x_wconf 92' lang='lat' dir='ltr'><strong>cum</strong></span> <span class='ocrx_word' id='word_1_258' title='bbox 1327 2363 1428 2436; x_wconf 87' lang='lat' dir='ltr'><strong>ejulatn</strong></span> <span class='ocrx_word' id='word_1_259' title='bbox 1441 2363 1572 2434; x_wconf 90' lang='lat' dir='ltr'><strong>postulat,</strong></span> <span class='ocrx_word' id='word_1_260' title='bbox 1585 2363 1679 2419; x_wconf 90' lang='lat' dir='ltr'><strong>dicens</strong></span> <span class='ocrx_word' id='word_1_261' title='bbox 1693 2382 1701 2419; x_wconf 76' lang='lat' dir='ltr'><strong>e</strong></span> <span class='ocrx_word' id='word_1_262' title='bbox 1718 2365 1797 2430; x_wconf 78' lang='lat' dir='ltr'><strong>luse-</strong></span> 
     </span>
     <span class='ocr_line' id='line_1_42' title="bbox 994 2452 1799 2527; baseline 0.002 -20"><span class='ocrx_word' id='word_1_263' title='bbox 994 2452 1035 2508; x_wconf 79' lang='lat' dir='ltr'><strong>lta</strong></span> <span class='ocrx_word' id='word_1_264' title='bbox 1053 2471 1099 2523; x_wconf 78' lang='lat' dir='ltr'><strong>eqo</strong></span> <span class='ocrx_word' id='word_1_265' title='bbox 1121 2458 1213 2519; x_wconf 79' lang='lat' dir='ltr'><strong>horreo,</strong></span> <span class='ocrx_word' id='word_1_266' title='bbox 1234 2459 1295 2525; x_wconf 83' lang='lat' dir='ltr'><strong>quis</strong></span> <span class='ocrx_word' id='word_1_267' title='bbox 1315 2474 1356 2511; x_wconf 85' lang='lat' dir='ltr'><strong>ure</strong></span> <span class='ocrx_word' id='word_1_268' title='bbox 1379 2457 1505 2511; x_wconf 78' lang='lat' dir='ltr'><strong>liberabit</strong></span> <span class='ocrx_word' id='word_1_269' title='bbox 1525 2454 1558 2511; x_wconf 88' lang='lat' dir='ltr'><strong>dc</strong></span> <span class='ocrx_word' id='word_1_270' title='bbox 1580 2472 1690 2527; x_wconf 85' lang='lat' dir='ltr'><strong>corpore</strong></span> <span class='ocrx_word' id='word_1_271' title='bbox 1703 2456 1799 2510; x_wconf 73' lang='lat' dir='ltr'><strong>mertis</strong></span> 
     </span>
     <span class='ocr_line' id='line_1_43' title="bbox 996 2547 1097 2617; baseline 0.03 -17"><span class='ocrx_word' id='word_1_272' title='bbox 996 2547 1097 2617; x_wconf 76' lang='lat' dir='ltr'><strong>hujus?</strong></span> 
     </span>
     <span class='ocr_line' id='line_1_44' title="bbox 1307 2643 1491 2699; baseline 0.016 -4"><span class='ocrx_word' id='word_1_273' title='bbox 1307 2643 1428 2699; x_wconf 77' lang='lat' dir='ltr'>CAPUT</span> <span class='ocrx_word' id='word_1_274' title='bbox 1454 2646 1491 2698; x_wconf 95' lang='lat' dir='ltr'><strong>ll.</strong></span> 
     </span>
     <span class='ocr_line' id='line_1_45' title="bbox 1129 2737 1660 2808; baseline -0.004 -15"><span class='ocrx_word' id='word_1_275' title='bbox 1129 2741 1167 2793; x_wconf 85' lang='lat' dir='ltr'><strong>lle</strong></span> <span class='ocrx_word' id='word_1_276' title='bbox 1181 2753 1288 2808; x_wconf 75' lang='lat' dir='ltr'><strong>corpore</strong></span> <span class='ocrx_word' id='word_1_277' title='bbox 1297 2740 1402 2807; x_wconf 78' lang='lat' dir='ltr'><strong>pcccati</strong></span> <span class='ocrx_word' id='word_1_278' title='bbox 1414 2742 1437 2793; x_wconf 86' lang='lat' dir='ltr'><strong>et</strong></span> <span class='ocrx_word' id='word_1_279' title='bbox 1451 2738 1577 2793; x_wconf 72' lang='lat' dir='ltr'><strong>meandris</strong></span> <span class='ocrx_word' id='word_1_280' title='bbox 1592 2737 1660 2807; x_wconf 72' lang='lat' dir='ltr'><strong>ejtm</strong></span> 
     </span>
    </p>

    <p class='ocr_par' dir='ltr' id='par_1_15' title="bbox 994 2829 1800 3088">
     <span class='ocr_line' id='line_1_46' title="bbox 1032 2829 1796 2902; baseline -0.003 -18"><span class='ocrx_word' id='word_1_281' title='bbox 1032 2831 1093 2885; x_wconf 87' lang='lat' dir='ltr'><strong>Hoc</strong></span> <span class='ocrx_word' id='word_1_282' title='bbox 1112 2831 1204 2902; x_wconf 88' lang='lat' dir='ltr'><strong>itaque</strong></span> <span class='ocrx_word' id='word_1_283' title='bbox 1219 2830 1321 2901; x_wconf 87' lang='lat' dir='ltr'><strong>peccati</strong></span> <span class='ocrx_word' id='word_1_284' title='bbox 1337 2846 1437 2902; x_wconf 92' lang='lat' dir='ltr'><strong>corpus</strong></span> <span class='ocrx_word' id='word_1_285' title='bbox 1451 2830 1547 2885; x_wconf 92' lang='lat' dir='ltr'><strong>multis</strong></span> <span class='ocrx_word' id='word_1_286' title='bbox 1564 2829 1692 2885; x_wconf 80' lang='lat' dir='ltr'><strong>vitiorum</strong></span> <span class='ocrx_word' id='word_1_287' title='bbox 1705 2841 1796 2883; x_wconf 87' lang='lat' dir='ltr'><strong>mem·</strong></span> 
     </span>
     <span class='ocr_line' id='line_1_47' title="bbox 995 2920 1795 2994; baseline -0.004 -14"><span class='ocrx_word' id='word_1_288' title='bbox 995 2922 1052 2980; x_wconf 92' lang='lat' dir='ltr'><strong>bris</strong></span> <span class='ocrx_word' id='word_1_289' title='bbox 1065 2922 1200 2994; x_wconf 90' lang='lat' dir='ltr'><strong>probatur</strong></span> <span class='ocrx_word' id='word_1_290' title='bbox 1215 2931 1405 2990; x_wconf 82' lang='lat' dir='ltr'><strong>exstructun13</strong></span> <span class='ocrx_word' id='word_1_291' title='bbox 1420 2921 1494 2979; x_wconf 89' lang='lat' dir='ltr'><strong>etad</strong></span> <span class='ocrx_word' id='word_1_292' title='bbox 1511 2923 1570 2994; x_wconf 90' lang='lat' dir='ltr'><strong>ejus</strong></span> <span class='ocrx_word' id='word_1_293' title='bbox 1584 2924 1680 2978; x_wconf 89' lang='lat' dir='ltr'><strong>attinet</strong></span> <span class='ocrx_word' id='word_1_294' title='bbox 1692 2920 1795 2991; x_wconf 92' lang='lat' dir='ltr'><strong>portio-</strong></span> 
     </span>
     <span class='ocr_line' id='line_1_48' title="bbox 994 3004 1800 3088; baseline -0.002 -17"><span class='ocrx_word' id='word_1_295' title='bbox 994 3032 1060 3073; x_wconf 90' lang='lat' dir='ltr'><strong>nem</strong></span> <span class='ocrx_word' id='word_1_296' title='bbox 1074 3004 1089 3047; x_wconf 55' lang='grc' dir='ltr'>ἃ</span> <span class='ocrx_word' id='word_1_297' title='bbox 1113 3014 1243 3088; x_wconf 90' lang='lat' dir='ltr'><strong>quidquid</strong></span> <span class='ocrx_word' id='word_1_298' title='bbox 1264 3016 1302 3071; x_wconf 84' lang='lat' dir='ltr'><strong>rel</strong></span> <span class='ocrx_word' id='word_1_299' title='bbox 1319 3013 1402 3078; x_wconf 84' lang='lat' dir='ltr'><strong>lacto,</strong></span> <span class='ocrx_word' id='word_1_300' title='bbox 1427 3016 1465 3070; x_wconf 86' lang='lat' dir='ltr'><strong>ecl</strong></span> <span class='ocrx_word' id='word_1_301' title='bbox 1481 3014 1565 3083; x_wconf 91' lang='lat' dir='ltr'><strong>dicto,</strong></span> <span class='ocrx_word' id='word_1_302' title='bbox 1581 3014 1621 3069; x_wconf 82' lang='lat' dir='ltr'><strong>rel</strong></span> <span class='ocrx_word' id='word_1_303' title='bbox 1636 3013 1800 3086; x_wconf 79' lang='lat' dir='ltr'><strong>cogitatione</strong></span> 
     </span>
    </p>
   </div>
   <div class='ocr_carea' id='block_1_15' title="bbox 689 3168 1248 3225">
    <p class='ocr_par' dir='ltr' id='par_1_16' title="bbox 689 3168 1248 3225">
     <span class='ocr_line' id='line_1_49' title="bbox 689 3168 1248 3225; baseline -0.009 -1"><span class='ocrx_word' id='word_1_304' title='bbox 689 3170 816 3225; x_wconf 83' lang='lat' dir='ltr'><strong>thlllll</strong></span> <span class='ocrx_word' id='word_1_305' title='bbox 835 3170 947 3224; x_wconf 75' lang='lat' dir='ltr'><strong>GthEl</strong></span> <span class='ocrx_word' id='word_1_306' title='bbox 967 3168 1248 3225; x_wconf 71' lang='lat' dir='ltr'><strong>commentantes.</strong></span> 
     </span>
    </p>
   </div>
   <div class='ocr_carea' id='block_1_16' title="bbox 177 3309 1800 3435">
    <p class='ocr_par' dir='ltr' id='par_1_17' title="bbox 177 3309 1800 3435">
     <span class='ocr_line' id='line_1_50' title="bbox 177 3309 1800 3435; baseline 0.001 -70"><span class='ocrx_word' id='word_1_307' title='bbox 177 3311 239 3366; x_wconf 66' lang='lat' dir='ltr'><strong>*ld</strong></span> <span class='ocrx_word' id='word_1_308' title='bbox 260 3319 310 3371; x_wconf 85' lang='lat' dir='ltr'><strong>cst.</strong></span> <span class='ocrx_word' id='word_1_309' title='bbox 335 3320 428 3366; x_wconf 91' lang='lat' dir='ltr'><strong>mutus</strong></span> <span class='ocrx_word' id='word_1_310' title='bbox 442 3310 569 3367; x_wconf 88' lang='lat' dir='ltr'><strong>libidinis.</strong></span> <span class='ocrx_word' id='word_1_311' title='bbox 583 3310 839 3383; x_wconf 87' lang='lat' dir='ltr'><strong>Concupiscentiam</strong></span> <span class='ocrx_word' id='word_1_312' title='bbox 853 3311 943 3383; x_wconf 71' lang='lat' dir='ltr'><strong>ignem</strong></span> <span class='ocrx_word' id='word_1_313' title='bbox 959 3314 981 3379; x_wconf 80' lang='lat' dir='ltr'>C</span> <span class='ocrx_word' id='word_1_314' title='bbox 997 3319 1135 3365; x_wconf 90' lang='lat' dir='ltr'><strong>mentatur</strong></span> <span class='ocrx_word' id='word_1_315' title='bbox 1167 3326 1199 3365; x_wconf 82' lang='lat' dir='ltr'><strong>er</strong></span> <span class='ocrx_word' id='word_1_316' title='bbox 1233 3310 1314 3364; x_wconf 78' lang='lat' dir='ltr'><strong>variis</strong></span> <span class='ocrx_word' id='word_1_317' title='bbox 1338 3318 1516 3435; x_wconf 58' lang='lat' dir='ltr'><strong>Xeccntnrum</strong></span> <span class='ocrx_word' id='word_1_318' title='bbox 1536 3310 1696 3381; x_wconf 81' lang='lat' dir='ltr'><strong>generibus,</strong></span> <span class='ocrx_word' id='word_1_319' title='bbox 1717 3309 1800 3366; x_wconf 85' lang='lat' dir='ltr'><strong>veluti</strong></span> 
     </span>
    </p>
   </div>
   <div class='ocr_carea' id='block_1_17' title="bbox 139 3381 945 4729">
    <p class='ocr_par' dir='ltr' id='par_1_18' title="bbox 139 3381 945 4227">
     <span class='ocr_line' id='line_1_51' title="bbox 139 3381 941 3454; baseline -0.001 -16"><span class='ocrx_word' id='word_1_320' title='bbox 139 3381 288 3454; x_wconf 88' lang='lat' dir='ltr'><strong>quemdam</strong></span> <span class='ocrx_word' id='word_1_321' title='bbox 302 3397 361 3437; x_wconf 88' lang='lat' dir='ltr'><strong>esse</strong></span> <span class='ocrx_word' id='word_1_322' title='bbox 376 3383 513 3437; x_wconf 91' lang='lat' dir='ltr'><strong>internum</strong></span> <span class='ocrx_word' id='word_1_323' title='bbox 528 3382 608 3438; x_wconf 86' lang='lat' dir='ltr'><strong>docet</strong></span> <span class='ocrx_word' id='word_1_324' title='bbox 627 3383 670 3438; x_wconf 90' lang='lat' dir='ltr'><strong>illa</strong></span> <span class='ocrx_word' id='word_1_325' title='bbox 688 3382 765 3437; x_wconf 86' lang='lat' dir='ltr'><strong>Pauli</strong></span> <span class='ocrx_word' id='word_1_326' title='bbox 780 3382 913 3438; x_wconf 87' lang='lat' dir='ltr'><strong>sententia</strong></span> <span class='ocrx_word' id='word_1_327' title='bbox 934 3401 941 3437; x_wconf 91' lang='lat'>:</span> 
     </span>
     <span class='ocr_line' id='line_1_52' title="bbox 140 3455 943 3522; baseline -0.005 -11"><span class='ocrx_word' id='word_1_328' title='bbox 140 3458 242 3511; x_wconf 67' lang='lat' dir='ltr'><strong>Merum</strong></span> <span class='ocrx_word' id='word_1_329' title='bbox 260 3458 298 3508; x_wconf 86' lang='lat' dir='ltr'><strong>esi</strong></span> <span class='ocrx_word' id='word_1_330' title='bbox 313 3455 410 3509; x_wconf 79' lang='lat' dir='ltr'><strong>uulere</strong></span> <span class='ocrx_word' id='word_1_331' title='bbox 424 3456 508 3521; x_wconf 84' lang='lat' dir='ltr'><strong>rrruqis</strong></span> <span class='ocrx_word' id='word_1_332' title='bbox 522 3470 602 3522; x_wconf 85' lang='lat' dir='ltr'><strong>quum</strong></span> <span class='ocrx_word' id='word_1_333' title='bbox 617 3456 662 3507; x_wconf 87' lang='lat' dir='ltr'><strong>nri</strong></span> <span class='ocrx_word' id='word_1_334' title='bbox 673 3456 694 3519; x_wconf 88' lang='lat' dir='ltr'><strong>(l</strong></span> <span class='ocrx_word' id='word_1_335' title='bbox 708 3455 766 3508; x_wconf 74' lang='lat' dir='ltr'><strong>(ltu</strong></span> <span class='ocrx_word' id='word_1_336' title='bbox 781 3458 847 3519; x_wconf 77' lang='lat' dir='ltr'><strong>vn).</strong></span> <span class='ocrx_word' id='word_1_337' title='bbox 857 3456 943 3507; x_wconf 87' lang='lat' dir='ltr'><strong>ltenr-</strong></span> 
     </span>
     <span class='ocr_line' id='line_1_53' title="bbox 140 3524 943 3597; baseline 0.001 -18"><span class='ocrx_word' id='word_1_338' title='bbox 140 3540 194 3597; x_wconf 92' lang='lat' dir='ltr'><strong>quc</strong></span> <span class='ocrx_word' id='word_1_339' title='bbox 209 3524 259 3579; x_wconf 88' lang='lat' dir='ltr'><strong>alia</strong></span> <span class='ocrx_word' id='word_1_340' title='bbox 271 3525 392 3592; x_wconf 84' lang='lat' dir='ltr'><strong>ejusdcm</strong></span> <span class='ocrx_word' id='word_1_341' title='bbox 406 3544 411 3579; x_wconf 96' lang='lat'><strong>:</strong></span> <span class='ocrx_word' id='word_1_342' title='bbox 426 3528 563 3581; x_wconf 75' lang='lat' dir='ltr'><strong>Sternertlcs</strong></span> <span class='ocrx_word' id='word_1_343' title='bbox 576 3529 679 3580; x_wconf 83' lang='lat' dir='ltr'><strong>sctcltun</strong></span> <span class='ocrx_word' id='word_1_344' title='bbox 691 3525 764 3594; x_wconf 77' lang='lat' dir='ltr'><strong>fidei,</strong></span> <span class='ocrx_word' id='word_1_345' title='bbox 779 3528 807 3579; x_wconf 85' lang='lat' dir='ltr'><strong>in</strong></span> <span class='ocrx_word' id='word_1_346' title='bbox 821 3540 873 3595; x_wconf 85' lang='lat' dir='ltr'><strong>quo</strong></span> <span class='ocrx_word' id='word_1_347' title='bbox 882 3540 943 3593; x_wconf 74' lang='lat' dir='ltr'><strong>pres·</strong></span> 
     </span>
     <span class='ocr_line' id='line_1_54' title="bbox 139 3597 940 3665; baseline 0 -14"><span class='ocrx_word' id='word_1_348' title='bbox 139 3598 202 3651; x_wconf 82' lang='lat' dir='ltr'><strong>silis</strong></span> <span class='ocrx_word' id='word_1_349' title='bbox 215 3598 306 3649; x_wconf 85' lang='lat' dir='ltr'><strong>orrrrn&#39;u</strong></span> <span class='ocrx_word' id='word_1_350' title='bbox 323 3598 375 3649; x_wconf 85' lang='lat' dir='ltr'><strong>telu</strong></span> <span class='ocrx_word' id='word_1_351' title='bbox 387 3598 546 3665; x_wconf 78' lang='lat' dir='ltr'><strong>rtceqnissimi</strong></span> <span class='ocrx_word' id='word_1_352' title='bbox 559 3600 636 3663; x_wconf 80' lang='lat' dir='ltr'><strong>e&#39;qneu</strong></span> <span class='ocrx_word' id='word_1_353' title='bbox 650 3599 823 3664; x_wconf 81' lang='lat' dir='ltr'><strong>eustinqucre</strong></span> <span class='ocrx_word' id='word_1_354' title='bbox 833 3597 940 3665; x_wconf 66' lang='lat' dir='ltr'><strong>(Ephes.</strong></span> 
     </span>
     <span class='ocr_line' id='line_1_55' title="bbox 139 3666 941 3739; baseline -0.004 -16"><span class='ocrx_word' id='word_1_355' title='bbox 139 3668 195 3737; x_wconf 81' lang='grc' dir='ltr'><strong>ιιι).</strong></span> <span class='ocrx_word' id='word_1_356' title='bbox 210 3668 282 3723; x_wconf 91' lang='lat' dir='ltr'><strong>lline</strong></span> <span class='ocrx_word' id='word_1_357' title='bbox 297 3670 389 3721; x_wconf 80' lang='lat' dir='ltr'><strong>l’utres</strong></span> <span class='ocrx_word' id='word_1_358' title='bbox 400 3667 498 3737; x_wconf 85' lang='lat' dir='ltr'><strong>passim</strong></span> <span class='ocrx_word' id='word_1_359' title='bbox 515 3667 615 3739; x_wconf 82' lang='lat' dir='ltr'><strong>ignem,</strong></span> <span class='ocrx_word' id='word_1_360' title='bbox 634 3668 789 3732; x_wconf 89' lang='lat' dir='ltr'><strong>llnrnmam,</strong></span> <span class='ocrx_word' id='word_1_361' title='bbox 804 3666 941 3732; x_wconf 83' lang='lat' dir='ltr'><strong>fomitem,</strong></span> 
     </span>
     <span class='ocr_line' id='line_1_56' title="bbox 141 3736 939 3806; baseline -0.001 -13"><span class='ocrx_word' id='word_1_362' title='bbox 141 3738 325 3803; x_wconf 83' lang='lat' dir='ltr'><strong>incentivum,</strong></span> <span class='ocrx_word' id='word_1_363' title='bbox 347 3738 493 3806; x_wconf 87' lang='lat' dir='ltr'><strong>ardorem,</strong></span> <span class='ocrx_word' id='word_1_364' title='bbox 510 3739 551 3793; x_wconf 81' lang='lat' dir='ltr'><strong>rel</strong></span> <span class='ocrx_word' id='word_1_365' title='bbox 571 3746 670 3794; x_wconf 76' lang='lat' dir='ltr'><strong>aestum</strong></span> <span class='ocrx_word' id='word_1_366' title='bbox 695 3736 816 3793; x_wconf 90' lang='lat' dir='ltr'><strong>libidinis</strong></span> <span class='ocrx_word' id='word_1_367' title='bbox 831 3746 939 3793; x_wconf 81' lang='lat' dir='ltr'><strong>vocant.</strong></span> 
     </span>
     <span class='ocr_line' id='line_1_57' title="bbox 140 3809 942 3877; baseline -0.002 -12"><span class='ocrx_word' id='word_1_368' title='bbox 140 3811 177 3865; x_wconf 90' lang='lat' dir='ltr'><strong>D.</strong></span> <span class='ocrx_word' id='word_1_369' title='bbox 195 3810 355 3864; x_wconf 77' lang='lat' dir='ltr'><strong>Ambrosius</strong></span> <span class='ocrx_word' id='word_1_370' title='bbox 378 3810 424 3863; x_wconf 92' lang='lat' dir='ltr'><strong>lib.</strong></span> <span class='ocrx_word' id='word_1_371' title='bbox 446 3810 502 3865; x_wconf 87' lang='lat' dir='ltr'><strong>tde</strong></span> <span class='ocrx_word' id='word_1_372' title='bbox 527 3809 711 3863; x_wconf 81' lang='lat' dir='ltr'><strong>l’cerritentin:</strong></span> <span class='ocrx_word' id='word_1_373' title='bbox 733 3810 827 3863; x_wconf 80' lang='lat' dir='ltr'><strong>Libido</strong></span> <span class='ocrx_word' id='word_1_374' title='bbox 848 3813 942 3877; x_wconf 76' lang='lat' dir='ltr'><strong>pruris</strong></span> 
     </span>
     <span class='ocr_line' id='line_1_58' title="bbox 140 3880 944 3949; baseline -0.005 -14"><span class='ocrx_word' id='word_1_375' title='bbox 140 3882 214 3949; x_wconf 79' lang='lat' dir='ltr'><strong>t&#39;prtis</strong></span> <span class='ocrx_word' id='word_1_376' title='bbox 229 3887 285 3937; x_wconf 86' lang='lat' dir='ltr'><strong>esi:</strong></span> <span class='ocrx_word' id='word_1_377' title='bbox 302 3886 326 3933; x_wconf 87' lang='lat' dir='ltr'><strong>el</strong></span> <span class='ocrx_word' id='word_1_378' title='bbox 346 3881 404 3933; x_wconf 82' lang='lat' dir='ltr'><strong>c&#39;cleo</strong></span> <span class='ocrx_word' id='word_1_379' title='bbox 422 3897 474 3932; x_wconf 75' lang='lat' dir='ltr'><strong>arou</strong></span> <span class='ocrx_word' id='word_1_380' title='bbox 487 3880 612 3931; x_wconf 84' lang='lat' dir='ltr'><strong>debernns</strong></span> <span class='ocrx_word' id='word_1_381' title='bbox 629 3880 672 3931; x_wconf 84' lang='lat' dir='ltr'><strong>llli</strong></span> <span class='ocrx_word' id='word_1_382' title='bbox 683 3880 813 3931; x_wconf 83' lang='lat' dir='ltr'><strong>ulirncule</strong></span> <span class='ocrx_word' id='word_1_383' title='bbox 826 3881 944 3947; x_wconf 75' lang='lat' dir='ltr'><strong>prendere</strong></span> 
     </span>
     <span class='ocr_line' id='line_1_59' title="bbox 141 3950 943 4011; baseline -0.005 -6"><span class='ocrx_word' id='word_1_384' title='bbox 141 3952 267 4006; x_wconf 69' lang='lat' dir='ltr'><strong>luserim.</strong></span> <span class='ocrx_word' id='word_1_385' title='bbox 292 3954 416 4005; x_wconf 70' lang='lat' dir='ltr'><strong>l&#39;uscilur</strong></span> <span class='ocrx_word' id='word_1_386' title='bbox 437 3950 522 4001; x_wconf 85' lang='lat' dir='ltr'><strong>libido</strong></span> <span class='ocrx_word' id='word_1_387' title='bbox 535 3950 678 4011; x_wconf 67' lang='lat' dir='ltr'><strong>curttriuiis,</strong></span> <span class='ocrx_word' id='word_1_388' title='bbox 693 3951 816 3999; x_wconf 84' lang='lat' dir='ltr'><strong>nttlrilur</strong></span> <span class='ocrx_word' id='word_1_389' title='bbox 829 3950 943 4011; x_wconf 64' lang='lat' dir='ltr'><strong>delictis</strong></span> 
     </span>
     <span class='ocr_line' id='line_1_60' title="bbox 140 4016 945 4087; baseline -0.006 -10"><span class='ocrx_word' id='word_1_390' title='bbox 140 4023 379 4080; x_wconf 73' lang='lat' dir='ltr'><strong>circumeuntem,</strong></span> <span class='ocrx_word' id='word_1_391' title='bbox 393 4020 523 4071; x_wconf 81' lang='lat' dir='ltr'><strong>eluictulc</strong></span> <span class='ocrx_word' id='word_1_392' title='bbox 533 4020 697 4084; x_wconf 65' lang='lat' dir='ltr'><strong>[lucrarentur.</strong></span> <span class='ocrx_word' id='word_1_393' title='bbox 711 4020 748 4069; x_wconf 92' lang='grc' dir='ltr'><strong>Ι).</strong></span> <span class='ocrx_word' id='word_1_394' title='bbox 761 4016 945 4087; x_wconf 74' lang='lat' dir='ltr'><strong>ttieronymus</strong></span> 
     </span>
     <span class='ocr_line' id='line_1_61' title="bbox 141 4087 943 4158; baseline -0.011 -7"><span class='ocrx_word' id='word_1_395' title='bbox 141 4093 176 4151; x_wconf 76' lang='lat' dir='ltr'><strong>ed</strong></span> <span class='ocrx_word' id='word_1_396' title='bbox 190 4094 301 4149; x_wconf 88' lang='lat' dir='ltr'><strong>Furiam</strong></span> <span class='ocrx_word' id='word_1_397' title='bbox 314 4090 397 4158; x_wconf 86' lang='lat' dir='ltr'><strong>epist.</strong></span> <span class='ocrx_word' id='word_1_398' title='bbox 415 4095 445 4142; x_wconf 86' lang='lat' dir='ltr'><strong>to</strong></span> <span class='ocrx_word' id='word_1_399' title='bbox 460 4088 613 4143; x_wconf 77' lang='lat' dir='ltr'><strong>:Ardentes</strong></span> <span class='ocrx_word' id='word_1_400' title='bbox 628 4087 732 4139; x_wconf 82' lang='lat' dir='ltr'><strong>ulr&#39;uhuli</strong></span> <span class='ocrx_word' id='word_1_401' title='bbox 752 4089 860 4153; x_wconf 73' lang='lat' dir='ltr'><strong>serpillus</strong></span> <span class='ocrx_word' id='word_1_402' title='bbox 868 4088 943 4156; x_wconf 79' lang='lat' dir='ltr'><strong>jeju·</strong></span> 
     </span>
     <span class='ocr_line' id='line_1_62' title="bbox 139 4158 852 4227; baseline -0.011 -6"><span class='ocrx_word' id='word_1_403' title='bbox 139 4167 247 4221; x_wconf 68' lang='lat' dir='ltr'><strong>utorium</strong></span> <span class='ocrx_word' id='word_1_404' title='bbox 261 4169 286 4216; x_wconf 80' lang='lat' dir='ltr'><strong>et</strong></span> <span class='ocrx_word' id='word_1_405' title='bbox 300 4160 456 4227; x_wconf 83' lang='lat' dir='ltr'><strong>riqilr&#39;ururn</strong></span> <span class='ocrx_word' id='word_1_406' title='bbox 472 4158 767 4227; x_wconf 77' lang='lat' dir='ltr'><strong>riqurerustinqucudm</strong></span> <span class='ocrx_word' id='word_1_407' title='bbox 780 4163 852 4213; x_wconf 85' lang='lat' dir='ltr'><strong>stcrrl.</strong></span> 
     </span>
    </p>

    <p class='ocr_par' dir='ltr' id='par_1_19' title="bbox 140 4228 944 4729">
     <span class='ocr_line' id='line_1_63' title="bbox 174 4228 944 4302; baseline -0.006 -14"><span class='ocrx_word' id='word_1_408' title='bbox 174 4228 189 4265; x_wconf 68' lang='lat'><strong>¹&gt;</strong></span> <span class='ocrx_word' id='word_1_409' title='bbox 207 4236 300 4302; x_wconf 81' lang='lat' dir='ltr'><strong>Neque</strong></span> <span class='ocrx_word' id='word_1_410' title='bbox 312 4228 437 4284; x_wconf 83' lang='lat' dir='ltr'><strong>Christus</strong></span> <span class='ocrx_word' id='word_1_411' title='bbox 453 4229 597 4294; x_wconf 69' lang='lat' dir='ltr'><strong>botelinus,</strong></span> <span class='ocrx_word' id='word_1_412' title='bbox 612 4245 675 4284; x_wconf 92' lang='lat' dir='ltr'><strong>cum</strong></span> <span class='ocrx_word' id='word_1_413' title='bbox 688 4229 815 4283; x_wconf 89' lang='lat' dir='ltr'><strong>similiter</strong></span> <span class='ocrx_word' id='word_1_414' title='bbox 830 4229 867 4283; x_wconf 89' lang='lat' dir='ltr'><strong>ait</strong></span> <span class='ocrx_word' id='word_1_415' title='bbox 882 4249 889 4286; x_wconf 91' lang='lat'>:</span> <span class='ocrx_word' id='word_1_416' title='bbox 912 4231 944 4283; x_wconf 80' lang='lat' dir='ltr'><strong>st</strong></span> 
     </span>
     <span class='ocr_line' id='line_1_64' title="bbox 141 4300 944 4370; baseline -0.006 -10"><span class='ocrx_word' id='word_1_417' title='bbox 141 4306 232 4361; x_wconf 77' lang='lat' dir='ltr'><strong>emulus</strong></span> <span class='ocrx_word' id='word_1_418' title='bbox 243 4309 306 4356; x_wconf 80' lang='lat' dir='ltr'><strong>turm</strong></span> <span class='ocrx_word' id='word_1_419' title='bbox 314 4302 410 4356; x_wconf 73' lang='lat' dir='ltr'><strong>denter</strong></span> <span class='ocrx_word' id='word_1_420' title='bbox 423 4300 589 4355; x_wconf 76' lang='lat' dir='ltr'><strong>suurdulizul</strong></span> <span class='ocrx_word' id='word_1_421' title='bbox 604 4306 639 4361; x_wconf 87' lang='lat' dir='ltr'><strong>te.</strong></span> <span class='ocrx_word' id='word_1_422' title='bbox 653 4318 715 4355; x_wconf 86' lang='lat' dir='ltr'><strong>erue</strong></span> <span class='ocrx_word' id='word_1_423' title='bbox 726 4316 794 4363; x_wconf 78' lang='lat' dir='ltr'><strong>curre,</strong></span> <span class='ocrx_word' id='word_1_424' title='bbox 807 4307 832 4356; x_wconf 87' lang='lat' dir='ltr'><strong>et</strong></span> <span class='ocrx_word' id='word_1_425' title='bbox 842 4300 944 4370; x_wconf 75' lang='lat' dir='ltr'><strong>projice</strong></span> 
     </span>
     <span class='ocr_line' id='line_1_65' title="bbox 142 4371 943 4443; baseline -0.006 -14"><span class='ocrx_word' id='word_1_426' title='bbox 142 4375 190 4429; x_wconf 86' lang='lat' dir='ltr'><strong>abs</strong></span> <span class='ocrx_word' id='word_1_427' title='bbox 204 4380 237 4429; x_wconf 83' lang='lat' dir='ltr'><strong>te.</strong></span> <span class='ocrx_word' id='word_1_428' title='bbox 252 4375 319 4428; x_wconf 73' lang='lat' dir='ltr'><strong>llaec</strong></span> <span class='ocrx_word' id='word_1_429' title='bbox 334 4371 409 4427; x_wconf 85' lang='lat' dir='ltr'><strong>eninr</strong></span> <span class='ocrx_word' id='word_1_430' title='bbox 425 4372 608 4443; x_wconf 83' lang='lat' dir='ltr'><strong>metaphorice</strong></span> <span class='ocrx_word' id='word_1_431' title='bbox 625 4372 815 4439; x_wconf 71' lang='lat' dir='ltr'><strong>iutettiqmnur</strong></span> <span class='ocrx_word' id='word_1_432' title='bbox 828 4380 876 4427; x_wconf 91' lang='lat' dir='ltr'><strong>ant</strong></span> <span class='ocrx_word' id='word_1_433' title='bbox 892 4374 943 4443; x_wconf 76' lang='lat' dir='ltr'><strong>hy-</strong></span> 
     </span>
     <span class='ocr_line' id='line_1_66' title="bbox 141 4444 941 4518; baseline -0.003 -18"><span class='ocrx_word' id='word_1_434' title='bbox 141 4444 290 4518; x_wconf 88' lang='lat' dir='ltr'><strong>perbolice,</strong></span> <span class='ocrx_word' id='word_1_435' title='bbox 308 4453 338 4499; x_wconf 89' lang='lat' dir='ltr'><strong>nt</strong></span> <span class='ocrx_word' id='word_1_436' title='bbox 356 4453 453 4498; x_wconf 91' lang='lat' dir='ltr'><strong>nutant</strong></span> <span class='ocrx_word' id='word_1_437' title='bbox 472 4444 632 4514; x_wconf 89' lang='lat' dir='ltr'><strong>interpretes</strong></span> <span class='ocrx_word' id='word_1_438' title='bbox 651 4445 734 4513; x_wconf 85' lang='lat' dir='ltr'><strong>(l&#39;r&#39;de</strong></span> <span class='ocrx_word' id='word_1_439' title='bbox 755 4448 831 4498; x_wconf 81' lang='lat' dir='ltr'><strong>loun.</strong></span> <span class='ocrx_word' id='word_1_440' title='bbox 855 4444 941 4499; x_wconf 79' lang='lat' dir='ltr'><strong>Medd.</strong></span> 
     </span>
     <span class='ocr_line' id='line_1_67' title="bbox 140 4514 943 4587; baseline -0.002 -16"><span class='ocrx_word' id='word_1_441' title='bbox 140 4519 170 4571; x_wconf 82' lang='lat' dir='ltr'><strong>in</strong></span> <span class='ocrx_word' id='word_1_442' title='bbox 191 4532 210 4571; x_wconf 86' lang='lat' dir='ltr'>v</span> <span class='ocrx_word' id='word_1_443' title='bbox 231 4518 357 4579; x_wconf 65' lang='lat' dir='ltr'><strong>traiectu).</strong></span> <span class='ocrx_word' id='word_1_444' title='bbox 379 4516 563 4587; x_wconf 81' lang='lat' dir='ltr'><strong>lietaphoriee</strong></span> <span class='ocrx_word' id='word_1_445' title='bbox 581 4514 690 4587; x_wconf 90' lang='lat' dir='ltr'><strong>quidem</strong></span> <span class='ocrx_word' id='word_1_446' title='bbox 716 4516 737 4569; x_wconf 83' lang='lat' dir='ltr'><strong>si</strong></span> <span class='ocrx_word' id='word_1_447' title='bbox 763 4531 810 4585; x_wconf 87' lang='lat' dir='ltr'><strong>per</strong></span> <span class='ocrx_word' id='word_1_448' title='bbox 833 4514 943 4569; x_wconf 87' lang='lat' dir='ltr'><strong>oculum</strong></span> 
     </span>
     <span class='ocr_line' id='line_1_68' title="bbox 141 4585 944 4656; baseline -0.004 -14"><span class='ocrx_word' id='word_1_449' title='bbox 141 4586 269 4643; x_wconf 78' lang='lat' dir='ltr'><strong>dextrum</strong></span> <span class='ocrx_word' id='word_1_450' title='bbox 289 4597 315 4642; x_wconf 93' lang='lat' dir='ltr'><strong>et</strong></span> <span class='ocrx_word' id='word_1_451' title='bbox 328 4603 441 4641; x_wconf 92' lang='lat' dir='ltr'><strong>manum</strong></span> <span class='ocrx_word' id='word_1_452' title='bbox 463 4588 587 4641; x_wconf 77' lang='lat' dir='ltr'><strong>dextram</strong></span> <span class='ocrx_word' id='word_1_453' title='bbox 601 4585 785 4656; x_wconf 82' lang='lat' dir='ltr'><strong>intelligamus</strong></span> <span class='ocrx_word' id='word_1_454' title='bbox 800 4601 844 4640; x_wconf 91' lang='lat' dir='ltr'><strong>res</strong></span> <span class='ocrx_word' id='word_1_455' title='bbox 863 4585 944 4641; x_wconf 93' lang='lat' dir='ltr'><strong>nobis</strong></span> 
     </span>
     <span class='ocr_line' id='line_1_69' title="bbox 141 4656 944 4729; baseline -0.004 -15"><span class='ocrx_word' id='word_1_456' title='bbox 141 4658 317 4715; x_wconf 87' lang='lat' dir='ltr'><strong>charissimas</strong></span> <span class='ocrx_word' id='word_1_457' title='bbox 332 4666 359 4713; x_wconf 90' lang='lat' dir='ltr'><strong>et</strong></span> <span class='ocrx_word' id='word_1_458' title='bbox 382 4656 594 4729; x_wconf 87' lang='lat' dir='ltr'><strong>pretiosissimas</strong></span> <span class='ocrx_word' id='word_1_459' title='bbox 619 4672 687 4726; x_wconf 89' lang='lat' dir='ltr'><strong>quas</strong></span> <span class='ocrx_word' id='word_1_460' title='bbox 711 4656 828 4711; x_wconf 90' lang='lat' dir='ltr'><strong>anobis</strong></span> <span class='ocrx_word' id='word_1_461' title='bbox 852 4656 944 4727; x_wconf 90' lang='lat' dir='ltr'><strong>potius</strong></span> 
     </span>
    </p>
   </div>
   <div class='ocr_carea' id='block_1_18' title="bbox 995 3380 1802 4727">
    <p class='ocr_par' dir='ltr' id='par_1_20' title="bbox 995 3380 1801 3933">
     <span class='ocr_line' id='line_1_70' title="bbox 998 3380 1800 3452; baseline 0.002 -18"><span class='ocrx_word' id='word_1_462' title='bbox 998 3380 1130 3435; x_wconf 87' lang='lat' dir='ltr'><strong>memhris</strong></span> <span class='ocrx_word' id='word_1_463' title='bbox 1153 3389 1181 3435; x_wconf 90' lang='lat' dir='ltr'><strong>ct</strong></span> <span class='ocrx_word' id='word_1_464' title='bbox 1203 3380 1311 3435; x_wconf 91' lang='lat' dir='ltr'><strong>actibus</strong></span> <span class='ocrx_word' id='word_1_465' title='bbox 1359 3380 1463 3435; x_wconf 82' lang='lat' dir='ltr'><strong>irersis.</strong></span> <span class='ocrx_word' id='word_1_466' title='bbox 1489 3380 1650 3452; x_wconf 89' lang='lat' dir='ltr'><strong>Cujusrnodi</strong></span> <span class='ocrx_word' id='word_1_467' title='bbox 1676 3380 1800 3436; x_wconf 83' lang='lat' dir='ltr'><strong>membra</strong></span> 
     </span>
     <span class='ocr_line' id='line_1_71' title="bbox 997 3451 1799 3522; baseline 0.001 -17"><span class='ocrx_word' id='word_1_468' title='bbox 997 3466 1063 3505; x_wconf 83' lang='lat' dir='ltr'><strong>mon</strong></span> <span class='ocrx_word' id='word_1_469' title='bbox 1075 3451 1108 3506; x_wconf 88' lang='lat' dir='ltr'><strong>ab</strong></span> <span class='ocrx_word' id='word_1_470' title='bbox 1120 3451 1217 3507; x_wconf 90' lang='lat' dir='ltr'><strong>codem</strong></span> <span class='ocrx_word' id='word_1_471' title='bbox 1230 3451 1361 3520; x_wconf 76' lang='lat' dir='ltr'><strong>Apostolo</strong></span> <span class='ocrx_word' id='word_1_472' title='bbox 1383 3460 1594 3515; x_wconf 67' lang='lat' dir='ltr'><strong>enumerantem</strong></span> <span class='ocrx_word' id='word_1_473' title='bbox 1603 3466 1665 3522; x_wconf 74' lang='lat' dir='ltr'><strong>qnae</strong></span> <span class='ocrx_word' id='word_1_474' title='bbox 1675 3452 1799 3522; x_wconf 91' lang='lat' dir='ltr'><strong>sequenti</strong></span> 
     </span>
     <span class='ocr_line' id='line_1_72' title="bbox 997 3521 1799 3604; baseline 0.002 -28"><span class='ocrx_word' id='word_1_475' title='bbox 997 3524 1084 3593; x_wconf 88' lang='lat' dir='ltr'><strong>capite</strong></span> <span class='ocrx_word' id='word_1_476' title='bbox 1112 3521 1293 3593; x_wconf 89' lang='lat' dir='ltr'><strong>particulatim</strong></span> <span class='ocrx_word' id='word_1_477' title='bbox 1320 3529 1348 3577; x_wconf 92' lang='lat' dir='ltr'><strong>et</strong></span> <span class='ocrx_word' id='word_1_478' title='bbox 1370 3522 1503 3592; x_wconf 89' lang='lat' dir='ltr'><strong>spirituali</strong></span> <span class='ocrx_word' id='word_1_479' title='bbox 1519 3522 1637 3604; x_wconf 88' lang='lat' dir='ltr'><strong>quadam</strong></span> <span class='ocrx_word' id='word_1_480' title='bbox 1662 3522 1799 3578; x_wconf 86' lang='lat' dir='ltr'><strong>arratomia</strong></span> 
     </span>
     <span class='ocr_line' id='line_1_73' title="bbox 997 3593 1800 3664; baseline 0.002 -17"><span class='ocrx_word' id='word_1_481' title='bbox 997 3594 1175 3664; x_wconf 83' lang='lat' dir='ltr'><strong>explicantur.</strong></span> <span class='ocrx_word' id='word_1_482' title='bbox 1191 3594 1277 3664; x_wconf 86' lang='lat' dir='ltr'><strong>Super</strong></span> <span class='ocrx_word' id='word_1_483' title='bbox 1291 3598 1392 3648; x_wconf 87' lang='lat' dir='ltr'><strong>terrum</strong></span> <span class='ocrx_word' id='word_1_484' title='bbox 1406 3599 1505 3661; x_wconf 69' lang='lat' dir='ltr'><strong>erstem,</strong></span> <span class='ocrx_word' id='word_1_485' title='bbox 1521 3593 1547 3650; x_wconf 89' lang='lat' dir='ltr'><strong>td</strong></span> <span class='ocrx_word' id='word_1_486' title='bbox 1559 3602 1598 3650; x_wconf 93' lang='lat' dir='ltr'><strong>cst</strong></span> <span class='ocrx_word' id='word_1_487' title='bbox 1615 3602 1732 3662; x_wconf 90' lang='lat' dir='ltr'><strong>terrena,</strong></span> <span class='ocrx_word' id='word_1_488' title='bbox 1743 3593 1800 3649; x_wconf 85' lang='lat' dir='ltr'><strong>sire</strong></span> 
     </span>
     <span class='ocr_line' id='line_1_74' title="bbox 995 3664 1801 3747; baseline 0.002 -28"><span class='ocrx_word' id='word_1_489' title='bbox 995 3667 1133 3721; x_wconf 87' lang='lat' dir='ltr'><strong>terrestria</strong></span> <span class='ocrx_word' id='word_1_490' title='bbox 1149 3679 1209 3719; x_wconf 87' lang='lat' dir='ltr'><strong>esse</strong></span> <span class='ocrx_word' id='word_1_491' title='bbox 1223 3665 1361 3730; x_wconf 90' lang='lat' dir='ltr'><strong>dicuntur,</strong></span> <span class='ocrx_word' id='word_1_492' title='bbox 1385 3664 1458 3747; x_wconf 88' lang='lat' dir='ltr'><strong>quod</strong></span> <span class='ocrx_word' id='word_1_493' title='bbox 1472 3664 1630 3737; x_wconf 88' lang='lat' dir='ltr'><strong>hujusmodi</strong></span> <span class='ocrx_word' id='word_1_494' title='bbox 1650 3666 1711 3721; x_wconf 85' lang='lat' dir='ltr'><strong>uitia</strong></span> <span class='ocrx_word' id='word_1_495' title='bbox 1726 3666 1801 3721; x_wconf 78' lang='lat' dir='ltr'><strong>velut</strong></span> 
     </span>
     <span class='ocr_line' id='line_1_75' title="bbox 998 3734 1800 3807; baseline 0 -16"><span class='ocrx_word' id='word_1_496' title='bbox 998 3734 1139 3791; x_wconf 87' lang='lat' dir='ltr'><strong>interram</strong></span> <span class='ocrx_word' id='word_1_497' title='bbox 1155 3735 1314 3807; x_wconf 88' lang='lat' dir='ltr'><strong>deprimant</strong></span> <span class='ocrx_word' id='word_1_498' title='bbox 1327 3736 1480 3803; x_wconf 90' lang='lat' dir='ltr'><strong>hommem,</strong></span> <span class='ocrx_word' id='word_1_499' title='bbox 1501 3745 1527 3791; x_wconf 91' lang='lat' dir='ltr'><strong>ct</strong></span> <span class='ocrx_word' id='word_1_500' title='bbox 1541 3754 1555 3791; x_wconf 94' lang='lat' dir='ltr'><strong>a</strong></span> <span class='ocrx_word' id='word_1_501' title='bbox 1571 3739 1629 3792; x_wconf 86' lang='lat' dir='ltr'><strong>llco</strong></span> <span class='ocrx_word' id='word_1_502' title='bbox 1641 3737 1800 3807; x_wconf 80' lang='lat' dir='ltr'><strong>longissime</strong></span> 
     </span>
     <span class='ocr_line' id='line_1_76' title="bbox 995 3806 1800 3878; baseline 0 -18"><span class='ocrx_word' id='word_1_503' title='bbox 995 3816 1129 3863; x_wconf 79' lang='lat' dir='ltr'><strong>avertant:</strong></span> <span class='ocrx_word' id='word_1_504' title='bbox 1157 3808 1191 3862; x_wconf 91' lang='lat' dir='ltr'><strong>de</strong></span> <span class='ocrx_word' id='word_1_505' title='bbox 1222 3822 1341 3878; x_wconf 89' lang='lat' dir='ltr'><strong>quornm</strong></span> <span class='ocrx_word' id='word_1_506' title='bbox 1366 3806 1579 3862; x_wconf 85' lang='lat' dir='ltr'><strong>mortilicutiene</strong></span> <span class='ocrx_word' id='word_1_507' title='bbox 1597 3807 1687 3877; x_wconf 81' lang='lat' dir='ltr'><strong>agitur</strong></span> <span class='ocrx_word' id='word_1_508' title='bbox 1713 3807 1800 3876; x_wconf 89' lang='lat' dir='ltr'><strong>capite</strong></span> 
     </span>
     <span class='ocr_line' id='line_1_77' title="bbox 999 3880 1091 3933; baseline 0 -1"><span class='ocrx_word' id='word_1_509' title='bbox 999 3880 1091 3933; x_wconf 90' lang='lat' dir='ltr'><strong>tertio.</strong></span> 
     </span>
    </p>

    <p class='ocr_par' dir='ltr' id='par_1_21' title="bbox 997 3944 1802 4727">
     <span class='ocr_line' id='line_1_78' title="bbox 1034 3944 1799 4019; baseline -0.003 -16"><span class='ocrx_word' id='word_1_510' title='bbox 1034 3948 1192 4019; x_wconf 71' lang='lat' dir='ltr'><strong>ll&#39;ulqaris</strong></span> <span class='ocrx_word' id='word_1_511' title='bbox 1214 3948 1311 4004; x_wconf 75' lang='lat' dir='ltr'><strong>divisio</strong></span> <span class='ocrx_word' id='word_1_512' title='bbox 1343 3947 1445 4017; x_wconf 89' lang='lat' dir='ltr'><strong>peccati</strong></span> <span class='ocrx_word' id='word_1_513' title='bbox 1471 3949 1498 4003; x_wconf 92' lang='lat' dir='ltr'><strong>in</strong></span> <span class='ocrx_word' id='word_1_514' title='bbox 1523 3954 1666 4019; x_wconf 86' lang='lat' dir='ltr'><strong>peccatum</strong></span> <span class='ocrx_word' id='word_1_515' title='bbox 1692 3944 1799 4011; x_wconf 86' lang='lat' dir='ltr'><strong>cordis,</strong></span> 
     </span>
     <span class='ocr_line' id='line_1_79' title="bbox 999 4017 1800 4087; baseline 0.005 -17"><span class='ocrx_word' id='word_1_516' title='bbox 999 4017 1054 4071; x_wconf 91' lang='lat' dir='ltr'><strong>cris</strong></span> <span class='ocrx_word' id='word_1_517' title='bbox 1083 4028 1109 4071; x_wconf 90' lang='lat' dir='ltr'><strong>et</strong></span> <span class='ocrx_word' id='word_1_518' title='bbox 1130 4019 1228 4087; x_wconf 75' lang='lat' dir='ltr'><strong>oqueris,</strong></span> <span class='ocrx_word' id='word_1_519' title='bbox 1248 4035 1262 4071; x_wconf 90' lang='lat' dir='ltr'><strong>a</strong></span> <span class='ocrx_word' id='word_1_520' title='bbox 1289 4021 1320 4072; x_wconf 93' lang='lat' dir='ltr'><strong>l).</strong></span> <span class='ocrx_word' id='word_1_521' title='bbox 1343 4019 1514 4087; x_wconf 70' lang='lat' dir='ltr'><strong>Hieronymo</strong></span> <span class='ocrx_word' id='word_1_522' title='bbox 1534 4019 1616 4072; x_wconf 88' lang='lat' dir='ltr'><strong>relata</strong></span> <span class='ocrx_word' id='word_1_523' title='bbox 1632 4020 1658 4072; x_wconf 94' lang='lat' dir='ltr'><strong>in</strong></span> <span class='ocrx_word' id='word_1_524' title='bbox 1680 4034 1705 4071; x_wconf 89' lang='lat' dir='ltr'><strong>c.</strong></span> <span class='ocrx_word' id='word_1_525' title='bbox 1721 4032 1800 4074; x_wconf 79' lang='grc' dir='ltr'><strong>ιιιιιι</strong></span> 
     </span>
     <span class='ocr_line' id='line_1_80' title="bbox 1000 4086 1799 4157; baseline 0.004 -18"><span class='ocrx_word' id='word_1_526' title='bbox 1000 4086 1157 4151; x_wconf 85' lang='lat' dir='ltr'><strong>Ezechielis,</strong></span> <span class='ocrx_word' id='word_1_527' title='bbox 1172 4087 1278 4142; x_wconf 78' lang='lat' dir='ltr'><strong>adhaec</strong></span> <span class='ocrx_word' id='word_1_528' title='bbox 1292 4087 1373 4142; x_wconf 84' lang='lat' dir='ltr'><strong>vcrha</strong></span> <span class='ocrx_word' id='word_1_529' title='bbox 1390 4106 1396 4142; x_wconf 93' lang='lat'><strong>:</strong></span> <span class='ocrx_word' id='word_1_530' title='bbox 1412 4090 1515 4157; x_wconf 75' lang='lat' dir='ltr'><strong>Sequern</strong></span> <span class='ocrx_word' id='word_1_531' title='bbox 1536 4088 1630 4140; x_wconf 79' lang='lat' dir='ltr'><strong>dielnrs</strong></span> <span class='ocrx_word' id='word_1_532' title='bbox 1645 4090 1729 4155; x_wconf 73' lang='lat' dir='ltr'><strong>serenus</strong></span> <span class='ocrx_word' id='word_1_533' title='bbox 1742 4090 1799 4143; x_wconf 81' lang='lat' dir='ltr'><strong>ln&#39;r-</strong></span> 
     </span>
     <span class='ocr_line' id='line_1_81' title="bbox 999 4159 1800 4226; baseline 0.005 -17"><span class='ocrx_word' id='word_1_534' title='bbox 999 4172 1059 4209; x_wconf 88' lang='lat' dir='ltr'><strong>cum</strong></span> <span class='ocrx_word' id='word_1_535' title='bbox 1070 4174 1120 4226; x_wconf 87' lang='lat' dir='ltr'><strong>pru</strong></span> <span class='ocrx_word' id='word_1_536' title='bbox 1132 4161 1239 4226; x_wconf 77' lang='lat' dir='ltr'><strong>peccalo</strong></span> <span class='ocrx_word' id='word_1_537' title='bbox 1253 4159 1383 4225; x_wconf 83' lang='lat' dir='ltr'><strong>quotidie,</strong></span> <span class='ocrx_word' id='word_1_538' title='bbox 1403 4162 1428 4211; x_wconf 86' lang='lat' dir='ltr'><strong>cl</strong></span> <span class='ocrx_word' id='word_1_539' title='bbox 1439 4159 1567 4224; x_wconf 83' lang='lat' dir='ltr'><strong>uitulum,</strong></span> <span class='ocrx_word' id='word_1_540' title='bbox 1580 4163 1604 4212; x_wconf 83' lang='lat' dir='ltr'><strong>ct</strong></span> <span class='ocrx_word' id='word_1_541' title='bbox 1625 4162 1747 4214; x_wconf 77' lang='lat' dir='ltr'><strong>ericium.</strong></span> <span class='ocrx_word' id='word_1_542' title='bbox 1769 4162 1800 4215; x_wconf 88' lang='lat' dir='ltr'><strong>ln</strong></span> 
     </span>
     <span class='ocr_line' id='line_1_82' title="bbox 998 4227 1801 4299; baseline 0.006 -19"><span class='ocrx_word' id='word_1_543' title='bbox 998 4227 1079 4295; x_wconf 78' lang='lat' dir='ltr'><strong>lurco,</strong></span> <span class='ocrx_word' id='word_1_544' title='bbox 1092 4228 1190 4297; x_wconf 90' lang='lat' dir='ltr'><strong>inquit,</strong></span> <span class='ocrx_word' id='word_1_545' title='bbox 1205 4232 1231 4282; x_wconf 84' lang='lat' dir='ltr'><strong>et</strong></span> <span class='ocrx_word' id='word_1_546' title='bbox 1241 4230 1335 4296; x_wconf 64' lang='lat' dir='ltr'><strong>rutulo,</strong></span> <span class='ocrx_word' id='word_1_547' title='bbox 1348 4234 1372 4283; x_wconf 91' lang='lat' dir='ltr'><strong>cl</strong></span> <span class='ocrx_word' id='word_1_548' title='bbox 1386 4230 1472 4283; x_wconf 74' lang='lat' dir='ltr'><strong>uricte</strong></span> <span class='ocrx_word' id='word_1_549' title='bbox 1484 4232 1539 4284; x_wconf 83' lang='lat' dir='ltr'><strong>triu</strong></span> <span class='ocrx_word' id='word_1_550' title='bbox 1553 4231 1689 4299; x_wconf 75' lang='lat' dir='ltr'><strong>qtrrreruliu</strong></span> <span class='ocrx_word' id='word_1_551' title='bbox 1705 4232 1801 4285; x_wconf 84' lang='lat' dir='ltr'><strong>delicte</strong></span> 
     </span>
     <span class='ocr_line' id='line_1_83' title="bbox 997 4300 1799 4371; baseline 0.006 -19"><span class='ocrx_word' id='word_1_552' title='bbox 997 4304 1194 4365; x_wconf 82' lang='lat' dir='ltr'><strong>rrtorrslruntur,</strong></span> <span class='ocrx_word' id='word_1_553' title='bbox 1213 4300 1311 4369; x_wconf 84' lang='lat' dir='ltr'><strong>quibus</strong></span> <span class='ocrx_word' id='word_1_554' title='bbox 1321 4316 1397 4354; x_wconf 77' lang='lat' dir='ltr'><strong>eratne</strong></span> <span class='ocrx_word' id='word_1_555' title='bbox 1407 4302 1562 4355; x_wconf 70' lang='lat' dir='ltr'><strong>meldulfum</strong></span> <span class='ocrx_word' id='word_1_556' title='bbox 1574 4302 1693 4371; x_wconf 77' lang='lat' dir='ltr'><strong>subjacet</strong></span> <span class='ocrx_word' id='word_1_557' title='bbox 1707 4318 1799 4371; x_wconf 78' lang='lat' dir='ltr'><strong>pertus.</strong></span> 
     </span>
     <span class='ocr_line' id='line_1_84' title="bbox 997 4371 1801 4445; baseline 0.005 -20"><span class='ocrx_word' id='word_1_558' title='bbox 997 4371 1056 4425; x_wconf 85' lang='lat' dir='ltr'><strong>Aut</strong></span> <span class='ocrx_word' id='word_1_559' title='bbox 1074 4374 1142 4425; x_wconf 86' lang='lat' dir='ltr'><strong>euim</strong></span> <span class='ocrx_word' id='word_1_560' title='bbox 1155 4372 1375 4437; x_wconf 81' lang='lat' dir='ltr'><strong>coqilulr&#39;uniluts,</strong></span> <span class='ocrx_word' id='word_1_561' title='bbox 1391 4376 1440 4425; x_wconf 85' lang='lat' dir='ltr'><strong>dul</strong></span> <span class='ocrx_word' id='word_1_562' title='bbox 1452 4388 1580 4435; x_wconf 82' lang='lat' dir='ltr'><strong>serrumu,</strong></span> <span class='ocrx_word' id='word_1_563' title='bbox 1597 4380 1646 4427; x_wconf 86' lang='lat' dir='ltr'><strong>unt</strong></span> <span class='ocrx_word' id='word_1_564' title='bbox 1658 4390 1736 4442; x_wconf 76' lang='lat' dir='ltr'><strong>uprerc</strong></span> <span class='ocrx_word' id='word_1_565' title='bbox 1744 4390 1801 4445; x_wconf 84' lang='lat' dir='ltr'><strong>pec·</strong></span> 
     </span>
     <span class='ocr_line' id='line_1_85' title="bbox 998 4444 1800 4515; baseline 0.007 -20"><span class='ocrx_word' id='word_1_566' title='bbox 998 4458 1100 4496; x_wconf 75' lang='lat' dir='ltr'><strong>cumeis.</strong></span> <span class='ocrx_word' id='word_1_567' title='bbox 1122 4444 1256 4511; x_wconf 80' lang='lat' dir='ltr'><strong>Coqilulie</strong></span> <span class='ocrx_word' id='word_1_568' title='bbox 1270 4445 1390 4510; x_wconf 70' lang='lat' dir='ltr'><strong>refertur</strong></span> <span class='ocrx_word' id='word_1_569' title='bbox 1400 4444 1437 4497; x_wconf 84' lang='lat' dir='ltr'><strong>ud</strong></span> <span class='ocrx_word' id='word_1_570' title='bbox 1451 4447 1570 4507; x_wconf 83' lang='lat' dir='ltr'><strong>urielent,</strong></span> <span class='ocrx_word' id='word_1_571' title='bbox 1585 4462 1645 4514; x_wconf 74' lang='lat' dir='ltr'><strong>quur</strong></span> <span class='ocrx_word' id='word_1_572' title='bbox 1655 4448 1748 4515; x_wconf 79' lang='lat' dir='ltr'><strong>primu</strong></span> <span class='ocrx_word' id='word_1_573' title='bbox 1761 4452 1800 4501; x_wconf 83' lang='lat' dir='ltr'><strong>cst</strong></span> 
     </span>
     <span class='ocr_line' id='line_1_86' title="bbox 999 4517 1801 4587; baseline 0.006 -21"><span class='ocrx_word' id='word_1_574' title='bbox 999 4517 1119 4568; x_wconf 78' lang='lat' dir='ltr'><strong>emerium</strong></span> <span class='ocrx_word' id='word_1_575' title='bbox 1131 4520 1312 4585; x_wconf 71' lang='lat' dir='ltr'><strong>peccauerunt,</strong></span> <span class='ocrx_word' id='word_1_576' title='bbox 1328 4520 1354 4569; x_wconf 83' lang='lat' dir='ltr'><strong>cl</strong></span> <span class='ocrx_word' id='word_1_577' title='bbox 1367 4530 1402 4569; x_wconf 71' lang='lat' dir='ltr'><strong>ru)</strong></span> <span class='ocrx_word' id='word_1_578' title='bbox 1420 4531 1474 4584; x_wconf 85' lang='lat' dir='ltr'><strong>que</strong></span> <span class='ocrx_word' id='word_1_579' title='bbox 1489 4517 1546 4569; x_wconf 84' lang='lat' dir='ltr'><strong>aliu</strong></span> <span class='ocrx_word' id='word_1_580' title='bbox 1561 4517 1614 4571; x_wconf 85' lang='lat' dir='ltr'><strong>duu</strong></span> <span class='ocrx_word' id='word_1_581' title='bbox 1630 4523 1739 4587; x_wconf 84' lang='lat' dir='ltr'><strong>pcceulu</strong></span> <span class='ocrx_word' id='word_1_582' title='bbox 1754 4533 1801 4571; x_wconf 86' lang='lat' dir='ltr'><strong>ue·</strong></span> 
     </span>
     <span class='ocr_line' id='line_1_87' title="bbox 998 4588 1802 4656; baseline 0.004 -19"><span class='ocrx_word' id='word_1_583' title='bbox 998 4591 1121 4640; x_wconf 85' lang='lat' dir='ltr'><strong>scttrrlur.</strong></span> <span class='ocrx_word' id='word_1_584' title='bbox 1137 4588 1236 4641; x_wconf 75' lang='lat' dir='ltr'><strong>nudus</strong></span> <span class='ocrx_word' id='word_1_585' title='bbox 1249 4592 1339 4641; x_wconf 80' lang='lat' dir='ltr'><strong>‹trrlent</strong></span> <span class='ocrx_word' id='word_1_586' title='bbox 1352 4590 1407 4641; x_wconf 73' lang='lat' dir='ltr'><strong>sitrc</strong></span> <span class='ocrx_word' id='word_1_587' title='bbox 1421 4588 1522 4649; x_wconf 73' lang='lat' dir='ltr'><strong>lirun,</strong></span> <span class='ocrx_word' id='word_1_588' title='bbox 1540 4588 1578 4641; x_wconf 90' lang='lat' dir='ltr'><strong>ud</strong></span> <span class='ocrx_word' id='word_1_589' title='bbox 1589 4591 1733 4656; x_wconf 82' lang='lat' dir='ltr'><strong>eluqru&#39;um,</strong></span> <span class='ocrx_word' id='word_1_590' title='bbox 1746 4589 1802 4641; x_wconf 84' lang='lat' dir='ltr'><strong>sire</strong></span> 
     </span>
     <span class='ocr_line' id='line_1_88' title="bbox 998 4658 1801 4727; baseline 0 -17"><span class='ocrx_word' id='word_1_591' title='bbox 998 4670 1154 4719; x_wconf 83' lang='lat' dir='ltr'><strong>serrrrcuem,</strong></span> <span class='ocrx_word' id='word_1_592' title='bbox 1167 4662 1217 4727; x_wconf 91' lang='lat' dir='ltr'><strong>qui</strong></span> <span class='ocrx_word' id='word_1_593' title='bbox 1225 4658 1566 4727; x_wconf 68' lang='lat' dir='ltr'><strong>seuqrerdecere-islandus</strong></span> <span class='ocrx_word' id='word_1_594' title='bbox 1575 4658 1707 4727; x_wconf 78' lang='lat' dir='ltr'><strong>‹lispntut</strong></span> <span class='ocrx_word' id='word_1_595' title='bbox 1717 4664 1801 4725; x_wconf 71' lang='lat' dir='ltr'><strong>lquere</strong></span> 
     </span>
    </p>
   </div>
   <div class='ocr_carea' id='block_1_19' title="bbox 141 4722 1802 4852">
    <p class='ocr_par' dir='ltr' id='par_1_22' title="bbox 141 4722 1802 4852">
     <span class='ocr_line' id='line_1_89' title="bbox 141 4722 1802 4852; baseline -0.005 -65"><span class='ocrx_word' id='word_1_596' title='bbox 141 4729 260 4801; x_wconf 83' lang='lat' dir='ltr'><strong>abjicere</strong></span> <span class='ocrx_word' id='word_1_597' title='bbox 274 4730 405 4785; x_wconf 86' lang='lat' dir='ltr'><strong>debemus</strong></span> <span class='ocrx_word' id='word_1_598' title='bbox 423 4744 505 4801; x_wconf 92' lang='lat' dir='ltr'><strong>quam</strong></span> <span class='ocrx_word' id='word_1_599' title='bbox 525 4736 556 4783; x_wconf 89' lang='lat' dir='ltr'><strong>ut</strong></span> <span class='ocrx_word' id='word_1_600' title='bbox 575 4742 670 4783; x_wconf 89' lang='lat' dir='ltr'><strong>carum</strong></span> <span class='ocrx_word' id='word_1_601' title='bbox 692 4727 833 4781; x_wconf 88' lang='lat' dir='ltr'><strong>occasione</strong></span> <span class='ocrx_word' id='word_1_602' title='bbox 841 4743 945 4852; x_wconf 53' lang='lat' dir='ltr'><strong>‘pecee</strong></span> <span class='ocrx_word' id='word_1_603' title='bbox 958 4722 984 4785; x_wconf 89' lang='lat' dir='ltr'>D</span> <span class='ocrx_word' id='word_1_604' title='bbox 997 4732 1177 4799; x_wconf 83' lang='lat' dir='ltr'><strong>eeruprupric</strong></span> <span class='ocrx_word' id='word_1_605' title='bbox 1188 4730 1456 4797; x_wconf 72' lang='lat' dir='ltr'><strong>eituludqrutuutur,</strong></span> <span class='ocrx_word' id='word_1_606' title='bbox 1466 4730 1594 4797; x_wconf 82' lang='lat' dir='ltr'><strong>quonium</strong></span> <span class='ocrx_word' id='word_1_607' title='bbox 1604 4727 1713 4785; x_wconf 76' lang='lat' dir='ltr'><strong>conteri.</strong></span> <span class='ocrx_word' id='word_1_608' title='bbox 1723 4732 1748 4779; x_wconf 89' lang='lat' dir='ltr'><strong>et</strong></span> <span class='ocrx_word' id='word_1_609' title='bbox 1762 4728 1802 4779; x_wconf 90' lang='lat' dir='ltr'><strong>lu-</strong></span> 
     </span>
    </p>
   </div>
   <div class='ocr_carea' id='block_1_20' title="bbox 141 4797 946 5797">
    <p class='ocr_par' dir='ltr' id='par_1_23' title="bbox 141 4797 946 5427">
     <span class='ocr_line' id='line_1_90' title="bbox 142 4797 945 4881; baseline -0.005 -24"><span class='ocrx_word' id='word_1_610' title='bbox 142 4817 219 4857; x_wconf 91' lang='lat' dir='ltr'><strong>rnns.</strong></span> <span class='ocrx_word' id='word_1_611' title='bbox 250 4800 430 4881; x_wconf 79' lang='lat' dir='ltr'><strong>llypcrbolice</strong></span> <span class='ocrx_word' id='word_1_612' title='bbox 454 4815 528 4867; x_wconf 80' lang='lat' dir='ltr'><strong>sero,</strong></span> <span class='ocrx_word' id='word_1_613' title='bbox 554 4799 693 4870; x_wconf 88' lang='lat' dir='ltr'><strong>supposita</strong></span> <span class='ocrx_word' id='word_1_614' title='bbox 714 4797 764 4852; x_wconf 89' lang='lat' dir='ltr'><strong>hac</strong></span> <span class='ocrx_word' id='word_1_615' title='bbox 788 4813 839 4852; x_wconf 89' lang='lat' dir='ltr'><strong>con</strong></span> <span class='ocrx_word' id='word_1_616' title='bbox 861 4798 945 4853; x_wconf 89' lang='lat' dir='ltr'><strong>itione</strong></span> 
     </span>
     <span class='ocr_line' id='line_1_91' title="bbox 141 4867 944 4941; baseline -0.006 -14"><span class='ocrx_word' id='word_1_617' title='bbox 141 4871 187 4927; x_wconf 86' lang='lat' dir='ltr'><strong>vel</strong></span> <span class='ocrx_word' id='word_1_618' title='bbox 200 4880 370 4940; x_wconf 80' lang='lat' dir='ltr'><strong>exceptione..</strong></span> <span class='ocrx_word' id='word_1_619' title='bbox 390 4873 413 4925; x_wconf 89' lang='lat' dir='ltr'><strong>si</strong></span> <span class='ocrx_word' id='word_1_620' title='bbox 428 4871 484 4926; x_wconf 87' lang='lat' dir='ltr'><strong>heri</strong></span> <span class='ocrx_word' id='word_1_621' title='bbox 497 4877 588 4941; x_wconf 89' lang='lat' dir='ltr'><strong>posset</strong></span> <span class='ocrx_word' id='word_1_622' title='bbox 602 4871 642 4924; x_wconf 84' lang='lat' dir='ltr'><strong>rel</strong></span> <span class='ocrx_word' id='word_1_623' title='bbox 659 4868 760 4935; x_wconf 87' lang='lat' dir='ltr'><strong>liceret,</strong></span> <span class='ocrx_word' id='word_1_624' title='bbox 775 4875 805 4923; x_wconf 92' lang='lat' dir='ltr'><strong>ut</strong></span> <span class='ocrx_word' id='word_1_625' title='bbox 819 4867 846 4922; x_wconf 92' lang='lat' dir='ltr'><strong>in</strong></span> <span class='ocrx_word' id='word_1_626' title='bbox 861 4884 944 4940; x_wconf 78' lang='lat' dir='ltr'><strong>enarg-</strong></span> 
     </span>
     <span class='ocr_line' id='line_1_92' title="bbox 141 4939 945 5017; baseline -0.005 -19"><span class='ocrx_word' id='word_1_627' title='bbox 141 4943 331 5017; x_wconf 76' lang='lat' dir='ltr'><strong>gerationibus</strong></span> <span class='ocrx_word' id='word_1_628' title='bbox 359 4941 416 4996; x_wconf 88' lang='lat' dir='ltr'><strong>lieri</strong></span> <span class='ocrx_word' id='word_1_629' title='bbox 447 4942 526 4997; x_wconf 90' lang='lat' dir='ltr'><strong>solet.</strong></span> <span class='ocrx_word' id='word_1_630' title='bbox 550 4940 689 5007; x_wconf 77' lang='lat' dir='ltr'><strong>Sienilicat</strong></span> <span class='ocrx_word' id='word_1_631' title='bbox 715 4940 789 4994; x_wconf 86' lang='lat' dir='ltr'><strong>enirn</strong></span> <span class='ocrx_word' id='word_1_632' title='bbox 820 4939 945 4996; x_wconf 87' lang='lat' dir='ltr'><strong>Christus</strong></span> 
     </span>
     <span class='ocr_line' id='line_1_93' title="bbox 141 5009 943 5085; baseline -0.006 -15"><span class='ocrx_word' id='word_1_633' title='bbox 141 5014 259 5085; x_wconf 80' lang='lat' dir='ltr'><strong>quodvis</strong></span> <span class='ocrx_word' id='word_1_634' title='bbox 283 5012 373 5085; x_wconf 91' lang='lat' dir='ltr'><strong>potius</strong></span> <span class='ocrx_word' id='word_1_635' title='bbox 388 5012 521 5067; x_wconf 88' lang='lat' dir='ltr'><strong>damrnrm</strong></span> <span class='ocrx_word' id='word_1_636' title='bbox 535 5013 614 5067; x_wconf 91' lang='lat' dir='ltr'><strong>nobis</strong></span> <span class='ocrx_word' id='word_1_637' title='bbox 642 5009 833 5077; x_wconf 86' lang='lat' dir='ltr'><strong>subeundum,</strong></span> <span class='ocrx_word' id='word_1_638' title='bbox 862 5026 943 5082; x_wconf 90' lang='lat' dir='ltr'><strong>qnam</strong></span> 
     </span>
     <span class='ocr_line' id='line_1_94' title="bbox 142 5081 945 5156; baseline -0.005 -15"><span class='ocrx_word' id='word_1_639' title='bbox 142 5086 251 5156; x_wconf 92' lang='lat' dir='ltr'><strong>culpam</strong></span> <span class='ocrx_word' id='word_1_640' title='bbox 267 5104 272 5140; x_wconf 95' lang='lat'><strong>:</strong></span> <span class='ocrx_word' id='word_1_641' title='bbox 294 5101 326 5140; x_wconf 96' lang='lat' dir='ltr'><strong>co</strong></span> <span class='ocrx_word' id='word_1_642' title='bbox 348 5084 455 5156; x_wconf 89' lang='lat' dir='ltr'><strong>quidem</strong></span> <span class='ocrx_word' id='word_1_643' title='bbox 469 5099 567 5153; x_wconf 90' lang='lat' dir='ltr'><strong>usquc,</strong></span> <span class='ocrx_word' id='word_1_644' title='bbox 589 5092 620 5139; x_wconf 90' lang='lat' dir='ltr'><strong>ut</strong></span> <span class='ocrx_word' id='word_1_645' title='bbox 634 5083 675 5138; x_wconf 84' lang='lat' dir='ltr'><strong>rel</strong></span> <span class='ocrx_word' id='word_1_646' title='bbox 690 5081 801 5137; x_wconf 93' lang='lat' dir='ltr'><strong>oculum</strong></span> <span class='ocrx_word' id='word_1_647' title='bbox 817 5081 945 5138; x_wconf 80' lang='lat' dir='ltr'><strong>dextrum</strong></span> 
     </span>
     <span class='ocr_line' id='line_1_95' title="bbox 142 5153 946 5219; baseline -0.005 -8"><span class='ocrx_word' id='word_1_648' title='bbox 142 5156 186 5212; x_wconf 84' lang='lat' dir='ltr'><strong>vel</strong></span> <span class='ocrx_word' id='word_1_649' title='bbox 210 5157 334 5212; x_wconf 78' lang='lat' dir='ltr'><strong>dextram</strong></span> <span class='ocrx_word' id='word_1_650' title='bbox 357 5155 435 5211; x_wconf 93' lang='lat' dir='ltr'><strong>nobis</strong></span> <span class='ocrx_word' id='word_1_651' title='bbox 456 5171 571 5210; x_wconf 91' lang='lat' dir='ltr'><strong>manum</strong></span> <span class='ocrx_word' id='word_1_652' title='bbox 595 5153 806 5219; x_wconf 87' lang='lat' dir='ltr'><strong>abscindamus,</strong></span> <span class='ocrx_word' id='word_1_653' title='bbox 826 5153 946 5208; x_wconf 89' lang='lat' dir='ltr'><strong>sialiter</strong></span> 
     </span>
     <span class='ocr_line' id='line_1_96' title="bbox 141 5224 946 5302; baseline -0.006 -18"><span class='ocrx_word' id='word_1_654' title='bbox 141 5237 287 5302; x_wconf 90' lang='lat' dir='ltr'><strong>peccatum</strong></span> <span class='ocrx_word' id='word_1_655' title='bbox 308 5227 428 5295; x_wconf 74' lang='lat' dir='ltr'><strong>elicuere</strong></span> <span class='ocrx_word' id='word_1_656' title='bbox 449 5242 504 5281; x_wconf 94' lang='lat' dir='ltr'><strong>non</strong></span> <span class='ocrx_word' id='word_1_657' title='bbox 520 5226 658 5297; x_wconf 82' lang='lat' dir='ltr'><strong>possimus</strong></span> <span class='ocrx_word' id='word_1_658' title='bbox 674 5242 681 5279; x_wconf 89' lang='lat'>:</span> <span class='ocrx_word' id='word_1_659' title='bbox 700 5224 747 5279; x_wconf 90' lang='lat' dir='ltr'><strong>scd</strong></span> <span class='ocrx_word' id='word_1_660' title='bbox 761 5224 824 5294; x_wconf 89' lang='lat' dir='ltr'><strong>quia</strong></span> <span class='ocrx_word' id='word_1_661' title='bbox 838 5240 946 5295; x_wconf 89' lang='lat' dir='ltr'><strong>semper</strong></span> 
     </span>
     <span class='ocr_line' id='line_1_97' title="bbox 142 5296 944 5373; baseline -0.007 -18"><span class='ocrx_word' id='word_1_662' title='bbox 142 5316 303 5373; x_wconf 89' lang='lat' dir='ltr'><strong>possumus,</strong></span> <span class='ocrx_word' id='word_1_663' title='bbox 316 5298 393 5353; x_wconf 81' lang='lat' dir='ltr'><strong>nefas</strong></span> <span class='ocrx_word' id='word_1_664' title='bbox 413 5306 454 5354; x_wconf 90' lang='lat' dir='ltr'><strong>est</strong></span> <span class='ocrx_word' id='word_1_665' title='bbox 469 5298 591 5368; x_wconf 87' lang='lat' dir='ltr'><strong>aliquam</strong></span> <span class='ocrx_word' id='word_1_666' title='bbox 605 5296 685 5352; x_wconf 91' lang='lat' dir='ltr'><strong>nobis</strong></span> <span class='ocrx_word' id='word_1_667' title='bbox 698 5296 822 5366; x_wconf 91' lang='lat' dir='ltr'><strong>corporis</strong></span> <span class='ocrx_word' id='word_1_668' title='bbox 840 5304 944 5367; x_wconf 90' lang='lat' dir='ltr'><strong>partem</strong></span> 
     </span>
     <span class='ocr_line' id='line_1_98' title="bbox 143 5371 313 5427; baseline -0.012 0"><span class='ocrx_word' id='word_1_669' title='bbox 143 5371 313 5427; x_wconf 82' lang='lat' dir='ltr'><strong>abscindere.</strong></span> 
     </span>
    </p>

    <p class='ocr_par' dir='ltr' id='par_1_24' title="bbox 141 5440 946 5797">
     <span class='ocr_line' id='line_1_99' title="bbox 181 5440 945 5513; baseline -0.008 -15"><span class='ocrx_word' id='word_1_670' title='bbox 181 5445 312 5512; x_wconf 70' lang='lat' dir='ltr'><strong>‘Corpus</strong></span> <span class='ocrx_word' id='word_1_671' title='bbox 327 5443 441 5511; x_wconf 85' lang='lat' dir='ltr'><strong>peccati,</strong></span> <span class='ocrx_word' id='word_1_672' title='bbox 456 5440 559 5513; x_wconf 83' lang='lat' dir='ltr'><strong>passim</strong></span> <span class='ocrx_word' id='word_1_673' title='bbox 575 5447 654 5495; x_wconf 80' lang='lat' dir='ltr'><strong>uocat</strong></span> <span class='ocrx_word' id='word_1_674' title='bbox 662 5440 810 5512; x_wconf 74' lang='lat' dir='ltr'><strong>Apostolus</strong></span> <span class='ocrx_word' id='word_1_675' title='bbox 825 5447 945 5493; x_wconf 78' lang='lat' dir='ltr'><strong>veterem</strong></span> 
     </span>
     <span class='ocr_line' id='line_1_100' title="bbox 142 5511 944 5584; baseline -0.01 -14"><span class='ocrx_word' id='word_1_676' title='bbox 142 5512 296 5578; x_wconf 88' lang='lat' dir='ltr'><strong>hominem,</strong></span> <span class='ocrx_word' id='word_1_677' title='bbox 313 5514 414 5584; x_wconf 91' lang='lat' dir='ltr'><strong>dequo</strong></span> <span class='ocrx_word' id='word_1_678' title='bbox 431 5513 489 5567; x_wconf 88' lang='lat' dir='ltr'><strong>ait:</strong></span> <span class='ocrx_word' id='word_1_679' title='bbox 510 5513 699 5583; x_wconf 68' lang='lat' dir='ltr'><strong>tumultantes</strong></span> <span class='ocrx_word' id='word_1_680' title='bbox 713 5527 758 5567; x_wconf 82' lang='lat' dir='ltr'><strong>eos</strong></span> <span class='ocrx_word' id='word_1_681' title='bbox 771 5516 883 5565; x_wconf 72' lang='lat' dir='ltr'><strong>ueterem</strong></span> <span class='ocrx_word' id='word_1_682' title='bbox 899 5511 944 5563; x_wconf 84' lang='lat' dir='ltr'><strong>ho·</strong></span> 
     </span>
     <span class='ocr_line' id='line_1_101' title="bbox 141 5580 943 5655; baseline -0.006 -15"><span class='ocrx_word' id='word_1_683' title='bbox 141 5588 243 5640; x_wconf 82' lang='lat' dir='ltr'><strong>minua</strong></span> <span class='ocrx_word' id='word_1_684' title='bbox 258 5601 317 5640; x_wconf 77' lang='lat' dir='ltr'><strong>erum</strong></span> <span class='ocrx_word' id='word_1_685' title='bbox 335 5586 440 5639; x_wconf 83' lang='lat' dir='ltr'><strong>cetibus</strong></span> <span class='ocrx_word' id='word_1_686' title='bbox 463 5585 537 5646; x_wconf 70' lang='lat' dir='ltr'><strong>sulse</strong></span> <span class='ocrx_word' id='word_1_687' title='bbox 552 5584 625 5655; x_wconf 89' lang='lat' dir='ltr'><strong>quod</strong></span> <span class='ocrx_word' id='word_1_688' title='bbox 640 5581 712 5638; x_wconf 91' lang='lat' dir='ltr'><strong>idem</strong></span> <span class='ocrx_word' id='word_1_689' title='bbox 740 5590 781 5637; x_wconf 90' lang='lat' dir='ltr'><strong>cst</strong></span> <span class='ocrx_word' id='word_1_690' title='bbox 798 5596 830 5635; x_wconf 87' lang='lat' dir='ltr'><strong>ae</strong></span> <span class='ocrx_word' id='word_1_691' title='bbox 855 5580 943 5635; x_wconf 90' lang='lat' dir='ltr'><strong>illud:</strong></span> 
     </span>
     <span class='ocr_line' id='line_1_102' title="bbox 142 5655 942 5727; baseline -0.011 -12"><span class='ocrx_word' id='word_1_692' title='bbox 142 5658 303 5727; x_wconf 72' lang='lat' dir='ltr'><strong>Mortificate</strong></span> <span class='ocrx_word' id='word_1_693' title='bbox 317 5658 435 5711; x_wconf 83' lang='lat' dir='ltr'><strong>membru-</strong></span> <span class='ocrx_word' id='word_1_694' title='bbox 460 5658 560 5715; x_wconf 84' lang='lat' dir='ltr'><strong>cestra,</strong></span> <span class='ocrx_word' id='word_1_695' title='bbox 576 5671 636 5725; x_wconf 83' lang='lat' dir='ltr'><strong>qucr-</strong></span> <span class='ocrx_word' id='word_1_696' title='bbox 648 5660 710 5709; x_wconf 82' lang='lat' dir='ltr'><strong>stud</strong></span> <span class='ocrx_word' id='word_1_697' title='bbox 733 5668 814 5723; x_wconf 82' lang='lat' dir='ltr'><strong>snper</strong></span> <span class='ocrx_word' id='word_1_698' title='bbox 832 5655 942 5707; x_wconf 87' lang='lat' dir='ltr'><strong>terrum.</strong></span> 
     </span>
     <span class='ocr_line' id='line_1_103' title="bbox 143 5724 946 5797; baseline -0.007 -14"><span class='ocrx_word' id='word_1_699' title='bbox 143 5728 306 5783; x_wconf 80' lang='lat' dir='ltr'><strong>sicutenim</strong></span> <span class='ocrx_word' id='word_1_700' title='bbox 322 5728 416 5791; x_wconf 89' lang='lat' dir='ltr'><strong>homo,</strong></span> <span class='ocrx_word' id='word_1_701' title='bbox 436 5725 478 5782; x_wconf 86' lang='lat' dir='ltr'><strong>vel</strong></span> <span class='ocrx_word' id='word_1_702' title='bbox 493 5740 591 5797; x_wconf 89' lang='lat' dir='ltr'><strong>corpus</strong></span> <span class='ocrx_word' id='word_1_703' title='bbox 611 5726 729 5783; x_wconf 90' lang='lat' dir='ltr'><strong>hominis</strong></span> <span class='ocrx_word' id='word_1_704' title='bbox 742 5724 823 5779; x_wconf 83' lang='lat' dir='ltr'><strong>variis</strong></span> <span class='ocrx_word' id='word_1_705' title='bbox 837 5731 946 5778; x_wconf 90' lang='lat' dir='ltr'><strong>constat</strong></span> 
     </span>
    </p>
   </div>
   <div class='ocr_carea' id='block_1_21' title="bbox 143 5796 945 5869">
    <p class='ocr_par' dir='ltr' id='par_1_25' title="bbox 143 5796 945 5869">
     <span class='ocr_line' id='line_1_104' title="bbox 143 5796 945 5869; baseline -0.006 -14"><span class='ocrx_word' id='word_1_706' title='bbox 143 5797 296 5867; x_wconf 70' lang='lat' dir='ltr'><strong>membris,</strong></span> <span class='ocrx_word' id='word_1_707' title='bbox 312 5798 348 5855; x_wconf 88' lang='lat' dir='ltr'><strong>ita</strong></span> <span class='ocrx_word' id='word_1_708' title='bbox 368 5807 449 5856; x_wconf 84' lang='lat' dir='ltr'><strong>vetus</strong></span> <span class='ocrx_word' id='word_1_709' title='bbox 462 5797 558 5867; x_wconf 92' lang='lat' dir='ltr'><strong>homo,</strong></span> <span class='ocrx_word' id='word_1_710' title='bbox 569 5812 618 5853; x_wconf 87' lang='lat' dir='ltr'><strong>seu</strong></span> <span class='ocrx_word' id='word_1_711' title='bbox 630 5812 730 5869; x_wconf 91' lang='lat' dir='ltr'><strong>corpus</strong></span> <span class='ocrx_word' id='word_1_712' title='bbox 743 5796 846 5869; x_wconf 88' lang='lat' dir='ltr'><strong>peccati</strong></span> <span class='ocrx_word' id='word_1_713' title='bbox 861 5810 945 5867; x_wconf 82' lang='lat' dir='ltr'><strong>coag-</strong></span> 
     </span>
    </p>
   </div>
   <div class='ocr_carea' id='block_1_22' title="bbox 999 4796 1803 5869">
    <p class='ocr_par' dir='ltr' id='par_1_26' title="bbox 999 4796 1803 5869">
     <span class='ocr_line' id='line_1_105' title="bbox 1000 4796 1802 4869; baseline -0.001 -17"><span class='ocrx_word' id='word_1_714' title='bbox 1000 4798 1069 4860; x_wconf 76' lang='lat' dir='ltr'><strong>horu&#39;,</strong></span> <span class='ocrx_word' id='word_1_715' title='bbox 1081 4804 1106 4852; x_wconf 86' lang='lat' dir='ltr'><strong>el</strong></span> <span class='ocrx_word' id='word_1_716' title='bbox 1117 4803 1233 4854; x_wconf 80' lang='lat' dir='ltr'><strong>terrenis</strong></span> <span class='ocrx_word' id='word_1_717' title='bbox 1242 4801 1366 4868; x_wconf 86' lang='lat' dir='ltr'><strong>operibus</strong></span> <span class='ocrx_word' id='word_1_718' title='bbox 1376 4802 1547 4867; x_wconf 78' lang='lat' dir='ltr'><strong>mturcr&#39;puhts</strong></span> <span class='ocrx_word' id='word_1_719' title='bbox 1558 4800 1605 4851; x_wconf 81' lang='lat' dir='ltr'><strong>esi.</strong></span> <span class='ocrx_word' id='word_1_720' title='bbox 1618 4798 1657 4851; x_wconf 85' lang='lat' dir='ltr'><strong>lla</strong></span> <span class='ocrx_word' id='word_1_721' title='bbox 1670 4796 1802 4869; x_wconf 77' lang='lat' dir='ltr'><strong>Hierony·</strong></span> 
     </span>
     <span class='ocr_line' id='line_1_106' title="bbox 1000 4866 1799 4933; baseline 0.003 -12"><span class='ocrx_word' id='word_1_722' title='bbox 1000 4884 1072 4922; x_wconf 90' lang='lat' dir='ltr'><strong>mus.</strong></span> <span class='ocrx_word' id='word_1_723' title='bbox 1088 4872 1121 4922; x_wconf 69' lang='lat' dir='ltr'><strong>lit</strong></span> <span class='ocrx_word' id='word_1_724' title='bbox 1136 4870 1164 4922; x_wconf 93' lang='lat' dir='ltr'><strong>in</strong></span> <span class='ocrx_word' id='word_1_725' title='bbox 1185 4870 1310 4923; x_wconf 87' lang='lat' dir='ltr'><strong>eamdem</strong></span> <span class='ocrx_word' id='word_1_726' title='bbox 1324 4866 1487 4922; x_wconf 91' lang='lat' dir='ltr'><strong>sententiam</strong></span> <span class='ocrx_word' id='word_1_727' title='bbox 1504 4869 1538 4922; x_wconf 91' lang='grc'><strong>1).</strong></span> <span class='ocrx_word' id='word_1_728' title='bbox 1550 4868 1719 4933; x_wconf 72' lang='lat' dir='ltr'><strong>Atreustinus</strong></span> <span class='ocrx_word' id='word_1_729' title='bbox 1735 4883 1799 4923; x_wconf 90' lang='lat' dir='ltr'><strong>eon·</strong></span> 
     </span>
     <span class='ocr_line' id='line_1_107' title="bbox 999 4938 1800 5009; baseline 0.002 -16"><span class='ocrx_word' id='word_1_730' title='bbox 999 4947 1040 4993; x_wconf 88' lang='lat' dir='ltr'><strong>tra</strong></span> <span class='ocrx_word' id='word_1_731' title='bbox 1058 4940 1188 4993; x_wconf 88' lang='lat' dir='ltr'><strong>Faustum</strong></span> <span class='ocrx_word' id='word_1_732' title='bbox 1206 4938 1389 4993; x_wconf 80' lang='lat' dir='ltr'><strong>hlanichaeum</strong></span> <span class='ocrx_word' id='word_1_733' title='bbox 1402 4938 1471 5009; x_wconf 84' lang='lat' dir='ltr'><strong>(Lib.</strong></span> <span class='ocrx_word' id='word_1_734' title='bbox 1493 4954 1526 5003; x_wconf 87' lang='lat' dir='ltr'><strong>tt,</strong></span> <span class='ocrx_word' id='word_1_735' title='bbox 1541 4954 1564 4994; x_wconf 75' lang='lat' dir='ltr'><strong>c.</strong></span> <span class='ocrx_word' id='word_1_736' title='bbox 1580 4944 1645 5006; x_wconf 81' lang='grc'><strong>27);</strong></span> <span class='ocrx_word' id='word_1_737' title='bbox 1661 4942 1800 4997; x_wconf 84' lang='lat' dir='ltr'><strong>Pccculrun</strong></span> 
     </span>
     <span class='ocr_line' id='line_1_108' title="bbox 999 5010 1800 5081; baseline 0 -16"><span class='ocrx_word' id='word_1_738' title='bbox 999 5016 1039 5065; x_wconf 83' lang='lat' dir='ltr'><strong>est</strong></span> <span class='ocrx_word' id='word_1_739' title='bbox 1051 5010 1164 5075; x_wconf 75' lang='lat' dir='ltr'><strong>suetiam,</strong></span> <span class='ocrx_word' id='word_1_740' title='bbox 1177 5011 1219 5063; x_wconf 82' lang='lat' dir='ltr'><strong>ecl</strong></span> <span class='ocrx_word' id='word_1_741' title='bbox 1233 5010 1347 5077; x_wconf 82' lang='lat' dir='ltr'><strong>slirtum,</strong></span> <span class='ocrx_word' id='word_1_742' title='bbox 1357 5012 1399 5064; x_wconf 84' lang='lat' dir='ltr'><strong>ecl</strong></span> <span class='ocrx_word' id='word_1_743' title='bbox 1412 5015 1580 5081; x_wconf 84' lang='lat' dir='ltr'><strong>coucrqriturn</strong></span> <span class='ocrx_word' id='word_1_744' title='bbox 1591 5012 1700 5081; x_wconf 80' lang='lat' dir='ltr'><strong>aliquid</strong></span> <span class='ocrx_word' id='word_1_745' title='bbox 1709 5016 1800 5065; x_wconf 82' lang='lat' dir='ltr'><strong>conire</strong></span> 
     </span>
     <span class='ocr_line' id='line_1_109' title="bbox 1000 5082 1803 5149; baseline 0.001 -15"><span class='ocrx_word' id='word_1_746' title='bbox 1000 5086 1126 5134; x_wconf 74' lang='lat' dir='ltr'><strong>tremulat</strong></span> <span class='ocrx_word' id='word_1_747' title='bbox 1142 5083 1225 5149; x_wconf 80' lang='lat' dir='ltr'><strong>leqem</strong></span> <span class='ocrx_word' id='word_1_748' title='bbox 1237 5100 1245 5134; x_wconf 74' lang='grc' dir='ltr'><em>τ</em></span> <span class='ocrx_word' id='word_1_749' title='bbox 1255 5084 1311 5137; x_wconf 80' lang='lat' dir='ltr'><strong>Luc</strong></span> <span class='ocrx_word' id='word_1_750' title='bbox 1324 5098 1385 5137; x_wconf 85' lang='lat' dir='ltr'><strong>ecre</strong></span> <span class='ocrx_word' id='word_1_751' title='bbox 1396 5087 1494 5137; x_wconf 76' lang='lat' dir='ltr'><strong>celerem</strong></span> <span class='ocrx_word' id='word_1_752' title='bbox 1505 5088 1544 5137; x_wconf 81' lang='lat' dir='ltr'><strong>cst</strong></span> <span class='ocrx_word' id='word_1_753' title='bbox 1557 5084 1628 5136; x_wconf 81' lang='lat' dir='ltr'><strong>tutio</strong></span> <span class='ocrx_word' id='word_1_754' title='bbox 1641 5084 1745 5149; x_wconf 83' lang='lat' dir='ltr'><strong>dicitur,</strong></span> <span class='ocrx_word' id='word_1_755' title='bbox 1760 5082 1803 5135; x_wconf 86' lang='lat' dir='ltr'><strong>cel</strong></span> 
     </span>
     <span class='ocr_line' id='line_1_110' title="bbox 999 5152 1802 5223; baseline 0.004 -18"><span class='ocrx_word' id='word_1_756' title='bbox 999 5152 1125 5205; x_wconf 83' lang='lat' dir='ltr'><strong>euluutcs</strong></span> <span class='ocrx_word' id='word_1_757' title='bbox 1143 5155 1202 5219; x_wconf 76' lang='lat' dir='ltr'><strong>liei,</strong></span> <span class='ocrx_word' id='word_1_758' title='bbox 1218 5161 1269 5207; x_wconf 88' lang='lat' dir='ltr'><strong>ete..</strong></span> <span class='ocrx_word' id='word_1_759' title='bbox 1285 5154 1349 5208; x_wconf 74' lang='lat' dir='ltr'><strong>llaec</strong></span> <span class='ocrx_word' id='word_1_760' title='bbox 1361 5163 1451 5209; x_wconf 91' lang='lat' dir='ltr'><strong>autem</strong></span> <span class='ocrx_word' id='word_1_761' title='bbox 1467 5154 1564 5209; x_wconf 80' lang='lat' dir='ltr'><strong>divisio</strong></span> <span class='ocrx_word' id='word_1_762' title='bbox 1576 5152 1678 5223; x_wconf 83' lang='lat' dir='ltr'><strong>peccati</strong></span> <span class='ocrx_word' id='word_1_763' title='bbox 1693 5168 1746 5206; x_wconf 92' lang='lat' dir='ltr'><strong>non</strong></span> <span class='ocrx_word' id='word_1_764' title='bbox 1761 5159 1802 5208; x_wconf 89' lang='lat' dir='ltr'><strong>cst</strong></span> 
     </span>
     <span class='ocr_line' id='line_1_111' title="bbox 999 5222 1801 5295; baseline 0.002 -18"><span class='ocrx_word' id='word_1_765' title='bbox 999 5224 1105 5295; x_wconf 78' lang='lat' dir='ltr'><strong>generis</strong></span> <span class='ocrx_word' id='word_1_766' title='bbox 1128 5223 1154 5278; x_wconf 93' lang='lat' dir='ltr'><strong>in</strong></span> <span class='ocrx_word' id='word_1_767' title='bbox 1169 5223 1290 5279; x_wconf 82' lang='lat' dir='ltr'><strong>diuersas</strong></span> <span class='ocrx_word' id='word_1_768' title='bbox 1307 5225 1430 5295; x_wconf 89' lang='lat' dir='ltr'><strong>species:</strong></span> <span class='ocrx_word' id='word_1_769' title='bbox 1452 5224 1500 5281; x_wconf 89' lang='lat' dir='ltr'><strong>scd</strong></span> <span class='ocrx_word' id='word_1_770' title='bbox 1514 5224 1637 5295; x_wconf 77' lang='lat' dir='ltr'><strong>ciusdem</strong></span> <span class='ocrx_word' id='word_1_771' title='bbox 1652 5222 1748 5293; x_wconf 89' lang='lat' dir='ltr'><strong>speciei</strong></span> <span class='ocrx_word' id='word_1_772' title='bbox 1772 5223 1801 5279; x_wconf 94' lang='lat' dir='ltr'><strong>in</strong></span> 
     </span>
     <span class='ocr_line' id='line_1_112' title="bbox 1001 5294 1801 5365; baseline -0.001 -14"><span class='ocrx_word' id='word_1_773' title='bbox 1001 5294 1125 5351; x_wconf 79' lang='lat' dir='ltr'><strong>diversos</strong></span> <span class='ocrx_word' id='word_1_774' title='bbox 1139 5294 1253 5361; x_wconf 68' lang='lat' dir='ltr'><strong>gradus,</strong></span> <span class='ocrx_word' id='word_1_775' title='bbox 1278 5301 1308 5350; x_wconf 93' lang='lat' dir='ltr'><strong>ut</strong></span> <span class='ocrx_word' id='word_1_776' title='bbox 1328 5295 1408 5351; x_wconf 88' lang='lat' dir='ltr'><strong>docet</strong></span> <span class='ocrx_word' id='word_1_777' title='bbox 1426 5299 1463 5351; x_wconf 92' lang='lat' dir='ltr'><strong>D.</strong></span> <span class='ocrx_word' id='word_1_778' title='bbox 1480 5296 1601 5351; x_wconf 88' lang='lat' dir='ltr'><strong>Thomas</strong></span> <span class='ocrx_word' id='word_1_779' title='bbox 1620 5298 1688 5359; x_wconf 84' lang='grc'><strong>(1·2,</strong></span> <span class='ocrx_word' id='word_1_780' title='bbox 1715 5312 1743 5365; x_wconf 84' lang='lat' dir='ltr'><strong>q.</strong></span> <span class='ocrx_word' id='word_1_781' title='bbox 1766 5301 1801 5351; x_wconf 75' lang='lat' dir='ltr'><strong>dt</strong></span> 
     </span>
     <span class='ocr_line' id='line_1_113' title="bbox 999 5366 1800 5438; baseline 0 -17"><span class='ocrx_word' id='word_1_782' title='bbox 999 5371 1053 5421; x_wconf 83' lang='lat' dir='ltr'><strong>uri.</strong></span> <span class='ocrx_word' id='word_1_783' title='bbox 1065 5370 1105 5431; x_wconf 90' lang='grc'><strong>7).</strong></span> <span class='ocrx_word' id='word_1_784' title='bbox 1119 5370 1180 5423; x_wconf 83' lang='lat' dir='ltr'><strong>lluc</strong></span> <span class='ocrx_word' id='word_1_785' title='bbox 1190 5370 1261 5421; x_wconf 82' lang='lat' dir='ltr'><strong>caim</strong></span> <span class='ocrx_word' id='word_1_786' title='bbox 1272 5370 1338 5429; x_wconf 80' lang='lat' dir='ltr'><strong>iria,</strong></span> <span class='ocrx_word' id='word_1_787' title='bbox 1349 5366 1446 5438; x_wconf 90' lang='lat' dir='ltr'><strong>inquit,</strong></span> <span class='ocrx_word' id='word_1_788' title='bbox 1454 5370 1591 5437; x_wconf 83' lang='lat' dir='ltr'><strong>pertinent</strong></span> <span class='ocrx_word' id='word_1_789' title='bbox 1599 5367 1636 5421; x_wconf 78' lang='lat' dir='ltr'><strong>ced</strong></span> <span class='ocrx_word' id='word_1_790' title='bbox 1646 5382 1730 5421; x_wconf 80' lang='lat' dir='ltr'><strong>terrum</strong></span> <span class='ocrx_word' id='word_1_791' title='bbox 1737 5382 1800 5436; x_wconf 81' lang='lat' dir='ltr'><strong>per·-</strong></span> 
     </span>
     <span class='ocr_line' id='line_1_114' title="bbox 999 5438 1801 5510; baseline 0.002 -19"><span class='ocrx_word' id='word_1_792' title='bbox 999 5440 1099 5505; x_wconf 70' lang='lat' dir='ltr'><strong>fectum</strong></span> <span class='ocrx_word' id='word_1_793' title='bbox 1113 5444 1139 5493; x_wconf 88' lang='lat' dir='ltr'><strong>et</strong></span> <span class='ocrx_word' id='word_1_794' title='bbox 1150 5440 1306 5509; x_wconf 82' lang='lat' dir='ltr'><strong>correpletum</strong></span> <span class='ocrx_word' id='word_1_795' title='bbox 1323 5442 1427 5507; x_wconf 84' lang='lat' dir='ltr'><strong>peccati</strong></span> <span class='ocrx_word' id='word_1_796' title='bbox 1440 5442 1569 5510; x_wconf 83' lang='lat' dir='ltr'><strong>speciem,</strong></span> <span class='ocrx_word' id='word_1_797' title='bbox 1592 5454 1650 5492; x_wconf 87' lang='lat' dir='ltr'><strong>curu</strong></span> <span class='ocrx_word' id='word_1_798' title='bbox 1667 5438 1701 5491; x_wconf 89' lang='lat' dir='ltr'><strong>ub</strong></span> <span class='ocrx_word' id='word_1_799' title='bbox 1713 5438 1801 5493; x_wconf 81' lang='lat' dir='ltr'><strong>codem</strong></span> 
     </span>
     <span class='ocr_line' id='line_1_115' title="bbox 999 5510 1803 5581; baseline 0.001 -18"><span class='ocrx_word' id='word_1_800' title='bbox 999 5512 1097 5564; x_wconf 83' lang='lat' dir='ltr'><strong>mutire</strong></span> <span class='ocrx_word' id='word_1_801' title='bbox 1119 5512 1264 5564; x_wconf 74' lang='lat' dir='ltr'><strong>recedunt.</strong></span> <span class='ocrx_word' id='word_1_802' title='bbox 1276 5510 1427 5565; x_wconf 82' lang='lat' dir='ltr'><strong>iracundus</strong></span> <span class='ocrx_word' id='word_1_803' title='bbox 1440 5513 1508 5565; x_wconf 80' lang='lat' dir='ltr'><strong>cuim</strong></span> <span class='ocrx_word' id='word_1_804' title='bbox 1522 5526 1557 5563; x_wconf 83' lang='lat' dir='ltr'><strong>ca:</strong></span> <span class='ocrx_word' id='word_1_805' title='bbox 1570 5511 1618 5565; x_wconf 83' lang='lat' dir='ltr'><strong>leuc</strong></span> <span class='ocrx_word' id='word_1_806' title='bbox 1634 5510 1708 5581; x_wconf 86' lang='lat' dir='ltr'><strong>quod</strong></span> <span class='ocrx_word' id='word_1_807' title='bbox 1717 5525 1803 5580; x_wconf 67' lang='lat' dir='ltr'><strong>uppu-</strong></span> 
     </span>
     <span class='ocr_line' id='line_1_116' title="bbox 1001 5527 1803 5653; baseline 0 -18"><span class='ocrx_word' id='word_1_808' title='bbox 1001 5582 1036 5635; x_wconf 81' lang='lat' dir='ltr'><strong>et</strong></span> <span class='ocrx_word' id='word_1_809' title='bbox 1047 5527 1205 5644; x_wconf 53' lang='lat' dir='ltr'><strong>elucidetur-m,</strong></span> <span class='ocrx_word' id='word_1_810' title='bbox 1219 5584 1308 5651; x_wconf 81' lang='lat' dir='ltr'><strong>pruno</strong></span> <span class='ocrx_word' id='word_1_811' title='bbox 1318 5582 1428 5652; x_wconf 83' lang='lat' dir='ltr'><strong>quidem</strong></span> <span class='ocrx_word' id='word_1_812' title='bbox 1435 5581 1614 5653; x_wconf 74' lang='lat' dir='ltr'><strong>perturbatur</strong></span> <span class='ocrx_word' id='word_1_813' title='bbox 1626 5584 1654 5636; x_wconf 90' lang='lat' dir='ltr'><strong>in</strong></span> <span class='ocrx_word' id='word_1_814' title='bbox 1666 5582 1752 5645; x_wconf 85' lang='lat' dir='ltr'><strong>corde,</strong></span> <span class='ocrx_word' id='word_1_815' title='bbox 1763 5596 1803 5635; x_wconf 86' lang='lat' dir='ltr'><strong>se-</strong></span> 
     </span>
     <span class='ocr_line' id='line_1_117' title="bbox 1000 5652 1801 5725; baseline -0.002 -20"><span class='ocrx_word' id='word_1_816' title='bbox 1000 5652 1086 5706; x_wconf 85' lang='lat' dir='ltr'><strong>cundo</strong></span> <span class='ocrx_word' id='word_1_817' title='bbox 1113 5656 1141 5707; x_wconf 87' lang='lat' dir='ltr'><strong>iu</strong></span> <span class='ocrx_word' id='word_1_818' title='bbox 1158 5654 1239 5707; x_wconf 83' lang='lat' dir='ltr'><strong>uerba</strong></span> <span class='ocrx_word' id='word_1_819' title='bbox 1258 5655 1446 5709; x_wconf 84' lang='lat' dir='ltr'><strong>contumeliosu</strong></span> <span class='ocrx_word' id='word_1_820' title='bbox 1466 5656 1630 5725; x_wconf 69' lang='lat' dir='ltr'><strong>prorumpit,</strong></span> <span class='ocrx_word' id='word_1_821' title='bbox 1647 5657 1726 5710; x_wconf 84' lang='lat' dir='ltr'><strong>terlio</strong></span> <span class='ocrx_word' id='word_1_822' title='bbox 1740 5665 1801 5705; x_wconf 73' lang='lat' dir='ltr'><strong>crure</strong></span> 
     </span>
     <span class='ocr_line' id='line_1_118' title="bbox 999 5720 1801 5797; baseline -0.005 -19"><span class='ocrx_word' id='word_1_823' title='bbox 999 5725 1119 5793; x_wconf 84' lang='lat' dir='ltr'><strong>procedit</strong></span> <span class='ocrx_word' id='word_1_824' title='bbox 1140 5741 1225 5795; x_wconf 87' lang='lat' dir='ltr'><strong>usque</strong></span> <span class='ocrx_word' id='word_1_825' title='bbox 1247 5726 1284 5779; x_wconf 87' lang='lat' dir='ltr'><strong>ud</strong></span> <span class='ocrx_word' id='word_1_826' title='bbox 1297 5727 1373 5795; x_wconf 73' lang='lat' dir='ltr'><strong>(tectu</strong></span> <span class='ocrx_word' id='word_1_827' title='bbox 1389 5727 1534 5796; x_wconf 73' lang='lat' dir='ltr'><strong>irrjruiosu,</strong></span> <span class='ocrx_word' id='word_1_828' title='bbox 1554 5728 1664 5783; x_wconf 79' lang='lat' dir='ltr'><strong>elidem</strong></span> <span class='ocrx_word' id='word_1_829' title='bbox 1677 5728 1755 5797; x_wconf 82' lang='lat' dir='ltr'><strong>putet</strong></span> <span class='ocrx_word' id='word_1_830' title='bbox 1767 5720 1801 5773; x_wconf 70' lang='lat' dir='ltr'><strong>,p</strong></span> 
     </span>
     <span class='ocr_line' id='line_1_119' title="bbox 1000 5796 1479 5869; baseline 0.006 -18"><span class='ocrx_word' id='word_1_831' title='bbox 1000 5796 1111 5852; x_wconf 79' lang='lat' dir='ltr'><strong>luceria</strong></span> <span class='ocrx_word' id='word_1_832' title='bbox 1126 5802 1153 5852; x_wconf 87' lang='lat' dir='ltr'><strong>et</strong></span> <span class='ocrx_word' id='word_1_833' title='bbox 1170 5798 1289 5867; x_wconf 83' lang='lat' dir='ltr'><strong>quolibet</strong></span> <span class='ocrx_word' id='word_1_834' title='bbox 1300 5799 1479 5869; x_wconf 85' lang='lat' dir='ltr'><strong>uliopcccutu.</strong></span> 
     </span>
    </p>
   </div>
   <div class='ocr_carea' id='block_1_23' title="bbox 0 0 1936 6148">
    <p class='ocr_par' dir='ltr' id='par_1_27' title="bbox 0 0 1936 6148">
     <span class='ocr_line' id='line_1_120' title="bbox 0 0 1936 6148; baseline 0 0"><span class='ocrx_word' id='word_1_835' title='bbox 0 0 1936 6148; x_wconf 95' lang='lat' dir='ltr'><strong> </strong></span> 
     </span>
    </p>
   </div>
  </div>
 </body>
</html>
