3848 6158
176 310 210 363 ta
606 300 653 356 tn
670 298 786 357 orttttt
803 294 945 354 tornois
962 292 1117 351 cessioni
1134 290 1402 351 metanomiam
1800 295 1835 350 48

176 428 247 487 titiis
271 429 355 486 libros
378 418 532 501 expediens.
562 424 682 498 Digessit
705 423 788 482 edam
811 419 976 478 collationes
991 423 1017 486 Α
1034 417 1177 486 monachi,
1197 432 1246 490 per
1260 424 1347 475 coetus
1364 415 1427 473 illos
1445 412 1597 482 distributi,
1617 429 1689 487 quos
1706 431 1739 472 er
1760 417 1834 476 eoois

177 539 240 581 cum
254 523 377 579 Patribus
393 520 501 595 AEgypti
514 518 640 576 babitans
656 536 663 574 :
682 526 710 575 et
722 515 757 573 ad
769 523 920 572 extremum
933 530 976 572 ro-
1030 514 1133 586 origine
1150 512 1231 584 petita
1249 512 1354 569 ratione
1370 510 1494 569 coenobia
1508 510 1661 568 nominant.
1675 511 1752 567 Alter
1765 527 1834 584 quo·

177 626 279 692 gatusa
292 619 385 673 Leone
401 614 603 681 archidiacono,
620 620 714 684 postea
725 611 800 667 urbis
811 613 910 666 Romae
923 609 978 681 epi·
1031 623 1084 681 que
1105 607 1171 663 liber
1185 606 1274 662 eidem
1293 605 1438 678 inscriptus
1451 603 1486 661 ab
1502 612 1565 662 octo
1580 603 1631 661 iltis
1647 604 1769 672 (videsis
1788 621 1834 663 co-

176 727 272 784 scopo,
288 710 399 783 scripsit
417 698 546 767 adsersus
561 704 720 763 Nestorium
739 703 772 761 de
788 702 979 759 incarnatione
1032 700 1344 775 gitationibus)titulum
1357 707 1508 770 mutuatur,
1527 698 1834 773 quibusgulam,luxn·
1888 749 1891 756 .

177 805 289 881 Domini
305 805 388 861 libros
398 811 520 874 septem3
534 809 561 858 et
574 800 655 857 initis
670 798 804 857 scribendi
817 797 889 870 apud
902 800 979 854 Mas·
1033 796 1114 865 riam,
1128 795 1289 864 avaritiam,
1304 795 1388 862 iram,
1400 793 1543 861 insidiam,
1564 793 1705 859 acediam,
1722 795 1833 854 inanem

177 898 265 956 sitiam
277 939 284 966 ,
297 905 324 954 et
344 895 448 953 vivendi
469 895 552 951 tinem
574 893 650 963 tecit,
664 891 820 949 Theodosio
835 899 863 949 et
882 891 978 948 Valen-
1032 890 1162 965 gloriam,
1179 898 1261 967 atoue
1274 877 1429 960 superbiam
1441 886 1578 952 attribuit,
1597 888 1740 946 utilissima
1752 906 1834 961 reto,

178 990 279 1046 tiniano
299 987 485 1063 regnantibus.
1032 991 1054 1048 si
1073 1006 1136 1064 quae
1149 989 1219 1068 alia,
1234 987 1295 1045 haec
1314 987 1346 1045 iis
1365 996 1430 1044 sunt
1445 987 1634 1060 pronuntiata,
1656 989 1703 1061 qui
1726 988 1834 1063 religio·

455 1093 484 1148 S.
509 1090 667 1159 Fetpnttins
690 1108 698 1142 :
1032 1099 1091 1142 sam
1102 1085 1172 1141 inire
1185 1082 1268 1138 vitam
1284 1082 1406 1154 cupiunt.
1423 1084 1458 1137 Et
1475 1096 1538 1138 vero
1554 1088 1629 1138 tanta
1641 1082 1673 1139 iis
1687 1083 1727 1140 eis
1741 1084 1833 1153 inest,

213 1187 243 1241 S.
263 1186 420 1257 Fulgentius
441 1182 592 1254 Ruspensis
610 1181 762 1254 episcopus,
778 1188 808 1237 ut
824 1179 920 1238 scribit
932 1197 980 1238 au·
1032 1195 1064 1235 ac
1079 1177 1156 1250 quasi
1167 1175 1303 1246 divinitas,
1319 1184 1389 1231 utet
1402 1174 1515 1231 inbono
1534 1189 1620 1248 usque
1634 1174 1716 1244 diem,
1737 1177 1835 1250 siquis

178 1290 238 1335 ctor
249 1281 312 1335 vitae
325 1279 394 1350 ejus,
407 1279 599 1352 AEgyptiornm
611 1276 809 1334 monachorum
818 1276 980 1334 vitasadmi·
1033 1270 1233 1328 monacbomm
1246 1278 1395 1328 conventus
1408 1267 1459 1325 hac
1470 1284 1503 1326 ex
1519 1268 1620 1338 torma,
1638 1276 1665 1325 et
1678 1269 1752 1325 hisce
1765 1285 1835 1340 prae·

177 1373 276 1430 rabiles
295 1373 386 1447 legens
407 1373 616 1431 Institutionum
636 1372 717 1428 simul
744 1380 825 1444 atque
849 1371 979 1429 Collatin-
1032 1364 1201 1438 ceptionibus
1229 1363 1407 1436 gubernetur,
1438 1377 1532 1419 revera
1563 1362 1694 1434 tantisper
1721 1362 1833 1432 floreat,

178 1483 247 1524 num
276 1468 388 1540 spiritali
416 1468 592 1525 meditatione
622 1481 788 1534 succensus,
815 1475 980 1524 memoratas
1032 1459 1191 1532 caeterisque
1209 1457 1359 1530 praelucens
1380 1456 1514 1513 virtutum
1535 1469 1593 1512 esse-
1612 1452 1721 1510 ottlcina
1745 1470 1837 1512 cerna·

179 1567 264 1616 terras
286 1560 393 1633 navigio
416 1568 507 1633 petere
535 1559 645 1626 statuit,
674 1558 781 1614 duabus
802 1556 924 1614 videlicet
946 1573 979 1614 ex
1032 1562 1095 1609 tur:
1108 1568 1173 1609 cum
1185 1552 1230 1625 qui
1238 1551 1297 1608 lraec
1306 1549 1453 1623 repudiarit
1463 1557 1563 1617 cretus,
1572 1547 1660 1619 parvis
1671 1546 1836 1617 quibusdam

179 1652 285 1720 causis,
304 1661 335 1708 ut
348 1654 388 1709 vel
400 1652 436 1710 ihi
448 1651 570 1725 deposito
584 1652 695 1708 nomine
714 1649 836 1719 abbatis,
850 1648 902 1706 sub
922 1653 979 1707 tle-
1033 1646 1164 1714 virtutum
1184 1645 1304 1718 reliquiis
1321 1645 1484 1710 instructus,
1507 1641 1589 1699 veluti
1607 1641 1633 1697 in
1649 1641 1777 1699 [luctibus
1795 1643 1836 1715 ja·

178 1745 241 1817 gula
255 1745 355 1802 viveret
372 1746 400 1801 iu
417 1745 587 1815 humilitate;
602 1745 643 1802 rel
658 1742 829 1801 districtioris
842 1742 980 1828 abstinen-
1033 1746 1131 1809 netur,
1148 1738 1188 1795 vel
1210 1738 1292 1795 etiam
1314 1736 1488 1808 naufragium
1502 1732 1597 1791 iaciat.
1617 1738 1708 1807 Quare
1729 1735 1838 1808 expedit

178 1837 224 1893 tiae
239 1838 341 1909 tegibus
353 1837 525 1895 subderetur.
829 1872 839 1888 .
1035 1832 1101 1889 nihil
1121 1847 1228 1901 eorum,
1251 1846 1313 1904 qun
1332 1830 1369 1888 ibi
1390 1829 1545 1896 traduntur,
1565 1837 1749 1886 contemnere.
1766 1832 1838 1887 Nam

197 1940 371 1996 cassiodorus
386 1942 425 1996 αα
439 1956 500 1995 suos
511 1942 654 1996 monachos
672 1942 839 1997 venam
852 1941 964 1996 epponis
1035 1927 1188 1983 Dominicae
1205 1924 1266 1982 haec
1287 1924 1354 1998 legis
1370 1930 1450 1990 suut,
1472 1930 1552 1996 atque
1571 1922 1742 1994 Drangelicac
1763 1923 1838 1980 disci·

268 2013 314 2066 lib.
337 2012 370 2066 dc
387 2014 558 2068 institutione
574 2012 658 2066 dicire.
676 2014 734 2066 teet.
748 2028 808 2083 cap.
827 2016 862 2066 29
882 2031 888 2068 :
1035 2020 1116 2092 plinae
1139 2019 1272 2091 expositio
1289 2024 1326 2075 'et
1353 2016 1516 2091 explanatio.
1546 2017 1684 2073 Caeterum
1714 2016 1839 2074 sensibus

215 2106 376 2162 Cassianum
397 2105 600 2177 presbyterum,
626 2105 672 2176 qui
692 2106 802 2175 scripsit
819 2106 854 2162 de
872 2106 982 2162 lustitu·
1036 2113 1093 2185 ipsa
1113 2130 1221 2186 quoque
1239 2111 1312 2186 apud
1325 2128 1389 2169 eum
1410 2110 1559 2184 respondet
1578 2110 1707 2179 elocutio,
1730 2118 1761 2166 ut
1775 2126 1838 2182 quae

179 2199 253 2255 50⁰0
270 2199 390 2255 fidelium
404 2198 623 2266 m⁰¹1⁸⁰b0t¹1m2
639 2198 734 2255 sedulo
750 2198 837 2272 legite,
855 2197 982 2271 trequen-
1035 2223 1092 2264 non
1116 2206 1337 2280 perspicuitatem
1358 2205 1448 2262 solum
1464 2204 1577 2269 atterat,
1603 2203 1650 2260 sed
1672 2218 1703 2258 ea
1727 2204 1838 2274 insuper

179 2301 221 2349 ter
240 2293 348 2361 audite;
373 2293 419 2366 qui
439 2292 510 2349 inter
537 2293 595 2365 ipsa
621 2292 708 2349 sancti
732 2291 862 2365 propositi
889 2292 981 2362 initia,
1035 2300 1071 2355 sit
1086 2299 1211 2356 laenitate
1224 2296 1353 2370 p'raedita,
1372 2305 1402 2353 ut
1415 2296 1491 2352 tacite
1508 2312 1540 2352 ac
1559 2295 1617 2353 sine
1632 2295 1685 2352 ulla
1704 2296 1730 2352 vi
1747 2296 1837 2352 homi·

180 2385 416 2458 octo·principalia
432 2385 494 2442 vitia
509 2384 575 2442 dicit
586 2399 646 2441 esse
662 2383 800 2457 fugienda.
822 2385 982 2443 iticnorios
1036 2391 1216 2450 numantinis
1236 2391 1418 2462 imprimatur,
1437 2388 1502 2460 quin
1521 2396 1547 2443 et
1561 2387 1673 2443 eosdem
1692 2387 1839 2459 pervadere

180 2487 273 2535 motus
293 2478 457 2535 anirnorumr
471 2479 506 2535 ita
530 2487 716 2550 competenter
736 2477 870 2546 insinuat,
887 2486 917 2534 ut
936 2494 982 2535 ex·
1036 2496 1116 2558 arque
1130 2484 1333 2542 adiumentum
1348 2479 1678 2551 spumattmhcrequear,
1692 2480 1782 2536 immo
1796 2495 1839 2537 sa.

181 2586 274 2628 cessus
295 2586 360 2627 suos
382 2571 522 2627 hominem
542 2570 617 2644 prius
632 2555 723 2628 vider'e
740 2568 837 2640 saciat,
858 2580 885 2627 et
899 2571 983 2629 vitare
1036 2581 1140 2653 pientes
1151 2578 1219 2636 adeo
1230 2585 1295 2635 sunt
1307 2577 1409 2643 omnia,
1423 2584 1451 2632 et
1465 2574 1560 2630 dextre
1581 2581 1736 2645 temperata
1758 2582 1839 2645 atque

180 2664 345 2736 ⁰⁰ml³0¹¹³l2
367 2679 437 2736 <luts
454 2671 534 2720 anna
553 2661 714 2720 ⁰⁰¹¹f⁰⁵t⁰⁰⁰
737 2663 859 2736 lifisstflts
878 2663 982 2736 ῑὲὓθῐᾶ·
1035 2672 1195 2741 ettormata,
1214 2680 1245 2728 ut
1262 2687 1313 2728 nec
1330 2667 1491 2741 tropologiis
1509 2667 1578 2724 liber
1601 2666 1736 2724 secundus
1757 2666 1838 2724 desti·

180 2756 227 2813 bat
242 2779 248 2814 :
262 2757 307 2829 qui
322 2766 412 2813 tamen
427 2756 461 2813 de
473 2756 558 2813 libero
568 2755 708 2812 arbitrioa
724 2757 757 2810 B.
777 2759 912 2828 Prospero
920 2755 982 2827 jure
1033 2774 1136 2835 luatur,
1152 2765 1200 2823 sed
1222 2766 1308 2822 mutia
1324 2763 1461 2820 continear
1480 2776 1543 2833 (μω
1563 2757 1736 2816 demulceant
1754 2763 1838 2833 atque

179 2849 709 2921 millitis⁰⁵¹·U11d0m0110m1181lliss
728 2848 809 2904 ΝΜ
823 2848 980 2906 talibusex·
1034 2861 1154 2917 alliciant
1175 2875 1228 2917 :ac
1245 2859 1321 2931 plura
1339 2858 1435 2925 etiam,
1455 2870 1515 2928 qnae
1535 2869 1599 2912 cum
1619 2862 1725 2911 metum
1742 2871 1773 2911 ac
1787 2865 1837 2912 tcr·

180 2944 321 3000 cedffltm
333 2944 384 2998 θιὼ
399 2944 504 3000 wuith
517 2944 605 3015 Ιθὸθῐθ
618 2942 747 2998 debeatis.
1034 2970 1126 3010 rorem
1140 2953 1270 3010 incutiant
1279 2994 1288 3024 ,
1298 2959 1357 3008 tum
1373 2949 1559 3023 poenitentiam
1571 2949 1762 3006 commovendi
1783 2949 1838 3006 sim

305 3046 378 3101 idem
392 3047 421 3097 in
433 3046 597 3114 expositione
606 3044 710 3114 psalmi
720 3046 802 3099 trix
821 3046 855 3100 ¹:
1035 3047 1162 3105 habeant.
1182 3046 1306 3103 'tertium
1327 3045 1369 3101 his
1387 3043 1546 3117 adjunctum
1571 3042 1692 3099 libellum
1710 3043 1837 3115 legimus,

215 3139 296 3193 Hunc
318 3137 408 3193 locum
429 3135 640 3194 facundissimus
662 3138 805 3194 Cassianus
827 3137 854 3193 in
875 3137 979 3197 decima
994 3169 1017 3234 C
1034 3156 1117 3213 quem
1139 3155 1153 3195 a
1176 3139 1295 3196 Castoris
1312 3136 1431 3210 episcopi
1454 3145 1544 3193 morte
1567 3135 1702 3208 inscripsit
1719 3137 1838 3194 coenobii

179 3230 341 3300 Collatione,
357 3230 473 3303 plurima
488 3230 522 3288 de
541 3230 600 3303 ejus
615 3229 730 3287 utilitate
744 3228 889 3300 disserens,
899 3239 979 3290 tanto
1034 3235 1105 3291 illius
1116 3231 1295 3302 moderatori,
1308 3230 1510 3303 cujuscoenobii
1521 3245 1614 3297 eausa,
1627 3237 1655 3284 et
1665 3230 1776 3301 Regulac
1786 3230 1838 3288 illac

180 3325 285 3382 honore
296 3324 478 3392 concelebrat,
495 3333 527 3382 ut
544 3323 674 3398 quidquid
687 3323 813 3381 monaehi
827 3341 981 3398 assumpse·
1036 3328 1111 3401 prius
1124 3328 1214 3383 missae
1223 3324 1341 3382 fuerant.
1356 3324 1409 3393 Qui
1422 3323 1532 3395 quidem
1546 3322 1654 3379 libellus
1663 3323 1695 3378 iis
1704 3324 1838 3394 quosjam

181 3421 252 3487 rint,
275 3420 334 3476 sine
353 3418 435 3493 hujus
456 3419 581 3477 versiculi
599 3420 671 3476 trina
696 3420 839 3477 iteratione
863 3436 920 3477 non
938 3421 981 3477 in·
1036 3419 1277 3478 annumeravimus
1296 3417 1424 3475 assimilis
1441 3426 1492 3473 est.
1511 3421 1599 3472 Docet
1612 3416 1686 3472 enim
1703 3416 1731 3471 in
1744 3417 1839 3488 primis

181 3514 321 3573 choerent.
1037 3514 1083 3586 qui
1096 3512 1222 3571 discretio
1233 3511 1279 3580 sit,
1298 3519 1351 3568 etc.
1367 3509 1435 3567 Vide
1448 3518 1547 3567 caetera
1562 3508 1633 3581 apud
1646 3509 1782 3565 eumdem.

288 3623 402 3676 Joonnes
418 3618 550 3675 climacus
568 3617 658 3687 prodo
670 3622 687 3671 t
701 3633 758 3673 sne
770 3618 877 3675 Stoice:
1125 3617 1254 3673 natones
1275 3614 1313 3670 od
1329 3630 1351 3669 c.
1368 3618 1403 3669 38
1416 3614 1523 3682 Repete
1537 3617 1573 3668 l).
1591 3612 1727 3668 Benedicti
1741 3631 1749 3666 .-

216 3714 258 3769 Ex
277 3711 432 3770 obedientia
457 3710 596 3768 humilitas
615 3712 750 3782 nescitum
775 3727 806 3768 tx
831 3711 984 3770 humilitate
1072 3718 1186 3776 Sicutet
1200 3716 1413 3775 Cassianusait:
1431 3713 1840 3773 deficientibustratribussan·

182 3803 322 3875 discretio,
342 3813 403 3862 uta
427 3819 528 3877 magno
549 3819 659 3877 ortoque
678 3804 807 3862 Cassiam
828 3804 855 3859 in
875 3819 908 3861 eo
927 3819 985 3861 ser·
1038 3812 1231 3870 ctaetectlones
1245 3812 1380 3884 legantur,
1395 3820 1447 3867 etc.

180 3912 264 3954 mone
276 3914 358 3970 quem
373 3897 407 3955 de
419 3897 581 3955 discretione
596 3897 767 3971 conseripsit,
783 3897 982 3971 venustissime,
1037 3917 1211 3972 purchardus
1226 3917 1361 3985 episcopus
1377 3912 1839 3981 pmatpmsgp,g‚v„10„3,‚77‚

180 4000 262 4064 atque
277 3991 408 4049 altissime
425 3992 593 4065 disputatum
610 3999 660 4048 est.
1199 4002 1233 4041 ee
1253 3986 1368 4042 dormitio
1385 3986 1544 4054 Mopuntino
1558 4000 1617 4054 cop.
1632 3987 1669 4037 o:

182 4097 327 4165 Gregorius
346 4096 594 4152 neritonensi
620 4097 724 4150 ttistcr.
744 4098 841 4151 Frcnc.
857 4110 915 4167 cop.
932 4096 982 4160 29,
1075 4086 1304 4144 Sanctimoniales
1327 4085 1355 4142 in
1382 4085 1548 4142 monasterio
1573 4083 1728 4140 constitutae
1754 4083 1842 4139 omni-

332 4183 413 4235 opens
428 4168 461 4223 de
471 4168 583 4236 Pelleta
597 4171 684 4221 ’ΜΨ
697 4168 726 4224 S·
738 4167 844 4223 Atedii·
1037 4179 1090 4236 bus
1104 4178 1200 4235 diebus
1217 4178 1252 4235 ed
1265 4176 1414 4249 capitulum
1434 4185 1463 4235 et
1479 4176 1514 4233 ad
1533 4177 1697 4235 collationes
1717 4176 1843 4246 veniant,

217 4264 379 4322 Coenobium
403 4267 521 4336 (inquit)
548 4266 683 4338 fundavit,
701 4269 729 4325 in
749 4285 804 4341 quo
825 4285 881 4325 non
900 4269 984 4326 modo
1038 4281 1066 4329 et
1091 4272 1214 4344 regulam
1239 4288 1255 4328 a
1279 4273 1327 4328 SS.
1352 4271 1478 4327 Patribus
1505 4271 1557 4326 illis
1580 4273 1758 4329 constitutam
1781 4271 1841 4328 dili·

180 4355 310 4422 caniani,
326 4370 422 4412 verunt
444 4355 526 4411 etiam
541 4357 645 4423 Basilii,
661 4365 689 4412 et
710 4360 878 4429 reliquorum
898 4361 983 4417 abba·
1039 4373 1134 4439 genter
1146 4365 1299 4421 observent.

142 4516 146 4523 Ι
180 4456 259 4516 tum,
282 4449 327 4520 qui
350 4446 569 4505 monasterialem
594 4448 678 4504 vitam
701 4448 893 4519 instituerunt,
917 4451 985 4509 cele·
1074 4456 1174 4514 lisdem
1195 4455 1252 4513 tere
1271 4455 1359 4513 verbis
1371 4453 1444 4528 apud
1464 4457 1578 4511 leonem
1593 4463 1663 4527 part.
1687 4470 1733 4511 vxx
1752 4471 1778 4512 c.
1805 4462 1841 4514 95

183 4542 301 4598 terantur
320 4540 455 4614 Regulae3
470 4542 548 4597 beata
565 4540 681 4598 muliere
699 4542 800 4600 rictum
813 4551 895 4616 atque
911 4543 1029 4607 vesti-D
1045 4550 1183 4625 protertur
1206 4565 1295 4608 canon
1320 4553 1356 4606 te
1376 4548 1473 4606 conciti
1495 4548 1608 4606 secundi
1636 4549 1835 4620 Cabilonensis,

180 4645 241 4693 tum
254 4636 367 4709 singulis
381 4635 564 4693 ministrante.
1036 4661 1091 4718 quo
1111 4643 1267 4717 praecipitur
1291 4651 1321 4700 ut
1346 4643 1566 4701 sanctimoniales
1589 4643 1718 4701 omnibus
1742 4643 1840 4701 diebus

180 4734 964 4811 Picisosepecopestentanttnopniononeeocontest
1034 4738 1070 4796 ad
1083 4738 1264 4796 collationem
1285 4737 1402 4796 veniant.

173 4913 178 4922 .
216 4842 335 4900 Cassiani
348 4840 474 4899 monaehi
489 4842 605 4915 Regulos
616 4843 817 4902 monachorum
830 4844 938 4918 AEgypti
949 4841 979 4914 ⁹3
1069 4843 1166 4897 Petrus
1184 4842 1315 4898 Dommni
1326 4841 1477 4896 cardinalis
1496 4843 1632 4912 episcopos
1646 4842 1801 4899 Ostiensis:

180 4937 221 4989 De
235 4943 298 4990 octo
315 4936 416 4993 vitiosis
431 4936 654 5010 cogitationibus
674 4937 796 4996 Libellus
814 4937 898 4995 trium
917 4938 981 4994 Col·
1070 4940 1165 4996 Petrus
1184 4937 1310 4996 Damiani
1335 4939 1383 4997 lib.
1408 4953 1427 4996 r
1448 4939 1527 5011 epist.
1552 4945 1596 5008 19,
1616 4939 1662 4997 ubi
1684 4938 1719 4996 de
1739 4940 1836 4997 vestitu

111 5084 113 5088 Α
179 5027 322 5083 lationem.
343 5031 441 5085 tectim
459 5029 564 5088 libellus
576 5047 630 5104 quo
645 5031 763 5090 Cassiani
776 5029 903 5089 ltonachi
918 5035 981 5104 (pa·
1032 5032 1230 5091 monachorum
1244 5041 1271 5090 et
1285 5033 1448 5091 clericerum
1460 5033 1516 5106 agit
1532 5052 1538 5089 ι
1553 5033 1635 5104 Quod
1648 5034 1671 5091 si
1690 5033 1767 5091 vobis
1779 5033 1834 5091 du-

179 5108 254 5177 triad
267 5121 396 5188 Romani)
406 5120 475 5178 libro
487 5122 541 5180 duo
555 5124 766 5182 continebantur
781 5140 896 5182 :eorum
911 5124 980 5182 alter
1031 5124 1108 5183 bium
1123 5125 1239 5198 videtur,
1258 5129 1354 5185 saltem
1369 5135 1522 5185 rosnarum
1542 5128 1660 5202 partium
1678 5128 1835 5186 testimonio

179 5215 285 5271 Castori
305 5215 414 5273 cuidam
434 5215 560 5288 episcopo
579 5225 763 5290 nuncupator,
783 5217 829 5290 qui
851 5216 925 5276 bunc
942 5218 979 5275 ab
1031 5221 1621 5297 auremaceommodate:legiteCollationes
1633 5224 1836 5296 Pammenes

180 5307 226 5365 illo
254 5308 334 5365 scribi
359 5309 518 5383 postularat.
547 5311 663 5368 Formas
691 5317 782 5368 autern
808 5328 842 5370 ae
870 5312 978 5386 regulas
1032 5314 1179 5373 Eucherius
1200 5317 1390 5391 Lugdunensis
1408 5317 1550 5390 episcopus
1571 5317 1682 5376 elimato
1708 5332 1836 5375 sermone

47 5404 50 5412 ‘
110 5405 112 5411 '
179 5401 338 5473 prescribit,
353 5419 387 5461 ex
405 5403 689 5477 quammpraescripto
705 5404 798 5464 vivunt
814 5405 841 5462 in
860 5407 977 5480 AEgvpto
1030 5407 1187 5469 abbreviare
1204 5410 1329 5468 studuit:
1349 5419 1378 5468 et
1395 5408 1418 5468 ri
1432 5408 1513 5467 nobis
1533 5408 1645 5466 credere
1660 5424 1716 5465 non
1739 5408 1833 5479 cultis,

183 5631 189 5641 ι
213 5561 225 5590 ¹
237 5556 318 5631 Quod
332 5558 433 5617 scilicet
447 5559 549 5634 incipit,
563 5565 644 5626 ilos,
657 5564 686 5618 in
700 5563 869 5634 adjutorium
880 5564 976 5638 jmeum
1065 5559 1079 5603 ‘¹
1096 5573 1139 5627 An
1153 5572 1215 5645 quia
1234 5571 1304 5628 inter
1322 5572 1434 5629 latium
1446 5566 1572 5626 Massilia
1586 5565 1669 5623 vixit?
1684 5567 1755 5624 llam
1767 5569 1833 5642 Scy·

176 5630 294 5694 arttcnde,
308 5638 360 5713 etc.
1029 5641 1106 5699 tham
1122 5647 1229 5700 natione
1243 5642 1326 5700 tuisse
1340 5644 1377 5700 ait
1389 5640 1554 5701 Gennadius.

212 5693 276 5783 ”Ex
289 5716 412 5785 versione
422 5705 453 5759 P.
468 5704 584 5789 Andreae
596 5705 690 5792 scotti.
711 5779 717 5791 ι
801 5783 803 5787 ⁴
900 5784 903 5789 Ι
1065 5716 1106 5769 lta
1121 5715 1240 5773 Scottus.
1257 5716 1315 5789 Ego
1336 5722 1402 5788 puto
1414 5710 1558 5785 mendum,
1567 5726 1636 5784 esse,
1661 5711 1703 5771 rel
1723 5710 1758 5770 ab
1779 5711 1831 5769 alio

176 5773 225 5900 G‘
247 5773 294 5900 Sic¹
310 5780 367 5900 rste¹
385 5772 469 5903 {toros
492 5777 612 5836 Cassum
626 5779 785 5853 proneptis,
814 5795 884 5855 quos
898 5782 975 5857 ⁴sidit
1029 5783 1163 5843 additum.

205 5858 273 5901 raecc
294 5859 383 5902 renea
396 5860 438 5903 os.
575 5894 580 5898 .
