3848 6158
77 244 146 299 tlte
540 236 709 297 chessuto
728 240 785 298 xx.
804 268 841 282 -
858 238 904 298 DE
922 239 1159 299 POENITENTIAE
1177 240 1266 297 leE.
1664 242 1732 297 litt

74 384 143 425 nnm
161 367 271 425 nullum
287 366 389 423 mentis
408 366 672 435 assensum,nullam
688 366 778 424 carnis
795 369 915 436 com-A
930 365 1016 425 etiam
1029 365 1052 422 si
1064 364 1237 438 corporalem
1251 362 1362 422 leminae
1381 370 1517 421 attactum
1535 376 1618 419 causa
1637 362 1733 434 cuius-

75 462 225 519 motionem
244 461 273 517 in
293 476 323 517 se
341 458 552 533 deprehenderit
571 459 694 528 excitari,
722 461 877 518 certissima
932 468 1097 532 cumquest
1106 457 1186 527 solet,
1193 457 1365 514 necessitatis
1375 456 1504 525 attulerit,
1511 457 1732 529 penitussensum

73 556 199 628 puritatis
218 570 277 613 suec
295 554 385 628 capiet
403 554 584 626 documenta,
599 555 637 612 ita
655 563 687 613 ut
703 555 740 613 ad
762 556 834 613 bauo
849 571 880 613 so
931 554 1065 628 passionis
1081 554 1196 627 ignoret.
1211 554 1274 609 lloo
1293 550 1378 609 abhas
1398 554 1536 619 loannes3
1548 560 1563 588 ⁸
1578 566 1642 607 cnm
1657 549 1733 609 nore

74 649 238 707 firmitatem
251 647 377 720 puritatis
395 662 534 718 exercens,
547 648 681 705 castitatis
696 648 880 721 atquoinoor-
932 664 1016 707 sonte
1036 648 1212 706 refectionem
1233 647 1384 704 imminere
1402 644 1542 713 sensisset,
1559 643 1731 703 collationem

73 742 215 816 ruptionis
234 741 339 799 honum
357 756 413 797 non
434 743 526 799 solum
546 749 640 799 monto
662 741 809 815 possideat,
831 742 879 801 sed
932 743 987 800 llno
1000 743 1143 802 conclusit

623 868 751 925 attunt
770 869 883 925 ntzel
900 867 1183 927 COMMENTARIUS.

109 984 122 1011 ⁸
137 972 290 1031 Monachos
299 973 383 1038 olim,
395 982 489 1046 utpote
501 973 785 1048 quotidiojejunantes
799 982 875 1033 extra
928 976 1023 1033 diebus
1034 977 1072 1032 od
1086 980 1191 1031 sectam
1200 975 1363 1046 provodeuot.
1376 973 1473 1027 Exstat
1483 971 1567 1027 etiam
1577 969 1648 1042 apud
1660 972 1731 1026 Pru-

72 1050 263 1113 l‘entccosten,
286 1061 344 1101 non
366 1054 429 1101 ante
447 1044 544 1101 horam
558 1061 661 1102 nonam
676 1048 711 1101 ab
730 1055 794 1104 ortu
811 1047 876 1104 solis
929 1047 1052 1104 dentium
1073 1048 1163 1119 (llum.
1191 1049 1224 1102 ιο
1246 1045 1301 1127 περὶ
1325 1042 1536 1125 eripralhujus
1561 1041 1680 1124 antiquae
1704 1050 1732 1097 et

18 1128 24 1135 “
73 1118 146 1192 (quae
169 1117 249 1173 nohis
267 1125 309 1173 est
331 1117 411 1174 tertia
434 1118 634 1188 pomeridiana)
653 1117 746 1175 cibum
767 1134 877 1175 sumere
929 1119 1076 1193 primitivae
1100 1116 1297 1173 observationis
1325 1119 1389 1196 (qua
1416 1114 1584 1185 jejunantes,
1609 1121 1730 1168 etrama

71 1189 179 1255 solitos,
197 1188 251 1244 nisi
264 1203 346 1270 cansa
358 1188 518 1270 exercenda
533 1189 726 1260 hospitalitatis
739 1189 874 1262 jejunium
928 1200 996 1318 Rota
1016 1203 1103 1262 usque
1117 1187 1153 1245 ad
1167 1202 1269 1245 nonam
1280 1185 1462 1255 absunebant)
1474 1183 1586 1259 insignis
1595 1183 1730 1243 memorie

71 1260 218 1331 solverent,
233 1259 300 1315 aliha
318 1268 482 1315 notavimus.
507 1261 586 1315 Hane
603 1261 676 1316 enim
698 1258 797 1316 horam
816 1261 874 1317 sol-
948 1276 982 1317 oc
999 1277 1099 1318 versu:

70 1331 152 1387 vendi
165 1330 265 1403 jejunii
286 1330 359 1402 apud
379 1330 530 1389 coenobitas
547 1332 687 1403 AEgyptios
700 1331 873 1387 observatam

70 1402 156 1484 fnisse
164 1402 256 1484 scribit
267 1404 301 1456 D.
312 1402 501 1476 Hieronymus
509 1402 538 1458 in
549 1401 762 1483 Epistola22‚ad
775 1405 873 1458 Eusto-
1021 1438 1151 1496 Quosdam
1159 1438 1191 1488 de
1249 1437 1292 1488 nlo
1307 1436 1501 1488 ,mmmm

70 1472 182 1539 chrum,
195 1473 324 1544 idemque
336 1475 483 1529 confirmat
497 1473 643 1531 Cassianus
660 1473 806 1530 collatione
825 1478 871 1541 21,
1020 1500 1159 1551 umqum
1168 1450 1232 1551 ,113⁰
1224 1452 1342 1564 {mulum
1353 1498 1502 1550 mmm„

70 1559 132 1626 cap.
148 1547 194 1599 28.
211 1542 294 1600 Unde
309 1551 337 1599 et
350 1543 566 1626 1¹).·Benedictus
582 1559 606 1599 c.
626 1549 659 1600 41
676 1565 683 1600 ι
701 1546 815 1613 Quarto,
829 1544 872 1600 in-
1020 1563 1178 1625 tojanamns,
1192 1563 1241 1621 ,ης
1252 1574 1341 1613 ,ecum
1353 1566 1458 1626 mrum,

70 1618 257 1690 quat,etsectu
269 1616 344 1684 ferie
352 1619 478 1686 peponem
488 1630 573 1687 usque
587 1616 624 1671 cd
634 1631 749 1671 uenam
762 1617 872 1686 reliquis
1019 1626 1135 1676 itondom
1151 1638 1217 1675 nona
1226 1624 1293 1676 diem
1304 1625 1412 1689 resignat
1421 1625 1490 1674 bora.

467 1900 859 2005 COLLATIO
897 1902 961 2007 V
957 1900 1321 2020 IGESIMA,

669 2090 749 2163 Quae
767 2090 818 2155 esi
837 2086 971 2155 abbatis
990 2084 1125 2155 Pinufii.

543 2227 585 2278 bu
604 2227 824 2282 POENITENTIAE
842 2190 915 2281 ultan
933 2229 974 2281 ET
993 2228 1250 2283 stTlSFrtCletttt.

316 2473 438 2531 CAPUT
458 2475 618 2532 PRIMUM.
882 2481 908 2545 Β
924 2476 993 2532 tima
1014 2491 1078 2532 eum
1096 2476 1155 2548 jam
1175 2482 1255 2532 aetate
1276 2474 1352 2531 velut
1369 2476 1448 2547 panis
1465 2481 1583 2548 egestate
1602 2472 1725 2546 compul-

118 2567 157 2620 lle
171 2566 276 2621 sabbatis
289 2568 394 2636 Pioutli
404 2566 558 2622 bumilitate
568 2572 593 2623 et
605 2568 812 2625 lucadtstudto.
922 2585 1001 2639 sum,
1014 2583 1072 2624 non
1084 2568 1191 2625 sineere
1209 2567 1280 2624 illius
1294 2569 1429 2643 propositi
1447 2569 1620 2625 tenuitatem
1641 2583 1726 2640 expe-

101 2657 227 2715 Praeclari
242 2673 274 2714 ae
285 2657 429 2730 singularis
441 2659 493 2715 viri
511 2669 525 2696 ⁸
537 2658 645 2717 abbatis
658 2660 757 2717 Pinufii
768 2661 804 2717 de
814 2661 868 2719 lino
921 2660 988 2717 tlsse
998 2659 1133 2730 dicebant,
1147 2659 1257 2716 tandem
1271 2668 1301 2715 nt
1320 2661 1514 2733 susciperetur,
1529 2659 1663 2726 obtinuit,
1678 2659 1724 2717 ubi

63 2754 513 2829 punitentiaepraeceptadicturus,
529 2772 657 2828 magnam
668 2758 792 2815 matoria
804 2774 866 2830 par·
921 2753 1086 2812 adolescenti
1112 2752 1223 2811 cuidam
1248 2751 1325 2810 fratri
1352 2753 1400 2826 qui
1429 2752 1544 2811 hortum
1569 2763 1726 2826 susceperat

62 2857 121 2907 tom
137 2848 201 2905 mibi
219 2848 313 2906 videor
333 2857 488 2922 amputare,
512 2850 534 2907 si
554 2849 714 2909 humilitatis
732 2852 790 2925 ejus
809 2853 866 2909 lau·
921 2848 1111 2916 excolendum,
1135 2848 1164 2904 in
1186 2846 1385 2906 adminiculum
1407 2847 1563 2920 deputatus,
1575 2850 1646 2920 [cum
1668 2864 1725 2905 non

62 2941 141 3010 dem,
153 2956 237 3013 quam
251 2939 279 2995 in
291 2948 390 3012 quarto
403 2943 612 3000 institutionum
630 2945 701 3001 libro
721 2946 795 3017 (cup.
809 2951 865 3012 30),
921 2946 1012 3001 solum
1028 2944 1124 3001 omnia
1141 2960 1203 3017 quae
1223 2944 1296 3002 idem
1317 2945 1477 3019 praepositus
1492 2946 1666 3018 imperasset,
1682 2945 1724 3000 vel

63 3035 111 3108 qul
126 3042 168 3091 est
181 3026 195 3067 ¹³
207 3047 288 3107 super
302 3033 477 3090 instituendis
484 3035 719 3093 Renuntiantibus
731 3037 865 3107 titulatus,
920 3053 983 3109 quae
992 3038 1105 3111 iniuncti
1121 3039 1209 3111 operis
1222 3054 1288 3095 cura
1308 3039 1449 3112 poscebat,
1463 3056 1528 3096 cum
1545 3037 1725 3096 admiratione

62 3130 138 3191 brevi
149 3145 276 3187 sermone
290 3128 449 3202 perstriuxi,
462 3127 571 3185 lectoris
586 3128 697 3186 fastidio
710 3131 865 3197 consulens,
920 3139 979 3187 tam
995 3141 1096 3188 sanuae
1110 3132 1275 3189 humilitatis
1288 3133 1423 3206 impleret,
1441 3149 1537 3190 vemm
1549 3134 1635 3190 etiam
1646 3148 1723 3205 quea·

62 3226 108 3284 hie
122 3225 229 3282 silentio
244 3222 470 3296 praetermittam;
484 3238 549 3280 cum
569 3224 721 3296 presertim
735 3224 815 3281 multi
833 3225 866 3281 il·
920 3225 986 3283 dam
1000 3228 1152 3284 necessaria
1167 3243 1262 3298 opera,
1278 3243 1342 3300 quae
1358 3239 1470 3301 propter
1490 3228 1634 3286 horrorem
1653 3228 1723 3286 suia
1837 3290 1840 3296 ,

63 3321 118 3378 llus
136 3319 259 3394 opusculi
274 3319 404 3377 notitiam
420 3333 477 3374 non
489 3317 620 3375 habentes
634 3318 663 3374 in
675 3318 746 3375 hanc
761 3320 867 3393 possint
920 3318 1027 3377 caeteris
1036 3320 1254 3386 vitabantur,ita
1264 3317 1365 3375 furtivo
1373 3335 1421 3390 per
1432 3328 1542 3375 noctem
1553 3321 1647 3376 labore
1659 3335 1723 3392 per-

61 3414 201 3473 fucurrcre
214 3414 368 3482 lectionem,
386 3422 415 3469 et
430 3412 520 3470 omnis
538 3412 677 3470 dictorum
693 3414 801 3472 vacillet
813 3430 864 3471 au·
918 3414 1027 3483 liceret,
1042 3422 1073 3471 ut
1090 3412 1209 3471 diluculo
1230 3412 1321 3470 omnis
1340 3412 1385 3469 illa
1399 3414 1574 3487 congregatio
1597 3424 1655 3471 tam
1668 3414 1723 3470 uti-

62 3511 174 3569 ctctitas
186 3510 209 3567 si
227 3509 341 3566 dicentis
357 3508 487 3566 meritum
502 3508 689 3566 subtrahatur.
704 3509 756 3567 Hic
776 3509 865 3583 siqui·
917 3507 985 3564 lium
996 3522 1112 3580 operum
1126 3505 1265 3564 admirans
1278 3505 1417 3579 ignoraret
1432 3515 1582 3565 auctorem.
1597 3510 1722 3582 Cumque

41 3596 44 3601 ’
61 3602 207 3663 domem
226 3603 299 3661 haud
321 3603 401 3677 longe
421 3619 437 3658 a
453 3602 609 3678 Panephysi
623 3604 742 3679 AEgypti,
757 3613 788 3661 ut
810 3604 864 3662 illic
917 3600 955 3657 ita
975 3600 1124 3657 manniam
1144 3599 1233 3657 ferme
1251 3600 1319 3670 illic,
1340 3600 1463 3673 gaudens
1486 3600 1644 3660 desideratis
1663 3610 1721 3660 tam

61 3692 168 3753 ᾶίοιιιιιι
188 3703 239 3763 est,
249 3695 368 3764 civitate,
383 3694 468 3751 abhas
486 3702 514 3750 et
533 3694 676 3768 presbyter
690 3696 792 3770 ingenti
806 3712 862 3753 coe·
917 3695 1057 3769 injuriosae
1081 3696 1257 3770 subjectionis
1280 3697 1439 3767 laboribus,
1460 3699 1603 3772 exegisset,
1623 3698 1723 3755 accidit

59 3789 145 3849 nohio
159 3789 329 3862 praesideret,
344 3798 506 3862 tanmmque
525 3804 588 3847 eum
602 3788 630 3845 in
642 3789 718 3847 omni
730 3790 776 3848 illa
795 3806 863 3865 pro·
917 3798 947 3847 ut
960 3789 1072 3863 quidam
1093 3789 1178 3848 frater
1196 3790 1284 3849 eidem
1306 3791 1429 3866 cognitus
1445 3807 1477 3848 er
1498 3792 1559 3860 illis,
1584 3791 1656 3848 unde
1677 3792 1721 3848 ille

59 3884 151 3941 vincia
167 3885 299 3940 vinctam
311 3899 424 3939 suarum
437 3892 518 3955 atque
525 3883 665 3955 signorum
680 3883 765 3955 gloria
775 3885 902 3950 subii-c
918 3884 1204 3959 discesserat,‘AEgypti
1217 3885 1349 3958 partibus,
1364 3885 1513 3942 adveniret.
1528 3883 1659 3957 Quicum
1674 3882 1719 3940 iu·

58 3978 178 4051 mosset,
207 3985 239 4033 ut
258 3976 308 4032 sihi
327 3977 386 4049 jam
408 3974 543 4032 videretur
565 3973 744 4032 retributione
772 3976 862 4034 landis
917 3976 1113 4036 dumentorum
1126 3981 1186 4051 ejus
1198 3980 1369 4052 atqueoillcii
1383 3980 1495 4047 vilitate,
1505 3978 1720 4052 promptissimae

59 4072 190 4133 humanae
215 4070 343 4126 laborum
361 4084 477 4126 suorum
501 4068 633 4143 recepisse
647 4068 813 4140 mercedem,
833 4070 863 4127 t's
914 4069 1078 4142 cognitionis
1098 4068 1256 4126 facilitatem
1270 4069 1316 4126 diu
1339 4070 1467 4127 hesitans
1492 4070 1641 4138 cohiberet,
1657 4079 1720 4143 post

57 4182 140 4226 mens
158 4180 193 4221 ne
205 4165 255 4221 sihi
268 4163 422 4238 specialiter
440 4162 524 4220 invisa
537 4163 676 4237 popularis
691 4163 793 4221 favoris
806 4165 863 4223 ina·
914 4163 1129 4236 explorationem
1151 4159 1400 4218 manifestissimam
1422 4161 1458 4217 ad
1472 4161 1531 4233 ejus
1545 4176 1632 4235 genua
1652 4177 1719 4233 pro-

57 4260 143 4328 nitas,
155 4258 275 4316 fructum
286 4258 393 4332 praemii
405 4266 548 4315 evacuaret
560 4258 664 4327 aeterni,
678 4260 784 4315 occulte
798 4274 860 4316 mo·
914 4257 1032 4325 volutus,
1043 4255 1162 4329 primum
1181 4264 1323 4328 stuporem
1340 4254 1471 4312 fratribus
1484 4256 1599 4322 cuncus,
1617 4255 1718 4312 dehinc

56 4352 208 4413 nestorium
224 4367 305 4409 suum
318 4351 433 4425 lugiens,
452 4349 488 4407 ad
505 4350 601 4407 intima
615 4351 860 4422 ⁶,Tabcnnensium
914 4349 1022 4425 prodito
1039 4351 1123 4408 etiam
1134 4350 1260 4419 nomine,
1273 4350 1347 4424 quod
1361 4350 1434 4424 apud
1446 4350 1508 4407 illos
1520 4366 1630 4424 quoque
1642 4366 1717 4425 prae·

57 4448 259 4507 monachorum
272 4455 377 4504 secreta
394 4445 543 4513 contendit,
557 4445 602 4502 ubi
616 4462 671 4503 nou
694 4447 779 4504 eremi
793 4447 858 4504 soli·
912 4448 1000 4520 eipaae
1023 4445 1173 4503 sanctitatis
1191 4445 1268 4503 fama
1288 4446 1454 4521 vulgaverat,
1481 4445 1566 4503 ctiam
1590 4445 1716 4504 dolorem

55 4544 201 4612 tudinem,
222 4559 279 4600 non
300 4541 445 4615 singularis
471 4541 535 4597 vita
559 4540 744 4609 securitatem,
771 4558 858 4615 qnam
911 4540 1130 4615 compunctionis
1142 4541 1266 4609 incussit,
1286 4542 1359 4614 quod
1375 4541 1557 4598 scilicettanti
1573 4542 1663 4598 mariti
1683 4557 1717 4597 ae

57 4640 142 4697 etiam
157 4636 305 4710 imperfecti
320 4636 434 4709 quique,
449 4633 571 4690 laborem
582 4633 742 4693 obedientiae
759 4636 788 4692 in
799 4652 855 4693 coe·
910 4636 1052 4694 sacerdotii
1066 4636 1157 4693 virum
1167 4644 1224 4693 tam
1234 4636 1374 4709 injuriosis
1388 4634 1517 4708 operibus
1526 4634 1713 4707 deputassent.

53 4731 148 4793 nohiis
160 4748 216 4788 uon
224 4730 354 4799 ferentes,
362 4730 479 4801 superba
493 4744 549 4785 non
558 4743 712 4801 numquam
725 4745 856 4801 praesum·
909 4731 963 4787 Sed
985 4740 1130 4804 postquam
1145 4730 1214 4785 flens
1236 4729 1367 4798 ubertim,
1393 4736 1421 4783 et
1445 4725 1589 4783 diabolicae
1604 4726 1713 4782 invidiae
1781 4741 1784 4747 ·

55 4828 152 4903 phone
168 4832 316 4891 sectantur,
330 4823 856 4897 sedceleberrimopraeelegiteoenohio
906 4823 983 4896 quasi
1006 4838 1117 4897 marem
1147 4821 1313 4893 proditionis
1350 4834 1410 4876 snae
1444 4818 1584 4891 imputans
1616 4833 1713 4876 casum
1764 4860 1768 4865 ·

54 4917 207 4992 subjugari.
223 4916 277 4973 Ubi
291 4925 384 4972 nmen
401 4931 436 4971 ue
449 4916 505 4973 ullo
517 4917 626 4975 habitus
639 4917 682 4974 sni
698 4916 856 4989 proderetur
910 4919 1051 4988 [musaml
1066 4915 1101 4974 ad
1117 4915 1315 4971 monasterium
1326 4929 1407 4971 suum
1429 4912 1579 4970 honorifica
1597 4913 1712 4970 fratrum

53 5012 168 5079 indicio,
182 5008 293 5066 indutus
304 5016 377 5065 veste
387 5008 521 5079 saeeulari,
536 5010 640 5078 multis,
655 5018 686 5066 nt
700 5010 753 5068 illic
768 5012 856 5068 moris
909 5010 1033 5070 custodia
1043 5009 1180 5067 ambiente
1194 5008 1340 5081 perductus
1348 5017 1401 5077 est,
1413 5009 1512 5081 exiguo
1521 5008 1576 5065 illic
1591 5017 1714 5081 tempore

52 5115 109 5178 est,
131 5106 226 5163 diebm
245 5105 399 5180 lacrymans
412 5120 461 5177 pro
477 5103 580 5162 foribus
603 5106 759 5176 excubavit,
774 5114 856 5180 atque
908 5104 1082 5171 demoratus,
1095 5118 1192 5161 rursus
1206 5101 1328 5160 offensus
1347 5111 1389 5160 est
1403 5103 1471 5176 ipsis
1490 5101 1603 5160 honoris
1623 5104 1665 5159 sui
1680 5118 1714 5159 ac

53 5199 93 5261 sd
113 5199 236 5257 omnium
249 5216 336 5273 genua
350 5199 518 5272 provolutus,
532 5209 596 5273 post
610 5216 706 5257 eorum
725 5202 854 5259 diuturna
909 5200 1042 5272 primatus
1052 5198 1203 5272 obsequiis;
1217 5213 1250 5254 ac
1263 5195 1361 5254 furtim
1382 5196 1533 5255 ascendens
1552 5210 1663 5265 navem,
1676 5195 1712 5252 ad

52 5293 174 5363 tamdia,
189 5293 235 5365 qui
250 5293 284 5349 ad
298 5293 494 5367 explorandum
516 5293 575 5367 ejus
589 5294 755 5352 desiderium
768 5296 797 5353 in
809 5297 852 5353 ul·
868 5288 894 5351 D
909 5296 1081 5355 Palaestiuam
1094 5294 1180 5369 Syriae
1188 5293 1359 5367 provinciam
1374 5292 1565 5362 transmeavit,
1579 5291 1625 5348 ribi
1637 5290 1712 5348 velut

607 5421 734 5478 nhaubt
754 5423 865 5481 Gtzrst
882 5421 1164 5482 conuenientes,

90 5528 295 5610 ‘Pynnphium
312 5527 375 5601 legit
397 5528 549 5612 Chaonius,
563 5546 616 5587 ms.
636 5530 776 5587 Pinodum
792 5548 800 5586 ι
818 5530 853 5588 de
942 5540 953 5568 ⁰
976 5527 1182 5611 tabennenses,
1199 5528 1265 5611 'sivo
1287 5527 1515 5611 Tabennensiotae
1538 5526 1667 5611 monachi
1689 5543 1709 5611 ¹a

49 5597 849 5757 uwel.
905 5599 1707 5755 §.ululatatusuitttludltluu

47 5746 96 5805 De
112 5756 167 5825 qua
187 5751 361 5813 msertptrone
374 5757 431 5799 save
443 5743 521 5800 tttulo
535 5743 597 5800 lrhrr
609 5752 715 5815 quoru,
729 5744 791 5802 rade
804 5759 853 5801 no
905 5759 967 5816 cap.
994 5748 1020 5812 t,
1043 5750 1071 5799 et
1093 5742 1122 5798 S.
1147 5743 1333 5825 literonymns
1355 5742 1386 5800 lu
1410 5741 1570 5814 prtefatrone
1593 5744 1707 5815 llegulaa

47 5824 113 5875 tant
123 5812 227 5872 tbrdem
239 5813 275 5871 ad
286 5827 346 5885 cap.
364 5818 390 5870 l.
557 5852 562 5861 -
905 5814 1030 5889 ciusdem
1043 5813 1196 5872 Pschomn.
