3848 6158
120 205 174 260 sss
383 207 427 262 DE
445 207 685 266 coenoutonuu
703 211 824 268 tasrtr.
845 212 909 269 tte.
930 215 975 270 tlt.
997 245 1031 256 -
1050 216 1094 271 DE
1113 217 1251 275 biantis
1270 219 1509 280 ORATlONle'S.
1724 230 1775 284 tao

118 324 265 384 Simonem
293 328 513 389 conflictaturum
536 342 658 391 asserant
680 335 817 407 ieiunasse
843 339 916 408 (Act.
935 339 1116 414 Aobsequiis
1134 342 1202 399 nihil
1222 343 1410 415 imminuatur,
1430 347 1583 421 adiectione
1603 350 1706 408 scilieet
1724 351 1779 410 lec·

116 427 199 486 vtrtl.
218 424 257 477 Ex
271 437 326 495 quo
339 425 426 498 magis
438 436 549 498 apparet
562 427 615 485 hoc
627 445 690 486 eum
704 446 760 487 nou
774 440 920 490 consuetu·
974 433 1080 490 tionum
1109 455 1116 490 ε
1141 443 1169 492 et
1188 435 1365 496 nihilomiuus
1386 437 1539 496 differentia
1564 442 1707 513 quaedam,
1734 445 1775 503 rel

115 514 183 573 dine
200 515 329 572 canonica
347 515 454 586 iecisse,
477 520 525 578 sed
545 522 683 594 praesentis
696 513 788 596 polim
805 526 921 583 wessi-
974 526 1100 582 remissio
1122 528 1245 586 videatur
1263 529 1390 589 iratribus
1411 532 1542 607 indulgeri
1562 550 1612 607 pro
1626 537 1774 594 reverentia

114 616 174 666 tate
196 608 353 668 condictus.
374 612 514 685 Siquidem
532 623 559 671 et
580 616 616 673 ibi
635 633 685 690 pro
707 617 757 674 hac
777 619 873 676 eadem
890 636 921 678 re
974 619 1118 677 dominica>
1131 624 1340 681 resurrectionis
1354 641 1409 697 prae
1420 636 1519 684 caetero
1533 637 1658 701 tempore
1672 644 1733 702 quae
1747 638 1775 688 et

115 719 174 761 non
191 705 327 778 generale,
347 705 394 764 sed
409 707 523 778 speciale
540 709 646 768 videtur
669 713 765 768 Petrus
782 712 921 786 discipulis
973 714 1057 772 totius
1077 715 1235 789 septimanae
1250 719 1377 776 videatur
1387 720 1586 779 observantiam
1600 724 1731 794 relaxare,
1746 733 1774 782 et

113 797 172 855 suis
186 797 322 871 jejunium
341 799 484 870 indixisse,
503 801 578 874 quod
592 803 685 876 utiqm
705 820 762 862 non
775 804 883 863 iecisset
896 807 919 864 si
974 823 1023 880 pro
1036 807 1086 865 hac
1102 809 1169 881 ipsa,
1185 826 1247 884 quae
1261 812 1473 884 intermiscetur,
1492 814 1609 886 quadam
1624 815 1775 875 differentia

114 890 213 947 sdsset
233 890 300 947 illud
318 892 447 949 canoniea
468 895 666 953 consuetudine
686 898 773 954 solere
793 898 917 955 servari:
973 901 1102 958 eumdem
1119 903 1190 959 diem
1210 904 1283 962 velut
1303 904 1429 964 lestimm
1452 915 1580 979 provocet
1599 925 1711 967 rursum
1731 926 1777 969 so·

113 982 191 1040 idem
210 982 388 1058 proculdubio
402 982 487 1042 etiam
506 984 643 1044 dominico
660 987 703 1043 die
723 997 833 1059 paratus
848 988 918 1046 iudi·
974 994 1089 1053 lemnias
1116 1000 1281 1071 exspectari,
1309 1001 1453 1072 minusque
1486 1000 1566 1059 iaciat
1597 1002 1776 1062 hebdomadis

114 1093 189 1144 cere,
206 1078 399 1136 sicertaminis
421 1081 505 1153 ipsius
524 1083 552 1138 iu
573 1098 635 1139 eum
648 1083 825 1156 compegisset
837 1101 918 1143 coca·
973 1099 1094 1148 ventura
1106 1091 1208 1164 jejunia
1226 1093 1307 1166 hujus
1326 1095 1527 1167 exspectatione
1542 1097 1644 1153 sentiri.
1661 1099 1776 1172 Semper

112 1171 170 1241 sio,
191 1187 242 1228 nec
255 1180 346 1229 umen
367 1189 400 1229 ex
415 1172 467 1230 hoe
487 1174 578 1230 statim
592 1178 720 1232 monica
734 1177 829 1234 luisset
848 1177 918 1250 ieiu-
972 1183 1045 1240 euim
1066 1184 1243 1257 aequanimius
1267 1186 1395 1260 quaelibet
1419 1186 1542 1261 fatigatio
1563 1191 1723 1262 sustinetur,
1747 1201 1775 1251 et

112 1264 153 1320 nir
165 1264 258 1338 regila
273 1264 468 1341 promulganda
491 1287 497 1322 :
520 1267 594 1341 quod
608 1284 663 1325 nan
681 1271 813 1344 generalis
826 1272 920 1341 obsen
972 1277 1030 1334 siue
1050 1278 1158 1335 [undio
1176 1279 1253 1336 labor
1276 1280 1441 1351 impenditur
1465 1281 1509 1337 :si
1528 1280 1668 1354 interjecta
1688 1283 1713 1341 ei
1731 1286 1774 1343 ri·

114 1361 189 1417 ratio
201 1369 344 1433 statuerat,
362 1360 410 1419 sed
424 1369 455 1418 ut
470 1363 554 1420 semd
571 1363 658 1433 lieret,
671 1366 740 1422 ratio
754 1366 919 1425 uecoesitatis
973 1371 1107 1429 cissitudo
1136 1373 1280 1446 quasdam,
1312 1375 1354 1431 vel
1377 1375 1467 1448 operis
1492 1375 1646 1432 immutatio
1672 1379 1774 1450 qualis-

114 1467 276 1516 extorserat.
972 1479 1088 1537 cumque
1101 1466 1236 1524 succedat.

420 1526 616 1634 ceeurxr.
1273 1517 1477 1633 eneurxrx.

974 1653 1077 1719 (litibus
1096 1654 1273 1722 dictiuncula
1286 1671 1359 1710 cuna
1377 1657 1514 1722 fratribus
1526 1657 1678 1719 exhibetur,
1697 1673 1773 1714 αωο-
1827 1664 1829 1668 ”

1006 1725 1131 1778 dentibus
1143 1726 1180 1779 ad
1192 1727 1363 1792 resectionem
1373 1728 1495 1796 psalmus
1507 1728 1692 1790 nonidecatur,
1703 1732 1773 1786 seu

1007 1797 1070 1864 fieri
1082 1798 1111 1849 in
1123 1797 1249 1865 prandiis
1264 1798 1339 1852 solet.

150 1883 253 1937 Verum
267 1896 301 1937 ne
314 1880 368 1938 hoc
379 1881 489 1954 quidem
511 1878 703 1955 ig‘norandum,
719 1882 763 1939 dic
776 1881 917 1940 dominico
1008 1887 1132 1959 Denique
1153 1888 1234 1944 etiam
1256 1889 1283 1944 in
1299 1889 1365 1962 ipsis
1383 1889 1496 1957 diebus,
1511 1888 1538 1946 id
1557 1898 1609 1953 est,
1629 1885 1772 1950 bsabbato

112 1989 200 2030 unam
221 1974 415 2032 tautummodo
437 1979 449 2007 ⁸
468 1975 581 2032 Missam
604 1984 668 2033 aute
690 1976 834 2048 prandium
848 1976 919 2033 cele·
973 1980 1012 2036 rel
1031 1979 1180 2051 dominica,
1201 1997 1249 2038 seu
1268 1979 1371 2038 feriatis
1385 1984 1566 2055 temporibus,
1589 1986 1689 2057 quibus
1703 1987 1774 2059 pari-

113 2067 212 2125 brari:
230 2068 257 2125 in
276 2070 511 2142 quapsalmorum
535 2077 615 2142 atque
630 2070 785 2127 orationum
803 2086 851 2126 seu
866 2069 923 2128 lea,
971 2081 1013 2129 ter
1039 2075 1200 2144 parandium,
1225 2083 1252 2131 et
1277 2091 1356 2130 coena
1384 2070 1454 2131 solet
1477 2076 1611 2134 iratribus
1635 2079 1771 2147 exbiberi,

110 2161 223 2218 tionum
241 2177 290 2233 pro
303 2163 386 2234 ipsius
406 2162 527 2219 collecta
549 2162 590 2219 vel
612 2163 813 2219 communionis
828 2162 916 2219 domi·
971 2166 1092 2238 psalmus
1113 2167 1146 2224 ad
1162 2183 1301 2240 vesperam
1317 2167 1486 2224 condicitur
1502 2190 1508 2225 :
1526 2168 1620 2238 idest,
1641 2188 1691 2228 nec
1705 2190 1770 2231 cum

112 2253 190 2311 nicae
202 2254 347 2310 reverentia
366 2255 512 2313 solemnius
524 2255 626 2328 aliquid
640 2272 673 2313 ae
688 2256 848 2328 propensius
862 2257 916 2313 inr-
969 2261 1101 2317 accedam
1117 2261 1151 2317 ad
1168 2276 1285 2329 eoenam,
1301 2277 1352 2318 neo
1368 2278 1432 2318 cum
1450 2263 1484 2319 ab
1499 2278 1531 2319 ea
1547 2274 1725 2338 consurgunt,
1740 2275 1772 2325 ut

13 2384 16 2388 -
112 2347 288 2420 pendentes,
320 2349 347 2405 iu
373 2349 428 2423 ipsa
457 2351 598 2419 Tertiam,
626 2354 790 2423 Sextumque
814 2351 917 2424 pariter
969 2353 1037 2409 solet
1058 2353 1116 2409 heri
1136 2354 1162 2409 in
1177 2354 1344 2412 solemnibus
1363 2355 1492 2427 prandiis,
1514 2359 1555 2414 rel
1578 2358 1707 2414 canonica
1727 2359 1771 2432 je-

111 2449 335 2498 consummatam
353 2450 490 2516 reputant.
506 2447 599 2517 ltaque
618 2445 648 2500 lit
663 2453 693 2501 ut
710 2444 744 2501 de
761 2444 915 2501 orationum
966 2447 1109 2519 iuniorum
1121 2446 1276 2514 relectione,
1292 2463 1374 2521 mam
1387 2452 1439 2506 ete
1458 2449 1609 2522 praecedere
1623 2461 1771 2509 cousuetu-

661 2559 789 2614 sinaut
808 2558 925 2614 GAZAEl
943 2558 1226 2616 COMMENTARIUS.

111 2649 229 2713 sabbati,
254 2651 406 2708 multorum
428 2654 559 2710 relatione
579 2663 706 2725 testatur,
729 2654 768 2710 sic
788 2655 882 2711 dicens
906 2676 912 2712 :
970 2655 1110 2712 dominico
1129 2673 1143 2712 a
1163 2656 1256 2725 ebant,
1276 2666 1306 2713 ut
1324 2659 1449 2728 superius
1461 2657 1566 2714 dictum
1583 2669 1645 2717 est:
1669 2677 1766 2742 quam·

113 2725 164 2778 list
175 2723 283 2792 quidem
293 2725 631 2797 hoecomnmplnmmmm
644 2745 652 2779 :
663 2728 853 2795 quamuiscarn
860 2726 917 2793 sai
970 2742 1052 2797 quam
1068 2742 1124 2781 uon
1138 2673 1317 2782 fabitandurn
1333 2737 1430 2798 praeter
1440 2730 1552 2784 sabbata
1566 2738 1592 2785 et
1606 2731 1768 2794 dominicas.

112 2807 174 2847 snm
189 2796 395 2864 euepahibent
410 2794 532 2867 plerique
545 2799 660 2854 Romani
689 2800 776 2866 Epist.
797 2800 856 2864 86).
879 2798 915 2852 Et
971 2798 1024 2852 alia
1048 2797 1143 2853 itidem
1164 2805 1288 2869 tempora
1308 2797 1404 2855 feriata
1419 2807 1448 2854 et
1469 2799 1528 2856 dies
1540 2800 1676 2856 solemnes
1694 2802 1767 2872 apud

112 2879 178 2936 quae
198 2873 351 2936 sequuntur
371 2867 495 2937 superius
513 2868 605 2923 relata.
627 2804 734 2936 Quibus
751 2866 841 2923 verbis
861 2882 916 2922 non
971 2868 1031 2925 illos
1051 2869 1199 2937 exstitisse,
1211 2868 1312 2941 quibus
1332 2870 1570 2941 nuujejunabant,
1591 2871 1639 2926 sed
1654 2873 1769 2940 prande-

111 2935 248 3006 significat
266 2937 443 3009 ,Augustinus
470 2953 528 2994 esse
550 2939 707 3010 opinionem
730 2937 863 2993 incertam
882 2937 916 2994 de
970 2955 1000 2994 re
1021 2955 1053 2994 ac
1075 2955 1183 2999 coenare
1204 2948 1330 3012 poterant
1352 2948 1382 2995 ut
1403 2939 1552 2995 sabbatinis
1576 2949 1603 2994 et
1627 2940 1769 2998 dominicis

111 3006 317 3065 concertatione
333 3008 405 3064 Petri
422 3025 485 3064 curn
504 3009 631 3076 Simone,
648 3017 678 3064 nt
697 3009 824 3065 Celsinus
838 3016 917 3079 puta·
970 3002 1155 3078 diebus,”cum
1169 3011 1266 3066 eadem
1281 3012 1443 3068 caeremonia
1457 3020 1484 3066 et
1496 3010 1652 3067 discrimine
1663 3011 1697 3067 ab
1709 3012 1770 3069 aliis

113 3076 153 3133 xit
168 3076 217 3134 sed
231 3077 266 3135 de
278 3093 360 3135 causa
377 3079 473 3152 jejunii
491 3080 607 3149 sabbati,
626 3088 657 3136 ut
672 3089 744 3136 recte
762 3079 916 3136 observavit
933 3058 955 3122 C
969 3079 1065 3137 diebus
1079 3097 1141 3154 quai
1157 3082 1200 3137 hic
1212 3090 1370 3153 tanguntur.

111 3148 198 3204 card.
212 3149 395 3207 bellarminus
409 3153 477 3217 (bib.
495 3152 551 3208 ide
565 3155 641 3208 Rom.
654 3154 758 3218 Pontis.
778 3166 839 3221 cup.
856 3155 912 3217 23).
1005 3161 1015 3186 ⁶
1038 3154 1123 3209 Vetus
1142 3152 1338 3209 nronaebornm
1359 3153 1538 3218 consuetudo,
1563 3152 1697 3225 psalmos,
1725 3155 1766 3211 rel

111 3218 172 3274 Etsi
192 3218 266 3275 enim
282 3229 398 3290 coristet,
419 3231 449 3278 ut
470 3231 596 3278 auctores
616 3222 689 3277 citati
711 3221 802 3276 etalii
823 3222 915 3302 plures
968 3220 1097 3293 hymnos,
1111 3223 1250 3279 relectioni
1264 3223 1429 3305 praemittere
1444 3225 1585 3298 aesubjuu
1605 3240 1650 3280 erc
1671 3245 1676 3278 :
1695 3223 1767 3281 uude

111 3289 290 3346 concorditer
309 3292 439 3361 tradunt,
461 3296 573 3349 Petrum
596 3295 695 3349 Romae
716 3308 778 3347 cum
804 3293 915 3348 Simone
969 3291 1202 3349 consuetudinarii
1232 3294 1271 3349 illi
1293 3294 1371 3358 dicti:
1396 3294 1477 3366 idque
1500 3311 1577 3351 exem
1588 3240 1624 3350 qo
1652 3294 1765 3364 Christi,

109 3369 296 3431 conoenasse,
311 3377 374 3418 eum
394 3379 580 3435 ussuperassc
595 3382 601 3418 :
618 3372 710 3419 umen
729 3372 792 3418 aute
804 3366 913 3434 Augus·
968 3364 1014 3434 qui
1033 3371 1095 3434 post
1108 3379 1213 3420 sacram
1226 3379 1335 3419 asenam
1349 3380 1411 3419 cunr
1426 3365 1567 3435 discipulis
1580 3312 1716 3437 hymnum
1728 3367 1769 3423 di·

109 3430 205 3486 tinum
223 3433 312 3490 nullas
330 3380 413 3490 tregit
426 3435 478 3491 hoc
496 3435 597 3490 sactum
612 3450 670 3490 esse
682 3433 727 3489 die
741 3432 881 3490 dominico
903 3453 909 3488 :
970 3435 1041 3490 xisse
1055 3435 1160 3508 legitur.
1174 3438 1207 3490 Et
1219 3436 1316 3504 hpnino
1328 3436 1396 3489 dicto
1411 3438 1532 3491 catenant
1542 3438 1572 3492 in
1582 3441 1696 3491 montem
1709 3438 1767 3494 Oli-

110 3517 201 3573 neque
219 3503 305 3575 pridie
317 3519 376 3561 esse
387 3505 551 3588 jejunatum,
567 3520 653 3588 neque
673 3513 813 3629 propterea
833 3504 912 3560 iusti·
968 3508 1024 3560 reti
1041 3505 1148 3575 (dietih.
1165 3520 1252 3573 xxvi,
1266 3506 1438 3577 Moro.x1v).
1454 3506 1510 3562 Ubi
1525 3508 1619 3565 Graece
1631 3509 1673 3559 καὶ
1683 3507 1767 3578 ipri-

111 3581 204 3629 tutum
218 3574 323 3645 sabbati
331 3575 481 3648 jejunium,
495 3576 529 3633 de
543 3592 597 3649 qno
612 3593 640 3631 ru
654 3575 696 3631 ila
714 3575 834 3646 bpistola
851 3575 910 3633 dis·
965 3595 1060 3643 σαντες,
1071 3576 1098 3632 id
1111 3585 1162 3645 est,
1174 3593 1238 3633 cum
1248 3576 1355 3633 laudem
1366 3580 1424 3632 Deo
1435 3577 1604 3634 cecinissent.
1615 3579 1682 3634 Haec
1692 3579 1766 3635 enim

110 3651 191 3715 putat
205 3648 248 3700 Au
268 3647 386 3714 uulnus,
399 3655 428 3703 et
445 3647 478 3703 de
495 3663 549 3719 quo
569 3646 673 3702 diversa
687 3655 746 3702 crat
760 3646 910 3703 multorum
965 3648 1017 3704 tria
1027 3649 1122 3705 Graeca
1133 3648 1217 3705 dictio
1227 3648 1426 3720 complectitur,
1436 3664 1534 3720 nempe
1545 3649 1662 3718 laudem,
1676 3658 1703 3706 et
1714 3651 1765 3706 Dei

110 3714 215 3797 opinio.
237 3661 312 3772 thern
328 3733 393 3774 vero
411 3719 577 3790 Augustinus
597 3718 659 3773 alibi
682 3733 764 3788 opera
781 3720 814 3773 B.
837 3717 910 3773 Petri
967 3717 1086 3783 tandem.
1101 3728 1129 3776 et
1150 3720 1302 3786 canticum,
1319 3721 1377 3774 sive
1392 3718 1500 3776 laudem
1515 3736 1578 3776 oum
1590 3730 1684 3788 mutii,
1696 3729 1767 3777 teste

109 3787 253 3842 Simonem
266 3788 429 3845 exstinctum
439 3799 519 3860 atque
530 3797 656 3844 necatum
669 3795 742 3844 certo
755 3787 909 3856 confirmat,
967 3790 1121 3863 Augustino
1135 3790 1162 3845 in
1175 3790 1312 3862 psalmum
1326 3805 1422 3846 nrxrr.
1437 3791 1507 3847 Sunt
1516 3791 1561 3861 qui
1574 3799 1669 3862 putent
1684 3791 1767 3846 cbri-

109 3859 229 3913 cumait
248 3879 255 3914 :
274 3861 306 3914 ln
327 3861 392 3915 urbe
406 3863 488 3916 Aonia
509 3863 540 3916 Β.
560 3863 654 3915 Petrus
667 3861 801 3929 apostolus
821 3861 910 3915 Simo·
966 3869 1041 3916 stum
1053 3861 1181 3917 usitatum
1194 3861 1313 3932 aliquem
1326 3860 1487 3918 ludaeorum
1500 3862 1635 3931 hymnum
1647 3861 1766 3916 cecinis-

110 3944 173 3983 nem
186 3931 304 4000 blaprrrn,
319 3947 384 3986 cera
402 3933 588 4001 omnipotentis
603 3933 652 3986 Dei
667 3932 766 3984 virtute
779 3932 912 3986 ecstinait
965 3946 994 3986 se
1008 3933 1153 3999 (Waltiid.
1170 3933 1203 3987 de
1219 3932 1275 3988 reb.
1292 3932 1388 3986 Eccles.
1402 3948 1433 3986 ca
1455 3973 1462 3986 .
1478 3937 1527 3994 25;
1540 3931 1675 4000 hadulph.
1696 3934 1768 3986 liin·

112 4000 166 4070 (ue
187 4002 287 4056 liores.
305 4002 342 4072 1).
365 4000 469 4073 Quibus
490 4000 580 4057 verbis
603 4001 708 4056 nullum
730 4000 763 4055 dc
782 3998 835 4054 hoc
853 4016 912 4056 rer·
983 4018 1053 4057 rens.
1066 4019 1146 4074 prop.
1167 4009 1222 4069 ts).
1237 4005 1308 4058 Nam
1326 4005 1396 4056 bran
1417 3949 1502 4057 elissae
1519 4001 1596 4072 attasi
1610 4002 1643 4056 de
1663 4002 1766 4057 usitato

112 4070 219 4126 tamine
229 4070 371 4147 dubitandi
387 4074 476 4129 locum
490 4071 606 4143 reliquit.
965 4019 1069 4143 gymno
1084 4073 1181 4129 dicunt
1203 4094 1208 4126 :
1228 4076 1263 4128 Et
1282 4075 1380 4153 bpnrno
1397 4018 1601 4152 gictofflaalus
1620 4071 1768 4143 Burgeneis

153 4144 168 4173 ⁸
184 4142 295 4199 hlusam
310 4159 360 4215 pro
374 4151 508 4199 conventu
528 4141 727 4197 monachorum
741 4139 774 4195 ad
788 4138 910 4196 ollrcium
965 4142 1061 4197 scribit
1072 4142 1184 4199 ludaeos
1198 4142 1258 4197 loco
1269 4151 1420 4212 gratiarum
1440 4150 1556 4196 actionis
1571 4148 1675 4213 septem
1693 4141 1767 4212 psal-

111 4210 240 4268 dirinum
251 4214 434 4297 peragendum
445 4214 517 4288 apud
528 4214 688 4270 Cassianum
700 4211 783 4282 accipi
792 4211 850 4284 jam
864 4212 912 4267 all·
966 4227 1026 4267 mos
1038 4213 1152 4268 recitare
1164 4210 1271 4279 solitos,
1283 4210 1311 4266 id
1329 4219 1378 4278 est,
1395 4211 1527 4281 apsalmo
1538 4210 1686 4266 centesimo
1700 4211 1768 4268 duo·
1851 4248 1854 4253 -

112 4283 223 4355 quoties
234 4299 401 4354 monuimus,
416 4295 443 4342 et
458 4291 564 4342 Auctor
578 4283 634 4355 ipse
649 4283 693 4337 hic
708 4282 774 4338 satis
787 4282 887 4338 indicat
901 4300 908 4337 :
964 4283 1083 4348 decimo,
1096 4281 1290 4354 cuiusiuitlum
1302 4290 1344 4336 est
1355 4303 1361 4337 :
1374 4282 1504 4344 mndata,
1512 4284 1600 4352 pueri,
1612 4285 1765 4347 Domitium,

110 4369 278 4427 quamquam
290 4355 361 4411 nihil
378 4363 452 4412 vetat
466 4356 493 4411 in
507 4355 704 4413 hocconsentu
717 4354 801 4409 etiam
816 4354 910 4411 Missae
965 4369 1051 4424 usqne
1070 4353 1104 4408 ad
1126 4352 1262 4426 psalmum
1278 4352 1458 4408 centesimum
1474 4351 1612 4408 decimum
1628 4360 1765 4410 oetaium.

109 4426 277 4483 sacnbeium
303 4426 498 4500 comprehendi
533 4443 540 4480 :
569 4426 647 4552 ουὲυε
669 4440 749 4503 causa
773 4426 908 4550 praeciplue
926 4425 1018 4506 [pallii
1030 4424 1279 4482 Christumnorum
1290 4423 1409 4495 aliquem
1418 4424 1549 4496 hymnum
1560 4426 1764 4497 composuisse:

110 4497 244 4553 monachi
262 4497 295 4554 ad
312 4498 452 4555 ecclesiam
468 4497 598 4554 convente
618 4505 675 4551 ant.
686 4499 726 4551 ‘Et
739 4495 847 4551 adverte
882 4496 907 4551 ic
965 4499 1004 4552 lta
1020 4494 1103 4551 refert
1123 4495 1296 4552 hlaldonatus
1313 4498 1356 4561 (ln
1369 4511 1393 4551 c.
1415 4510 1492 4552 xxvt
1508 4497 1627 4563 dietih).
1642 4495 1763 4568 Chryso-

108 4568 217 4623 nullsm
235 4567 294 4624 lieri
317 4564 485 4625 mentionem
507 4571 594 4625 Nonzc
611 4587 617 4623 :
637 4567 710 4639 quod
731 4566 765 4622 ad
785 4568 909 4634 sextam,
966 4566 1486 4624 stomuseuarransverbaillahlahhaei
1502 4587 1507 4621 :
1521 4568 1765 4638 Audientinquit,

109 4636 197 4695 idest
217 4647 280 4722 post
297 4639 420 4696 officium
433 4648 533 4707 sextae,
556 4640 613 4694 sive
627 4636 756 4704 meridie,
774 4646 809 4692 ut
827 4637 912 4693 moris
967 4640 1125 4709 quicumque
1146 4640 1217 4693 uelut
1234 4641 1310 4709 porci
1324 4639 1483 4708 simpliciter
1497 4639 1687 4693 manducantes
1709 4655 1767 4693 nrm

108 4718 167 4773 est,
197 4709 293 4767 diebus
324 4711 468 4768 dominicis
495 4710 638 4782 prandium
672 4718 827 4775 sumerent,
852 4709 913 4765 aliis
967 4711 1095 4766 adiutans
1104 4710 1404 4779 snrqnnt,cunideoeret
1412 4712 1515 4780 pretias
1524 4725 1609 4777 nque,
1617 4713 1642 4762 et
1651 4711 1680 4761 in
1690 4711 1767 4777 lipar-

108 4779 210 4838 diehus
234 4780 267 4837 ad
286 4783 391 4838 Nonam
411 4797 497 4854 usque
515 4781 678 4854 J'eJunantes.
702 4779 782 4851 Quod
805 4787 912 4836 secutus
966 4798 1030 4835 num
1043 4797 1160 4837 mensam
1172 4782 1299 4836 desinere.
1317 4780 1394 4834 Philo
1404 4780 1517 4835 ladaeus
1529 4780 1556 4832 in
1576 4778 1646 4832 libro
1660 4776 1694 4833 de
1705 4781 1764 4833 vita

109 4852 197 4908 etiarn
221 4854 257 4907 Ι).
284 4852 446 4909 Benedictus
469 4869 527 4924 cap.
558 4858 589 4906 et
615 4850 728 4920 [tegulae
758 4869 765 4904 ι
791 4852 911 4920 Quarta
967 4851 1177 4922 contemplativa
1195 4851 1376 4922 prinrosillos
1394 4845 1767 4905 AscatasAlcxandriuosad

111 1691 147 1746 In
161 1705 215 1759 quo
228 1690 369 1745 dominicae
389 1690 447 1774 diei
462 1692 617 1776 solennitas
631 1693 666 1747 oh
683 1692 800 1747 alibrum
813 1693 957 1786 dierumB

288 1763 477 1818 consuetudine
490 1763 597 1818 diuersa
614 1767 746 1819 terreatur.

108 4923 789 5050 iuqkr'rketseetasariojejunnrtusqneadrianum:
801 4923 913 4991 reliqms
967 4937 1090 4978 menum
1108 4921 1227 4991 hymnos
1246 4920 1375 4976 cecinisse
1393 4918 1476 4974 tradit
1499 4937 1505 4971 :
1528 4916 1699 4986 Priusquam,
1722 4920 1766 4973 in-

140 5012 156 5050 e

107 4997 140 5051 di

107 5066 253 5123 dominico
277 5074 340 5122 ante
364 5066 508 5139 prandium
531 5063 715 5127 celebrabant,
740 5064 804 5135 quia
826 5063 911 5119 semel
968 5060 1767 5131 adcoelununnnibusatquaocnlis,hisqnoniirmdidicerunt

106 5146 222 5194 tantum
242 5137 270 5193 in
288 5137 430 5195 ecclesiam
443 5135 659 5202 conveniebant,
678 5133 771 5205 ibique
791 5133 913 5190 officium
968 5137 1089 5203 spectare
1102 5133 1229 5197 calestio;
1244 5133 1309 5195 illis,
1329 5137 1420 5203 utpote
1436 5133 1599 5203 tricorncptis
1612 5148 1628 5186 a
1643 5137 1765 5188 muneri-

108 5209 237 5266 diriuum
262 5208 392 5265 cananae
419 5209 598 5281 peragebant,
620 5205 693 5278 quod
717 5206 777 5260 aliis
799 5205 913 5272 diebus,
970 5204 1767 5274 bris,etaquastuillicito,precanturntlleoplnceatideon·

108 5280 224 5337 statutis
238 5280 326 5349 boris,
343 5294 442 5351 nempe
460 5278 564 5347 Tertia,
591 5281 682 5342 Sexta,
706 5278 783 5332 Nona
807 5292 854 5348 per
874 5276 914 5331 in·
968 5278 1091 5330 niciam:
1109 5276 1237 5330 absolutis
1246 5277 1369 5346 preuhn
1383 5278 1498 5330 seniores
1515 5276 1695 5341 discumbunt,
1712 5284 1764 5332 etc.

106 5352 223 5408 tersalla
247 5351 378 5423 privatim
398 5350 601 5423 persolvebant,
624 5357 657 5404 ut
682 5347 797 5404 habetur
817 5363 874 5419 cap.
898 5352 914 5402 2
970 5350 1005 5403 Et
1014 5346 1083 5402 iufra
1099 5365 1105 5401 ε
1120 5350 1187 5402 liam
1199 5346 1243 5401 ille
1253 5348 1373 5418 (praeses)
1383 5362 1527 5417 assurpens
1535 5347 1662 5416 hpninum
1670 5349 1698 5401 in
1708 5349 1768 5403 lou-

107 5422 192 5527 hugus
207 5423 280 5480 libri.
966 5419 1025 5473 clem
1035 5420 1085 5474 liei
1095 5421 1196 5488 primia
1208 5421 1291 5486 curiit,
1302 5423 1350 5473 out
1362 5434 1449 5473 recens
1459 5435 1476 5471 a
1488 5434 1515 5473 se
1525 5421 1707 5489 compositum,
1719 5424 1767 5475 nul

173 5494 325 5551 Sabbatum
341 5500 368 5550 et
381 5493 569 5558 Dominicam,
590 5490 701 5548 feriatos
717 5491 785 5552 dies,
798 5504 847 5545 seu
869 5487 912 5543 le·
966 5490 1137 5560 dcsrrmptum
1147 5491 1182 5544 ab
1195 5491 1387 5559 oliquovntum
1400 5494 1525 5545 selemim.
1544 5491 1690 5545 Proesnlem
1703 5507 1767 5547 moa

112 5566 249 5622 maleum
289 5581 319 5622 ra
332 5573 471 5637 nuncupat
486 5584 493 5619 :
509 5564 573 5637 quia
586 5569 703 5636 utroque
718 5562 761 5617 die
776 5558 912 5616 leriahan-
967 5561 1431 5631 imitanturcoeteridecoctiordme,
1444 5561 1676 5616 omnibiuintente
1689 5565 1766 5632 quie-

113 5644 171 5704 tur,
186 5646 250 5694 eta
285 5651 368 5708 opere
384 5635 516 5692 vacabant
535 5635 686 5691 orientales
708 5631 863 5699 (Palladius
884 5633 913 5685 in
968 5632 1766 5703 laqueouscultuntibns,proeterqnaniinnnehpmni,eetra·
1810 5649 1816 5656 ·

116 5709 195 5763 latin
213 5725 274 5780 cop.
294 5713 340 5776 t);
361 5714 508 5780 utrumque
522 5703 623 5762 testum
639 5714 666 5761 et
682 5703 811 5760 festivum
831 5701 912 5758 habe·
967 5720 1063 5775 maqne
1079 5705 1213 5772 clausum
1230 5709 1292 5759 taine
1305 5708 1375 5760 enirn
1387 5706 1508 5759 uniuersi
1520 5719 1606 5758 aaran
1621 5702 1765 5766 rntollunt,

74 5766 89 5777 “
111 5778 179 5835 bant
201 5794 349 5852 sacrosque
370 5785 520 5835 conventus
543 5785 600 5833 tam
623 5775 667 5833 die
691 5774 808 5842 sabbati,
831 5788 913 5846 quam
968 5785 1018 5832 ete.
1041 5776 1076 5830 D.
1097 5776 1284 5849 Hieronymus
1307 5777 1386 5848 epist.
1404 5781 1451 5844 aa,
1471 5774 1504 5830 ad
1522 5772 1709 5835 Eustochium,
1731 5769 1765 5823 dc

217 4995 374 5052 cosmam
384 4997 546 5067 mannent.
560 4997 653 5050 Unam
666 5008 731 5063 ergo
745 4992 856 5048 Missam
870 4991 913 5049 die
967 4993 1036 5064 quit,
1044 4992 1326 5054 disarmbant,stantes
1333 5006 1388 5044 uria
1394 4991 1461 5044 serie
1467 4989 1595 5051 decenter,
1601 4988 1766 5060 sublatisque
