3848 6158
126 215 184 273 aaa
584 211 753 270 COLLATIO
771 212 841 269 XIV.
859 241 896 255 -
914 212 960 268 DE
977 210 1145 269 srtnlrsu
1163 210 1329 268 wantis.

129 355 214 397 anera
221 341 315 409 qraosa
322 342 349 395 et
359 339 553 409 importabilia,
566 340 872 409 etimponunteasuper
882 338 973 403 liu-A
1296 334 1417 392 CAPUT
1436 336 1474 392 X.

128 449 220 489 meros
230 435 381 501 bammum
396 435 452 504 ipsi
461 437 551 489 autem
564 433 649 502 atqtto
660 447 708 488 suo
719 432 813 487 nolunt
830 448 861 487 ea
871 446 933 486 mo·

134 541 193 582 eure
202 525 309 592 (aaut.
322 529 404 592 tarr).
416 524 444 581 Si
453 523 578 581 enimille
588 534 600 560 ⁸
610 527 660 595 qui
671 540 756 579 unum
771 524 933 579 mamertum
1058 522 1096 575 De
1107 518 1331 589 oppresseramus
1346 534 1416 575 uera
1428 520 1546 575 saerata
1557 521 1712 595 disciplina.

134 621 275 673 mirtimurn
287 619 389 675 mloats
397 618 704 686 dooaaitsiclsornines‚
719 619 934 673 anteimusooaa-
1722 673 1750 701 ,Α

130 712 210 767 bitur
221 714 251 766 in
264 727 344 781 regno
353 713 475 767 calorum
488 712 597 781 (nana.
611 714 660 781 v);
674 712 721 783 qui
736 710 821 767 multa
832 717 860 765 et
871 725 933 767 ma-
1023 706 1220 766 Fostinandum
1236 708 1319 782 igitur
1332 708 1384 765 tibi
1398 716 1449 779 est,
1471 710 1493 767 si
1507 709 1542 769 ad
1556 726 1648 769 veram
1666 716 1789 788 Scriptu-

128 804 196 878 jora
225 802 364 877 negligens
391 806 491 862 docere
514 804 736 877 praesumpserit,
765 818 934 876 consequens
987 800 1684 875 remmscientiamrispcreenire,utbumilitatem
1696 809 1788 869 cordis

132 893 258 970 proiecto
273 905 314 953 est
323 906 355 954 ut
366 897 425 968 jnm
438 913 493 954 non
509 898 638 955 minimus
652 899 680 955 in
693 913 777 971 regno
789 897 933 967 ooelomm,
988 896 1159 954 immobilem
1168 896 1296 968 primitus
1304 898 1488 969 consequaris,
1498 915 1561 974 qua
1570 901 1788 963 tenonadillam

136 988 222 1048 sedin
235 990 366 1063 gebenna
380 991 511 1066 supplicio
521 990 659 1050 maximus
672 991 812 1049 habeatur.
826 994 861 1048 Et
874 990 934 1048 ideo
989 1007 1050 1064 quae
1062 990 1150 1058 intlat,
1164 990 1212 1047 sed
1225 990 1261 1047 ad
1270 1005 1331 1047 earn
1343 1006 1407 1064 quan
1419 992 1553 1051 illuminat
1566 996 1707 1055 scientiam
1720 998 1788 1055 aba·

134 1080 293 1139 carendum
307 1083 356 1139 tibi
368 1093 411 1141 est
426 1100 460 1141 ne
474 1084 586 1142 illorum
602 1085 637 1142 ad
649 1084 804 1142 docendum
816 1084 935 1142 inciteris
989 1084 1079 1141 nitatis
1092 1083 1329 1140 consummatione
1346 1079 1507 1155 perducat.b
1521 1089 1693 1160 impossibile
1705 1107 1789 1149 nem-

134 1175 284 1248 enemplis,
311 1177 358 1248 qui
392 1177 516 1249 peritiam
551 1176 707 1250 disputandi
732 1193 764 1235 aa
801 1177 935 1234 sermonis
989 1185 1095 1250 quaest
1106 1174 1790 1259 immundammentemdonumscimtiaespiritalis
1858 1224 1862 1231 .

136 1267 309 1326 affluentiam
328 1271 476 1341 consecuti,
495 1270 560 1343 quia
574 1279 690 1344 possunt
705 1285 737 1327 ea
756 1285 819 1343 quae
840 1269 935 1327 volue—
988 1269 1111 1342 adipisci.
1131 1271 1168 1325 Et
1180 1268 1281 1325 idcirco
1299 1268 1374 1325 omni
1386 1269 1511 1327 cautium
1524 1270 1614 1328 devita
1627 1288 1663 1329 ne
1676 1273 1730 1337 tibi
1739 1290 1788 1346 per

137 1361 193 1419 rint
202 1364 466 1436 omatecopioseque
478 1363 623 1431 disserere,
632 1363 774 1420 scientiam
783 1362 935 1435 spiritaiem
988 1362 1109 1420 studium
1124 1361 1256 1431 lectionis,
1269 1376 1325 1418 non
1338 1362 1459 1419 amentia
1471 1363 1574 1434 lumen,
1595 1381 1647 1423 nec
1660 1366 1707 1424 illa
1722 1383 1788 1441 per-

133 1456 275 1527 possidere
293 1457 441 1514 ereduntur
452 1457 486 1514 ab
499 1457 541 1514 bis
552 1457 598 1529 qui
611 1456 664 1514 nm
674 1455 733 1529 ejus
744 1464 771 1513 et
778 1456 936 1529 qualitatem
990 1466 1069 1529 petua
1082 1470 1143 1527 quer
1164 1470 1212 1527 per
1226 1454 1454 1512 illuminationem
1470 1455 1601 1515 docuisse
1615 1461 1790 1531 pmmittitur

135 1547 290 1606 discernere
303 1566 360 1606 nou
374 1559 518 1608 novemnt.
535 1549 802 1621 atiuunsmqueen
821 1547 936 1605 iacilita-
989 1550 1084 1624 glorie,
1108 1549 1157 1607 sed
1174 1548 1355 1607 instrumenta
1375 1549 1535 1622 perditionis
1561 1551 1597 1610 de
1623 1557 1789 1627 arrogantia
1886 1608 1894 1633 ,

134 1650 194 1698 tem
206 1643 262 1701 oris
273 1652 300 1701 et
312 1644 430 1703 nitorem
442 1645 543 1703 babere
563 1644 709 1715 sermonis,
729 1652 756 1701 et
768 1642 843 1701 aliud
857 1658 937 1700 renes
990 1643 1109 1700 reninis
1128 1651 1286 1699 nascantur.
1301 1642 1405 1700 Deinde
1424 1643 1476 1700 boc
1488 1644 1538 1702 tibi
1556 1653 1600 1702 est
1620 1649 1789 1707 omnimodis

137 1752 169 1792 ac
182 1736 315 1795 medullas
325 1740 476 1797 cmlestium
489 1739 747 1807 intrarediotorum,
758 1753 790 1794 ao
800 1736 935 1811 protunda
950 1739 975 1801 Β
990 1735 1163 1804 enitendum,
1176 1744 1218 1805 ut,
1235 1737 1345 1809 expulsa
1359 1736 1435 1793 omni
1449 1736 1631 1796 sollicitudine
1645 1748 1673 1797 et
1685 1742 1790 1815 cogita·

137 1839 165 1887 et
186 1830 344 1889 abscondita
374 1844 543 1890 sacramenta
573 1834 717 1906 purissimo
741 1833 835 1890 cordis
856 1833 936 1890 oculo
990 1830 1064 1888 tiam
1076 1838 1197 1899 terrena,
1213 1838 1224 1866 ⁶
1242 1828 1382 1886 assiduum
1396 1836 1424 1885 te
1445 1846 1477 1887 ao
1488 1831 1579 1903 potius
1588 1832 1684 1906 iugem
1703 1850 1791 1893 sacrm

138 1924 328 1996 contemplari,
344 1925 419 1997 quod
433 1926 585 1984 nullatenus
598 1927 718 1985 bumana
735 1926 872 1995 doctrina,
887 1942 939 1983 nec
991 1924 1113 1997 presbeas
1135 1923 1254 1993 lectioni,
1271 1923 1360 1980 donec
1371 1924 1502 1981 continua
1524 1926 1664 1984 meditatio
1686 1928 1792 1985 imbuat
1841 1996 1849 2010 ·

138 2017 258 2073 eruditio
273 2017 422 2087 saecularis,
435 2020 483 2077 sed
504 2020 562 2077 sola
576 2020 680 2092 puritas
693 2021 796 2077 mentis
810 2036 857 2093 per
874 2020 939 2076 illu·
991 2025 1113 2075 mentem
1136 2023 1211 2072 tuam
1224 2022 1253 2072 et
1265 2015 1341 2088 quasi
1355 2016 1383 2072 in
1397 2016 1604 2075 similitudinem
1617 2021 1661 2076 sui
1680 2020 1790 2091 formet,

137 2109 319 2167 minationem
331 2112 418 2169 sancti
433 2112 551 2186 Spiritus
565 2113 710 2170 obtinebit.
993 2111 1110 2167 darcam
1124 2108 1329 2183 quodammodo
1343 2125 1379 2167 ex
1393 2124 1425 2167 aa
1434 2108 1537 2170 iaciens
1549 2114 1729 2185 Testamenti,
1742 2115 1793 2173 ba-

682 2237 813 2293 ALARDl
832 2237 943 2293 GAZAEl
961 2234 1241 2294 COMMENTARIUS.

179 2366 191 2392 ⁸
207 2355 273 2413 Die.
285 2358 429 2431 Gregorius
443 2360 539 2416 homil.
559 2366 592 2416 tt
603 2361 630 2416 in
643 2361 788 2434 Evangelia
805 2362 938 2418 :Manda-
991 2366 1023 2417 ut
1037 2366 1063 2417 et
1076 2376 1172 2417 manus
1185 2366 1311 2431 operetur
1324 2362 1422 2426 mium,
1440 2367 1464 2417 et
1478 2364 1584 2419 animus
1598 2364 1705 2420 lectione
1720 2367 1793 2421 salu·

137 2440 206 2493 tum,
219 2428 317 2499 inquit,
333 2431 413 2485 soluit
422 2437 449 2487 et
460 2432 545 2495 docet,
556 2434 665 2502 quinon
674 2433 732 2488 oult
741 2448 817 2503 opera
828 2434 938 2502 implere
992 2437 1077 2488 retur.
1095 2435 1130 2488 Et
1139 2430 1172 2488 ad
1192 2436 1297 2487 Laetam
1310 2430 1343 2487 de
1355 2432 1529 2489 institutione
1542 2432 1603 2490 titia
1617 2437 1723 2506 (spuet.
1736 2435 1766 2509 7)
1783 2454 1791 2491 :

139 2503 211 2576 quod
230 2499 313 2555 docet.
329 2503 463 2568 Quomodo
477 2518 542 2572 erqo
555 2506 585 2558 ia
602 2519 630 2559 eo
643 2505 773 2558 minimus
791 2504 937 2569 uocabitur,
992 2504 1116 2559 Oratiom
1127 2505 1216 2571 lectio,
1229 2504 1336 2557 lectioni
1347 2503 1472 2558 sucosam
1485 2507 1582 2559 oratio.
1597 2508 1629 2560 ln
1642 2506 1794 2577 Epistulam

140 2577 189 2646 qui
199 2570 236 2627 ad
251 2571 299 2626 lsoo
309 2573 383 2627 nullo
395 2575 472 2628 modo
486 2575 588 2629 intrare
598 2577 788 2644 permittitur?
800 2576 871 2640 Quid
880 2578 939 2628 ita·
992 2573 1028 2629 ad
1044 2573 1145 2644 Ephes.
1162 2588 1182 2628 v
1203 2574 1305 2629 :Omni
1316 2573 1406 2627 studio
1423 2574 1541 2643 legenda
1561 2575 1635 2630 nobis
1646 2578 1792 2647 Scriptura

138 2662 190 2717 qua
199 2658 248 2713 per
257 2643 326 2697 bana
335 2648 503 2708 sententiam,
514 2647 695 2714 nisiprasens
703 2646 820 2701 Ecclesia
829 2660 939 2713 requam
992 2649 1066 2706 sunt,
1080 2649 1105 2698 et
1118 2646 1147 2697 in
1164 2642 1220 2711 leqa
1236 2645 1345 2698 Damirn
1355 2643 1541 2699 meditandum
1554 2644 1599 2699 die
1612 2662 1643 2699 ao
1656 2652 1744 2719 nactaq
1759 2653 1790 2703 ut
1887 2708 1890 2714 ,

140 2718 263 2773 calonem
275 2714 393 2769 dicitur?
407 2718 438 2771 ln
452 2732 507 2785 qua
518 2717 669 2786 doctorqui
686 2716 938 2771 mandatumsalue-
989 2715 1104 2784 probati
1121 2715 1261 2783 trapezita
1278 2715 1393 2768 eruimus
1409 2716 1470 2784 quis
1484 2730 1608 2770 nummus
1626 2717 1790 2785 probus-sit,

139 2790 186 2851 rit,
201 2786 535 2867 minimasroeatur;quia
543 2786 619 2854 naias
627 2786 844 2857 aitadespieitur,
853 2788 939 2841 restat
993 2787 1055 2854 quis
1080 2784 1198 2838 adulter.
1222 2786 1257 2839 D.
1279 2783 1343 2838 item
1360 2783 1523 2841 neomutus
1536 2784 1660 2866 pluribus
1680 2786 1709 2842 in
1724 2788 1790 2845 locis

140 2855 938 3005 “tlejgftpperffiffrssacgtgfdilrttivfflorsabdemmqmanimam
992 2869 1050 2981 :3¹³ss
1063 2854 1663 3006 {affilliueitdgacpomanffendgtftj:baemugffilig
1674 2872 1792 2985 11833ῗὲ

162 3010 202 3049 rra
217 2992 360 3047 mundanis
374 2996 415 3048 uel
433 2997 550 3049 tenuiter
561 2997 765 3051 distentionibus
783 3001 937 3066 oeaepntur,
994 3011 1026 3051 ea
1039 3010 1177 3066 occupari,
1192 3004 1342 3065 prasertim
1356 2993 1451 3051 diebus
1462 2994 1615 3063 dominicis,
1632 3004 1660 3051 et
1673 2998 1700 3053 in
1712 2998 1791 3069 Qua-

139 3013 241 3120 ssonum
263 3064 379 3117 sciaaioe
394 3068 550 3132 promereri,
570 3066 611 3119 uel
625 3070 810 3135 qeneratre'eem
831 3068 940 3136 spirita-
993 3066 1162 3147 dragesima3
1178 3072 1207 3121 et
1225 3065 1295 3122 inter
1321 3065 1500 3121 instrumenta
1520 3064 1659 3122 bonorum
1675 3082 1789 3138 operum

140 3138 208 3190 lium
216 3138 397 3189 sensunmaut
405 3138 523 3189 tenacem
532 3150 670 3190 sacrarum
678 3138 890 3204 lectionumperi.
902 3138 937 3191 Et
993 3145 1071 3207 pontt
1085 3138 1207 3191 lectiones
1216 3141 1323 3192 sanctas
1335 3137 1448 3192 libenter
1457 3136 1562 3192 audire.
1574 3136 1632 3193 Ubi
1645 3136 1706 3194 ride
1717 3138 1790 3196 duo·

140 3206 241 3262 iterum
254 3205 437 3273 :impossibile
451 3209 559 3260 osteum
569 3208 759 3277 quiproposito
770 3208 937 3275 nominanda
955 3177 978 3240 C
993 3206 1081 3262 decim
1101 3207 1230 3263 utilitates
1250 3207 1372 3262 lectionis
1391 3221 1475 3263 sacra
1496 3207 1569 3277 apud
1595 3210 1789 3265 Turrecrema-

139 3277 230 3332 larede's
244 3275 379 3342 inmutare,
393 3276 483 3330 studio
496 3276 612 3331 lectionis
626 3280 738 3340 insistit,
756 3278 855 3332 dunum
868 3292 937 3331 uera
992 3284 1053 3332 tum
1075 3277 1133 3334 iuss
1154 3277 1298 3357 explicatas
1318 3292 1326 3329 τ
1346 3290 1413 3346 quas
1434 3277 1602 3349 smaragdus
1623 3278 1707 3335 abbas
1720 3296 1790 3350 ptu-

139 3349 257 3404 saientia
269 3348 426 3414 promereri.
447 3347 553 3402 Rursus
566 3362 626 3418 cap.
647 3354 700 3403 tr:
724 3347 888 3419 impassibile
900 3352 939 3402 est
991 3347 1111 3402 oiotibus
1126 3346 1215 3401 uerbis
1229 3346 1265 3401 ite
1284 3346 1443 3417 complexus
1464 3352 1507 3401 est
1526 3366 1533 3401 :
1556 3349 1686 3403 Leatimris
1706 3364 1791 3406 sacra

141 3417 938 3486 immundamanimam‚quantalibetdesudaaeritlectionis
991 3417 1423 3486 coquitioaultoribussuissensus
1432 3419 1791 3483 mnnmmtnntrarmnta-

141 3491 282 3552 instantia,
298 3488 414 3557 adipisci
426 3491 566 3544 scientiam
582 3490 742 3559 spiritalem.
757 3492 791 3545 Et
803 3503 863 3558 cap.
884 3490 934 3542 iti:
992 3488 1087 3542 lectum
1110 3488 1284 3557 multiplicat,
1303 3491 1436 3557 torporem
1448 3489 1560 3551 excudi,
1577 3488 1663 3544 onan
1677 3497 1790 3556 amovet,

139 3561 235 3618 Nullus
248 3561 277 3613 in
288 3574 340 3628 qua
353 3560 442 3613 adletae
452 3560 600 3615 causalium
607 3563 772 3629 passionum,
784 3561 939 3615 etmaaime
990 3560 1075 3613 uitam
1099 3560 1241 3628 componit,
1261 3572 1346 3613 moras
1365 3559 1486 3627 corrigit,
1509 3560 1644 3615 salubrem
1661 3562 1791 3631 gemitum

139 3632 339 3697 fornicationis,
355 3630 509 3685 demirentur
522 3630 645 3699 affectas,
669 3631 822 3700 spiritalem
837 3631 938 3699 poterit
990 3630 1068 3696 sarit,
1093 3634 1119 3684 et
1142 3630 1278 3699 lacrumas
1311 3634 1463 3699 comprmoto
1489 3630 1567 3685 corde
1590 3632 1724 3701 madunt,
1748 3636 1792 3689 la-

139 3703 280 3757 scientiam
294 3700 441 3771 possidere.
462 3700 607 3770 Quomodo
626 3709 731 3768 autem,
747 3709 842 3772 etqua
855 3715 936 3755 sensu
974 3700 1091 3771 fluendi
1103 3700 1200 3755 tribuit
1219 3700 1391 3768 famndiam,
1406 3705 1510 3755 aterna
1528 3702 1711 3758 laborantibus
1721 3719 1790 3773 pra-

140 3787 210 3829 rerae
227 3773 281 3827 sint
304 3771 460 3842 hujusmodi
475 3771 624 3839 sententia,
643 3786 708 3828 cunr
723 3770 816 3827 rideas
834 3772 937 3828 multos
990 3774 1077 3827 mittit
1089 3773 1213 3841 mamm,
1228 3772 1366 3840 spiritales
1379 3771 1791 3841 diuitiasauqetioaniluqmum

140 3840 726 3913 malosimmopessimos,hominesmagna
734 3841 937 3911 scripturarum
989 3846 1176 3911 sanitatesque
1207 3842 1355 3912 compescit,
1379 3843 1405 3895 et
1434 3840 1599 3895 desiderium
1627 3842 1730 3898 Christi
1742 3859 1792 3912 pa-

140 3913 251 3971 scientia
270 3912 380 3983 pollere,
402 3911 465 3966 alibi
479 3917 521 3964 est
541 3918 691 3979 utcumque
713 3910 887 3979 explicatum,
909 3919 937 3966 et
991 3916 1103 3981 triaque
1119 3914 1228 3966 catastis
1242 3911 1372 3967 accendit.
1387 3911 1453 3978 Qua
1471 3926 1526 3967 sem
1547 3926 1577 3966 er
1589 3915 1706 3967 orationi
1718 3916 1791 3968 sosia

139 3983 209 4041 inira
222 3980 556 4053 pleniuserplicaturoep.
575 3982 617 4031 tr.
633 3979 814 4033 Libettamen
831 3976 875 4033 hic
888 3979 937 4034 ad·
990 3996 1144 4051 semperque
1166 3982 1241 4036 debet
1267 3997 1322 4036 essa
1360 3994 1489 4037 mnneaa.
1556 3984 1694 4038 clunibus
1719 3987 1791 4039 enim

138 4055 205 4111 dere
230 4066 292 4123 quae
305 4051 339 4105 de
353 4050 405 4104 boa
418 4054 579 4119 argumento
596 4055 654 4103 tam
668 4047 766 4103 diserte
778 4062 861 4118 quam
874 4063 937 4104 eru·
990 4052 1165 4111 mundamur,
1190 4051 1342 4105 lectionibus
1361 4054 1451 4104 autem
1473 4053 1647 4105 instruimur.
1669 4057 1706 4108 Et
1730 4054 1790 4109 ideo

140 4125 197 4181 dite
208 4122 301 4179 scribit
315 4123 348 4175 a.
364 4120 395 4173 P.
410 4118 535 4174 Peresius
547 4117 595 4173 lib.
607 4133 649 4174 xv
660 4133 775 4174 suorum
788 4119 937 4174 commen·
991 4123 1040 4190 qui
1060 4121 1119 4173 uult
1143 4134 1202 4172 cum
1225 4123 1277 4175 beo
1312 4132 1415 4188 reaper·
1435 4133 1499 4186 esse,
1525 4123 1679 4189 sreqmnter
1702 4138 1789 4189 orare,

140 4194 275 4252 tariorum
286 4192 313 4244 in
326 4188 467 4244 Danielem
479 4204 485 4240 ε
498 4190 736 4259 Possuntquidem,
746 4189 843 4261 inquit,
856 4192 938 4245 etiam
993 4193 1148 4259 [requenter
1165 4189 1241 4243 debet
1259 4189 1354 4257 leqere.
1373 4191 1443 4246 Nam
1455 4204 1515 4245 aum
1528 4206 1645 4255 oramen,
1660 4195 1716 4264 ipsi
1730 4210 1791 4251 cum

141 4262 354 4334 improbimulta
366 4260 485 4315 derebus
495 4260 593 4315 diuinis
603 4262 783 4331 intelligentia
793 4263 937 4331 consequi:
993 4265 1046 4317 Deo
1062 4262 1206 4331 inquinare
1224 4274 1284 4314 cnm
1305 4274 1366 4314 uero
1385 4260 1508 4329 legimus,
1522 4266 1588 4319 brus
1601 4265 1738 4321 naturum
1751 4268 1790 4323 ta·

143 4332 937 4401 nametinsummisstaqitiissapelldemdiainamretinent,
992 4334 1096 4401 quitur.
1110 4332 1203 4387 Omrris
1214 4345 1276 4399 erqo
1290 4331 1426 4400 prateolus
1439 4346 1473 4386 ca
1494 4334 1613 4402 tectione,
1634 4339 1791 4395 orationeet
1901 4336 1915 4355 ·’

143 4420 204 4474 qua
221 4405 293 4459 uelut
305 4402 429 4473 quadam
444 4403 494 4457 lua
507 4407 546 4458 est
563 4404 688 4459 bumaria
709 4406 796 4459 menti
811 4402 848 4458 ad
860 4404 938 4457 intel·
993 4401 1299 4471 meditationeprocedit.
1312 4403 1456 4469 aarum
1471 4407 1611 4469 amnicus,
1623 4406 1791 4465 lectionarii—

142 4474 268 4545 liqendas
292 4476 463 4544 aliquatenus
489 4489 650 4541 roseaceum
669 4479 695 4529 et
716 4477 827 4530 samtia
846 4489 939 4530 unra-
992 4476 1176 4542 scimus3qua
1188 4477 1279 4527 autem
1291 4472 1475 4542 didicerimus,
1494 4477 1712 4535 meditationibus
1726 4495 1791 4535 con·
1894 4478 1905 4497 ‘'

144 4562 204 4601 ram
215 4546 370 4601 litterarum
383 4547 451 4599 inter
459 4546 563 4613 gratias
573 4548 661 4612 qratis
671 4546 751 4600 datas
762 4550 938 4601 numeratur:
955 4542 979 4604 Ι)
992 4558 1143 4609 econamum
1163 4548 1189 4597 at
1199 4547 1230 4598 ul
1250 4550 1406 4601 eousauata
1418 4562 1436 4599 n
1448 4547 1525 4602 nobis
1539 4550 1712 4617 impleantur,
1724 4566 1790 4604 ora-

144 4616 253 4686 ideoquo
276 4618 411 4672 sceleratis
437 4617 518 4669 aiam
548 4615 697 4669 bomieibus
723 4615 823 4670 donmi
840 4620 937 4687 potest.
993 4618 1062 4670 turre
1073 4615 1250 4685 adipiscimur
1265 4616 1406 4686 (bernard.
1421 4630 1500 4671 sam.
1516 4623 1551 4672 50
1562 4618 1600 4671 ad
1610 4618 1747 4687 sororem).

146 4689 246 4743 Verum
265 4690 314 4742 isti
337 4687 446 4740 diuinas
477 4684 586 4755 quidem
623 4700 665 4740 res
702 4685 869 4755 intelligunt,
894 4687 940 4742 sert
1027 4685 1171 4757 dSpectat
1184 4686 1318 4741 illarerba
1331 4687 1453 4757 Apostoli
1476 4685 1512 4741 ad
1527 4687 1704 4741 Hebraeosrx
1719 4705 1725 4741 :
1741 4690 1792 4744 Ar-

143 4772 197 4813 non
220 4762 252 4812 ut
267 4773 319 4826 par
341 4764 389 4811 est.
419 4756 501 4813 Nuda
525 4758 664 4824 animast,
686 4756 835 4826 etjejaaa,
861 4759 941 4826 ipsis·
993 4773 1051 4813 eam
1062 4759 1223 4811 Testamenti
1233 4758 1433 4810 circumtectam
1443 4769 1478 4808 aa
1494 4757 1657 4827 omniparis
1668 4772 1746 4823 auro,
1761 4762 1791 4816 ia

143 4843 196 4898 que
231 4829 401 4893 ininsoluasa
438 4842 470 4881 ea
501 4828 625 4896 cognitio,
663 4829 764 4897 quippe
797 4828 943 4899 principali
994 4843 1048 4897 qua
1060 4842 1131 4880 urna
1145 4841 1229 4880 aurea
1247 4826 1349 4879 baberet
1359 4838 1469 4892 manaa,
1484 4828 1510 4880 et
1526 4827 1717 4896 virgariorum,
1731 4846 1792 4902 qua

143 4899 247 4966 effectu
267 4901 293 4951 et
312 4898 406 4963 [ructu
427 4902 501 4952 aeret
523 4914 533 4952 :
555 4898 598 4953 bio
619 4903 709 4953 autem
723 4901 761 4952 est
783 4899 833 4953 Dei
854 4913 940 4962 amor,
994 4896 1165 4965 fronduerat,
1183 4901 1210 4950 et
1231 4895 1331 4949 tabula
1350 4896 1519 4952 Testamenti.
1552 4899 1699 4970 Quomodo
1720 4902 1793 4959 dicat
1863 4926 1869 4931 ·

144 4972 170 5024 et
193 4968 353 5030 obedientia,
384 4968 511 5022 uitiorum
542 4970 656 5035 curatio,
684 4968 832 5024 anmdatio
867 4970 940 5037 uita,
994 4967 1143 5038 Apostolus
1155 4980 1251 5022 urnam
1266 4980 1376 5022 auream
1386 4980 1490 5023 manna
1500 4974 1684 5027 continentem
1695 4981 1723 5028 et
1737 4974 1793 5029 rir-
1903 4971 1907 4979 '

144 5042 334 5095 reclamarum
348 5038 492 5101 iristitutio,
515 5038 764 5109 studiumjurandi
783 5055 864 5110 qaam
879 5038 942 5110 plu·
996 5053 1057 5112 gam
1081 5043 1173 5093 Aaron
1195 5035 1280 5092 inisse
1304 5037 1333 5093 in
1356 5052 1420 5094 arca
1440 5039 1608 5097 Testamenti
1629 5053 1792 5110 asservatas,

145 5111 237 5178 rimas,
261 5115 287 5165 et
307 5109 344 5163 ud
366 5110 482 5164 sautem
502 5113 630 5165 atemam
649 5110 816 5176 adducenda
837 5115 867 5166 ut
891 5126 943 5165 una
996 5125 1060 5165 cum
1075 5110 1151 5164 lllll
1207 5107 1493 5167 mvtrrdicaturnon
1507 5109 1588 5167 tuisse
1601 5110 1675 5167 eliud
1690 5112 1793 5170 inerte

145 5181 224 5237 aerbo
238 5182 336 5244 dicam,
351 5182 456 5235 intenta
467 5184 493 5234 et
505 5181 633 5249 frequens
646 5183 675 5235 in
684 5182 802 5236 omnium
812 5184 944 5237 ablatum
995 5181 1048 5237 nisi
1063 5180 1131 5237 duas
1143 5122 1255 5260 affilas·
1271 5177 1401 5250 lapideas,
1417 5195 1485 5252 quas
1496 5181 1588 5254 posuit
1599 5182 1717 5253 bloyses,
1737 5200 1793 5241 non

145 5252 220 5307 cultu
242 5252 464 5322 honestarumque
485 5266 576 5307 reram
599 5254 758 5308 tractatione
777 5255 941 5309 exercitatae.
997 5250 1131 5325 sstbuJ'us
1154 5250 1206 5306 loci
1229 5248 1373 5307 discutere.
1396 5249 1548 5308 Sulticitex
1569 5251 1702 5309 sentemia
1716 5256 1794 5326 Apo-

145 5322 294 5393 lducusque
310 5323 442 5379 Peresius.
997 5322 1059 5381 stoli
1074 5325 1133 5380 nee
1143 5322 1195 5378 tria
1216 5318 1302 5378 luisse
1319 5320 1465 5394 aliquando
1477 5322 1506 5378 in
1530 5338 1592 5379 area
1614 5325 1792 5396 Testamenti,

182 5395 250 5448 eltu
263 5392 318 5447 div.
335 5394 518 5466 liiemnymus
529 5392 564 5449 ed
578 5391 760 5465 Nepotianum
775 5396 873 5465 (Epist.
890 5398 943 5452 tet
997 5409 1059 5467 qua
1082 5394 1221 5450 moraliter
1251 5391 1296 5448 bic
1315 5400 1344 5449 et
1367 5393 1581 5466 tmpologicead
1601 5402 1721 5452 merrtem
1739 5399 1796 5456 sive

146 5464 946 5537 t):bioinasScripturassapiasleqe,immonnmquumde
999 5466 1118 5520 animam
1140 5464 1195 5519 reri
1218 5463 1346 5537 religiosi,
1365 5464 1420 5521 eisc
1442 5461 1561 5521 hominis
1582 5464 1706 5538 perlecti,
1726 5471 1796 5527 reie-

145 5535 752 5604 mantomrunaeponcntar.atadnustieum
759 5536 943 5595 manerbum:
1000 5545 1107 5602 rantur,
1124 5532 1356 5606 quemadmodum
1370 5543 1398 5591 et
1415 5532 1547 5607 Origenes
1560 5536 1683 5595 eamdem
1704 5557 1797 5599 aream

146 5606 300 5676 Numquam
315 5606 349 5661 de
368 5621 452 5662 maan
472 5612 521 5663 tua
533 5612 559 5663 et
576 5609 658 5665 oeulis
676 5609 730 5663 tuis
745 5607 852 5664 recedat
866 5608 944 5665 liber.
999 5606 1113 5664 retulit:
1133 5608 1206 5664 Arca
1218 5620 1312 5669 aurea,
1326 5605 1356 5661 in
1376 5605 1454 5663 aiens
1477 5608 1583 5677 (Hamil.
1602 5613 1629 5666 tr
1650 5628 1732 5683 super
1740 5616 1797 5671 Nn·

147 5677 276 5733 ilisaatur
286 5677 446 5748 psalterium
461 5678 499 5733 ad
512 5678 636 5745 uerbum3
650 5693 713 5734 ama
724 5680 948 5736 sciatttamSeri·
1000 5677 1285 5751 meras),inquasunt
1299 5677 1345 5733 tab
1374 5680 1797 5753 aTestamenti,utopinar,non

144 5750 303 5817 plurarem,
311 5754 337 5804 et
344 5750 506 5805 cambutta
515 5763 567 5805 non
575 5749 861 5819 amabis3saribantar
868 5750 944 5816 libri,
1001 5750 1080 5807 alind
1089 5764 1171 5821 quam
1182 5764 1253 5805 mens
1265 5754 1358 5807 nostra
1372 5765 1426 5807 esse
1435 5750 1598 5819 motaretur,
1609 5755 1704 5823 inqua
1715 5754 1797 5820 leqern

255 5838 388 5894 Parnon.
407 5838 515 5896 XLIX.
1620 5842 1652 5895 tr
