<?xml version="1.0" encoding="UTF-8"?>
<!DOCTYPE html PUBLIC "-//W3C//DTD XHTML 1.0 Transitional//EN"
    "http://www.w3.org/TR/xhtml1/DTD/xhtml1-transitional.dtd">
<html xmlns="http://www.w3.org/1999/xhtml" xml:lang="en" lang="en">
 <head>
  <title>
</title>
<meta http-equiv="Content-Type" content="text/html;charset=utf-8" />
  <meta name='ocr-system' content='tesseract 3.04.00' />
  <meta name='ocr-capabilities' content='ocr_page ocr_carea ocr_par ocr_line ocrx_word'/>
</head>
<body>
  <div class='ocr_page' id='page_1' title='image "./patrologiaecurs29unkngoog_0071.png"; bbox 0 0 3848 6158; ppageno 0'>
   <div class='ocr_carea' id='block_1_1' title="bbox 158 283 1813 343">
    <p class='ocr_par' dir='ltr' id='par_1_1' title="bbox 158 283 1813 343">
     <span class='ocr_line' id='line_1_1' title="bbox 158 283 1813 343; baseline -0.002 -2"><span class='ocrx_word' id='word_1_1' title='bbox 158 287 208 342; x_wconf 79' lang='lat' dir='ltr'><strong>tat</strong></span> <span class='ocrx_word' id='word_1_2' title='bbox 756 323 759 329; x_wconf 86' lang='lat'>-</span> <span class='ocrx_word' id='word_1_3' title='bbox 778 297 780 301; x_wconf 57' lang='lat'><em>⁴</em></span> <span class='ocrx_word' id='word_1_4' title='bbox 828 284 969 343; x_wconf 74' lang='lat' dir='ltr'><strong>tontuls</strong></span> <span class='ocrx_word' id='word_1_5' title='bbox 989 284 1142 342; x_wconf 74' lang='lat' dir='ltr'><strong>CASSlANl</strong></span> <span class='ocrx_word' id='word_1_6' title='bbox 1761 283 1813 338; x_wconf 69' lang='lat' dir='ltr'><strong>lid</strong></span> 
     </span>
    </p>
   </div>
   <div class='ocr_carea' id='block_1_2' title="bbox 155 405 1814 1318">
    <p class='ocr_par' dir='ltr' id='par_1_2' title="bbox 155 405 1814 1318">
     <span class='ocr_line' id='line_1_2' title="bbox 155 405 1812 484; baseline -0.002 -18"><span class='ocrx_word' id='word_1_7' title='bbox 155 408 320 467; x_wconf 80' lang='lat' dir='ltr'><strong>observatur</strong></span> <span class='ocrx_word' id='word_1_8' title='bbox 330 410 359 466; x_wconf 92' lang='lat' dir='ltr'><strong>in</strong></span> <span class='ocrx_word' id='word_1_9' title='bbox 372 410 495 468; x_wconf 76' lang='lat' dir='ltr'><strong>occiduis</strong></span> <span class='ocrx_word' id='word_1_10' title='bbox 506 411 546 468; x_wconf 90' lang='lat' dir='ltr'><strong>vel</strong></span> <span class='ocrx_word' id='word_1_11' title='bbox 555 411 679 468; x_wconf 86' lang='lat' dir='ltr'><strong>maxime</strong></span> <span class='ocrx_word' id='word_1_12' title='bbox 688 409 863 484; x_wconf 83' lang='lat' dir='ltr'><strong>regionibus,</strong></span> <span class='ocrx_word' id='word_1_13' title='bbox 873 426 958 467; x_wconf 93' lang='lat' dir='ltr'><strong>cano·</strong></span> <span class='ocrx_word' id='word_1_14' title='bbox 972 417 999 479; x_wconf 74' lang='grc' dir='ltr'>Α</span> <span class='ocrx_word' id='word_1_15' title='bbox 1014 410 1183 467; x_wconf 80' lang='lat' dir='ltr'><strong>invenimus.</strong></span> <span class='ocrx_word' id='word_1_16' title='bbox 1204 410 1310 465; x_wconf 86' lang='lat' dir='ltr'><strong>Verum</strong></span> <span class='ocrx_word' id='word_1_17' title='bbox 1328 422 1393 464; x_wconf 92' lang='lat' dir='ltr'><strong>cum</strong></span> <span class='ocrx_word' id='word_1_18' title='bbox 1407 405 1461 464; x_wconf 89' lang='lat' dir='ltr'><strong>hac</strong></span> <span class='ocrx_word' id='word_1_19' title='bbox 1479 407 1624 463; x_wconf 71' lang='lat' dir='ltr'><strong>abutentes</strong></span> <span class='ocrx_word' id='word_1_20' title='bbox 1643 406 1812 479; x_wconf 77' lang='lat' dir='ltr'><strong>indulgentia</strong></span> 
     </span>
     <span class='ocr_line' id='line_1_3' title="bbox 156 500 1814 578; baseline -0.003 -18"><span class='ocrx_word' id='word_1_21' title='bbox 156 504 250 560; x_wconf 88' lang='lat' dir='ltr'><strong>nicam</strong></span> <span class='ocrx_word' id='word_1_22' title='bbox 265 503 439 561; x_wconf 79' lang='lat' dir='ltr'><strong>functionem</strong></span> <span class='ocrx_word' id='word_1_23' title='bbox 454 512 551 562; x_wconf 88' lang='lat' dir='ltr'><strong>nostm</strong></span> <span class='ocrx_word' id='word_1_24' title='bbox 565 513 691 577; x_wconf 91' lang='lat' dir='ltr'><strong>tempore</strong></span> <span class='ocrx_word' id='word_1_25' title='bbox 704 505 734 559; x_wconf 93' lang='lat' dir='ltr'><strong>in</strong></span> <span class='ocrx_word' id='word_1_26' title='bbox 749 507 761 537; x_wconf 78' lang='lat'>⁸</span> <span class='ocrx_word' id='word_1_27' title='bbox 776 510 873 559; x_wconf 91' lang='lat' dir='ltr'><strong>nostro</strong></span> <span class='ocrx_word' id='word_1_28' title='bbox 887 518 957 576; x_wconf 82' lang='lat' dir='ltr'><strong>quo·</strong></span> <span class='ocrx_word' id='word_1_29' title='bbox 1009 504 1224 578; x_wconf 71' lang='lat' dir='ltr'><strong>negligentiores</strong></span> <span class='ocrx_word' id='word_1_30' title='bbox 1238 504 1341 575; x_wconf 85' lang='lat' dir='ltr'><strong>quique</strong></span> <span class='ocrx_word' id='word_1_31' title='bbox 1354 500 1584 558; x_wconf 90' lang='lat' dir='ltr'><strong>induciassomni</strong></span> <span class='ocrx_word' id='word_1_32' title='bbox 1600 501 1711 572; x_wconf 84' lang='lat' dir='ltr'><strong>longius</strong></span> <span class='ocrx_word' id='word_1_33' title='bbox 1721 509 1814 572; x_wconf 88' lang='lat' dir='ltr'><strong>prote·</strong></span> 
     </span>
     <span class='ocr_line' id='line_1_4' title="bbox 156 590 1811 671; baseline -0.004 -17"><span class='ocrx_word' id='word_1_34' title='bbox 156 611 210 669; x_wconf 83' lang='lat' dir='ltr'><strong>que</strong></span> <span class='ocrx_word' id='word_1_35' title='bbox 224 597 396 654; x_wconf 71' lang='grc' dir='ltr'><strong>1110111311τὶ0</strong></span> <span class='ocrx_word' id='word_1_36' title='bbox 409 598 540 671; x_wconf 87' lang='lat' dir='ltr'><strong>primitus</strong></span> <span class='ocrx_word' id='word_1_37' title='bbox 554 598 728 665; x_wconf 87' lang='lat' dir='ltr'><strong>institutam,</strong></span> <span class='ocrx_word' id='word_1_38' title='bbox 748 595 798 653; x_wconf 87' lang='lat' dir='ltr'><strong>ubi</strong></span> <span class='ocrx_word' id='word_1_39' title='bbox 817 597 957 654; x_wconf 76' lang='lat' dir='ltr'><strong>Dominus</strong></span> <span class='ocrx_word' id='word_1_40' title='bbox 1009 598 1099 655; x_wconf 85' lang='lat' dir='ltr'><strong>tarent</strong></span> <span class='ocrx_word' id='word_1_41' title='bbox 1123 616 1130 653; x_wconf 94' lang='lat'><strong>:</strong></span> <span class='ocrx_word' id='word_1_42' title='bbox 1154 596 1258 670; x_wconf 85' lang='lat' dir='ltr'><strong>quippe</strong></span> <span class='ocrx_word' id='word_1_43' title='bbox 1287 610 1357 668; x_wconf 90' lang='lat' dir='ltr'><strong>quos</strong></span> <span class='ocrx_word' id='word_1_44' title='bbox 1380 594 1421 650; x_wconf 89' lang='lat' dir='ltr'><strong>vel</strong></span> <span class='ocrx_word' id='word_1_45' title='bbox 1449 601 1528 651; x_wconf 90' lang='lat' dir='ltr'><strong>extra</strong></span> <span class='ocrx_word' id='word_1_46' title='bbox 1551 592 1634 649; x_wconf 89' lang='lat' dir='ltr'><strong>cellas</strong></span> <span class='ocrx_word' id='word_1_47' title='bbox 1661 590 1811 663; x_wconf 81' lang='lat' dir='ltr'><strong>progredi,</strong></span> 
     </span>
     <span class='ocr_line' id='line_1_5' title="bbox 155 686 1812 762; baseline -0.002 -16"><span class='ocrx_word' id='word_1_48' title='bbox 155 698 253 747; x_wconf 77' lang='lat' dir='ltr'><strong>nomer</strong></span> <span class='ocrx_word' id='word_1_49' title='bbox 265 692 345 748; x_wconf 85' lang='lat' dir='ltr'><strong>lesus</strong></span> <span class='ocrx_word' id='word_1_50' title='bbox 361 691 579 748; x_wconf 86' lang='lat' dir='ltr'><strong>Christusnntus</strong></span> <span class='ocrx_word' id='word_1_51' title='bbox 592 705 624 747; x_wconf 89' lang='lat' dir='ltr'><strong>ex</strong></span> <span class='ocrx_word' id='word_1_52' title='bbox 638 690 758 762; x_wconf 84' lang='lat' dir='ltr'><strong>virgine,</strong></span> <span class='ocrx_word' id='word_1_53' title='bbox 772 689 903 748; x_wconf 77' lang='lat' dir='ltr'><strong>humanae</strong></span> <span class='ocrx_word' id='word_1_54' title='bbox 913 690 955 747; x_wconf 92' lang='lat' dir='ltr'><strong>in·</strong></span> <span class='ocrx_word' id='word_1_55' title='bbox 1009 691 1051 747; x_wconf 90' lang='lat' dir='ltr'><strong>vel</strong></span> <span class='ocrx_word' id='word_1_56' title='bbox 1067 690 1100 747; x_wconf 92' lang='lat' dir='ltr'><strong>de</strong></span> <span class='ocrx_word' id='word_1_57' title='bbox 1114 691 1174 747; x_wconf 84' lang='lat' dir='ltr'><strong>suis</strong></span> <span class='ocrx_word' id='word_1_58' title='bbox 1192 688 1286 760; x_wconf 84' lang='lat' dir='ltr'><strong>stratis</strong></span> <span class='ocrx_word' id='word_1_59' title='bbox 1304 702 1471 760; x_wconf 78' lang='lat' dir='ltr'><strong>consurgere</strong></span> <span class='ocrx_word' id='word_1_60' title='bbox 1488 694 1553 743; x_wconf 91' lang='lat' dir='ltr'><strong>ante</strong></span> <span class='ocrx_word' id='word_1_61' title='bbox 1572 686 1671 742; x_wconf 92' lang='lat' dir='ltr'><strong>horam</strong></span> <span class='ocrx_word' id='word_1_62' title='bbox 1696 687 1812 743; x_wconf 80' lang='lat' dir='ltr'><strong>tertiam</strong></span> 
     </span>
     <span class='ocr_line' id='line_1_6' title="bbox 157 778 1811 859; baseline -0.004 -18"><span class='ocrx_word' id='word_1_63' title='bbox 157 783 253 841; x_wconf 85' lang='lat' dir='ltr'><strong>tantiae</strong></span> <span class='ocrx_word' id='word_1_64' title='bbox 264 784 403 858; x_wconf 89' lang='lat' dir='ltr'><strong>suscipere</strong></span> <span class='ocrx_word' id='word_1_65' title='bbox 412 786 584 842; x_wconf 89' lang='lat' dir='ltr'><strong>incrementa</strong></span> <span class='ocrx_word' id='word_1_66' title='bbox 595 784 738 859; x_wconf 83' lang='lat' dir='ltr'><strong>dignatus,</strong></span> <span class='ocrx_word' id='word_1_67' title='bbox 747 791 874 840; x_wconf 89' lang='lat' dir='ltr'><strong>nostram</strong></span> <span class='ocrx_word' id='word_1_68' title='bbox 885 799 955 856; x_wconf 86' lang='lat' dir='ltr'><strong>quo·</strong></span> <span class='ocrx_word' id='word_1_69' title='bbox 1010 782 1084 839; x_wconf 91' lang='lat' dir='ltr'><strong>nulla</strong></span> <span class='ocrx_word' id='word_1_70' title='bbox 1102 782 1257 841; x_wconf 84' lang='lat' dir='ltr'><strong>conventus</strong></span> <span class='ocrx_word' id='word_1_71' title='bbox 1275 781 1360 837; x_wconf 81' lang='lat' dir='ltr'><strong>ullius</strong></span> <span class='ocrx_word' id='word_1_72' title='bbox 1376 780 1526 836; x_wconf 86' lang='lat' dir='ltr'><strong>necessitas</strong></span> <span class='ocrx_word' id='word_1_73' title='bbox 1542 778 1681 849; x_wconf 82' lang='lat' dir='ltr'><strong>invitaret,</strong></span> <span class='ocrx_word' id='word_1_74' title='bbox 1696 785 1724 833; x_wconf 92' lang='lat' dir='ltr'><strong>et</strong></span> <span class='ocrx_word' id='word_1_75' title='bbox 1743 794 1811 835; x_wconf 90' lang='lat' dir='ltr'><strong>cum</strong></span> 
     </span>
     <span class='ocr_line' id='line_1_7' title="bbox 158 869 1810 950; baseline -0.004 -16"><span class='ocrx_word' id='word_1_76' title='bbox 158 877 313 950; x_wconf 82' lang='lat' dir='ltr'><strong>queadhuc</strong></span> <span class='ocrx_word' id='word_1_77' title='bbox 326 877 355 934; x_wconf 92' lang='lat' dir='ltr'><strong>in</strong></span> <span class='ocrx_word' id='word_1_78' title='bbox 370 877 503 949; x_wconf 89' lang='lat' dir='ltr'><strong>religione</strong></span> <span class='ocrx_word' id='word_1_79' title='bbox 517 886 641 933; x_wconf 89' lang='lat' dir='ltr'><strong>teneram</strong></span> <span class='ocrx_word' id='word_1_80' title='bbox 655 886 682 933; x_wconf 92' lang='lat' dir='ltr'><strong>et</strong></span> <span class='ocrx_word' id='word_1_81' title='bbox 699 878 846 935; x_wconf 86' lang='lat' dir='ltr'><strong>lactentem</strong></span> <span class='ocrx_word' id='word_1_82' title='bbox 860 875 955 933; x_wconf 83' lang='grc'><strong>11111111-</strong></span> <span class='ocrx_word' id='word_1_83' title='bbox 1010 875 1179 948; x_wconf 78' lang='lat' dir='ltr'><strong>operationis</strong></span> <span class='ocrx_word' id='word_1_84' title='bbox 1210 874 1336 948; x_wconf 73' lang='lat' dir='ltr'><strong>iactura,</strong></span> <span class='ocrx_word' id='word_1_85' title='bbox 1370 880 1497 945; x_wconf 81' lang='lat' dir='ltr'><strong>temporo</strong></span> <span class='ocrx_word' id='word_1_86' title='bbox 1526 886 1636 944; x_wconf 90' lang='lat' dir='ltr'><strong>quoquc</strong></span> <span class='ocrx_word' id='word_1_87' title='bbox 1665 869 1720 927; x_wconf 92' lang='lat' dir='ltr'><strong>diei</strong></span> <span class='ocrx_word' id='word_1_88' title='bbox 1757 886 1810 943; x_wconf 90' lang='lat' dir='ltr'><strong>pro</strong></span> 
     </span>
     <span class='ocr_line' id='line_1_8' title="bbox 157 952 1811 1042; baseline -0.004 -16"><span class='ocrx_word' id='word_1_89' title='bbox 157 971 226 1026; x_wconf 88' lang='lat' dir='ltr'><strong>tiam</strong></span> <span class='ocrx_word' id='word_1_90' title='bbox 245 985 295 1026; x_wconf 88' lang='lat' dir='ltr'><strong>sua</strong></span> <span class='ocrx_word' id='word_1_91' title='bbox 314 971 401 1042; x_wconf 82' lang='lat' dir='ltr'><strong>gratia</strong></span> <span class='ocrx_word' id='word_1_92' title='bbox 419 969 606 1027; x_wconf 82' lang='lat' dir='ltr'><strong>continuavit.</strong></span> <span class='ocrx_word' id='word_1_93' title='bbox 628 971 723 1041; x_wconf 86' lang='lat' dir='ltr'><strong>Usque</strong></span> <span class='ocrx_word' id='word_1_94' title='bbox 740 968 777 1026; x_wconf 95' lang='lat' dir='ltr'><strong>ad</strong></span> <span class='ocrx_word' id='word_1_95' title='bbox 791 967 859 1025; x_wconf 91' lang='lat' dir='ltr'><strong>illud</strong></span> <span class='ocrx_word' id='word_1_96' title='bbox 879 969 954 1026; x_wconf 90' lang='lat' dir='ltr'><strong>enim</strong></span> <span class='ocrx_word' id='word_1_97' title='bbox 1009 969 1150 1025; x_wconf 89' lang='lat' dir='ltr'><strong>nonnullis</strong></span> <span class='ocrx_word' id='word_1_98' title='bbox 1162 967 1306 1041; x_wconf 80' lang='lat' dir='ltr'><strong>oportebat</strong></span> <span class='ocrx_word' id='word_1_99' title='bbox 1319 964 1418 1022; x_wconf 84' lang='lat' dir='ltr'><strong>ciliciis</strong></span> <span class='ocrx_word' id='word_1_100' title='bbox 1428 952 1573 1033; x_wconf 75' lang='lat' dir='ltr'><strong>inhaerere,</strong></span> <span class='ocrx_word' id='word_1_101' title='bbox 1584 963 1693 1036; x_wconf 89' lang='lat' dir='ltr'><strong>soporis</strong></span> <span class='ocrx_word' id='word_1_102' title='bbox 1706 964 1811 1021; x_wconf 87' lang='lat' dir='ltr'><strong>nimie·</strong></span> 
     </span>
     <span class='ocr_line' id='line_1_9' title="bbox 156 1056 1812 1136; baseline -0.001 -19"><span class='ocrx_word' id='word_1_103' title='bbox 156 1070 267 1135; x_wconf 89' lang='lat' dir='ltr'><strong>tempus</strong></span> <span class='ocrx_word' id='word_1_104' title='bbox 274 1078 306 1118; x_wconf 91' lang='lat' dir='ltr'><strong>ac</strong></span> <span class='ocrx_word' id='word_1_105' title='bbox 313 1063 489 1120; x_wconf 89' lang='lat' dir='ltr'><strong>solemnitate</strong></span> <span class='ocrx_word' id='word_1_106' title='bbox 495 1063 633 1120; x_wconf 88' lang='lat' dir='ltr'><strong>matutina</strong></span> <span class='ocrx_word' id='word_1_107' title='bbox 643 1062 956 1136; x_wconf 82' lang='lat' dir='ltr'><strong>(qtraeexpletisnoctur·</strong></span> <span class='ocrx_word' id='word_1_108' title='bbox 1010 1068 1066 1119; x_wconf 83' lang='lat' dir='ltr'><strong>tate</strong></span> <span class='ocrx_word' id='word_1_109' title='bbox 1079 1069 1232 1133; x_wconf 86' lang='lat' dir='ltr'><strong>torperent,</strong></span> <span class='ocrx_word' id='word_1_110' title='bbox 1244 1061 1330 1118; x_wconf 82' lang='lat' dir='ltr'><strong>inhia</strong></span> <span class='ocrx_word' id='word_1_111' title='bbox 1344 1058 1498 1131; x_wconf 64' lang='lat' dir='ltr'><strong>presertim</strong></span> <span class='ocrx_word' id='word_1_112' title='bbox 1508 1056 1608 1115; x_wconf 90' lang='lat' dir='ltr'><strong>diebus</strong></span> <span class='ocrx_word' id='word_1_113' title='bbox 1617 1057 1745 1129; x_wconf 82' lang='lat' dir='ltr'><strong>quihusa</strong></span> <span class='ocrx_word' id='word_1_114' title='bbox 1761 1074 1812 1115; x_wconf 91' lang='lat' dir='ltr'><strong>ve-</strong></span> 
     </span>
     <span class='ocr_line' id='line_1_10' title="bbox 158 1150 1810 1229; baseline -0.003 -17"><span class='ocrx_word' id='word_1_115' title='bbox 158 1157 202 1213; x_wconf 91' lang='lat' dir='ltr'><strong>nis</strong></span> <span class='ocrx_word' id='word_1_116' title='bbox 210 1157 323 1228; x_wconf 86' lang='lat' dir='ltr'><strong>psalmis</strong></span> <span class='ocrx_word' id='word_1_117' title='bbox 331 1164 358 1213; x_wconf 90' lang='lat' dir='ltr'><strong>et</strong></span> <span class='ocrx_word' id='word_1_118' title='bbox 365 1157 537 1213; x_wconf 89' lang='lat' dir='ltr'><strong>orationibus</strong></span> <span class='ocrx_word' id='word_1_119' title='bbox 545 1164 607 1229; x_wconf 91' lang='lat' dir='ltr'><strong>post</strong></span> <span class='ocrx_word' id='word_1_120' title='bbox 616 1154 762 1212; x_wconf 90' lang='lat' dir='ltr'><strong>modicum</strong></span> <span class='ocrx_word' id='word_1_121' title='bbox 769 1156 907 1228; x_wconf 89' lang='lat' dir='ltr'><strong>temporis</strong></span> <span class='ocrx_word' id='word_1_122' title='bbox 914 1155 956 1211; x_wconf 89' lang='lat' dir='ltr'><strong>in·</strong></span> <span class='ocrx_word' id='word_1_123' title='bbox 1009 1155 1140 1227; x_wconf 90' lang='lat' dir='ltr'><strong>spertinis</strong></span> <span class='ocrx_word' id='word_1_124' title='bbox 1158 1153 1235 1212; x_wconf 92' lang='lat' dir='ltr'><strong>horis</strong></span> <span class='ocrx_word' id='word_1_125' title='bbox 1249 1153 1379 1211; x_wconf 78' lang='lat' dir='ltr'><strong>excubias</strong></span> <span class='ocrx_word' id='word_1_126' title='bbox 1397 1167 1484 1224; x_wconf 88' lang='lat' dir='ltr'><strong>usque</strong></span> <span class='ocrx_word' id='word_1_127' title='bbox 1498 1150 1533 1208; x_wconf 91' lang='lat' dir='ltr'><strong>ad</strong></span> <span class='ocrx_word' id='word_1_128' title='bbox 1547 1164 1656 1207; x_wconf 84' lang='lat' dir='ltr'><strong>aurorae</strong></span> <span class='ocrx_word' id='word_1_129' title='bbox 1677 1151 1810 1207; x_wconf 91' lang='lat' dir='ltr'><strong>viciniam</strong></span> 
     </span>
     <span class='ocr_line' id='line_1_11' title="bbox 155 1242 1812 1318; baseline -0.003 -12"><span class='ocrx_word' id='word_1_130' title='bbox 155 1251 301 1306; x_wconf 83' lang='lat' dir='ltr'><strong>terraltum</strong></span> <span class='ocrx_word' id='word_1_131' title='bbox 311 1250 420 1306; x_wconf 85' lang='lat' dir='ltr'><strong>soletin</strong></span> <span class='ocrx_word' id='word_1_132' title='bbox 430 1250 529 1308; x_wconf 75' lang='lat' dir='ltr'><strong>Galliae</strong></span> <span class='ocrx_word' id='word_1_133' title='bbox 545 1250 723 1307; x_wconf 87' lang='lat' dir='ltr'><strong>monasteriis</strong></span> <span class='ocrx_word' id='word_1_134' title='bbox 737 1249 879 1318; x_wconf 85' lang='lat' dir='ltr'><strong>celebrari)</strong></span> <span class='ocrx_word' id='word_1_135' title='bbox 889 1265 954 1306; x_wconf 90' lang='lat' dir='ltr'><strong>cum</strong></span> <span class='ocrx_word' id='word_1_136' title='bbox 1010 1247 1214 1305; x_wconf 73' lang='lat' dir='ltr'><strong>celebrantibus</strong></span> <span class='ocrx_word' id='word_1_137' title='bbox 1232 1245 1398 1303; x_wconf 89' lang='lat' dir='ltr'><strong>nascebatur</strong></span> <span class='ocrx_word' id='word_1_138' title='bbox 1413 1244 1558 1301; x_wconf 87' lang='lat' dir='ltr'><strong>onerosior</strong></span> <span class='ocrx_word' id='word_1_139' title='bbox 1577 1242 1723 1313; x_wconf 69' lang='lat' dir='ltr'><strong>lassitudo,</strong></span> <span class='ocrx_word' id='word_1_140' title='bbox 1738 1259 1812 1316; x_wconf 85' lang='lat' dir='ltr'><strong>quo-</strong></span> 
     </span>
    </p>
   </div>
   <div class='ocr_carea' id='block_1_3' title="bbox 132 1339 1812 1508">
    <p class='ocr_par' dir='ltr' id='par_1_3' title="bbox 132 1339 1812 1508">
     <span class='ocr_line' id='line_1_12' title="bbox 132 1339 1812 1416; baseline 0 -18"><span class='ocrx_word' id='word_1_141' title='bbox 132 1353 138 1366; x_wconf 87' lang='lat'><strong>·</strong></span> <span class='ocrx_word' id='word_1_142' title='bbox 155 1341 956 1416; x_wconf 83' lang='lat' dir='ltr'><strong>quotidianisvigiliispariterconsummata‚reliquashoras</strong></span> <span class='ocrx_word' id='word_1_143' title='bbox 1010 1344 1141 1401; x_wconf 87' lang='lat' dir='ltr'><strong>rumdam</strong></span> <span class='ocrx_word' id='word_1_144' title='bbox 1152 1341 1511 1402; x_wconf 83' lang='lat' dir='ltr'><strong>illicimtrumtertentium</strong></span> <span class='ocrx_word' id='word_1_145' title='bbox 1521 1341 1632 1413; x_wconf 89' lang='lat' dir='ltr'><strong>spiritu,</strong></span> <span class='ocrx_word' id='word_1_146' title='bbox 1647 1340 1748 1414; x_wconf 87' lang='lat' dir='ltr'><strong>quibus</strong></span> <span class='ocrx_word' id='word_1_147' title='bbox 1758 1339 1812 1398; x_wconf 91' lang='lat' dir='ltr'><strong>hoc</strong></span> 
     </span>
     <span class='ocr_line' id='line_1_13' title="bbox 155 1428 1809 1508; baseline -0.004 -15"><span class='ocrx_word' id='word_1_148' title='bbox 155 1434 301 1493; x_wconf 80' lang='lat' dir='ltr'><strong>refectioni</strong></span> <span class='ocrx_word' id='word_1_149' title='bbox 319 1450 468 1508; x_wconf 89' lang='lat' dir='ltr'><strong>corporum</strong></span> <span class='ocrx_word' id='word_1_150' title='bbox 488 1435 663 1508; x_wconf 88' lang='lat' dir='ltr'><strong>deputatasa</strong></span> <span class='ocrx_word' id='word_1_151' title='bbox 682 1434 836 1508; x_wconf 90' lang='lat' dir='ltr'><strong>majoribus</strong></span> <span class='ocrx_word' id='word_1_152' title='bbox 853 1436 957 1492; x_wconf 85' lang='lat' dir='ltr'><strong>nostris</strong></span> <span class='ocrx_word' id='word_1_153' title='bbox 1011 1433 1184 1506; x_wconf 72' lang='lat' dir='ltr'><strong>negligentia</strong></span> <span class='ocrx_word' id='word_1_154' title='bbox 1199 1447 1284 1506; x_wconf 88' lang='lat' dir='ltr'><strong>genus</strong></span> <span class='ocrx_word' id='word_1_155' title='bbox 1294 1430 1370 1489; x_wconf 90' lang='lat' dir='ltr'><strong>haud</strong></span> <span class='ocrx_word' id='word_1_156' title='bbox 1384 1431 1480 1487; x_wconf 83' lang='lat' dir='ltr'><strong>leviter</strong></span> <span class='ocrx_word' id='word_1_157' title='bbox 1493 1429 1660 1502; x_wconf 81' lang='lat' dir='ltr'><strong>displiceret,</strong></span> <span class='ocrx_word' id='word_1_158' title='bbox 1670 1428 1705 1487; x_wconf 90' lang='lat' dir='ltr'><strong>ad</strong></span> <span class='ocrx_word' id='word_1_159' title='bbox 1721 1431 1809 1487; x_wconf 84' lang='lat' dir='ltr'><strong>senio</strong></span> 
     </span>
    </p>
   </div>
   <div class='ocr_carea' id='block_1_4' title="bbox 707 1594 1263 1655">
    <p class='ocr_par' dir='ltr' id='par_1_4' title="bbox 707 1594 1263 1655">
     <span class='ocr_line' id='line_1_14' title="bbox 707 1594 1263 1655; baseline -0.005 -1"><span class='ocrx_word' id='word_1_160' title='bbox 707 1597 834 1655; x_wconf 76' lang='lat' dir='ltr'><strong>ALARDI</strong></span> <span class='ocrx_word' id='word_1_161' title='bbox 854 1598 967 1654; x_wconf 74' lang='lat' dir='ltr'><strong>aazlfil</strong></span> <span class='ocrx_word' id='word_1_162' title='bbox 985 1594 1263 1653; x_wconf 76' lang='lat' dir='ltr'><strong>COMMENTARIUS.</strong></span> 
     </span>
    </p>
   </div>
   <div class='ocr_carea' id='block_1_5' title="bbox 101 1736 1812 5912">
    <p class='ocr_par' dir='ltr' id='par_1_5' title="bbox 101 1736 1811 3225">
     <span class='ocr_line' id='line_1_15' title="bbox 158 1736 1810 1820; baseline 0 -28"><span class='ocrx_word' id='word_1_163' title='bbox 158 1737 331 1807; x_wconf 89' lang='lat' dir='ltr'><strong>provinciam</strong></span> <span class='ocrx_word' id='word_1_164' title='bbox 346 1736 409 1793; x_wconf 90' lang='lat' dir='ltr'><strong>inde</strong></span> <span class='ocrx_word' id='word_1_165' title='bbox 418 1739 637 1820; x_wconf 81' lang='lat' dir='ltr'><strong>commigrasset,</strong></span> <span class='ocrx_word' id='word_1_166' title='bbox 649 1737 731 1794; x_wconf 89' lang='lat' dir='ltr'><strong>luisse</strong></span> <span class='ocrx_word' id='word_1_167' title='bbox 740 1739 870 1809; x_wconf 91' lang='lat' dir='ltr'><strong>primitus</strong></span> <span class='ocrx_word' id='word_1_168' title='bbox 880 1739 955 1796; x_wconf 89' lang='lat' dir='ltr'><strong>insti·</strong></span> <span class='ocrx_word' id='word_1_169' title='bbox 967 1745 992 1806; x_wconf 86' lang='grc' dir='ltr'><strong>Β</strong></span> <span class='ocrx_word' id='word_1_170' title='bbox 1006 1739 1074 1795; x_wconf 86' lang='lat' dir='ltr'><strong>tiaae</strong></span> <span class='ocrx_word' id='word_1_171' title='bbox 1081 1738 1195 1794; x_wconf 91' lang='lat' dir='ltr'><strong>nomine</strong></span> <span class='ocrx_word' id='word_1_172' title='bbox 1207 1737 1422 1810; x_wconf 85' lang='lat' dir='ltr'><strong>comprehendit</strong></span> <span class='ocrx_word' id='word_1_173' title='bbox 1435 1756 1441 1793; x_wconf 93' lang='lat'>:</span> <span class='ocrx_word' id='word_1_174' title='bbox 1456 1753 1542 1793; x_wconf 84' lang='lat' dir='ltr'><strong>unam</strong></span> <span class='ocrx_word' id='word_1_175' title='bbox 1556 1738 1694 1793; x_wconf 89' lang='lat' dir='ltr'><strong>antesolls</strong></span> <span class='ocrx_word' id='word_1_176' title='bbox 1703 1745 1810 1806; x_wconf 91' lang='lat' dir='ltr'><strong>ortum,</strong></span> 
     </span>
     <span class='ocr_line' id='line_1_16' title="bbox 156 1807 1809 1882; baseline 0.001 -20"><span class='ocrx_word' id='word_1_177' title='bbox 156 1814 256 1862; x_wconf 89' lang='lat' dir='ltr'><strong>tutam.</strong></span> <span class='ocrx_word' id='word_1_178' title='bbox 279 1807 358 1864; x_wconf 90' lang='lat' dir='ltr'><strong>Unde</strong></span> <span class='ocrx_word' id='word_1_179' title='bbox 372 1817 399 1863; x_wconf 93' lang='lat' dir='ltr'><strong>et</strong></span> <span class='ocrx_word' id='word_1_180' title='bbox 413 1825 472 1879; x_wconf 92' lang='lat' dir='ltr'><strong>cap.</strong></span> <span class='ocrx_word' id='word_1_181' title='bbox 485 1815 502 1864; x_wconf 83' lang='grc'>6</span> <span class='ocrx_word' id='word_1_182' title='bbox 515 1807 638 1880; x_wconf 76' lang='lat' dir='ltr'><strong>ejusdem</strong></span> <span class='ocrx_word' id='word_1_183' title='bbox 655 1810 718 1865; x_wconf 91' lang='lat' dir='ltr'><strong>libri</strong></span> <span class='ocrx_word' id='word_1_184' title='bbox 732 1817 810 1865; x_wconf 88' lang='lat' dir='ltr'><strong>vocat</strong></span> <span class='ocrx_word' id='word_1_185' title='bbox 828 1825 889 1865; x_wconf 91' lang='lat' dir='ltr'><strong>eam</strong></span> <span class='ocrx_word' id='word_1_186' title='bbox 904 1825 953 1865; x_wconf 91' lang='lat' dir='ltr'><strong>uo·</strong></span> <span class='ocrx_word' id='word_1_187' title='bbox 1011 1809 1046 1866; x_wconf 93' lang='lat' dir='ltr'><strong>ad</strong></span> <span class='ocrx_word' id='word_1_188' title='bbox 1056 1810 1120 1882; x_wconf 87' lang='lat' dir='ltr'><strong>galli</strong></span> <span class='ocrx_word' id='word_1_189' title='bbox 1135 1818 1265 1877; x_wconf 87' lang='lat' dir='ltr'><strong>cantum;</strong></span> <span class='ocrx_word' id='word_1_190' title='bbox 1277 1809 1393 1865; x_wconf 90' lang='lat' dir='ltr'><strong>alteram</strong></span> <span class='ocrx_word' id='word_1_191' title='bbox 1405 1816 1467 1864; x_wconf 91' lang='lat' dir='ltr'><strong>orto</strong></span> <span class='ocrx_word' id='word_1_192' title='bbox 1482 1808 1535 1864; x_wconf 90' lang='lat' dir='ltr'><strong>&#39;am</strong></span> <span class='ocrx_word' id='word_1_193' title='bbox 1548 1810 1749 1877; x_wconf 65' lang='lat' dir='ltr'><strong>columnatus</strong></span> <span class='ocrx_word' id='word_1_194' title='bbox 1763 1811 1809 1864; x_wconf 88' lang='lat' dir='ltr'><strong>ln·</strong></span> 
     </span>
     <span class='ocr_line' id='line_1_17' title="bbox 157 1877 1810 1961; baseline 0.001 -29"><span class='ocrx_word' id='word_1_195' title='bbox 157 1877 257 1933; x_wconf 84' lang='lat' dir='ltr'><strong>sellam</strong></span> <span class='ocrx_word' id='word_1_196' title='bbox 283 1879 485 1934; x_wconf 88' lang='lat' dir='ltr'><strong>institutionem</strong></span> <span class='ocrx_word' id='word_1_197' title='bbox 506 1887 534 1934; x_wconf 87' lang='lat' dir='ltr'><strong>et</strong></span> <span class='ocrx_word' id='word_1_198' title='bbox 549 1878 763 1934; x_wconf 89' lang='lat' dir='ltr'><strong>solemnitatem.</strong></span> <span class='ocrx_word' id='word_1_199' title='bbox 786 1883 820 1934; x_wconf 79' lang='lat' dir='ltr'><strong>lit</strong></span> <span class='ocrx_word' id='word_1_200' title='bbox 841 1880 954 1961; x_wconf 88' lang='lat' dir='ltr'><strong>passim,</strong></span> <span class='ocrx_word' id='word_1_201' title='bbox 1010 1882 1069 1935; x_wconf 85' lang='lat' dir='ltr'><strong>stit.</strong></span> <span class='ocrx_word' id='word_1_202' title='bbox 1084 1880 1180 1936; x_wconf 85' lang='lat' dir='ltr'><strong>moral.</strong></span> <span class='ocrx_word' id='word_1_203' title='bbox 1190 1881 1237 1935; x_wconf 85' lang='lat' dir='ltr'><strong>lib.</strong></span> <span class='ocrx_word' id='word_1_204' title='bbox 1248 1895 1269 1936; x_wconf 87' lang='lat' dir='ltr'><strong>x</strong></span> <span class='ocrx_word' id='word_1_205' title='bbox 1280 1896 1303 1935; x_wconf 89' lang='lat' dir='ltr'><strong>c.</strong></span> <span class='ocrx_word' id='word_1_206' title='bbox 1314 1886 1341 1948; x_wconf 81' lang='lat'><strong>2,</strong></span> <span class='ocrx_word' id='word_1_207' title='bbox 1356 1896 1384 1950; x_wconf 85' lang='lat' dir='ltr'><strong>p.</strong></span> <span class='ocrx_word' id='word_1_208' title='bbox 1396 1884 1433 1944; x_wconf 83' lang='lat' dir='ltr'><strong>a).</strong></span> <span class='ocrx_word' id='word_1_209' title='bbox 1447 1884 1472 1933; x_wconf 78' lang='grc' dir='ltr'><strong>Δ</strong></span> <span class='ocrx_word' id='word_1_210' title='bbox 1482 1888 1571 1935; x_wconf 91' lang='lat' dir='ltr'><strong>teram</strong></span> <span class='ocrx_word' id='word_1_211' title='bbox 1585 1879 1659 1934; x_wconf 89' lang='lat' dir='ltr'><strong>enim</strong></span> <span class='ocrx_word' id='word_1_212' title='bbox 1671 1879 1738 1936; x_wconf 92' lang='lat' dir='ltr'><strong>dicit</strong></span> <span class='ocrx_word' id='word_1_213' title='bbox 1751 1881 1810 1934; x_wconf 86' lang='lat' dir='ltr'><strong>Ma·</strong></span> 
     </span>
     <span class='ocr_line' id='line_1_18' title="bbox 158 1946 1811 2022; baseline 0.003 -20"><span class='ocrx_word' id='word_1_214' title='bbox 158 1946 204 2003; x_wconf 91' lang='lat' dir='ltr'><strong>ubi</strong></span> <span class='ocrx_word' id='word_1_215' title='bbox 217 1949 251 2004; x_wconf 87' lang='lat' dir='ltr'><strong>de</strong></span> <span class='ocrx_word' id='word_1_216' title='bbox 262 1948 368 2004; x_wconf 88' lang='lat' dir='ltr'><strong>diurnis</strong></span> <span class='ocrx_word' id='word_1_217' title='bbox 379 1948 577 2005; x_wconf 90' lang='lat' dir='ltr'><strong>monachorum</strong></span> <span class='ocrx_word' id='word_1_218' title='bbox 587 1947 688 2005; x_wconf 79' lang='lat' dir='ltr'><strong>ciliciis</strong></span> <span class='ocrx_word' id='word_1_219' title='bbox 697 1957 725 2004; x_wconf 92' lang='lat' dir='ltr'><strong>et</strong></span> <span class='ocrx_word' id='word_1_220' title='bbox 733 1950 957 2006; x_wconf 82' lang='lat' dir='ltr'><strong>solemnitatibus</strong></span> <span class='ocrx_word' id='word_1_221' title='bbox 1011 1949 1132 2007; x_wconf 91' lang='lat' dir='ltr'><strong>tutinam</strong></span> <span class='ocrx_word' id='word_1_222' title='bbox 1148 1951 1184 2006; x_wconf 93' lang='lat' dir='ltr'><strong>ab</strong></span> <span class='ocrx_word' id='word_1_223' title='bbox 1200 1950 1316 2022; x_wconf 88' lang='lat' dir='ltr'><strong>antiqno</strong></span> <span class='ocrx_word' id='word_1_224' title='bbox 1328 1951 1496 2017; x_wconf 90' lang='lat' dir='ltr'><strong>institutam,</strong></span> <span class='ocrx_word' id='word_1_225' title='bbox 1511 1949 1811 2020; x_wconf 70' lang='lat' dir='ltr'><strong>occurrentemque</strong></span> 
     </span>
     <span class='ocr_line' id='line_1_19' title="bbox 157 2017 1809 2103; baseline 0.001 -29"><span class='ocrx_word' id='word_1_226' title='bbox 157 2017 223 2100; x_wconf 77' lang='lat' dir='ltr'><strong>agit,</strong></span> <span class='ocrx_word' id='word_1_227' title='bbox 232 2019 811 2102; x_wconf 78' lang='lat' dir='ltr'><strong>solummodoTertiam,SextamctNonam</strong></span> <span class='ocrx_word' id='word_1_228' title='bbox 820 2022 955 2088; x_wconf 89' lang='lat' dir='ltr'><strong>nominat,</strong></span> <span class='ocrx_word' id='word_1_229' title='bbox 1010 2021 1126 2092; x_wconf 83' lang='lat' dir='ltr'><strong>expletis</strong></span> <span class='ocrx_word' id='word_1_230' title='bbox 1136 2021 1281 2077; x_wconf 88' lang='lat' dir='ltr'><strong>nocturnis</strong></span> <span class='ocrx_word' id='word_1_231' title='bbox 1292 2021 1404 2093; x_wconf 91' lang='lat' dir='ltr'><strong>psalmis</strong></span> <span class='ocrx_word' id='word_1_232' title='bbox 1413 2028 1441 2076; x_wconf 92' lang='lat' dir='ltr'><strong>et</strong></span> <span class='ocrx_word' id='word_1_233' title='bbox 1450 2021 1623 2077; x_wconf 89' lang='lat' dir='ltr'><strong>orationibus</strong></span> <span class='ocrx_word' id='word_1_234' title='bbox 1633 2021 1809 2103; x_wconf 84' lang='lat' dir='ltr'><strong>paritercon·</strong></span> 
     </span>
     <span class='ocr_line' id='line_1_20' title="bbox 156 2089 1808 2162; baseline 0.001 -17"><span class='ocrx_word' id='word_1_235' title='bbox 156 2103 260 2146; x_wconf 80' lang='lat' dir='ltr'><strong>omissa</strong></span> <span class='ocrx_word' id='word_1_236' title='bbox 276 2091 390 2161; x_wconf 62' lang='lat' dir='ltr'><strong>Prima,</strong></span> <span class='ocrx_word' id='word_1_237' title='bbox 405 2097 436 2145; x_wconf 93' lang='lat' dir='ltr'><strong>ut</strong></span> <span class='ocrx_word' id='word_1_238' title='bbox 448 2089 539 2146; x_wconf 76' lang='lat' dir='ltr'><strong>ardere</strong></span> <span class='ocrx_word' id='word_1_239' title='bbox 552 2097 594 2146; x_wconf 90' lang='lat' dir='ltr'><strong>est</strong></span> <span class='ocrx_word' id='word_1_240' title='bbox 607 2090 656 2146; x_wconf 91' lang='lat' dir='ltr'><strong>hb.</strong></span> <span class='ocrx_word' id='word_1_241' title='bbox 673 2104 698 2146; x_wconf 88' lang='grc'><strong>11</strong></span> <span class='ocrx_word' id='word_1_242' title='bbox 713 2105 738 2146; x_wconf 93' lang='lat' dir='ltr'><strong>c.</strong></span> <span class='ocrx_word' id='word_1_243' title='bbox 754 2096 782 2157; x_wconf 77' lang='lat'><strong>2,</strong></span> <span class='ocrx_word' id='word_1_244' title='bbox 795 2097 823 2147; x_wconf 95' lang='lat' dir='ltr'><strong>et</strong></span> <span class='ocrx_word' id='word_1_245' title='bbox 839 2092 891 2147; x_wconf 91' lang='lat' dir='ltr'><strong>hoc</strong></span> <span class='ocrx_word' id='word_1_246' title='bbox 905 2092 954 2148; x_wconf 89' lang='lat' dir='ltr'><strong>lib.</strong></span> <span class='ocrx_word' id='word_1_247' title='bbox 1010 2091 1217 2161; x_wconf 88' lang='lat' dir='ltr'><strong>summahatur,</strong></span> <span class='ocrx_word' id='word_1_248' title='bbox 1225 2091 1279 2149; x_wconf 92' lang='lat' dir='ltr'><strong>hoc</strong></span> <span class='ocrx_word' id='word_1_249' title='bbox 1286 2099 1338 2158; x_wconf 88' lang='lat' dir='ltr'><strong>cst,</strong></span> <span class='ocrx_word' id='word_1_250' title='bbox 1347 2100 1410 2162; x_wconf 91' lang='lat' dir='ltr'><strong>post</strong></span> <span class='ocrx_word' id='word_1_251' title='bbox 1417 2090 1501 2147; x_wconf 89' lang='lat' dir='ltr'><strong>linem</strong></span> <span class='ocrx_word' id='word_1_252' title='bbox 1510 2099 1639 2147; x_wconf 75' lang='lat' dir='ltr'><strong>nomisma</strong></span> <span class='ocrx_word' id='word_1_253' title='bbox 1647 2089 1731 2147; x_wconf 85' lang='lat' dir='ltr'><strong>oflicii</strong></span> <span class='ocrx_word' id='word_1_254' title='bbox 1741 2106 1808 2147; x_wconf 93' lang='lat' dir='ltr'><strong>con·</strong></span> 
     </span>
     <span class='ocr_line' id='line_1_21' title="bbox 157 2160 1809 2236; baseline 0.002 -21"><span class='ocrx_word' id='word_1_255' title='bbox 157 2174 219 2230; x_wconf 88' lang='lat' dir='ltr'><strong>cap.</strong></span> <span class='ocrx_word' id='word_1_256' title='bbox 236 2167 247 2215; x_wconf 89' lang='lat'>1</span> <span class='ocrx_word' id='word_1_257' title='bbox 264 2167 292 2214; x_wconf 90' lang='lat' dir='ltr'><strong>et</strong></span> <span class='ocrx_word' id='word_1_258' title='bbox 305 2160 383 2216; x_wconf 91' lang='lat' dir='ltr'><strong>alibi.</strong></span> <span class='ocrx_word' id='word_1_259' title='bbox 403 2160 454 2217; x_wconf 87' lang='lat' dir='ltr'><strong>Sed</strong></span> <span class='ocrx_word' id='word_1_260' title='bbox 468 2174 519 2216; x_wconf 81' lang='lat' dir='ltr'><strong>nac</strong></span> <span class='ocrx_word' id='word_1_261' title='bbox 536 2163 571 2216; x_wconf 86' lang='lat' dir='ltr'><strong>D.</strong></span> <span class='ocrx_word' id='word_1_262' title='bbox 589 2160 718 2227; x_wconf 80' lang='lat' dir='ltr'><strong>Basilius,</strong></span> <span class='ocrx_word' id='word_1_263' title='bbox 730 2177 781 2218; x_wconf 90' lang='lat' dir='ltr'><strong>nec</strong></span> <span class='ocrx_word' id='word_1_264' title='bbox 795 2160 959 2235; x_wconf 83' lang='lat' dir='ltr'><strong>chrysosto-</strong></span> <span class='ocrx_word' id='word_1_265' title='bbox 1010 2162 1183 2220; x_wconf 91' lang='lat' dir='ltr'><strong>tinueetsub</strong></span> <span class='ocrx_word' id='word_1_266' title='bbox 1193 2178 1294 2219; x_wconf 91' lang='lat' dir='ltr'><strong>aurora</strong></span> <span class='ocrx_word' id='word_1_267' title='bbox 1302 2161 1506 2229; x_wconf 87' lang='lat' dir='ltr'><strong>celebrabatur;</strong></span> <span class='ocrx_word' id='word_1_268' title='bbox 1516 2177 1599 2232; x_wconf 85' lang='lat' dir='ltr'><strong>auam</strong></span> <span class='ocrx_word' id='word_1_269' title='bbox 1610 2162 1691 2236; x_wconf 92' lang='lat' dir='ltr'><strong>vulgo</strong></span> <span class='ocrx_word' id='word_1_270' title='bbox 1701 2162 1809 2218; x_wconf 82' lang='lat' dir='ltr'><strong>Laudes</strong></span> 
     </span>
     <span class='ocr_line' id='line_1_22' title="bbox 158 2231 1810 2305; baseline 0.002 -20"><span class='ocrx_word' id='word_1_271' title='bbox 158 2244 231 2296; x_wconf 90' lang='lat' dir='ltr'><strong>mus,</strong></span> <span class='ocrx_word' id='word_1_272' title='bbox 248 2245 298 2286; x_wconf 87' lang='lat' dir='ltr'><strong>uec</strong></span> <span class='ocrx_word' id='word_1_273' title='bbox 311 2231 508 2304; x_wconf 84' lang='lat' dir='ltr'><strong>Hieronymus,</strong></span> <span class='ocrx_word' id='word_1_274' title='bbox 520 2246 570 2286; x_wconf 89' lang='lat' dir='ltr'><strong>nec</strong></span> <span class='ocrx_word' id='word_1_275' title='bbox 581 2231 627 2287; x_wconf 92' lang='lat' dir='ltr'><strong>alii</strong></span> <span class='ocrx_word' id='word_1_276' title='bbox 640 2232 770 2289; x_wconf 85' lang='lat' dir='ltr'><strong>Cassiano</strong></span> <span class='ocrx_word' id='word_1_277' title='bbox 782 2234 953 2305; x_wconf 88' lang='lat' dir='ltr'><strong>antiquiores</strong></span> <span class='ocrx_word' id='word_1_278' title='bbox 1010 2233 1193 2305; x_wconf 86' lang='lat' dir='ltr'><strong>appellamus.</strong></span> <span class='ocrx_word' id='word_1_279' title='bbox 1209 2248 1279 2305; x_wconf 85' lang='lat' dir='ltr'><strong>quas</strong></span> <span class='ocrx_word' id='word_1_280' title='bbox 1292 2233 1360 2288; x_wconf 90' lang='lat' dir='ltr'><strong>olim</strong></span> <span class='ocrx_word' id='word_1_281' title='bbox 1380 2234 1473 2305; x_wconf 93' lang='lat' dir='ltr'><strong>primo</strong></span> <span class='ocrx_word' id='word_1_282' title='bbox 1487 2232 1608 2290; x_wconf 91' lang='lat' dir='ltr'><strong>diluculo</strong></span> <span class='ocrx_word' id='word_1_283' title='bbox 1622 2241 1649 2289; x_wconf 91' lang='lat' dir='ltr'><strong>et</strong></span> <span class='ocrx_word' id='word_1_284' title='bbox 1664 2241 1730 2289; x_wconf 89' lang='lat' dir='ltr'><strong>ante</strong></span> <span class='ocrx_word' id='word_1_285' title='bbox 1743 2232 1810 2289; x_wconf 91' lang='lat' dir='ltr'><strong>solis</strong></span> 
     </span>
     <span class='ocr_line' id='line_1_23' title="bbox 157 2299 1809 2376; baseline 0.001 -20"><span class='ocrx_word' id='word_1_286' title='bbox 157 2302 260 2356; x_wconf 80' lang='lat' dir='ltr'><strong>Primae</strong></span> <span class='ocrx_word' id='word_1_287' title='bbox 273 2299 350 2357; x_wconf 85' lang='lat' dir='ltr'><strong>horae</strong></span> <span class='ocrx_word' id='word_1_288' title='bbox 360 2302 527 2357; x_wconf 90' lang='lat' dir='ltr'><strong>mentionem</strong></span> <span class='ocrx_word' id='word_1_289' title='bbox 539 2299 726 2370; x_wconf 81' lang='lat' dir='ltr'><strong>iaciunt,cum</strong></span> <span class='ocrx_word' id='word_1_290' title='bbox 736 2309 828 2360; x_wconf 91' lang='lat' dir='ltr'><strong>tamen</strong></span> <span class='ocrx_word' id='word_1_291' title='bbox 838 2304 957 2360; x_wconf 89' lang='lat' dir='ltr'><strong>aliarum</strong></span> <span class='ocrx_word' id='word_1_292' title='bbox 1010 2313 1105 2360; x_wconf 91' lang='lat' dir='ltr'><strong>ortum</strong></span> <span class='ocrx_word' id='word_1_293' title='bbox 1127 2312 1251 2375; x_wconf 89' lang='lat' dir='ltr'><strong>peractas</strong></span> <span class='ocrx_word' id='word_1_294' title='bbox 1271 2302 1356 2360; x_wconf 84' lang='lat' dir='ltr'><strong>luisse</strong></span> <span class='ocrx_word' id='word_1_295' title='bbox 1380 2304 1557 2375; x_wconf 89' lang='lat' dir='ltr'><strong>perspicuum</strong></span> <span class='ocrx_word' id='word_1_296' title='bbox 1579 2311 1674 2359; x_wconf 88' lang='lat' dir='ltr'><strong>estex</strong></span> <span class='ocrx_word' id='word_1_297' title='bbox 1697 2302 1809 2376; x_wconf 88' lang='lat' dir='ltr'><strong>hymnis</strong></span> 
     </span>
     <span class='ocr_line' id='line_1_24' title="bbox 158 2371 1808 2445; baseline 0.001 -18"><span class='ocrx_word' id='word_1_298' title='bbox 158 2371 289 2427; x_wconf 85' lang='lat' dir='ltr'><strong>horarum</strong></span> <span class='ocrx_word' id='word_1_299' title='bbox 303 2388 377 2443; x_wconf 84' lang='lat' dir='ltr'><strong>saepe</strong></span> <span class='ocrx_word' id='word_1_300' title='bbox 396 2372 582 2439; x_wconf 89' lang='lat' dir='ltr'><strong>meminerint,</strong></span> <span class='ocrx_word' id='word_1_301' title='bbox 600 2380 631 2428; x_wconf 95' lang='lat' dir='ltr'><strong>ut</strong></span> <span class='ocrx_word' id='word_1_302' title='bbox 645 2373 772 2429; x_wconf 84' lang='lat' dir='ltr'><strong>observat</strong></span> <span class='ocrx_word' id='word_1_303' title='bbox 791 2374 872 2431; x_wconf 83' lang='lat' dir='ltr'><strong>Card.</strong></span> <span class='ocrx_word' id='word_1_304' title='bbox 896 2376 956 2430; x_wconf 89' lang='lat' dir='ltr'><strong>Bel·</strong></span> <span class='ocrx_word' id='word_1_305' title='bbox 1010 2373 1171 2431; x_wconf 86' lang='lat' dir='ltr'><strong>earumdem</strong></span> <span class='ocrx_word' id='word_1_306' title='bbox 1186 2375 1337 2431; x_wconf 89' lang='lat' dir='ltr'><strong>lerialibus.</strong></span> <span class='ocrx_word' id='word_1_307' title='bbox 1352 2378 1395 2431; x_wconf 89' lang='lat' dir='ltr'><strong>De</strong></span> <span class='ocrx_word' id='word_1_308' title='bbox 1409 2374 1462 2440; x_wconf 88' lang='lat' dir='ltr'><strong>hac</strong></span> <span class='ocrx_word' id='word_1_309' title='bbox 1475 2375 1614 2431; x_wconf 85' lang='lat' dir='ltr'><strong>Matutina</strong></span> <span class='ocrx_word' id='word_1_310' title='bbox 1629 2374 1725 2430; x_wconf 89' lang='lat' dir='ltr'><strong>scribit</strong></span> <span class='ocrx_word' id='word_1_311' title='bbox 1737 2387 1808 2445; x_wconf 76' lang='lat' dir='ltr'><strong>prae·</strong></span> 
     </span>
     <span class='ocr_line' id='line_1_25' title="bbox 158 2442 1811 2518; baseline 0.001 -21"><span class='ocrx_word' id='word_1_312' title='bbox 158 2442 293 2498; x_wconf 92' lang='lat' dir='ltr'><strong>larminus</strong></span> <span class='ocrx_word' id='word_1_313' title='bbox 306 2443 354 2498; x_wconf 89' lang='lat' dir='ltr'><strong>lib.</strong></span> <span class='ocrx_word' id='word_1_314' title='bbox 366 2458 377 2499; x_wconf 90' lang='grc'><strong>1</strong></span> <span class='ocrx_word' id='word_1_315' title='bbox 392 2443 426 2500; x_wconf 89' lang='lat' dir='ltr'><strong>de</strong></span> <span class='ocrx_word' id='word_1_316' title='bbox 438 2443 520 2499; x_wconf 86' lang='lat' dir='ltr'><strong>bonis</strong></span> <span class='ocrx_word' id='word_1_317' title='bbox 530 2443 667 2515; x_wconf 89' lang='lat' dir='ltr'><strong>Operibus</strong></span> <span class='ocrx_word' id='word_1_318' title='bbox 676 2460 701 2500; x_wconf 92' lang='lat' dir='ltr'><strong>c.</strong></span> <span class='ocrx_word' id='word_1_319' title='bbox 714 2447 758 2499; x_wconf 92' lang='lat' dir='ltr'><strong>ll.</strong></span> <span class='ocrx_word' id='word_1_320' title='bbox 774 2444 847 2500; x_wconf 92' lang='lat' dir='ltr'><strong>Hinc</strong></span> <span class='ocrx_word' id='word_1_321' title='bbox 856 2445 956 2501; x_wconf 85' lang='lat' dir='ltr'><strong>Radul·</strong></span> <span class='ocrx_word' id='word_1_322' title='bbox 1009 2445 1189 2518; x_wconf 89' lang='lat' dir='ltr'><strong>cedenticap.</strong></span> <span class='ocrx_word' id='word_1_323' title='bbox 1199 2444 1251 2501; x_wconf 88' lang='lat' dir='ltr'><strong>sub</strong></span> <span class='ocrx_word' id='word_1_324' title='bbox 1260 2445 1355 2513; x_wconf 88' lang='lat' dir='ltr'><strong>linem,</strong></span> <span class='ocrx_word' id='word_1_325' title='bbox 1365 2444 1412 2501; x_wconf 93' lang='lat' dir='ltr'><strong>uhi</strong></span> <span class='ocrx_word' id='word_1_326' title='bbox 1422 2445 1490 2501; x_wconf 91' lang='lat' dir='ltr'><strong>dicit</strong></span> <span class='ocrx_word' id='word_1_327' title='bbox 1497 2445 1526 2500; x_wconf 92' lang='lat' dir='ltr'><strong>in</strong></span> <span class='ocrx_word' id='word_1_328' title='bbox 1538 2461 1568 2501; x_wconf 90' lang='lat' dir='ltr'><strong>ea</strong></span> <span class='ocrx_word' id='word_1_329' title='bbox 1577 2445 1699 2516; x_wconf 89' lang='lat' dir='ltr'><strong>quotidie</strong></span> <span class='ocrx_word' id='word_1_330' title='bbox 1708 2444 1811 2499; x_wconf 88' lang='lat' dir='ltr'><strong>decan-</strong></span> 
     </span>
     <span class='ocr_line' id='line_1_26' title="bbox 157 2512 1808 2588; baseline 0.001 -20"><span class='ocrx_word' id='word_1_331' title='bbox 157 2512 227 2584; x_wconf 89' lang='lat' dir='ltr'><strong>phus</strong></span> <span class='ocrx_word' id='word_1_332' title='bbox 240 2515 409 2586; x_wconf 86' lang='lat' dir='ltr'><strong>Tungrensis</strong></span> <span class='ocrx_word' id='word_1_333' title='bbox 419 2515 541 2570; x_wconf 90' lang='lat' dir='ltr'><strong>Primam</strong></span> <span class='ocrx_word' id='word_1_334' title='bbox 551 2522 580 2570; x_wconf 86' lang='lat' dir='ltr'><strong>et</strong></span> <span class='ocrx_word' id='word_1_335' title='bbox 589 2515 805 2585; x_wconf 90' lang='lat' dir='ltr'><strong>Completorium</strong></span> <span class='ocrx_word' id='word_1_336' title='bbox 818 2525 879 2588; x_wconf 92' lang='lat' dir='ltr'><strong>post</strong></span> <span class='ocrx_word' id='word_1_337' title='bbox 892 2516 957 2572; x_wconf 91' lang='lat' dir='ltr'><strong>alia·</strong></span> <span class='ocrx_word' id='word_1_338' title='bbox 1008 2516 1061 2573; x_wconf 91' lang='lat' dir='ltr'><strong>tari</strong></span> <span class='ocrx_word' id='word_1_339' title='bbox 1077 2516 1165 2573; x_wconf 85' lang='lat' dir='ltr'><strong>solere</strong></span> <span class='ocrx_word' id='word_1_340' title='bbox 1180 2515 1338 2586; x_wconf 88' lang='lat' dir='ltr'><strong>psalmum:</strong></span> <span class='ocrx_word' id='word_1_341' title='bbox 1355 2518 1433 2578; x_wconf 74' lang='lat' dir='ltr'><strong>unu,</strong></span> <span class='ocrx_word' id='word_1_342' title='bbox 1445 2520 1516 2571; x_wconf 85' lang='lat' dir='ltr'><strong>Deus</strong></span> <span class='ocrx_word' id='word_1_343' title='bbox 1525 2531 1608 2579; x_wconf 80' lang='lat' dir='ltr'><strong>mnu,</strong></span> <span class='ocrx_word' id='word_1_344' title='bbox 1623 2515 1660 2569; x_wconf 86' lang='lat' dir='ltr'><strong>ad</strong></span> <span class='ocrx_word' id='word_1_345' title='bbox 1670 2516 1738 2569; x_wconf 85' lang='lat' dir='ltr'><strong>tede</strong></span> <span class='ocrx_word' id='word_1_346' title='bbox 1751 2514 1808 2569; x_wconf 87' lang='lat' dir='ltr'><strong>luce</strong></span> 
     </span>
     <span class='ocr_line' id='line_1_27' title="bbox 156 2584 1802 2658; baseline 0 -19"><span class='ocrx_word' id='word_1_347' title='bbox 156 2584 896 2658; x_wconf 87' lang='lat' dir='ltr'><strong>rumhoraruminstitutionemadditasserihitpmpos.</strong></span> <span class='ocrx_word' id='word_1_348' title='bbox 907 2591 954 2641; x_wconf 84' lang='lat' dir='ltr'><strong>rt:</strong></span> <span class='ocrx_word' id='word_1_349' title='bbox 1007 2587 1101 2657; x_wconf 71' lang='lat' dir='ltr'><strong>cipio,</strong></span> <span class='ocrx_word' id='word_1_350' title='bbox 1112 2594 1150 2653; x_wconf 92' lang='lat' dir='ltr'><strong>et,</strong></span> <span class='ocrx_word' id='word_1_351' title='bbox 1162 2589 1193 2642; x_wconf 91' lang='lat' dir='ltr'><strong>ln</strong></span> <span class='ocrx_word' id='word_1_352' title='bbox 1201 2588 1342 2640; x_wconf 84' lang='lat' dir='ltr'><strong>matutinis</strong></span> <span class='ocrx_word' id='word_1_353' title='bbox 1351 2586 1501 2640; x_wconf 84' lang='lat' dir='ltr'><strong>meditabor</strong></span> <span class='ocrx_word' id='word_1_354' title='bbox 1512 2589 1540 2640; x_wconf 86' lang='lat' dir='ltr'><strong>ta</strong></span> <span class='ocrx_word' id='word_1_355' title='bbox 1551 2591 1584 2640; x_wconf 91' lang='lat' dir='ltr'><strong>te.</strong></span> <span class='ocrx_word' id='word_1_356' title='bbox 1603 2586 1726 2640; x_wconf 76' lang='lat' dir='ltr'><strong>Alteram</strong></span> <span class='ocrx_word' id='word_1_357' title='bbox 1737 2598 1802 2639; x_wconf 85' lang='lat' dir='ltr'><strong>vero</strong></span> 
     </span>
     <span class='ocr_line' id='line_1_28' title="bbox 156 2655 1809 2729; baseline -0.002 -16"><span class='ocrx_word' id='word_1_358' title='bbox 156 2656 249 2713; x_wconf 82' lang='lat' dir='ltr'><strong>Sancti</strong></span> <span class='ocrx_word' id='word_1_359' title='bbox 258 2661 362 2720; x_wconf 84' lang='lat' dir='ltr'><strong>Patres,</strong></span> <span class='ocrx_word' id='word_1_360' title='bbox 373 2657 957 2729; x_wconf 69' lang='lat' dir='ltr'><strong>inquitpcrpsalmodebsabseruabantpuin·</strong></span> <span class='ocrx_word' id='word_1_361' title='bbox 1010 2657 1187 2721; x_wconf 82' lang='lat' dir='ltr'><strong>Matutinam,</strong></span> <span class='ocrx_word' id='word_1_362' title='bbox 1197 2657 1232 2712; x_wconf 90' lang='lat' dir='ltr'><strong>dc</strong></span> <span class='ocrx_word' id='word_1_363' title='bbox 1247 2672 1299 2728; x_wconf 90' lang='lat' dir='ltr'><strong>qua</strong></span> <span class='ocrx_word' id='word_1_364' title='bbox 1315 2657 1343 2712; x_wconf 93' lang='lat' dir='ltr'><strong>in</strong></span> <span class='ocrx_word' id='word_1_365' title='bbox 1355 2656 1408 2711; x_wconf 91' lang='lat' dir='ltr'><strong>hoc</strong></span> <span class='ocrx_word' id='word_1_366' title='bbox 1421 2655 1510 2726; x_wconf 89' lang='lat' dir='ltr'><strong>capite</strong></span> <span class='ocrx_word' id='word_1_367' title='bbox 1523 2656 1590 2727; x_wconf 89' lang='lat' dir='ltr'><strong>agit,</strong></span> <span class='ocrx_word' id='word_1_368' title='bbox 1605 2670 1701 2710; x_wconf 90' lang='lat' dir='ltr'><strong>recens</strong></span> <span class='ocrx_word' id='word_1_369' title='bbox 1716 2663 1742 2709; x_wconf 92' lang='lat' dir='ltr'><strong>et</strong></span> <span class='ocrx_word' id='word_1_370' title='bbox 1756 2670 1809 2710; x_wconf 90' lang='lat' dir='ltr'><strong>suo</strong></span> 
     </span>
     <span class='ocr_line' id='line_1_29' title="bbox 157 2724 1808 2800; baseline -0.001 -17"><span class='ocrx_word' id='word_1_371' title='bbox 157 2727 301 2796; x_wconf 73' lang='lat' dir='ltr'><strong>malimus,</strong></span> <span class='ocrx_word' id='word_1_372' title='bbox 312 2729 412 2783; x_wconf 88' lang='lat' dir='ltr'><strong>scilicet</strong></span> <span class='ocrx_word' id='word_1_373' title='bbox 425 2728 543 2797; x_wconf 72' lang='lat' dir='ltr'><strong>Vicilini</strong></span> <span class='ocrx_word' id='word_1_374' title='bbox 550 2730 644 2795; x_wconf 86' lang='lat' dir='ltr'><strong>noctis,</strong></span> <span class='ocrx_word' id='word_1_375' title='bbox 659 2728 814 2799; x_wconf 83' lang='lat' dir='ltr'><strong>Vesperam,</strong></span> <span class='ocrx_word' id='word_1_376' title='bbox 826 2730 954 2791; x_wconf 65' lang='lat' dir='ltr'><strong>Tutum,</strong></span> <span class='ocrx_word' id='word_1_377' title='bbox 1008 2735 1149 2800; x_wconf 89' lang='lat' dir='ltr'><strong>tempore,</strong></span> <span class='ocrx_word' id='word_1_378' title='bbox 1169 2735 1197 2783; x_wconf 92' lang='lat' dir='ltr'><strong>et</strong></span> <span class='ocrx_word' id='word_1_379' title='bbox 1216 2727 1246 2782; x_wconf 93' lang='lat' dir='ltr'><strong>in</strong></span> <span class='ocrx_word' id='word_1_380' title='bbox 1259 2742 1310 2784; x_wconf 90' lang='lat' dir='ltr'><strong>suo</strong></span> <span class='ocrx_word' id='word_1_381' title='bbox 1332 2726 1500 2782; x_wconf 85' lang='lat' dir='ltr'><strong>monasterio</strong></span> <span class='ocrx_word' id='word_1_382' title='bbox 1514 2726 1573 2799; x_wconf 86' lang='lat' dir='ltr'><strong>jam</strong></span> <span class='ocrx_word' id='word_1_383' title='bbox 1587 2726 1662 2782; x_wconf 92' lang='lat' dir='ltr'><strong>dicto</strong></span> <span class='ocrx_word' id='word_1_384' title='bbox 1683 2724 1808 2782; x_wconf 86' lang='lat' dir='ltr'><strong>introdu-</strong></span> 
     </span>
     <span class='ocr_line' id='line_1_30' title="bbox 156 2797 1807 2872; baseline -0.002 -18"><span class='ocrx_word' id='word_1_385' title='bbox 156 2797 276 2860; x_wconf 80' lang='lat' dir='ltr'><strong>Sectam,</strong></span> <span class='ocrx_word' id='word_1_386' title='bbox 288 2801 403 2856; x_wconf 83' lang='lat' dir='ltr'><strong>Nonam.</strong></span> <span class='ocrx_word' id='word_1_387' title='bbox 415 2799 515 2854; x_wconf 78' lang='lat' dir='ltr'><strong>Deinde</strong></span> <span class='ocrx_word' id='word_1_388' title='bbox 525 2800 591 2868; x_wconf 84' lang='lat' dir='ltr'><strong>puta</strong></span> <span class='ocrx_word' id='word_1_389' title='bbox 602 2799 745 2869; x_wconf 85' lang='lat' dir='ltr'><strong>Scriptura</strong></span> <span class='ocrx_word' id='word_1_390' title='bbox 756 2802 854 2869; x_wconf 79' lang='lat' dir='ltr'><strong>sepius</strong></span> <span class='ocrx_word' id='word_1_391' title='bbox 873 2801 956 2869; x_wconf 78' lang='lat' dir='ltr'><strong>&#39;urgit</strong></span> <span class='ocrx_word' id='word_1_392' title='bbox 1009 2807 1098 2866; x_wconf 80' lang='lat' dir='ltr'><strong>ctam3</strong></span> <span class='ocrx_word' id='word_1_393' title='bbox 1113 2799 1196 2872; x_wconf 85' lang='lat' dir='ltr'><strong>idque</strong></span> <span class='ocrx_word' id='word_1_394' title='bbox 1210 2797 1244 2853; x_wconf 92' lang='lat' dir='ltr'><strong>ad</strong></span> <span class='ocrx_word' id='word_1_395' title='bbox 1254 2797 1441 2863; x_wconf 76' lang='lat' dir='ltr'><strong>excitandam,</strong></span> <span class='ocrx_word' id='word_1_396' title='bbox 1457 2798 1514 2853; x_wconf 87' lang='lat' dir='ltr'><strong>sive</strong></span> <span class='ocrx_word' id='word_1_397' title='bbox 1527 2797 1722 2853; x_wconf 89' lang='lat' dir='ltr'><strong>excutiendam</strong></span> <span class='ocrx_word' id='word_1_398' title='bbox 1737 2810 1807 2866; x_wconf 87' lang='lat' dir='ltr'><strong>quo·</strong></span> 
     </span>
     <span class='ocr_line' id='line_1_31' title="bbox 101 2817 1808 2951; baseline -0.001 -29"><span class='ocrx_word' id='word_1_399' title='bbox 101 2934 103 2938; x_wconf 36' lang='grc'>,</span> <span class='ocrx_word' id='word_1_400' title='bbox 156 2873 399 2939; x_wconf 85' lang='lat' dir='ltr'><strong>maneetuespere,</strong></span> <span class='ocrx_word' id='word_1_401' title='bbox 412 2871 509 2925; x_wconf 84' lang='lat' dir='ltr'><strong>addita</strong></span> <span class='ocrx_word' id='word_1_402' title='bbox 523 2873 562 2924; x_wconf 84' lang='lat' dir='ltr'><strong>est</strong></span> <span class='ocrx_word' id='word_1_403' title='bbox 576 2870 636 2924; x_wconf 87' lang='lat' dir='ltr'><strong>laus</strong></span> <span class='ocrx_word' id='word_1_404' title='bbox 649 2872 794 2926; x_wconf 78' lang='lat' dir='ltr'><strong>matutim.</strong></span> <span class='ocrx_word' id='word_1_405' title='bbox 810 2817 956 2927; x_wconf 60' lang='lat' dir='ltr'><strong>Multorum</strong></span> <span class='ocrx_word' id='word_1_406' title='bbox 1009 2870 1139 2926; x_wconf 90' lang='lat' dir='ltr'><strong>rumdam</strong></span> <span class='ocrx_word' id='word_1_407' title='bbox 1163 2868 1304 2951; x_wconf 86' lang='lat' dir='ltr'><strong>pigritiam</strong></span> <span class='ocrx_word' id='word_1_408' title='bbox 1323 2876 1351 2924; x_wconf 91' lang='lat' dir='ltr'><strong>et</strong></span> <span class='ocrx_word' id='word_1_409' title='bbox 1370 2867 1671 2949; x_wconf 34' lang='lat' dir='ltr'><strong>somnolentiam-qui</strong></span> <span class='ocrx_word' id='word_1_410' title='bbox 1693 2866 1808 2938; x_wconf 88' lang='lat' dir='ltr'><strong>expletis</strong></span> 
     </span>
     <span class='ocr_line' id='line_1_32' title="bbox 175 2937 1807 3012; baseline -0.001 -19"><span class='ocrx_word' id='word_1_411' title='bbox 175 2954 262 3008; x_wconf 84' lang='lat' dir='ltr'><strong>noque</strong></span> <span class='ocrx_word' id='word_1_412' title='bbox 275 2942 455 3010; x_wconf 78' lang='lat' dir='ltr'><strong>episcopcrum</strong></span> <span class='ocrx_word' id='word_1_413' title='bbox 467 2944 597 2995; x_wconf 82' lang='lat' dir='ltr'><strong>statutmn</strong></span> <span class='ocrx_word' id='word_1_414' title='bbox 609 2945 679 3009; x_wconf 88' lang='lat' dir='ltr'><strong>erat,</strong></span> <span class='ocrx_word' id='word_1_415' title='bbox 692 2946 723 2995; x_wconf 91' lang='lat' dir='ltr'><strong>ut</strong></span> <span class='ocrx_word' id='word_1_416' title='bbox 734 2942 818 2996; x_wconf 76' lang='lat' dir='ltr'><strong>clares</strong></span> <span class='ocrx_word' id='word_1_417' title='bbox 831 2945 857 2995; x_wconf 85' lang='lat' dir='ltr'><strong>et</strong></span> <span class='ocrx_word' id='word_1_418' title='bbox 865 2957 955 3011; x_wconf 86' lang='lat' dir='ltr'><strong>popu·</strong></span> <span class='ocrx_word' id='word_1_419' title='bbox 1009 2941 1155 2997; x_wconf 85' lang='lat' dir='ltr'><strong>nocturnis</strong></span> <span class='ocrx_word' id='word_1_420' title='bbox 1176 2938 1276 3012; x_wconf 82' lang='lat' dir='ltr'><strong>vigiliis</strong></span> <span class='ocrx_word' id='word_1_421' title='bbox 1289 2946 1317 2995; x_wconf 92' lang='lat' dir='ltr'><strong>et</strong></span> <span class='ocrx_word' id='word_1_422' title='bbox 1330 2938 1472 2995; x_wconf 88' lang='lat' dir='ltr'><strong>Laudibus</strong></span> <span class='ocrx_word' id='word_1_423' title='bbox 1485 2939 1639 3006; x_wconf 82' lang='lat' dir='ltr'><strong>matutinis,</strong></span> <span class='ocrx_word' id='word_1_424' title='bbox 1655 2937 1689 2993; x_wconf 93' lang='lat' dir='ltr'><strong>ad</strong></span> <span class='ocrx_word' id='word_1_425' title='bbox 1705 2937 1807 2992; x_wconf 91' lang='lat' dir='ltr'><strong>lectum</strong></span> 
     </span>
     <span class='ocr_line' id='line_1_33' title="bbox 156 2955 1808 3091; baseline -0.001 -28"><span class='ocrx_word' id='word_1_426' title='bbox 156 2955 198 3065; x_wconf 52' lang='lat' dir='ltr'><strong>qus</strong></span> <span class='ocrx_word' id='word_1_427' title='bbox 207 3025 285 3065; x_wconf 87' lang='lat' dir='ltr'><strong>manc</strong></span> <span class='ocrx_word' id='word_1_428' title='bbox 295 3015 320 3066; x_wconf 88' lang='lat' dir='ltr'><strong>et</strong></span> <span class='ocrx_word' id='word_1_429' title='bbox 329 3027 386 3066; x_wconf 90' lang='lat' dir='ltr'><strong>sero</strong></span> <span class='ocrx_word' id='word_1_430' title='bbox 397 3027 486 3083; x_wconf 86' lang='lat' dir='ltr'><strong>preces</strong></span> <span class='ocrx_word' id='word_1_431' title='bbox 496 3014 522 3066; x_wconf 91' lang='lat' dir='ltr'><strong>et</strong></span> <span class='ocrx_word' id='word_1_432' title='bbox 534 3012 664 3067; x_wconf 86' lang='lat' dir='ltr'><strong>orationes</strong></span> <span class='ocrx_word' id='word_1_433' title='bbox 676 3014 728 3066; x_wconf 86' lang='lat' dir='ltr'><strong>lleo</strong></span> <span class='ocrx_word' id='word_1_434' title='bbox 740 3012 956 3079; x_wconf 68' lang='lat' dir='ltr'><strong>moderantium</strong></span> <span class='ocrx_word' id='word_1_435' title='bbox 1009 3018 1182 3067; x_wconf 82' lang='lat' dir='ltr'><strong>recurrentes</strong></span> <span class='ocrx_word' id='word_1_436' title='bbox 1196 3025 1296 3066; x_wconf 87' lang='lat' dir='ltr'><strong>somrm</strong></span> <span class='ocrx_word' id='word_1_437' title='bbox 1309 3009 1445 3091; x_wconf 84' lang='lat' dir='ltr'><strong>prolixius</strong></span> <span class='ocrx_word' id='word_1_438' title='bbox 1459 3008 1655 3082; x_wconf 82' lang='lat' dir='ltr'><strong>indulgebant3</strong></span> <span class='ocrx_word' id='word_1_439' title='bbox 1671 3022 1735 3063; x_wconf 94' lang='lat' dir='ltr'><strong>cum</strong></span> <span class='ocrx_word' id='word_1_440' title='bbox 1750 3022 1808 3062; x_wconf 91' lang='lat' dir='ltr'><strong>non</strong></span> 
     </span>
     <span class='ocr_line' id='line_1_34' title="bbox 156 3079 1809 3176; baseline -0.002 -39"><span class='ocrx_word' id='word_1_441' title='bbox 156 3083 259 3138; x_wconf 81' lang='lat' dir='ltr'><strong>Parsa</strong></span> <span class='ocrx_word' id='word_1_442' title='bbox 278 3083 394 3137; x_wconf 85' lang='lat' dir='ltr'><strong>Nosrnn</strong></span> <span class='ocrx_word' id='word_1_443' title='bbox 409 3087 435 3137; x_wconf 90' lang='lat' dir='ltr'><strong>et</strong></span> <span class='ocrx_word' id='word_1_444' title='bbox 448 3080 581 3151; x_wconf 82' lang='lat' dir='ltr'><strong>Symbola.</strong></span> <span class='ocrx_word' id='word_1_445' title='bbox 600 3082 662 3136; x_wconf 87' lang='lat' dir='ltr'><strong>ldec</strong></span> <span class='ocrx_word' id='word_1_446' title='bbox 682 3083 720 3136; x_wconf 84' lang='lat' dir='ltr'><strong>ad</strong></span> <span class='ocrx_word' id='word_1_447' title='bbox 733 3083 780 3137; x_wconf 84' lang='lat' dir='ltr'><strong>hoc</strong></span> <span class='ocrx_word' id='word_1_448' title='bbox 797 3079 991 3176; x_wconf 66' lang='lat' dir='ltr'><strong>introductae</strong></span> <span class='ocrx_word' id='word_1_449' title='bbox 1010 3081 1144 3138; x_wconf 89' lang='lat' dir='ltr'><strong>haberent</strong></span> <span class='ocrx_word' id='word_1_450' title='bbox 1157 3079 1233 3137; x_wconf 91' lang='lat' dir='ltr'><strong>aliud</strong></span> <span class='ocrx_word' id='word_1_451' title='bbox 1242 3079 1375 3146; x_wconf 80' lang='lat' dir='ltr'><strong>officium,</strong></span> <span class='ocrx_word' id='word_1_452' title='bbox 1387 3094 1476 3151; x_wconf 86' lang='lat' dir='ltr'><strong>neque</strong></span> <span class='ocrx_word' id='word_1_453' title='bbox 1489 3087 1656 3136; x_wconf 90' lang='lat' dir='ltr'><strong>conventum</strong></span> <span class='ocrx_word' id='word_1_454' title='bbox 1667 3086 1731 3134; x_wconf 87' lang='lat' dir='ltr'><strong>ante</strong></span> <span class='ocrx_word' id='word_1_455' title='bbox 1741 3081 1809 3135; x_wconf 85' lang='lat' dir='ltr'><strong>Ter·</strong></span> 
     </span>
     <span class='ocr_line' id='line_1_35' title="bbox 156 3149 1529 3225; baseline -0.001 -18"><span class='ocrx_word' id='word_1_456' title='bbox 156 3155 219 3207; x_wconf 87' lang='lat' dir='ltr'><strong>sunt</strong></span> <span class='ocrx_word' id='word_1_457' title='bbox 229 3153 290 3206; x_wconf 80' lang='lat' dir='ltr'><strong>deta</strong></span> <span class='ocrx_word' id='word_1_458' title='bbox 299 3154 362 3206; x_wconf 83' lang='lat' dir='ltr'><strong>alic</strong></span> <span class='ocrx_word' id='word_1_459' title='bbox 371 3155 460 3214; x_wconf 84' lang='lat' dir='ltr'><strong>Herc,</strong></span> <span class='ocrx_word' id='word_1_460' title='bbox 471 3155 563 3207; x_wconf 78' lang='lat' dir='ltr'><strong>Prima</strong></span> <span class='ocrx_word' id='word_1_461' title='bbox 577 3156 602 3206; x_wconf 89' lang='lat' dir='ltr'><strong>ct</strong></span> <span class='ocrx_word' id='word_1_462' title='bbox 615 3153 760 3222; x_wconf 76' lang='lat' dir='ltr'><strong>completa,</strong></span> <span class='ocrx_word' id='word_1_463' title='bbox 770 3157 883 3222; x_wconf 75' lang='lat' dir='ltr'><strong>meaque</strong></span> <span class='ocrx_word' id='word_1_464' title='bbox 896 3169 956 3208; x_wconf 88' lang='lat' dir='ltr'><strong>cum</strong></span> <span class='ocrx_word' id='word_1_465' title='bbox 1011 3153 1079 3209; x_wconf 92' lang='lat' dir='ltr'><strong>tiam</strong></span> <span class='ocrx_word' id='word_1_466' title='bbox 1093 3150 1243 3223; x_wconf 90' lang='lat' dir='ltr'><strong>agendum,</strong></span> <span class='ocrx_word' id='word_1_467' title='bbox 1259 3158 1289 3206; x_wconf 95' lang='lat' dir='ltr'><strong>ut</strong></span> <span class='ocrx_word' id='word_1_468' title='bbox 1303 3149 1348 3206; x_wconf 92' lang='lat' dir='ltr'><strong>hic</strong></span> <span class='ocrx_word' id='word_1_469' title='bbox 1361 3149 1487 3206; x_wconf 90' lang='lat' dir='ltr'><strong>habetur.</strong></span> <span class='ocrx_word' id='word_1_470' title='bbox 1523 3212 1529 3225; x_wconf 46' lang='grc'>,</span> 
     </span>
    </p>

    <p class='ocr_par' dir='ltr' id='par_1_6' title="bbox 109 3218 1812 5912">
     <span class='ocr_line' id='line_1_36' title="bbox 109 3218 1809 3295; baseline -0.001 -19"><span class='ocrx_word' id='word_1_471' title='bbox 109 3257 110 3261; x_wconf 53' lang='lat'><em>=</em></span> <span class='ocrx_word' id='word_1_472' title='bbox 159 3223 293 3292; x_wconf 80' lang='lat' dir='ltr'><strong>precibus,</strong></span> <span class='ocrx_word' id='word_1_473' title='bbox 307 3222 431 3278; x_wconf 75' lang='lat' dir='ltr'><strong>marnae</strong></span> <span class='ocrx_word' id='word_1_474' title='bbox 442 3225 614 3277; x_wconf 76' lang='lat' dir='ltr'><strong>Dominnaet</strong></span> <span class='ocrx_word' id='word_1_475' title='bbox 627 3223 759 3291; x_wconf 78' lang='lat' dir='ltr'><strong>symbolo.</strong></span> <span class='ocrx_word' id='word_1_476' title='bbox 772 3224 816 3280; x_wconf 85' lang='lat' dir='ltr'><strong>Sic</strong></span> <span class='ocrx_word' id='word_1_477' title='bbox 829 3223 874 3279; x_wconf 91' lang='lat' dir='ltr'><strong>ille</strong></span> <span class='ocrx_word' id='word_1_478' title='bbox 892 3223 955 3295; x_wconf 89' lang='lat' dir='ltr'><strong>(lla-</strong></span> <span class='ocrx_word' id='word_1_479' title='bbox 1046 3225 1174 3293; x_wconf 81' lang='lat' dir='ltr'><strong>⁸ltempe</strong></span> <span class='ocrx_word' id='word_1_480' title='bbox 1188 3221 1407 3287; x_wconf 78' lang='lat' dir='ltr'><strong>bethleemitico,</strong></span> <span class='ocrx_word' id='word_1_481' title='bbox 1417 3228 1448 3276; x_wconf 89' lang='lat' dir='ltr'><strong>ut</strong></span> <span class='ocrx_word' id='word_1_482' title='bbox 1458 3235 1489 3276; x_wconf 91' lang='lat' dir='ltr'><strong>ex</strong></span> <span class='ocrx_word' id='word_1_483' title='bbox 1501 3219 1559 3292; x_wconf 91' lang='lat' dir='ltr'><strong>ipsa</strong></span> <span class='ocrx_word' id='word_1_484' title='bbox 1574 3218 1725 3292; x_wconf 85' lang='lat' dir='ltr'><strong>periphrasi</strong></span> <span class='ocrx_word' id='word_1_485' title='bbox 1740 3219 1809 3275; x_wconf 89' lang='lat' dir='ltr'><strong>satis</strong></span> 
     </span>
     <span class='ocr_line' id='line_1_37' title="bbox 156 3291 1807 3366; baseline -0.001 -20"><span class='ocrx_word' id='word_1_486' title='bbox 156 3293 251 3361; x_wconf 88' lang='lat' dir='ltr'><strong>dulph.</strong></span> <span class='ocrx_word' id='word_1_487' title='bbox 263 3293 447 3360; x_wconf 75' lang='lat' dir='ltr'><strong>tuapromde</strong></span> <span class='ocrx_word' id='word_1_488' title='bbox 458 3308 551 3348; x_wconf 78' lang='lat' dir='ltr'><strong>cauma.</strong></span> <span class='ocrx_word' id='word_1_489' title='bbox 562 3293 667 3349; x_wconf 77' lang='lat' dir='ltr'><strong>Obsco.</strong></span> <span class='ocrx_word' id='word_1_490' title='bbox 677 3302 783 3365; x_wconf 85' lang='lat' dir='ltr'><strong>propos.</strong></span> <span class='ocrx_word' id='word_1_491' title='bbox 797 3295 957 3365; x_wconf 81' lang='lat' dir='ltr'><strong>tt).Verum</strong></span> <span class='ocrx_word' id='word_1_492' title='bbox 1012 3294 1187 3366; x_wconf 88' lang='lat' dir='ltr'><strong>intelligitur,</strong></span> <span class='ocrx_word' id='word_1_493' title='bbox 1197 3309 1213 3349; x_wconf 94' lang='lat' dir='ltr'><strong>a</strong></span> <span class='ocrx_word' id='word_1_494' title='bbox 1223 3295 1253 3350; x_wconf 90' lang='lat' dir='ltr'><strong>S.</strong></span> <span class='ocrx_word' id='word_1_495' title='bbox 1265 3293 1349 3349; x_wconf 93' lang='lat' dir='ltr'><strong>Paula</strong></span> <span class='ocrx_word' id='word_1_496' title='bbox 1358 3291 1531 3349; x_wconf 90' lang='lat' dir='ltr'><strong>nobilissima</strong></span> <span class='ocrx_word' id='word_1_497' title='bbox 1541 3299 1667 3349; x_wconf 89' lang='lat' dir='ltr'><strong>matrona</strong></span> <span class='ocrx_word' id='word_1_498' title='bbox 1677 3292 1807 3345; x_wconf 84' lang='lat' dir='ltr'><strong>Romana</strong></span> 
     </span>
     <span class='ocr_line' id='line_1_38' title="bbox 157 3361 1805 3490; baseline -0.002 -73"><span class='ocrx_word' id='word_1_499' title='bbox 157 3362 289 3418; x_wconf 87' lang='lat' dir='ltr'><strong>adversus</strong></span> <span class='ocrx_word' id='word_1_500' title='bbox 303 3361 373 3418; x_wconf 90' lang='lat' dir='ltr'><strong>hanc</strong></span> <span class='ocrx_word' id='word_1_501' title='bbox 387 3363 541 3434; x_wconf 85' lang='lat' dir='ltr'><strong>opinionem</strong></span> <span class='ocrx_word' id='word_1_502' title='bbox 554 3363 645 3435; x_wconf 85' lang='lat' dir='ltr'><strong>objicit</strong></span> <span class='ocrx_word' id='word_1_503' title='bbox 664 3369 802 3422; x_wconf 88' lang='lat' dir='ltr'><strong>Durantus</strong></span> <span class='ocrx_word' id='word_1_504' title='bbox 811 3369 859 3431; x_wconf 86' lang='lat' dir='ltr'><strong>(De</strong></span> <span class='ocrx_word' id='word_1_505' title='bbox 872 3368 956 3423; x_wconf 85' lang='lat' dir='ltr'><strong>liitib.</strong></span> <span class='ocrx_word' id='word_1_506' title='bbox 1009 3367 1088 3439; x_wconf 74' lang='lat' dir='ltr'><strong>Juxta</strong></span> <span class='ocrx_word' id='word_1_507' title='bbox 1101 3365 1273 3437; x_wconf 74' lang='lat' dir='ltr'><strong>speluncam,</strong></span> <span class='ocrx_word' id='word_1_508' title='bbox 1293 3364 1322 3419; x_wconf 93' lang='lat' dir='ltr'><strong>in</strong></span> <span class='ocrx_word' id='word_1_509' title='bbox 1340 3379 1393 3490; x_wconf 57' lang='lat' dir='ltr'><strong>qua</strong></span> <span class='ocrx_word' id='word_1_510' title='bbox 1406 3362 1530 3419; x_wconf 84' lang='lat' dir='ltr'><strong>Salvator</strong></span> <span class='ocrx_word' id='word_1_511' title='bbox 1545 3369 1640 3417; x_wconf 89' lang='lat' dir='ltr'><strong>noster</strong></span> <span class='ocrx_word' id='word_1_512' title='bbox 1653 3369 1735 3417; x_wconf 90' lang='lat' dir='ltr'><strong>natus</strong></span> <span class='ocrx_word' id='word_1_513' title='bbox 1751 3369 1805 3442; x_wconf 75' lang='lat' dir='ltr'><strong>est,</strong></span> 
     </span>
     <span class='ocr_line' id='line_1_39' title="bbox 155 3430 1809 3512; baseline -0.002 -23"><span class='ocrx_word' id='word_1_514' title='bbox 155 3434 420 3504; x_wconf 71' lang='lat' dir='ltr'><strong>decimi-thirteen.</strong></span> <span class='ocrx_word' id='word_1_515' title='bbox 433 3435 726 3505; x_wconf 62' lang='lat' dir='ltr'><strong>prachnensem,</strong></span> <span class='ocrx_word' id='word_1_516' title='bbox 740 3436 959 3510; x_wconf 72' lang='lat' dir='ltr'><strong>cuiusheecsunt</strong></span> <span class='ocrx_word' id='word_1_517' title='bbox 1012 3444 1182 3510; x_wconf 84' lang='lat' dir='ltr'><strong>constructo.</strong></span> <span class='ocrx_word' id='word_1_518' title='bbox 1199 3436 1241 3492; x_wconf 93' lang='lat' dir='ltr'><strong>lbi</strong></span> <span class='ocrx_word' id='word_1_519' title='bbox 1256 3434 1348 3491; x_wconf 91' lang='lat' dir='ltr'><strong>enimi</strong></span> <span class='ocrx_word' id='word_1_520' title='bbox 1361 3434 1384 3491; x_wconf 89' lang='lat' dir='ltr'><strong>la</strong></span> <span class='ocrx_word' id='word_1_521' title='bbox 1399 3441 1519 3504; x_wconf 81' lang='lat' dir='ltr'><strong>quatuor</strong></span> <span class='ocrx_word' id='word_1_522' title='bbox 1528 3433 1696 3488; x_wconf 89' lang='lat' dir='ltr'><strong>monasteria</strong></span> <span class='ocrx_word' id='word_1_523' title='bbox 1711 3430 1809 3512; x_wconf 68' lang='lat' dir='ltr'><strong>condi·</strong></span> 
     </span>
     <span class='ocr_line' id='line_1_40' title="bbox 158 3503 1806 3579; baseline 0.001 -23"><span class='ocrx_word' id='word_1_524' title='bbox 158 3503 237 3559; x_wconf 90' lang='lat' dir='ltr'><strong>verba</strong></span> <span class='ocrx_word' id='word_1_525' title='bbox 260 3505 308 3560; x_wconf 90' lang='lat' dir='ltr'><strong>lib.</strong></span> <span class='ocrx_word' id='word_1_526' title='bbox 329 3520 383 3561; x_wconf 81' lang='grc'><strong>1111</strong></span> <span class='ocrx_word' id='word_1_527' title='bbox 400 3505 548 3575; x_wconf 79' lang='lat' dir='ltr'><strong>constitut.</strong></span> <span class='ocrx_word' id='word_1_528' title='bbox 568 3509 696 3578; x_wconf 78' lang='lat' dir='ltr'><strong>Apostol.</strong></span> <span class='ocrx_word' id='word_1_529' title='bbox 718 3523 778 3579; x_wconf 87' lang='lat' dir='ltr'><strong>cap.</strong></span> <span class='ocrx_word' id='word_1_530' title='bbox 794 3515 829 3564; x_wconf 84' lang='grc' dir='ltr'><strong>4ο</strong></span> <span class='ocrx_word' id='word_1_531' title='bbox 848 3511 959 3564; x_wconf 87' lang='lat' dir='ltr'><strong>:Preces</strong></span> <span class='ocrx_word' id='word_1_532' title='bbox 1012 3507 1063 3577; x_wconf 90' lang='lat' dir='ltr'><strong>dit,</strong></span> <span class='ocrx_word' id='word_1_533' title='bbox 1089 3515 1159 3562; x_wconf 91' lang='lat' dir='ltr'><strong>teste</strong></span> <span class='ocrx_word' id='word_1_534' title='bbox 1176 3509 1212 3561; x_wconf 92' lang='lat' dir='ltr'><strong>D.</strong></span> <span class='ocrx_word' id='word_1_535' title='bbox 1230 3506 1413 3578; x_wconf 84' lang='lat' dir='ltr'><strong>Hieronymo,</strong></span> <span class='ocrx_word' id='word_1_536' title='bbox 1428 3504 1494 3560; x_wconf 88' lang='lat' dir='ltr'><strong>viris</strong></span> <span class='ocrx_word' id='word_1_537' title='bbox 1514 3518 1611 3568; x_wconf 90' lang='lat' dir='ltr'><strong>unum,</strong></span> <span class='ocrx_word' id='word_1_538' title='bbox 1628 3503 1733 3575; x_wconf 89' lang='lat' dir='ltr'><strong>reliqua</strong></span> <span class='ocrx_word' id='word_1_539' title='bbox 1752 3510 1806 3558; x_wconf 87' lang='lat' dir='ltr'><strong>trra</strong></span> 
     </span>
     <span class='ocr_line' id='line_1_41' title="bbox 132 3567 1807 3651; baseline -0.002 -20"><span class='ocrx_word' id='word_1_540' title='bbox 132 3632 137 3638; x_wconf 79' lang='grc'><em>,</em></span> <span class='ocrx_word' id='word_1_541' title='bbox 155 3567 958 3649; x_wconf 65' lang='lat' dir='ltr'><strong>uestrasfocitcdiluatlo,Tertiahera‚seutdllonnaespere,</strong></span> <span class='ocrx_word' id='word_1_542' title='bbox 1013 3576 1165 3651; x_wconf 80' lang='lat' dir='ltr'><strong>virginibus</strong></span> <span class='ocrx_word' id='word_1_543' title='bbox 1184 3578 1288 3648; x_wconf 63' lang='lat' dir='ltr'><strong>(Epist.</strong></span> <span class='ocrx_word' id='word_1_544' title='bbox 1305 3582 1351 3645; x_wconf 83' lang='grc'><strong>17,</strong></span> <span class='ocrx_word' id='word_1_545' title='bbox 1365 3591 1410 3631; x_wconf 90' lang='lat' dir='ltr'><strong>seu</strong></span> <span class='ocrx_word' id='word_1_546' title='bbox 1428 3574 1549 3646; x_wconf 86' lang='lat' dir='ltr'><strong>epitaph.</strong></span> <span class='ocrx_word' id='word_1_547' title='bbox 1565 3573 1682 3644; x_wconf 82' lang='lat' dir='ltr'><strong>Paula).</strong></span> <span class='ocrx_word' id='word_1_548' title='bbox 1698 3576 1735 3628; x_wconf 81' lang='lat' dir='ltr'><strong>At</strong></span> <span class='ocrx_word' id='word_1_549' title='bbox 1753 3573 1807 3628; x_wconf 90' lang='lat' dir='ltr'><strong>hoc</strong></span> 
     </span>
     <span class='ocr_line' id='line_1_42' title="bbox 156 3643 1808 3726; baseline -0.001 -27"><span class='ocrx_word' id='word_1_550' title='bbox 156 3649 182 3700; x_wconf 88' lang='lat' dir='ltr'><strong>ct</strong></span> <span class='ocrx_word' id='word_1_551' title='bbox 203 3648 231 3699; x_wconf 86' lang='lat' dir='ltr'><strong>in</strong></span> <span class='ocrx_word' id='word_1_552' title='bbox 249 3648 422 3715; x_wconf 76' lang='lat' dir='ltr'><strong>gallicantu,</strong></span> <span class='ocrx_word' id='word_1_553' title='bbox 434 3648 551 3702; x_wconf 72' lang='lat' dir='ltr'><strong>diluculo</strong></span> <span class='ocrx_word' id='word_1_554' title='bbox 574 3651 678 3715; x_wconf 83' lang='lat' dir='ltr'><strong>pretias</strong></span> <span class='ocrx_word' id='word_1_555' title='bbox 696 3651 816 3719; x_wconf 57' lang='lat' dir='ltr'><strong>apentcs,</strong></span> <span class='ocrx_word' id='word_1_556' title='bbox 833 3652 959 3719; x_wconf 81' lang='lat' dir='ltr'><strong>quoniam</strong></span> <span class='ocrx_word' id='word_1_557' title='bbox 1014 3646 1215 3705; x_wconf 90' lang='lat' dir='ltr'><strong>monasterium</strong></span> <span class='ocrx_word' id='word_1_558' title='bbox 1229 3647 1353 3703; x_wconf 88' lang='lat' dir='ltr'><strong>virorum</strong></span> <span class='ocrx_word' id='word_1_559' title='bbox 1369 3646 1442 3701; x_wconf 90' lang='lat' dir='ltr'><strong>idem</strong></span> <span class='ocrx_word' id='word_1_560' title='bbox 1462 3644 1497 3699; x_wconf 89' lang='lat' dir='ltr'><strong>D.</strong></span> <span class='ocrx_word' id='word_1_561' title='bbox 1513 3643 1699 3716; x_wconf 85' lang='lat' dir='ltr'><strong>Hieronymus</strong></span> <span class='ocrx_word' id='word_1_562' title='bbox 1715 3652 1808 3726; x_wconf 86' lang='lat' dir='ltr'><strong>postea</strong></span> 
     </span>
     <span class='ocr_line' id='line_1_43' title="bbox 161 3714 1808 3791; baseline -0.001 -20"><span class='ocrx_word' id='word_1_563' title='bbox 161 3716 382 3773; x_wconf 78' lang='lat' dir='ltr'><strong>illuminavitnos</strong></span> <span class='ocrx_word' id='word_1_564' title='bbox 394 3720 522 3773; x_wconf 78' lang='lat' dir='ltr'><strong>Dumium</strong></span> <span class='ocrx_word' id='word_1_565' title='bbox 531 3719 642 3787; x_wconf 84' lang='lat' dir='ltr'><strong>depulsa</strong></span> <span class='ocrx_word' id='word_1_566' title='bbox 651 3724 767 3783; x_wconf 89' lang='lat' dir='ltr'><strong>nocte‚et</strong></span> <span class='ocrx_word' id='word_1_567' title='bbox 778 3721 884 3775; x_wconf 85' lang='lat' dir='ltr'><strong>inducto</strong></span> <span class='ocrx_word' id='word_1_568' title='bbox 898 3719 958 3786; x_wconf 86' lang='lat' dir='ltr'><strong>die,·</strong></span> <span class='ocrx_word' id='word_1_569' title='bbox 1012 3718 1163 3791; x_wconf 81' lang='lat' dir='ltr'><strong>ampliavit.</strong></span> <span class='ocrx_word' id='word_1_570' title='bbox 1179 3716 1258 3773; x_wconf 87' lang='lat' dir='ltr'><strong>Licet</strong></span> <span class='ocrx_word' id='word_1_571' title='bbox 1271 3717 1345 3773; x_wconf 86' lang='lat' dir='ltr'><strong>enim</strong></span> <span class='ocrx_word' id='word_1_572' title='bbox 1359 3715 1426 3771; x_wconf 91' lang='lat' dir='ltr'><strong>viris</strong></span> <span class='ocrx_word' id='word_1_573' title='bbox 1440 3714 1478 3770; x_wconf 91' lang='lat' dir='ltr'><strong>ibi</strong></span> <span class='ocrx_word' id='word_1_574' title='bbox 1493 3714 1656 3786; x_wconf 88' lang='lat' dir='ltr'><strong>degentibus</strong></span> <span class='ocrx_word' id='word_1_575' title='bbox 1671 3722 1738 3771; x_wconf 77' lang='lat' dir='ltr'><strong>satis</strong></span> <span class='ocrx_word' id='word_1_576' title='bbox 1747 3729 1808 3770; x_wconf 90' lang='lat' dir='ltr'><strong>am·</strong></span> 
     </span>
     <span class='ocr_line' id='line_1_44' title="bbox 159 3785 1808 3863; baseline -0.001 -21"><span class='ocrx_word' id='word_1_577' title='bbox 159 3792 190 3841; x_wconf 74' lang='lat'><strong>2⁰</strong></span> <span class='ocrx_word' id='word_1_578' title='bbox 205 3788 233 3843; x_wconf 88' lang='grc'><strong>8.</strong></span> <span class='ocrx_word' id='word_1_579' title='bbox 250 3789 429 3844; x_wconf 79' lang='lat' dir='ltr'><strong>Athanasium</strong></span> <span class='ocrx_word' id='word_1_580' title='bbox 444 3788 492 3844; x_wconf 93' lang='lat' dir='ltr'><strong>lib.</strong></span> <span class='ocrx_word' id='word_1_581' title='bbox 506 3787 541 3845; x_wconf 89' lang='lat' dir='ltr'><strong>de</strong></span> <span class='ocrx_word' id='word_1_582' title='bbox 552 3789 725 3861; x_wconf 83' lang='lat' dir='ltr'><strong>virginitate,</strong></span> <span class='ocrx_word' id='word_1_583' title='bbox 740 3790 785 3846; x_wconf 94' lang='lat' dir='ltr'><strong>ubi</strong></span> <span class='ocrx_word' id='word_1_584' title='bbox 800 3791 856 3846; x_wconf 90' lang='lat' dir='ltr'><strong>ait:</strong></span> <span class='ocrx_word' id='word_1_585' title='bbox 866 3791 958 3848; x_wconf 84' lang='lat' dir='ltr'><strong>Oriens</strong></span> <span class='ocrx_word' id='word_1_586' title='bbox 1013 3791 1088 3863; x_wconf 91' lang='lat' dir='ltr'><strong>plum</strong></span> <span class='ocrx_word' id='word_1_587' title='bbox 1103 3796 1271 3845; x_wconf 87' lang='lat' dir='ltr'><strong>exstructum</strong></span> <span class='ocrx_word' id='word_1_588' title='bbox 1284 3795 1354 3844; x_wconf 88' lang='lat' dir='ltr'><strong>esset</strong></span> <span class='ocrx_word' id='word_1_589' title='bbox 1368 3786 1567 3849; x_wconf 90' lang='lat' dir='ltr'><strong>habitaculum,</strong></span> <span class='ocrx_word' id='word_1_590' title='bbox 1580 3794 1607 3841; x_wconf 89' lang='lat' dir='ltr'><strong>et</strong></span> <span class='ocrx_word' id='word_1_591' title='bbox 1621 3801 1671 3857; x_wconf 91' lang='lat' dir='ltr'><strong>pro</strong></span> <span class='ocrx_word' id='word_1_592' title='bbox 1687 3785 1808 3858; x_wconf 88' lang='lat' dir='ltr'><strong>peregri·</strong></span> 
     </span>
     <span class='ocr_line' id='line_1_45' title="bbox 157 3857 1808 3931; baseline -0.002 -18"><span class='ocrx_word' id='word_1_593' title='bbox 157 3859 197 3913; x_wconf 87' lang='lat' dir='ltr'><strong>sot</strong></span> <span class='ocrx_word' id='word_1_594' title='bbox 212 3859 303 3913; x_wconf 83' lang='lat' dir='ltr'><strong>videat</strong></span> <span class='ocrx_word' id='word_1_595' title='bbox 314 3860 411 3914; x_wconf 76' lang='lat' dir='ltr'><strong>tionem</strong></span> <span class='ocrx_word' id='word_1_596' title='bbox 424 3863 453 3913; x_wconf 87' lang='lat' dir='ltr'><strong>in</strong></span> <span class='ocrx_word' id='word_1_597' title='bbox 470 3861 594 3916; x_wconf 85' lang='lat' dir='ltr'><strong>manibus</strong></span> <span class='ocrx_word' id='word_1_598' title='bbox 611 3864 665 3916; x_wconf 83' lang='lat' dir='ltr'><strong>tuis</strong></span> <span class='ocrx_word' id='word_1_599' title='bbox 673 3866 735 3931; x_wconf 89' lang='lat' dir='ltr'><strong>post</strong></span> <span class='ocrx_word' id='word_1_600' title='bbox 751 3864 878 3924; x_wconf 85' lang='lat' dir='ltr'><strong>Tertium,</strong></span> <span class='ocrx_word' id='word_1_601' title='bbox 892 3869 956 3928; x_wconf 82' lang='lat' dir='ltr'><strong>etc.;</strong></span> <span class='ocrx_word' id='word_1_602' title='bbox 1011 3860 1056 3916; x_wconf 88' lang='lat' dir='ltr'><strong>nis</strong></span> <span class='ocrx_word' id='word_1_603' title='bbox 1065 3859 1225 3916; x_wconf 86' lang='lat' dir='ltr'><strong>mansiones</strong></span> <span class='ocrx_word' id='word_1_604' title='bbox 1234 3859 1333 3930; x_wconf 82' lang='lat' dir='ltr'><strong>aliquae</strong></span> <span class='ocrx_word' id='word_1_605' title='bbox 1343 3873 1391 3930; x_wconf 90' lang='lat' dir='ltr'><strong>per</strong></span> <span class='ocrx_word' id='word_1_606' title='bbox 1401 3857 1473 3912; x_wconf 90' lang='lat' dir='ltr'><strong>viam</strong></span> <span class='ocrx_word' id='word_1_607' title='bbox 1483 3865 1581 3913; x_wconf 80' lang='lat' dir='ltr'><strong>erectae</strong></span> <span class='ocrx_word' id='word_1_608' title='bbox 1593 3876 1600 3911; x_wconf 76' lang='grc' dir='ltr'>ε</span> <span class='ocrx_word' id='word_1_609' title='bbox 1611 3864 1704 3912; x_wconf 90' lang='lat' dir='ltr'><strong>tantus</strong></span> <span class='ocrx_word' id='word_1_610' title='bbox 1713 3863 1808 3911; x_wconf 88' lang='lat' dir='ltr'><strong>tamen</strong></span> 
     </span>
     <span class='ocr_line' id='line_1_46' title="bbox 159 3928 1808 4003; baseline -0.001 -19"><span class='ocrx_word' id='word_1_611' title='bbox 159 3934 189 3984; x_wconf 78' lang='lat'><strong>8⁰</strong></span> <span class='ocrx_word' id='word_1_612' title='bbox 199 3932 227 3985; x_wconf 87' lang='lat' dir='ltr'><strong>S.</strong></span> <span class='ocrx_word' id='word_1_613' title='bbox 238 3930 371 3985; x_wconf 88' lang='lat' dir='ltr'><strong>Basilium</strong></span> <span class='ocrx_word' id='word_1_614' title='bbox 382 3929 548 4000; x_wconf 66' lang='lat' dir='ltr'><strong>inllegtus.</strong></span> <span class='ocrx_word' id='word_1_615' title='bbox 559 3931 632 4002; x_wconf 91' lang='lat' dir='ltr'><strong>disp.</strong></span> <span class='ocrx_word' id='word_1_616' title='bbox 642 3938 710 4003; x_wconf 66' lang='lat' dir='ltr'><strong>qai</strong></span> <span class='ocrx_word' id='word_1_617' title='bbox 720 3936 800 3989; x_wconf 82' lang='lat' dir='ltr'><strong>:Eam</strong></span> <span class='ocrx_word' id='word_1_618' title='bbox 810 3933 958 3987; x_wconf 87' lang='lat' dir='ltr'><strong>obeausam</strong></span> <span class='ocrx_word' id='word_1_619' title='bbox 1012 3931 1134 4003; x_wconf 91' lang='lat' dir='ltr'><strong>undiquc</strong></span> <span class='ocrx_word' id='word_1_620' title='bbox 1147 3928 1180 3985; x_wconf 90' lang='lat' dir='ltr'><strong>ad</strong></span> <span class='ocrx_word' id='word_1_621' title='bbox 1194 3944 1225 3985; x_wconf 86' lang='lat' dir='ltr'><strong>ea</strong></span> <span class='ocrx_word' id='word_1_622' title='bbox 1241 3930 1300 3986; x_wconf 87' lang='lat' dir='ltr'><strong>loca</strong></span> <span class='ocrx_word' id='word_1_623' title='bbox 1315 3928 1515 4002; x_wconf 88' lang='lat' dir='ltr'><strong>pietatiscausa</strong></span> <span class='ocrx_word' id='word_1_624' title='bbox 1531 3928 1676 3982; x_wconf 90' lang='lat' dir='ltr'><strong>hominum</strong></span> <span class='ocrx_word' id='word_1_625' title='bbox 1691 3941 1808 3983; x_wconf 89' lang='lat' dir='ltr'><strong>concur·</strong></span> 
     </span>
     <span class='ocr_line' id='line_1_47' title="bbox 157 3997 1807 4072; baseline -0.002 -16"><span class='ocrx_word' id='word_1_626' title='bbox 157 4000 958 4072; x_wconf 76' lang='lat' dir='ltr'><strong>anobisnecessariohujusmoditemporadclectasuut‚puod</strong></span> <span class='ocrx_word' id='word_1_627' title='bbox 987 4008 1148 4068; x_wconf 82' lang='lat' dir='ltr'><strong>suaerat,</strong></span> <span class='ocrx_word' id='word_1_628' title='bbox 1183 4002 1319 4058; x_wconf 82' lang='lat' dir='ltr'><strong>raescrtlm</strong></span> <span class='ocrx_word' id='word_1_629' title='bbox 1336 3997 1552 4065; x_wconf 87' lang='lat' dir='ltr'><strong>monachorum,</strong></span> <span class='ocrx_word' id='word_1_630' title='bbox 1572 4006 1603 4053; x_wconf 94' lang='lat' dir='ltr'><strong>ut</strong></span> <span class='ocrx_word' id='word_1_631' title='bbox 1620 3997 1807 4053; x_wconf 80' lang='lat' dir='ltr'><strong>diversorium</strong></span> 
     </span>
     <span class='ocr_line' id='line_1_48' title="bbox 157 4016 1806 4150; baseline -0.002 -25"><span class='ocrx_word' id='word_1_632' title='bbox 157 4073 187 4126; x_wconf 88' lang='lat' dir='ltr'><strong>in</strong></span> <span class='ocrx_word' id='word_1_633' title='bbox 200 4073 417 4141; x_wconf 80' lang='lat' dir='ltr'><strong>serumstnpulas</strong></span> <span class='ocrx_word' id='word_1_634' title='bbox 424 4075 570 4144; x_wconf 77' lang='lat' dir='ltr'><strong>peculiaris</strong></span> <span class='ocrx_word' id='word_1_635' title='bbox 580 4075 703 4144; x_wconf 81' lang='lat' dir='ltr'><strong>quadam</strong></span> <span class='ocrx_word' id='word_1_636' title='bbox 712 4076 849 4130; x_wconf 79' lang='lat' dir='ltr'><strong>Detinms</strong></span> <span class='ocrx_word' id='word_1_637' title='bbox 860 4075 957 4144; x_wconf 66' lang='lat' dir='ltr'><strong>daven-</strong></span> <span class='ocrx_word' id='word_1_638' title='bbox 1010 4088 1055 4128; x_wconf 89' lang='lat' dir='ltr'><strong>ma</strong></span> <span class='ocrx_word' id='word_1_639' title='bbox 1077 4016 1806 4150; x_wconf 53' lang='grc'><strong>’311111111111111111111111111111111111.11111111.</strong></span> 
     </span>
     <span class='ocr_line' id='line_1_49' title="bbox 158 4138 1808 4215; baseline -0.002 -19"><span class='ocrx_word' id='word_1_640' title='bbox 158 4144 258 4197; x_wconf 75' lang='lat' dir='ltr'><strong>mentm</strong></span> <span class='ocrx_word' id='word_1_641' title='bbox 276 4147 315 4198; x_wconf 88' lang='lat' dir='ltr'><strong>est</strong></span> <span class='ocrx_word' id='word_1_642' title='bbox 328 4148 548 4200; x_wconf 75' lang='lat' dir='ltr'><strong>commaneretio.</strong></span> <span class='ocrx_word' id='word_1_643' title='bbox 561 4146 602 4199; x_wconf 78' lang='lat' dir='ltr'><strong>Ac</strong></span> <span class='ocrx_word' id='word_1_644' title='bbox 614 4147 780 4200; x_wconf 81' lang='lat' dir='ltr'><strong>Matutinum</strong></span> <span class='ocrx_word' id='word_1_645' title='bbox 792 4145 910 4215; x_wconf 83' lang='lat' dir='ltr'><strong>quidem,</strong></span> <span class='ocrx_word' id='word_1_646' title='bbox 925 4149 956 4200; x_wconf 92' lang='lat' dir='ltr'><strong>ut</strong></span> <span class='ocrx_word' id='word_1_647' title='bbox 1011 4147 1040 4199; x_wconf 88' lang='lat' dir='ltr'><strong>in</strong></span> <span class='ocrx_word' id='word_1_648' title='bbox 1075 4147 1115 4199; x_wconf 89' lang='lat' dir='ltr'><strong>ita</strong></span> <span class='ocrx_word' id='word_1_649' title='bbox 1123 4144 1152 4201; x_wconf 92' lang='lat' dir='ltr'><strong>S.</strong></span> <span class='ocrx_word' id='word_1_650' title='bbox 1164 4143 1348 4214; x_wconf 83' lang='lat' dir='ltr'><strong>Hieronymi).</strong></span> <span class='ocrx_word' id='word_1_651' title='bbox 1360 4143 1419 4211; x_wconf 86' lang='lat' dir='ltr'><strong>Qua</strong></span> <span class='ocrx_word' id='word_1_652' title='bbox 1427 4141 1461 4197; x_wconf 89' lang='lat' dir='ltr'><strong>de</strong></span> <span class='ocrx_word' id='word_1_653' title='bbox 1471 4156 1500 4197; x_wconf 90' lang='lat' dir='ltr'><strong>re</strong></span> <span class='ocrx_word' id='word_1_654' title='bbox 1511 4140 1548 4195; x_wconf 88' lang='lat' dir='ltr'><strong>ita</strong></span> <span class='ocrx_word' id='word_1_655' title='bbox 1555 4139 1590 4195; x_wconf 89' lang='lat' dir='ltr'><strong>ad</strong></span> <span class='ocrx_word' id='word_1_656' title='bbox 1601 4138 1808 4195; x_wconf 77' lang='lat' dir='ltr'><strong>Pammachlum</strong></span> 
     </span>
     <span class='ocr_line' id='line_1_50' title="bbox 155 4211 1807 4286; baseline -0.001 -19"><span class='ocrx_word' id='word_1_657' title='bbox 155 4216 241 4283; x_wconf 86' lang='lat' dir='ltr'><strong>primi</strong></span> <span class='ocrx_word' id='word_1_658' title='bbox 250 4216 339 4268; x_wconf 83' lang='lat' dir='ltr'><strong>animi</strong></span> <span class='ocrx_word' id='word_1_659' title='bbox 349 4231 381 4270; x_wconf 91' lang='lat' dir='ltr'><strong>ac</strong></span> <span class='ocrx_word' id='word_1_660' title='bbox 391 4218 487 4271; x_wconf 85' lang='lat' dir='ltr'><strong>mentis</strong></span> <span class='ocrx_word' id='word_1_661' title='bbox 501 4220 597 4271; x_wconf 75' lang='lat' dir='ltr'><strong>instra</strong></span> <span class='ocrx_word' id='word_1_662' title='bbox 608 4221 695 4271; x_wconf 86' lang='lat' dir='ltr'><strong>motus</strong></span> <span class='ocrx_word' id='word_1_663' title='bbox 705 4219 954 4280; x_wconf 81' lang='lat' dir='ltr'><strong>emnecrmturllco,</strong></span> <span class='ocrx_word' id='word_1_664' title='bbox 1009 4215 1105 4271; x_wconf 88' lang='lat' dir='ltr'><strong>scribit</strong></span> <span class='ocrx_word' id='word_1_665' title='bbox 1119 4215 1201 4286; x_wconf 90' lang='lat' dir='ltr'><strong>epist.</strong></span> <span class='ocrx_word' id='word_1_666' title='bbox 1213 4220 1249 4269; x_wconf 78' lang='lat'><strong>26</strong></span> <span class='ocrx_word' id='word_1_667' title='bbox 1260 4233 1266 4269; x_wconf 95' lang='lat'>:</span> <span class='ocrx_word' id='word_1_668' title='bbox 1279 4217 1331 4272; x_wconf 87' lang='lat' dir='ltr'><strong>Nos</strong></span> <span class='ocrx_word' id='word_1_669' title='bbox 1347 4216 1375 4267; x_wconf 88' lang='lat' dir='ltr'><strong>in</strong></span> <span class='ocrx_word' id='word_1_670' title='bbox 1391 4215 1444 4268; x_wconf 86' lang='lat' dir='ltr'><strong>ista</strong></span> <span class='ocrx_word' id='word_1_671' title='bbox 1455 4214 1595 4283; x_wconf 65' lang='lat' dir='ltr'><strong>prosiluerit</strong></span> <span class='ocrx_word' id='word_1_672' title='bbox 1609 4211 1740 4280; x_wconf 70' lang='lat' dir='ltr'><strong>edificate</strong></span> <span class='ocrx_word' id='word_1_673' title='bbox 1749 4225 1807 4265; x_wconf 89' lang='lat' dir='ltr'><strong>mo·</strong></span> 
     </span>
     <span class='ocr_line' id='line_1_51' title="bbox 157 4282 1809 4357; baseline -0.002 -20"><span class='ocrx_word' id='word_1_674' title='bbox 157 4289 240 4352; x_wconf 82' lang='lat' dir='ltr'><strong>nephe</strong></span> <span class='ocrx_word' id='word_1_675' title='bbox 248 4285 330 4339; x_wconf 73' lang='lat' dir='ltr'><strong>uilicus</strong></span> <span class='ocrx_word' id='word_1_676' title='bbox 340 4289 382 4341; x_wconf 88' lang='lat' dir='ltr'><strong>rei</strong></span> <span class='ocrx_word' id='word_1_677' title='bbox 391 4303 460 4342; x_wconf 82' lang='lat' dir='ltr'><strong>auce</strong></span> <span class='ocrx_word' id='word_1_678' title='bbox 471 4292 533 4343; x_wconf 85' lang='lat' dir='ltr'><strong>ante</strong></span> <span class='ocrx_word' id='word_1_679' title='bbox 542 4287 647 4342; x_wconf 87' lang='lat' dir='ltr'><strong>aditum</strong></span> <span class='ocrx_word' id='word_1_680' title='bbox 659 4289 696 4342; x_wconf 86' lang='lat' dir='ltr'><strong>ad</strong></span> <span class='ocrx_word' id='word_1_681' title='bbox 703 4303 750 4342; x_wconf 90' lang='lat' dir='ltr'><strong>nos</strong></span> <span class='ocrx_word' id='word_1_682' title='bbox 758 4288 859 4350; x_wconf 88' lang='lat' dir='ltr'><strong>demus,</strong></span> <span class='ocrx_word' id='word_1_683' title='bbox 873 4303 955 4357; x_wconf 78' lang='lat' dir='ltr'><strong>petam</strong></span> <span class='ocrx_word' id='word_1_684' title='bbox 1009 4289 1136 4348; x_wconf 79' lang='lat' dir='ltr'><strong>misterio,</strong></span> <span class='ocrx_word' id='word_1_685' title='bbox 1158 4288 1184 4338; x_wconf 87' lang='lat' dir='ltr'><strong>et</strong></span> <span class='ocrx_word' id='word_1_686' title='bbox 1198 4285 1345 4340; x_wconf 81' lang='lat' dir='ltr'><strong>diversorio</strong></span> <span class='ocrx_word' id='word_1_687' title='bbox 1357 4287 1466 4354; x_wconf 85' lang='lat' dir='ltr'><strong>propter</strong></span> <span class='ocrx_word' id='word_1_688' title='bbox 1481 4287 1625 4344; x_wconf 79' lang='lat' dir='ltr'><strong>castancto,</strong></span> <span class='ocrx_word' id='word_1_689' title='bbox 1645 4297 1678 4336; x_wconf 90' lang='lat' dir='ltr'><strong>ne</strong></span> <span class='ocrx_word' id='word_1_690' title='bbox 1697 4282 1768 4349; x_wconf 79' lang='lat' dir='ltr'><strong>sorte</strong></span> <span class='ocrx_word' id='word_1_691' title='bbox 1782 4285 1809 4335; x_wconf 93' lang='lat' dir='ltr'><strong>et</strong></span> 
     </span>
     <span class='ocr_line' id='line_1_52' title="bbox 156 4353 1808 4429; baseline -0.001 -23"><span class='ocrx_word' id='word_1_692' title='bbox 156 4368 203 4407; x_wconf 86' lang='lat' dir='ltr'><strong>nos</strong></span> <span class='ocrx_word' id='word_1_693' title='bbox 213 4357 242 4406; x_wconf 86' lang='lat' dir='ltr'><strong>in</strong></span> <span class='ocrx_word' id='word_1_694' title='bbox 251 4357 409 4421; x_wconf 78' lang='lat' dir='ltr'><strong>cogitatione</strong></span> <span class='ocrx_word' id='word_1_695' title='bbox 418 4359 817 4421; x_wconf 66' lang='lat' dir='ltr'><strong>mnmcctectacertrnussinu</strong></span> <span class='ocrx_word' id='word_1_696' title='bbox 826 4361 955 4429; x_wconf 86' lang='lat' dir='ltr'><strong>scriptum</strong></span> <span class='ocrx_word' id='word_1_697' title='bbox 1008 4357 1086 4411; x_wconf 86' lang='lat' dir='ltr'><strong>modo</strong></span> <span class='ocrx_word' id='word_1_698' title='bbox 1100 4354 1196 4424; x_wconf 82' lang='lat' dir='ltr'><strong>loseph</strong></span> <span class='ocrx_word' id='word_1_699' title='bbox 1205 4356 1364 4409; x_wconf 81' lang='lat' dir='ltr'><strong>cumllaria</strong></span> <span class='ocrx_word' id='word_1_700' title='bbox 1374 4356 1403 4407; x_wconf 87' lang='lat' dir='ltr'><strong>in</strong></span> <span class='ocrx_word' id='word_1_701' title='bbox 1417 4353 1550 4409; x_wconf 84' lang='lat' dir='ltr'><strong>Bethleem</strong></span> <span class='ocrx_word' id='word_1_702' title='bbox 1558 4355 1663 4407; x_wconf 72' lang='lat' dir='ltr'><strong>oenum</strong></span> <span class='ocrx_word' id='word_1_703' title='bbox 1672 4367 1724 4406; x_wconf 88' lang='lat' dir='ltr'><strong>non</strong></span> <span class='ocrx_word' id='word_1_704' title='bbox 1735 4353 1808 4405; x_wconf 87' lang='lat' dir='ltr'><strong>inoe-</strong></span> 
     </span>
     <span class='ocr_line' id='line_1_53' title="bbox 157 4423 1808 4498; baseline 0 -22"><span class='ocrx_word' id='word_1_705' title='bbox 157 4427 197 4477; x_wconf 90' lang='lat' dir='ltr'><strong>est</strong></span> <span class='ocrx_word' id='word_1_706' title='bbox 207 4442 215 4476; x_wconf 89' lang='lat'>:</span> <span class='ocrx_word' id='word_1_707' title='bbox 226 4425 328 4477; x_wconf 77' lang='lat' dir='ltr'><strong>Mentor</strong></span> <span class='ocrx_word' id='word_1_708' title='bbox 337 4427 383 4491; x_wconf 75' lang='lat' dir='ltr'><strong>sui</strong></span> <span class='ocrx_word' id='word_1_709' title='bbox 392 4430 450 4488; x_wconf 82' lang='lat' dir='ltr'><strong>Dei,</strong></span> <span class='ocrx_word' id='word_1_710' title='bbox 459 4432 484 4480; x_wconf 92' lang='lat' dir='ltr'><strong>et</strong></span> <span class='ocrx_word' id='word_1_711' title='bbox 493 4429 636 4482; x_wconf 85' lang='lat' dir='ltr'><strong>delectatus</strong></span> <span class='ocrx_word' id='word_1_712' title='bbox 645 4444 704 4482; x_wconf 90' lang='lat' dir='ltr'><strong>sum</strong></span> <span class='ocrx_word' id='word_1_713' title='bbox 716 4430 824 4496; x_wconf 88' lang='lat' dir='ltr'><strong>(Psalm.</strong></span> <span class='ocrx_word' id='word_1_714' title='bbox 836 4428 952 4498; x_wconf 79' lang='lat' dir='ltr'><strong>xxxvi).</strong></span> <span class='ocrx_word' id='word_1_715' title='bbox 1009 4429 1069 4481; x_wconf 83' lang='lat' dir='ltr'><strong>nint</strong></span> <span class='ocrx_word' id='word_1_716' title='bbox 1083 4426 1244 4494; x_wconf 65' lang='lat' dir='ltr'><strong>hospitium</strong></span> <span class='ocrx_word' id='word_1_717' title='bbox 1255 4426 1338 4478; x_wconf 87' lang='lat' dir='ltr'><strong>tant-is</strong></span> <span class='ocrx_word' id='word_1_718' title='bbox 1347 4424 1380 4478; x_wconf 87' lang='lat' dir='ltr'><strong>de</strong></span> <span class='ocrx_word' id='word_1_719' title='bbox 1390 4427 1442 4478; x_wconf 92' lang='lat' dir='ltr'><strong>toto</strong></span> <span class='ocrx_word' id='word_1_720' title='bbox 1453 4425 1513 4478; x_wconf 85' lang='lat' dir='ltr'><strong>orbe</strong></span> <span class='ocrx_word' id='word_1_721' title='bbox 1522 4424 1710 4492; x_wconf 75' lang='lat' dir='ltr'><strong>confluentibus</strong></span> <span class='ocrx_word' id='word_1_722' title='bbox 1720 4423 1808 4476; x_wconf 87' lang='lat' dir='ltr'><strong>turbis</strong></span> 
     </span>
     <span class='ocr_line' id='line_1_54' title="bbox 125 4494 1805 4565; baseline -0.002 -15"><span class='ocrx_word' id='word_1_723' title='bbox 125 4552 127 4556; x_wconf 78' lang='grc'>,</span> <span class='ocrx_word' id='word_1_724' title='bbox 157 4495 248 4562; x_wconf 85' lang='lat' dir='ltr'><strong>Neque</strong></span> <span class='ocrx_word' id='word_1_725' title='bbox 256 4508 350 4561; x_wconf 81' lang='lat' dir='ltr'><strong>eorpus</strong></span> <span class='ocrx_word' id='word_1_726' title='bbox 356 4496 476 4563; x_wconf 84' lang='lat' dir='ltr'><strong>priusad</strong></span> <span class='ocrx_word' id='word_1_727' title='bbox 484 4497 647 4562; x_wconf 74' lang='lat' dir='ltr'><strong>{unctionem</strong></span> <span class='ocrx_word' id='word_1_728' title='bbox 655 4499 771 4565; x_wconf 75' lang='lat' dir='ltr'><strong>alicujus</strong></span> <span class='ocrx_word' id='word_1_729' title='bbox 778 4501 895 4552; x_wconf 75' lang='lat' dir='ltr'><strong>munais</strong></span> <span class='ocrx_word' id='word_1_730' title='bbox 902 4514 956 4552; x_wconf 85' lang='lat' dir='ltr'><strong>rno-</strong></span> <span class='ocrx_word' id='word_1_731' title='bbox 971 4494 996 4555; x_wconf 85' lang='lat' dir='ltr'>D</span> <span class='ocrx_word' id='word_1_732' title='bbox 1011 4497 1149 4551; x_wconf 84' lang='lat' dir='ltr'><strong>obruimur</strong></span> <span class='ocrx_word' id='word_1_733' title='bbox 1162 4496 1358 4558; x_wconf 78' lang='lat' dir='ltr'><strong>menachontm,</strong></span> <span class='ocrx_word' id='word_1_734' title='bbox 1373 4498 1404 4549; x_wconf 85' lang='lat' dir='ltr'><strong>ut</strong></span> <span class='ocrx_word' id='word_1_735' title='bbox 1418 4509 1465 4548; x_wconf 86' lang='lat' dir='ltr'><strong>nec</strong></span> <span class='ocrx_word' id='word_1_736' title='bbox 1480 4499 1592 4564; x_wconf 70' lang='lat' dir='ltr'><strong>cenatum</strong></span> <span class='ocrx_word' id='word_1_737' title='bbox 1600 4509 1665 4564; x_wconf 76' lang='lat' dir='ltr'><strong>optes</strong></span> <span class='ocrx_word' id='word_1_738' title='bbox 1675 4494 1805 4555; x_wconf 84' lang='lat' dir='ltr'><strong>deserere,</strong></span> 
     </span>
     <span class='ocr_line' id='line_1_55' title="bbox 157 4564 1809 4635; baseline 0.001 -17"><span class='ocrx_word' id='word_1_739' title='bbox 157 4578 274 4625; x_wconf 80' lang='lat' dir='ltr'><strong>neamus,</strong></span> <span class='ocrx_word' id='word_1_740' title='bbox 286 4565 444 4631; x_wconf 84' lang='lat' dir='ltr'><strong>quamillud</strong></span> <span class='ocrx_word' id='word_1_741' title='bbox 454 4567 795 4635; x_wconf 70' lang='lat' dir='ltr'><strong>fecerimusquoddictum</strong></span> <span class='ocrx_word' id='word_1_742' title='bbox 806 4572 844 4621; x_wconf 88' lang='lat' dir='ltr'><strong>est</strong></span> <span class='ocrx_word' id='word_1_743' title='bbox 855 4568 956 4623; x_wconf 85' lang='lat' dir='ltr'><strong>:Oraba</strong></span> <span class='ocrx_word' id='word_1_744' title='bbox 1010 4582 1056 4621; x_wconf 91' lang='lat' dir='ltr'><strong>nec</strong></span> <span class='ocrx_word' id='word_1_745' title='bbox 1070 4580 1154 4635; x_wconf 87' lang='lat' dir='ltr'><strong>supra</strong></span> <span class='ocrx_word' id='word_1_746' title='bbox 1167 4565 1237 4621; x_wconf 86' lang='lat' dir='ltr'><strong>uires&#39;</strong></span> <span class='ocrx_word' id='word_1_747' title='bbox 1251 4565 1476 4632; x_wconf 71' lang='lat' dir='ltr'><strong>terreealeamus.</strong></span> <span class='ocrx_word' id='word_1_748' title='bbox 1494 4568 1559 4620; x_wconf 83' lang='lat' dir='ltr'><strong>Haec</strong></span> <span class='ocrx_word' id='word_1_749' title='bbox 1573 4570 1601 4620; x_wconf 87' lang='lat' dir='ltr'><strong>S.</strong></span> <span class='ocrx_word' id='word_1_750' title='bbox 1620 4564 1809 4635; x_wconf 84' lang='lat' dir='ltr'><strong>Hieronymus</strong></span> 
     </span>
     <span class='ocr_line' id='line_1_56' title="bbox 159 4634 1808 4708; baseline 0.001 -20"><span class='ocrx_word' id='word_1_751' title='bbox 159 4634 245 4694; x_wconf 86' lang='lat' dir='ltr'><strong>adte,</strong></span> <span class='ocrx_word' id='word_1_752' title='bbox 274 4637 408 4690; x_wconf 85' lang='lat' dir='ltr'><strong>Domine:</strong></span> <span class='ocrx_word' id='word_1_753' title='bbox 430 4652 507 4691; x_wconf 81' lang='lat' dir='ltr'><strong>marte</strong></span> <span class='ocrx_word' id='word_1_754' title='bbox 527 4637 720 4691; x_wconf 84' lang='lat' dir='ltr'><strong>audiesuacern</strong></span> <span class='ocrx_word' id='word_1_755' title='bbox 739 4652 825 4691; x_wconf 87' lang='lat' dir='ltr'><strong>meam</strong></span> <span class='ocrx_word' id='word_1_756' title='bbox 847 4655 855 4690; x_wconf 90' lang='lat'>:</span> <span class='ocrx_word' id='word_1_757' title='bbox 878 4653 957 4693; x_wconf 78' lang='lat' dir='ltr'><strong>marte</strong></span> <span class='ocrx_word' id='word_1_758' title='bbox 1012 4635 1677 4708; x_wconf 65' lang='lat' dir='ltr'><strong>(lamentat).lnhoccoenobio,utaliasdictum</strong></span> <span class='ocrx_word' id='word_1_759' title='bbox 1687 4635 1808 4702; x_wconf 63' lang='lat' dir='ltr'><strong>estem</strong></span> 
     </span>
     <span class='ocr_line' id='line_1_57' title="bbox 158 4704 1806 4778; baseline -0.001 -18"><span class='ocrx_word' id='word_1_760' title='bbox 158 4704 252 4760; x_wconf 87' lang='lat' dir='ltr'><strong>astabo</strong></span> <span class='ocrx_word' id='word_1_761' title='bbox 260 4705 314 4759; x_wconf 84' lang='lat' dir='ltr'><strong>tibi</strong></span> <span class='ocrx_word' id='word_1_762' title='bbox 325 4707 553 4774; x_wconf 53' lang='grc' dir='ltr'><strong>11111111111111ο</strong></span> <span class='ocrx_word' id='word_1_763' title='bbox 562 4706 799 4778; x_wconf 88' lang='lat' dir='ltr'><strong>S.Hierunymum</strong></span> <span class='ocrx_word' id='word_1_764' title='bbox 808 4707 888 4778; x_wconf 91' lang='lat' dir='ltr'><strong>epist.</strong></span> <span class='ocrx_word' id='word_1_765' title='bbox 899 4715 915 4763; x_wconf 84' lang='lat' dir='ltr'><strong>t</strong></span> <span class='ocrx_word' id='word_1_766' title='bbox 921 4708 956 4764; x_wconf 91' lang='lat' dir='ltr'><strong>ad</strong></span> <span class='ocrx_word' id='word_1_767' title='bbox 1010 4707 1106 4763; x_wconf 89' lang='lat' dir='ltr'><strong>sianus</strong></span> <span class='ocrx_word' id='word_1_768' title='bbox 1120 4705 1209 4762; x_wconf 90' lang='lat' dir='ltr'><strong>adhuc</strong></span> <span class='ocrx_word' id='word_1_769' title='bbox 1228 4722 1296 4778; x_wconf 90' lang='lat' dir='ltr'><strong>pene</strong></span> <span class='ocrx_word' id='word_1_770' title='bbox 1310 4722 1389 4778; x_wconf 88' lang='lat' dir='ltr'><strong>puer,</strong></span> <span class='ocrx_word' id='word_1_771' title='bbox 1404 4714 1452 4762; x_wconf 90' lang='lat' dir='ltr'><strong>aut</strong></span> <span class='ocrx_word' id='word_1_772' title='bbox 1465 4706 1617 4763; x_wconf 90' lang='lat' dir='ltr'><strong>admodum</strong></span> <span class='ocrx_word' id='word_1_773' title='bbox 1636 4705 1806 4770; x_wconf 90' lang='lat' dir='ltr'><strong>adolescens,</strong></span> 
     </span>
     <span class='ocr_line' id='line_1_58' title="bbox 157 4775 1809 4849; baseline -0.001 -18"><span class='ocrx_word' id='word_1_774' title='bbox 157 4776 956 4849; x_wconf 80' lang='lat' dir='ltr'><strong>LaetarmAssuescatenemploadorationeseipsclmosnocte</strong></span> <span class='ocrx_word' id='word_1_775' title='bbox 1010 4775 1809 4849; x_wconf 75' lang='lat' dir='ltr'><strong>monasticavitaeinstitutumsimulcnmipsisChristianae</strong></span> 
     </span>
     <span class='ocr_line' id='line_1_59' title="bbox 157 4848 1809 4975; baseline -0.001 -72"><span class='ocrx_word' id='word_1_776' title='bbox 157 4863 321 4916; x_wconf 79' lang='lat' dir='ltr'><strong>cmuurgere,</strong></span> <span class='ocrx_word' id='word_1_777' title='bbox 338 4864 416 4902; x_wconf 87' lang='lat' dir='ltr'><strong>mane</strong></span> <span class='ocrx_word' id='word_1_778' title='bbox 425 4850 535 4918; x_wconf 84' lang='lat' dir='ltr'><strong>hymnos</strong></span> <span class='ocrx_word' id='word_1_779' title='bbox 545 4865 647 4913; x_wconf 71' lang='lat' dir='ltr'><strong>carrae,</strong></span> <span class='ocrx_word' id='word_1_780' title='bbox 662 4852 763 4912; x_wconf 76' lang='lat' dir='ltr'><strong>Tertia,</strong></span> <span class='ocrx_word' id='word_1_781' title='bbox 776 4850 868 4912; x_wconf 83' lang='lat' dir='ltr'><strong>Sarte,</strong></span> <span class='ocrx_word' id='word_1_782' title='bbox 878 4852 956 4907; x_wconf 80' lang='lat' dir='ltr'><strong>Narra</strong></span> <span class='ocrx_word' id='word_1_783' title='bbox 1010 4848 1191 4975; x_wconf 69' lang='lat' dir='ltr'><strong>philosophiae</strong></span> <span class='ocrx_word' id='word_1_784' title='bbox 1205 4848 1370 4907; x_wconf 90' lang='lat' dir='ltr'><strong>rudimentis</strong></span> <span class='ocrx_word' id='word_1_785' title='bbox 1385 4848 1544 4919; x_wconf 88' lang='lat' dir='ltr'><strong>complexus</strong></span> <span class='ocrx_word' id='word_1_786' title='bbox 1558 4857 1608 4913; x_wconf 85' lang='lat' dir='ltr'><strong>est,</strong></span> <span class='ocrx_word' id='word_1_787' title='bbox 1621 4848 1650 4902; x_wconf 92' lang='lat' dir='ltr'><strong>in</strong></span> <span class='ocrx_word' id='word_1_788' title='bbox 1666 4862 1754 4918; x_wconf 87' lang='lat' dir='ltr'><strong>eoque</strong></span> <span class='ocrx_word' id='word_1_789' title='bbox 1768 4860 1809 4902; x_wconf 81' lang='lat' dir='ltr'><strong>re</strong></span> 
     </span>
     <span class='ocr_line' id='line_1_60' title="bbox 157 4918 1807 4993; baseline -0.001 -20"><span class='ocrx_word' id='word_1_790' title='bbox 157 4918 234 4982; x_wconf 88' lang='lat' dir='ltr'><strong>hora,</strong></span> <span class='ocrx_word' id='word_1_791' title='bbox 248 4927 301 4974; x_wconf 91' lang='lat' dir='ltr'><strong>etc.</strong></span> <span class='ocrx_word' id='word_1_792' title='bbox 315 4920 372 4976; x_wconf 92' lang='lat' dir='ltr'><strong>Uhi</strong></span> <span class='ocrx_word' id='word_1_793' title='bbox 383 4919 524 4977; x_wconf 88' lang='lat' dir='ltr'><strong>Victorius</strong></span> <span class='ocrx_word' id='word_1_794' title='bbox 535 4936 612 4975; x_wconf 74' lang='lat' dir='ltr'><strong>maroc</strong></span> <span class='ocrx_word' id='word_1_795' title='bbox 622 4919 718 4976; x_wconf 91' lang='lat' dir='ltr'><strong>horam</strong></span> <span class='ocrx_word' id='word_1_796' title='bbox 731 4921 855 4976; x_wconf 87' lang='lat' dir='ltr'><strong>Prinmm</strong></span> <span class='ocrx_word' id='word_1_797' title='bbox 867 4920 955 4976; x_wconf 90' lang='lat' dir='ltr'><strong>inter·</strong></span> <span class='ocrx_word' id='word_1_798' title='bbox 1022 4920 1029 4975; x_wconf 95' lang='lat' dir='ltr'><strong>i</strong></span> <span class='ocrx_word' id='word_1_799' title='bbox 1052 4920 1117 4976; x_wconf 82' lang='lat' dir='ltr'><strong>&#39;oste</strong></span> <span class='ocrx_word' id='word_1_800' title='bbox 1131 4919 1295 4985; x_wconf 73' lang='lat' dir='ltr'><strong>obedientias</strong></span> <span class='ocrx_word' id='word_1_801' title='bbox 1311 4918 1416 4993; x_wconf 90' lang='lat' dir='ltr'><strong>legibus</strong></span> <span class='ocrx_word' id='word_1_802' title='bbox 1433 4935 1462 4974; x_wconf 89' lang='lat' dir='ltr'><strong>se</strong></span> <span class='ocrx_word' id='word_1_803' title='bbox 1481 4919 1624 4985; x_wconf 86' lang='lat' dir='ltr'><strong>astrinxit,</strong></span> <span class='ocrx_word' id='word_1_804' title='bbox 1647 4919 1807 4990; x_wconf 82' lang='lat' dir='ltr'><strong>priusquam</strong></span> 
     </span>
     <span class='ocr_line' id='line_1_61' title="bbox 157 4989 1809 5065; baseline -0.001 -20"><span class='ocrx_word' id='word_1_805' title='bbox 157 4998 290 5060; x_wconf 85' lang='lat' dir='ltr'><strong>pretatur.</strong></span> <span class='ocrx_word' id='word_1_806' title='bbox 301 4989 625 5063; x_wconf 82' lang='lat' dir='ltr'><strong>Sedsalvapacevictorii</strong></span> <span class='ocrx_word' id='word_1_807' title='bbox 637 4991 955 5049; x_wconf 89' lang='lat' dir='ltr'><strong>etDurantinonviden·</strong></span> <span class='ocrx_word' id='word_1_808' title='bbox 1010 5006 1025 5047; x_wconf 92' lang='lat' dir='ltr'><strong>a</strong></span> <span class='ocrx_word' id='word_1_809' title='bbox 1059 4991 1167 5065; x_wconf 83' lang='lat' dir='ltr'><strong>AEgypti</strong></span> <span class='ocrx_word' id='word_1_810' title='bbox 1182 4990 1346 5048; x_wconf 85' lang='lat' dir='ltr'><strong>solitudines</strong></span> <span class='ocrx_word' id='word_1_811' title='bbox 1360 4990 1493 5061; x_wconf 90' lang='lat' dir='ltr'><strong>permissu</strong></span> <span class='ocrx_word' id='word_1_812' title='bbox 1503 4990 1675 5061; x_wconf 90' lang='lat' dir='ltr'><strong>superiorum</strong></span> <span class='ocrx_word' id='word_1_813' title='bbox 1686 5003 1750 5045; x_wconf 91' lang='lat' dir='ltr'><strong>cum</strong></span> <span class='ocrx_word' id='word_1_814' title='bbox 1760 5003 1809 5043; x_wconf 90' lang='lat' dir='ltr'><strong>so-</strong></span> 
     </span>
     <span class='ocr_line' id='line_1_62' title="bbox 157 5059 1808 5135; baseline -0.001 -20"><span class='ocrx_word' id='word_1_815' title='bbox 157 5068 204 5117; x_wconf 91' lang='lat' dir='ltr'><strong>tur</strong></span> <span class='ocrx_word' id='word_1_816' title='bbox 217 5062 438 5118; x_wconf 88' lang='lat' dir='ltr'><strong>illaSS.Patrum</strong></span> <span class='ocrx_word' id='word_1_817' title='bbox 451 5062 684 5119; x_wconf 89' lang='lat' dir='ltr'><strong>testimoniaadco</strong></span> <span class='ocrx_word' id='word_1_818' title='bbox 695 5064 767 5119; x_wconf 88' lang='lat' dir='ltr'><strong>clara</strong></span> <span class='ocrx_word' id='word_1_819' title='bbox 778 5071 805 5120; x_wconf 90' lang='lat' dir='ltr'><strong>et</strong></span> <span class='ocrx_word' id='word_1_820' title='bbox 815 5078 954 5134; x_wconf 88' lang='lat' dir='ltr'><strong>expressa,</strong></span> <span class='ocrx_word' id='word_1_821' title='bbox 1009 5062 1053 5118; x_wconf 89' lang='lat' dir='ltr'><strong>cio</strong></span> <span class='ocrx_word' id='word_1_822' title='bbox 1068 5063 1211 5119; x_wconf 89' lang='lat' dir='ltr'><strong>Germano</strong></span> <span class='ocrx_word' id='word_1_823' title='bbox 1223 5061 1451 5135; x_wconf 88' lang='lat' dir='ltr'><strong>pmficisceretur.</strong></span> <span class='ocrx_word' id='word_1_824' title='bbox 1463 5062 1542 5118; x_wconf 87' lang='lat' dir='ltr'><strong>Unde</strong></span> <span class='ocrx_word' id='word_1_825' title='bbox 1552 5069 1579 5117; x_wconf 87' lang='lat' dir='ltr'><strong>et</strong></span> <span class='ocrx_word' id='word_1_826' title='bbox 1594 5061 1694 5132; x_wconf 90' lang='lat' dir='ltr'><strong>passim</strong></span> <span class='ocrx_word' id='word_1_827' title='bbox 1703 5067 1763 5114; x_wconf 92' lang='lat' dir='ltr'><strong>tum</strong></span> <span class='ocrx_word' id='word_1_828' title='bbox 1777 5059 1808 5114; x_wconf 91' lang='lat' dir='ltr'><strong>iu</strong></span> 
     </span>
     <span class='ocr_line' id='line_1_63' title="bbox 157 5130 1804 5202; baseline 0.001 -18"><span class='ocrx_word' id='word_1_829' title='bbox 157 5133 956 5202; x_wconf 86' lang='lat' dir='ltr'><strong>utuosurgeantasententiaCassiani,aliorumetiamcal-</strong></span> <span class='ocrx_word' id='word_1_830' title='bbox 1010 5133 1054 5189; x_wconf 85' lang='lat' dir='ltr'><strong>his</strong></span> <span class='ocrx_word' id='word_1_831' title='bbox 1064 5133 1195 5200; x_wconf 87' lang='lat' dir='ltr'><strong>lih.,tum</strong></span> <span class='ocrx_word' id='word_1_832' title='bbox 1206 5133 1235 5189; x_wconf 93' lang='lat' dir='ltr'><strong>in</strong></span> <span class='ocrx_word' id='word_1_833' title='bbox 1246 5132 1446 5191; x_wconf 83' lang='lat' dir='ltr'><strong>collationibus</strong></span> <span class='ocrx_word' id='word_1_834' title='bbox 1456 5141 1534 5188; x_wconf 91' lang='lat' dir='ltr'><strong>vocat</strong></span> <span class='ocrx_word' id='word_1_835' title='bbox 1544 5148 1624 5188; x_wconf 91' lang='lat' dir='ltr'><strong>suum</strong></span> <span class='ocrx_word' id='word_1_836' title='bbox 1634 5130 1804 5196; x_wconf 76' lang='lat' dir='ltr'><strong>caenobium,</strong></span> 
     </span>
     <span class='ocr_line' id='line_1_64' title="bbox 157 5201 1809 5278; baseline 0 -22"><span class='ocrx_word' id='word_1_837' title='bbox 157 5201 220 5256; x_wconf 90' lang='lat' dir='ltr'><strong>culo</strong></span> <span class='ocrx_word' id='word_1_838' title='bbox 231 5201 605 5271; x_wconf 81' lang='lat' dir='ltr'><strong>approbata,diseederc,aut</strong></span> <span class='ocrx_word' id='word_1_839' title='bbox 612 5206 636 5260; x_wconf 87' lang='lat' dir='ltr'><strong>ei</strong></span> <span class='ocrx_word' id='word_1_840' title='bbox 648 5204 729 5261; x_wconf 88' lang='lat' dir='ltr'><strong>iidem</strong></span> <span class='ocrx_word' id='word_1_841' title='bbox 739 5205 882 5278; x_wconf 85' lang='lat' dir='ltr'><strong>derogare,</strong></span> <span class='ocrx_word' id='word_1_842' title='bbox 891 5221 955 5261; x_wconf 91' lang='lat' dir='ltr'><strong>cum</strong></span> <span class='ocrx_word' id='word_1_843' title='bbox 1009 5204 1246 5261; x_wconf 85' lang='lat' dir='ltr'><strong>aliascoenobium</strong></span> <span class='ocrx_word' id='word_1_844' title='bbox 1262 5204 1358 5277; x_wconf 73' lang='lat' dir='ltr'><strong>Syrias,</strong></span> <span class='ocrx_word' id='word_1_845' title='bbox 1374 5205 1466 5275; x_wconf 73' lang='lat' dir='ltr'><strong>inquio</strong></span> <span class='ocrx_word' id='word_1_846' title='bbox 1476 5203 1563 5272; x_wconf 86' lang='lat' dir='ltr'><strong>prima</strong></span> <span class='ocrx_word' id='word_1_847' title='bbox 1575 5204 1638 5259; x_wconf 72' lang='lat' dir='ltr'><strong>vitae</strong></span> <span class='ocrx_word' id='word_1_848' title='bbox 1647 5201 1809 5258; x_wconf 72' lang='lat' dir='ltr'><strong>monasticae</strong></span> 
     </span>
     <span class='ocr_line' id='line_1_65' title="bbox 158 5272 1806 5346; baseline 0.001 -19"><span class='ocrx_word' id='word_1_849' title='bbox 158 5279 216 5327; x_wconf 91' lang='lat' dir='ltr'><strong>tam</strong></span> <span class='ocrx_word' id='word_1_850' title='bbox 229 5272 568 5342; x_wconf 85' lang='lat' dir='ltr'><strong>expressedicatoillcium</strong></span> <span class='ocrx_word' id='word_1_851' title='bbox 582 5276 681 5332; x_wconf 72' lang='lat' dir='ltr'><strong>Primae</strong></span> <span class='ocrx_word' id='word_1_852' title='bbox 691 5291 741 5332; x_wconf 91' lang='lat' dir='ltr'><strong>suo</strong></span> <span class='ocrx_word' id='word_1_853' title='bbox 752 5277 873 5346; x_wconf 90' lang='lat' dir='ltr'><strong>primum</strong></span> <span class='ocrx_word' id='word_1_854' title='bbox 883 5284 955 5331; x_wconf 84' lang='lat' dir='ltr'><strong>tem·</strong></span> <span class='ocrx_word' id='word_1_855' title='bbox 1008 5275 1166 5331; x_wconf 91' lang='lat' dir='ltr'><strong>rudimenta</strong></span> <span class='ocrx_word' id='word_1_856' title='bbox 1207 5284 1355 5346; x_wconf 84' lang='lat' dir='ltr'><strong>erceperat,</strong></span> <span class='ocrx_word' id='word_1_857' title='bbox 1378 5275 1452 5346; x_wconf 85' lang='lat' dir='ltr'><strong>quad</strong></span> <span class='ocrx_word' id='word_1_858' title='bbox 1468 5275 1553 5346; x_wconf 76' lang='lat' dir='ltr'><strong>Syria</strong></span> <span class='ocrx_word' id='word_1_859' title='bbox 1568 5290 1630 5346; x_wconf 88' lang='lat' dir='ltr'><strong>pars</strong></span> <span class='ocrx_word' id='word_1_860' title='bbox 1645 5274 1680 5329; x_wconf 90' lang='lat' dir='ltr'><strong>sit</strong></span> <span class='ocrx_word' id='word_1_861' title='bbox 1699 5273 1806 5340; x_wconf 83' lang='lat' dir='ltr'><strong>Judaea,</strong></span> 
     </span>
     <span class='ocr_line' id='line_1_66' title="bbox 157 5292 1808 5417; baseline 0 -19"><span class='ocrx_word' id='word_1_862' title='bbox 157 5343 579 5413; x_wconf 79' lang='lat' dir='ltr'><strong>porcinstttutumtuisse.bam</strong></span> <span class='ocrx_word' id='word_1_863' title='bbox 592 5346 956 5417; x_wconf 89' lang='lat' dir='ltr'><strong>Patrescitatinonloquuu·</strong></span> <span class='ocrx_word' id='word_1_864' title='bbox 1008 5345 1038 5401; x_wconf 94' lang='lat' dir='ltr'><strong>in</strong></span> <span class='ocrx_word' id='word_1_865' title='bbox 1069 5362 1102 5401; x_wconf 91' lang='lat' dir='ltr'><strong>ua</strong></span> <span class='ocrx_word' id='word_1_866' title='bbox 1118 5292 1257 5402; x_wconf 59' lang='lat' dir='ltr'><strong>Hethfeem</strong></span> <span class='ocrx_word' id='word_1_867' title='bbox 1272 5346 1335 5410; x_wconf 89' lang='lat' dir='ltr'><strong>sita,</strong></span> <span class='ocrx_word' id='word_1_868' title='bbox 1350 5355 1381 5401; x_wconf 90' lang='lat' dir='ltr'><strong>ut</strong></span> <span class='ocrx_word' id='word_1_869' title='bbox 1392 5354 1488 5401; x_wconf 91' lang='lat' dir='ltr'><strong>notum</strong></span> <span class='ocrx_word' id='word_1_870' title='bbox 1504 5354 1560 5411; x_wconf 68' lang='grc' dir='ltr'><strong>θεῖς</strong></span> <span class='ocrx_word' id='word_1_871' title='bbox 1577 5345 1642 5400; x_wconf 87' lang='lat' dir='ltr'><strong>alibi</strong></span> <span class='ocrx_word' id='word_1_872' title='bbox 1654 5343 1808 5414; x_wconf 87' lang='lat' dir='ltr'><strong>expressius</strong></span> 
     </span>
     <span class='ocr_line' id='line_1_67' title="bbox 156 5412 1810 5488; baseline 0.001 -20"><span class='ocrx_word' id='word_1_873' title='bbox 156 5420 202 5468; x_wconf 88' lang='lat' dir='ltr'><strong>tur</strong></span> <span class='ocrx_word' id='word_1_874' title='bbox 217 5412 251 5468; x_wconf 91' lang='lat' dir='ltr'><strong>de</strong></span> <span class='ocrx_word' id='word_1_875' title='bbox 266 5415 369 5478; x_wconf 83' lang='lat' dir='ltr'><strong>Prima,</strong></span> <span class='ocrx_word' id='word_1_876' title='bbox 379 5414 418 5470; x_wconf 89' lang='lat' dir='ltr'><strong>de</strong></span> <span class='ocrx_word' id='word_1_877' title='bbox 432 5431 484 5487; x_wconf 88' lang='lat' dir='ltr'><strong>qua</strong></span> <span class='ocrx_word' id='word_1_878' title='bbox 500 5431 605 5471; x_wconf 88' lang='lat' dir='ltr'><strong>nunna</strong></span> <span class='ocrx_word' id='word_1_879' title='bbox 626 5418 692 5484; x_wconf 86' lang='lat' dir='ltr'><strong>itur,</strong></span> <span class='ocrx_word' id='word_1_880' title='bbox 706 5417 755 5472; x_wconf 88' lang='lat' dir='ltr'><strong>scd</strong></span> <span class='ocrx_word' id='word_1_881' title='bbox 769 5418 803 5472; x_wconf 90' lang='lat' dir='ltr'><strong>de</strong></span> <span class='ocrx_word' id='word_1_882' title='bbox 818 5418 954 5472; x_wconf 79' lang='lat' dir='ltr'><strong>Matutine</strong></span> <span class='ocrx_word' id='word_1_883' title='bbox 1008 5418 1059 5472; x_wconf 83' lang='lat' dir='ltr'><strong>Bet</strong></span> <span class='ocrx_word' id='word_1_884' title='bbox 1080 5417 1263 5483; x_wconf 77' lang='lat' dir='ltr'><strong>leemiticum3</strong></span> <span class='ocrx_word' id='word_1_885' title='bbox 1275 5416 1341 5474; x_wconf 91' lang='lat' dir='ltr'><strong>alibi</strong></span> <span class='ocrx_word' id='word_1_886' title='bbox 1352 5416 1600 5488; x_wconf 69' lang='lat' dir='ltr'><strong>Spelaeuminqno</strong></span> <span class='ocrx_word' id='word_1_887' title='bbox 1612 5416 1747 5470; x_wconf 78' lang='lat' dir='ltr'><strong>Domitius</strong></span> <span class='ocrx_word' id='word_1_888' title='bbox 1757 5429 1810 5470; x_wconf 91' lang='lat' dir='ltr'><strong>no·</strong></span> 
     </span>
     <span class='ocr_line' id='line_1_68' title="bbox 157 5484 1808 5560; baseline -0.001 -20"><span class='ocrx_word' id='word_1_889' title='bbox 157 5485 343 5548; x_wconf 84' lang='lat' dir='ltr'><strong>solemnitate,</strong></span> <span class='ocrx_word' id='word_1_890' title='bbox 358 5484 410 5541; x_wconf 92' lang='lat' dir='ltr'><strong>hoc</strong></span> <span class='ocrx_word' id='word_1_891' title='bbox 423 5495 474 5547; x_wconf 83' lang='lat' dir='ltr'><strong>est.</strong></span> <span class='ocrx_word' id='word_1_892' title='bbox 489 5486 523 5541; x_wconf 93' lang='lat' dir='ltr'><strong>de</strong></span> <span class='ocrx_word' id='word_1_893' title='bbox 537 5488 595 5542; x_wconf 85' lang='lat' dir='ltr'><strong>Lau</strong></span> <span class='ocrx_word' id='word_1_894' title='bbox 616 5487 688 5554; x_wconf 91' lang='lat' dir='ltr'><strong>ihus,</strong></span> <span class='ocrx_word' id='word_1_895' title='bbox 710 5503 771 5560; x_wconf 81' lang='lat' dir='ltr'><strong>quae</strong></span> <span class='ocrx_word' id='word_1_896' title='bbox 785 5487 909 5543; x_wconf 91' lang='lat' dir='ltr'><strong>diluculo</strong></span> <span class='ocrx_word' id='word_1_897' title='bbox 928 5494 956 5543; x_wconf 89' lang='lat' dir='ltr'><strong>et</strong></span> <span class='ocrx_word' id='word_1_898' title='bbox 1008 5495 1065 5543; x_wconf 88' lang='lat' dir='ltr'><strong>ster</strong></span> <span class='ocrx_word' id='word_1_899' title='bbox 1079 5487 1113 5545; x_wconf 93' lang='lat' dir='ltr'><strong>de</strong></span> <span class='ocrx_word' id='word_1_900' title='bbox 1128 5489 1190 5544; x_wconf 90' lang='lat' dir='ltr'><strong>aula</strong></span> <span class='ocrx_word' id='word_1_901' title='bbox 1205 5489 1277 5544; x_wconf 89' lang='lat' dir='ltr'><strong>uteri</strong></span> <span class='ocrx_word' id='word_1_902' title='bbox 1289 5488 1430 5560; x_wconf 82' lang='lat' dir='ltr'><strong>virginalis</strong></span> <span class='ocrx_word' id='word_1_903' title='bbox 1444 5485 1550 5543; x_wconf 85' lang='lat' dir='ltr'><strong>ellulsit</strong></span> <span class='ocrx_word' id='word_1_904' title='bbox 1568 5488 1634 5554; x_wconf 85' lang='lat' dir='ltr'><strong>(lib.</strong></span> <span class='ocrx_word' id='word_1_905' title='bbox 1655 5502 1698 5549; x_wconf 79' lang='lat' dir='ltr'><strong>tv,</strong></span> <span class='ocrx_word' id='word_1_906' title='bbox 1716 5502 1738 5540; x_wconf 89' lang='lat' dir='ltr'><strong>c.</strong></span> <span class='ocrx_word' id='word_1_907' title='bbox 1757 5491 1808 5551; x_wconf 80' lang='lat' dir='ltr'><strong>tt;</strong></span> 
     </span>
     <span class='ocr_line' id='line_1_69' title="bbox 158 5555 1811 5629; baseline 0.001 -18"><span class='ocrx_word' id='word_1_908' title='bbox 158 5569 251 5619; x_wconf 86' lang='lat' dir='ltr'><strong>mane,</strong></span> <span class='ocrx_word' id='word_1_909' title='bbox 262 5571 309 5611; x_wconf 91' lang='lat' dir='ltr'><strong>seu</strong></span> <span class='ocrx_word' id='word_1_910' title='bbox 323 5557 459 5612; x_wconf 90' lang='lat' dir='ltr'><strong>matutina</strong></span> <span class='ocrx_word' id='word_1_911' title='bbox 471 5565 607 5629; x_wconf 88' lang='lat' dir='ltr'><strong>tempore,</strong></span> <span class='ocrx_word' id='word_1_912' title='bbox 618 5557 670 5614; x_wconf 90' lang='lat' dir='ltr'><strong>hoc</strong></span> <span class='ocrx_word' id='word_1_913' title='bbox 680 5566 731 5625; x_wconf 91' lang='lat' dir='ltr'><strong>est,</strong></span> <span class='ocrx_word' id='word_1_914' title='bbox 743 5557 793 5613; x_wconf 90' lang='lat' dir='ltr'><strong>suh</strong></span> <span class='ocrx_word' id='word_1_915' title='bbox 804 5573 914 5622; x_wconf 88' lang='lat' dir='ltr'><strong>aurora,</strong></span> <span class='ocrx_word' id='word_1_916' title='bbox 928 5565 956 5612; x_wconf 89' lang='lat' dir='ltr'><strong>et</strong></span> <span class='ocrx_word' id='word_1_917' title='bbox 1009 5559 1104 5615; x_wconf 77' lang='lat' dir='ltr'><strong>tollat.</strong></span> <span class='ocrx_word' id='word_1_918' title='bbox 1126 5565 1168 5624; x_wconf 87' lang='lat' dir='ltr'><strong>lt,</strong></span> <span class='ocrx_word' id='word_1_919' title='bbox 1183 5573 1206 5613; x_wconf 90' lang='lat' dir='ltr'><strong>c.</strong></span> <span class='ocrx_word' id='word_1_920' title='bbox 1225 5567 1234 5614; x_wconf 94' lang='grc'><strong>1</strong></span> <span class='ocrx_word' id='word_1_921' title='bbox 1254 5564 1279 5614; x_wconf 90' lang='lat' dir='ltr'><strong>et</strong></span> <span class='ocrx_word' id='word_1_922' title='bbox 1293 5565 1324 5625; x_wconf 79' lang='lat'><strong>⁵3</strong></span> <span class='ocrx_word' id='word_1_923' title='bbox 1338 5559 1433 5616; x_wconf 79' lang='lat' dir='ltr'><strong>Callet:</strong></span> <span class='ocrx_word' id='word_1_924' title='bbox 1452 5564 1497 5623; x_wconf 85' lang='grc'><strong>11,</strong></span> <span class='ocrx_word' id='word_1_925' title='bbox 1512 5574 1534 5612; x_wconf 89' lang='lat' dir='ltr'><strong>c.</strong></span> <span class='ocrx_word' id='word_1_926' title='bbox 1552 5565 1568 5614; x_wconf 80' lang='lat'><em>2</em></span> <span class='ocrx_word' id='word_1_927' title='bbox 1583 5562 1608 5612; x_wconf 89' lang='lat' dir='ltr'><strong>et</strong></span> <span class='ocrx_word' id='word_1_928' title='bbox 1622 5560 1663 5625; x_wconf 76' lang='lat'><strong>5).</strong></span> <span class='ocrx_word' id='word_1_929' title='bbox 1681 5555 1811 5612; x_wconf 87' lang='lat' dir='ltr'><strong>Meminit</strong></span> 
     </span>
     <span class='ocr_line' id='line_1_70' title="bbox 158 5626 1811 5701; baseline 0 -19"><span class='ocrx_word' id='word_1_930' title='bbox 158 5632 222 5682; x_wconf 89' lang='lat' dir='ltr'><strong>ante</strong></span> <span class='ocrx_word' id='word_1_931' title='bbox 243 5627 309 5682; x_wconf 92' lang='lat' dir='ltr'><strong>solis</strong></span> <span class='ocrx_word' id='word_1_932' title='bbox 328 5635 420 5682; x_wconf 90' lang='lat' dir='ltr'><strong>ortum</strong></span> <span class='ocrx_word' id='word_1_933' title='bbox 432 5629 503 5698; x_wconf 88' lang='lat' dir='ltr'><strong>apud</strong></span> <span class='ocrx_word' id='word_1_934' title='bbox 520 5636 625 5684; x_wconf 85' lang='lat' dir='ltr'><strong>veteres</strong></span> <span class='ocrx_word' id='word_1_935' title='bbox 640 5628 782 5684; x_wconf 89' lang='lat' dir='ltr'><strong>decantari</strong></span> <span class='ocrx_word' id='word_1_936' title='bbox 801 5632 901 5696; x_wconf 85' lang='lat' dir='ltr'><strong>solent,</strong></span> <span class='ocrx_word' id='word_1_937' title='bbox 924 5637 955 5683; x_wconf 95' lang='lat' dir='ltr'><strong>ut</strong></span> <span class='ocrx_word' id='word_1_938' title='bbox 1008 5629 1132 5701; x_wconf 87' lang='lat' dir='ltr'><strong>ejusdem</strong></span> <span class='ocrx_word' id='word_1_939' title='bbox 1148 5630 1309 5684; x_wconf 87' lang='lat' dir='ltr'><strong>monasterii</strong></span> <span class='ocrx_word' id='word_1_940' title='bbox 1327 5637 1355 5685; x_wconf 91' lang='lat' dir='ltr'><strong>et</strong></span> <span class='ocrx_word' id='word_1_941' title='bbox 1368 5628 1571 5686; x_wconf 88' lang='lat' dir='ltr'><strong>monachorum</strong></span> <span class='ocrx_word' id='word_1_942' title='bbox 1591 5631 1620 5684; x_wconf 92' lang='lat' dir='ltr'><strong>S.</strong></span> <span class='ocrx_word' id='word_1_943' title='bbox 1641 5626 1811 5697; x_wconf 81' lang='lat' dir='ltr'><strong>Epiphanius</strong></span> 
     </span>
     <span class='ocr_line' id='line_1_71' title="bbox 157 5696 1810 5772; baseline -0.001 -19"><span class='ocrx_word' id='word_1_944' title='bbox 157 5696 263 5753; x_wconf 88' lang='lat' dir='ltr'><strong>dictum</strong></span> <span class='ocrx_word' id='word_1_945' title='bbox 277 5705 327 5753; x_wconf 91' lang='lat' dir='ltr'><strong>cst.</strong></span> <span class='ocrx_word' id='word_1_946' title='bbox 346 5700 485 5754; x_wconf 76' lang='lat' dir='ltr'><strong>Caeterum</strong></span> <span class='ocrx_word' id='word_1_947' title='bbox 499 5700 647 5755; x_wconf 84' lang='lat' dir='ltr'><strong>Cassiarms</strong></span> <span class='ocrx_word' id='word_1_948' title='bbox 662 5700 685 5755; x_wconf 90' lang='lat' dir='ltr'><strong>si</strong></span> <span class='ocrx_word' id='word_1_949' title='bbox 699 5699 857 5770; x_wconf 85' lang='lat' dir='ltr'><strong>diligentius</strong></span> <span class='ocrx_word' id='word_1_950' title='bbox 870 5699 956 5771; x_wconf 91' lang='lat' dir='ltr'><strong>iuspi·</strong></span> <span class='ocrx_word' id='word_1_951' title='bbox 1008 5699 1038 5755; x_wconf 92' lang='lat' dir='ltr'><strong>in</strong></span> <span class='ocrx_word' id='word_1_952' title='bbox 1053 5699 1134 5771; x_wconf 87' lang='lat' dir='ltr'><strong>epist.</strong></span> <span class='ocrx_word' id='word_1_953' title='bbox 1149 5698 1184 5755; x_wconf 94' lang='lat' dir='ltr'><strong>ad</strong></span> <span class='ocrx_word' id='word_1_954' title='bbox 1197 5701 1331 5756; x_wconf 90' lang='lat' dir='ltr'><strong>loannem</strong></span> <span class='ocrx_word' id='word_1_955' title='bbox 1343 5700 1640 5772; x_wconf 87' lang='lat' dir='ltr'><strong>Hierosolymitanum,</strong></span> <span class='ocrx_word' id='word_1_956' title='bbox 1653 5707 1680 5754; x_wconf 91' lang='lat' dir='ltr'><strong>et</strong></span> <span class='ocrx_word' id='word_1_957' title='bbox 1691 5703 1726 5756; x_wconf 88' lang='lat' dir='ltr'><strong>D.</strong></span> <span class='ocrx_word' id='word_1_958' title='bbox 1739 5696 1810 5753; x_wconf 87' lang='lat' dir='ltr'><strong>Hie-</strong></span> 
     </span>
     <span class='ocr_line' id='line_1_72' title="bbox 158 5767 1812 5843; baseline 0.001 -20"><span class='ocrx_word' id='word_1_959' title='bbox 158 5769 258 5836; x_wconf 90' lang='lat' dir='ltr'><strong>ciatnr,</strong></span> <span class='ocrx_word' id='word_1_960' title='bbox 268 5767 416 5839; x_wconf 88' lang='lat' dir='ltr'><strong>duplicem,</strong></span> <span class='ocrx_word' id='word_1_961' title='bbox 429 5769 486 5825; x_wconf 83' lang='lat' dir='ltr'><strong>sire</strong></span> <span class='ocrx_word' id='word_1_962' title='bbox 496 5769 635 5843; x_wconf 87' lang='lat' dir='ltr'><strong>geminam</strong></span> <span class='ocrx_word' id='word_1_963' title='bbox 649 5769 815 5825; x_wconf 86' lang='lat' dir='ltr'><strong>llatutinam</strong></span> <span class='ocrx_word' id='word_1_964' title='bbox 826 5768 953 5826; x_wconf 87' lang='lat' dir='ltr'><strong>solemni·</strong></span> <span class='ocrx_word' id='word_1_965' title='bbox 1007 5785 1072 5825; x_wconf 91' lang='lat' dir='ltr'><strong>ron.</strong></span> <span class='ocrx_word' id='word_1_966' title='bbox 1093 5769 1175 5842; x_wconf 84' lang='lat' dir='ltr'><strong>epist.</strong></span> <span class='ocrx_word' id='word_1_967' title='bbox 1195 5770 1230 5826; x_wconf 92' lang='lat' dir='ltr'><strong>ad</strong></span> <span class='ocrx_word' id='word_1_968' title='bbox 1245 5772 1416 5842; x_wconf 88' lang='lat' dir='ltr'><strong>btarcellam,</strong></span> <span class='ocrx_word' id='word_1_969' title='bbox 1437 5770 1484 5828; x_wconf 90' lang='lat' dir='ltr'><strong>ubl</strong></span> <span class='ocrx_word' id='word_1_970' title='bbox 1508 5786 1570 5826; x_wconf 83' lang='lat' dir='ltr'><strong>eam</strong></span> <span class='ocrx_word' id='word_1_971' title='bbox 1590 5771 1692 5826; x_wconf 88' lang='lat' dir='ltr'><strong>invitat</strong></span> <span class='ocrx_word' id='word_1_972' title='bbox 1710 5768 1746 5825; x_wconf 89' lang='lat' dir='ltr'><strong>ad</strong></span> <span class='ocrx_word' id='word_1_973' title='bbox 1760 5781 1812 5824; x_wconf 89' lang='lat' dir='ltr'><strong>rus</strong></span> 
     </span>
     <span class='ocr_line' id='line_1_73' title="bbox 156 5838 1741 5912; baseline 0.001 -16"><span class='ocrx_word' id='word_1_974' title='bbox 156 5846 247 5896; x_wconf 86' lang='lat' dir='ltr'><strong>tatem</strong></span> <span class='ocrx_word' id='word_1_975' title='bbox 258 5838 397 5908; x_wconf 84' lang='lat' dir='ltr'><strong>distinxit,</strong></span> <span class='ocrx_word' id='word_1_976' title='bbox 407 5847 501 5896; x_wconf 89' lang='lat' dir='ltr'><strong>ettam</strong></span> <span class='ocrx_word' id='word_1_977' title='bbox 511 5839 632 5909; x_wconf 87' lang='lat' dir='ltr'><strong>laudes,</strong></span> <span class='ocrx_word' id='word_1_978' title='bbox 641 5854 724 5912; x_wconf 80' lang='lat' dir='ltr'><strong>quam</strong></span> <span class='ocrx_word' id='word_1_979' title='bbox 736 5840 857 5897; x_wconf 74' lang='grc'><strong>1111111111</strong></span> <span class='ocrx_word' id='word_1_980' title='bbox 869 5842 956 5896; x_wconf 81' lang='lat' dir='ltr'><strong>blatu-</strong></span> <span class='ocrx_word' id='word_1_981' title='bbox 1008 5839 1265 5911; x_wconf 85' lang='lat' dir='ltr'><strong>Bethleemiticum,</strong></span> <span class='ocrx_word' id='word_1_982' title='bbox 1279 5842 1328 5899; x_wconf 90' lang='lat' dir='ltr'><strong>ubi</strong></span> <span class='ocrx_word' id='word_1_983' title='bbox 1343 5842 1394 5900; x_wconf 88' lang='lat' dir='ltr'><strong>sita</strong></span> <span class='ocrx_word' id='word_1_984' title='bbox 1410 5851 1489 5900; x_wconf 84' lang='lat' dir='ltr'><strong>eram</strong></span> <span class='ocrx_word' id='word_1_985' title='bbox 1502 5842 1550 5899; x_wconf 89' lang='lat' dir='ltr'><strong>illa</strong></span> <span class='ocrx_word' id='word_1_986' title='bbox 1562 5841 1741 5898; x_wconf 85' lang='lat' dir='ltr'><strong>monasteria.</strong></span> 
     </span>
    </p>
   </div>
   <div class='ocr_carea' id='block_1_6' title="bbox 0 0 1928 6148">
    <p class='ocr_par' dir='ltr' id='par_1_7' title="bbox 0 0 1928 6148">
     <span class='ocr_line' id='line_1_74' title="bbox 0 0 1928 6148; baseline 0 0"><span class='ocrx_word' id='word_1_987' title='bbox 0 0 1928 6148; x_wconf 95' lang='lat' dir='ltr'><strong> </strong></span> 
     </span>
    </p>
   </div>
  </div>
 </body>
</html>
