3848 6158
159 221 211 279 287
833 217 974 275 loannis
991 217 1145 275 cassian}
1764 215 1819 270 288

453 345 574 404 CAPUT
588 347 666 402 th.
976 342 1137 410 Aelibanus
1154 342 1244 399 carnis
1261 349 1372 409 nostrae,
1387 356 1469 414 quem
1484 357 1530 398 rer
1544 340 1709 418 Babylonius
1729 339 1822 396 incen-

162 467 265 524 Deolio
276 463 401 533 Apostoli
414 461 563 516 testimonio
577 476 658 530 super
671 458 960 516 eodemsoaolimont'o.
1015 437 1076 494 fillss
1092 437 1296 510 ⁸¹¹880³¹5⁰¹¹¹¹¹¹¹
1320 436 1472 492 fflfflflfium
1493 435 1656 492 ⁸⁰⁰00⁰d0f0
1676 450 1735 491 ”⁰¹¹
1748 432 1820 491 Μ·

1016 530 1072 597 stit,
1090 529 1271 586 descendente
1282 529 1311 586 in
1333 528 1418 587 corda
1436 537 1529 586 nostra
1550 543 1614 585 rore
1628 527 1715 585 sancti
1736 527 1821 600 Spiri-

1017 631 1073 694 tus,
1088 624 1284 696 exstinguatur.

1296 717 1416 774 CAPUT
1432 717 1541 772 XVlll.

1050 810 1206 868 castitatem
1219 812 1274 865 niti
1285 810 1449 878 numilitate,
1466 815 1492 865 et
1505 811 1648 865 scientiam
1658 809 1795 863 castitate.

1054 904 1096 959 Ut
1106 903 1180 958 enim
1191 901 1260 958 hanc
1269 901 1389 958 seniores
1399 902 1476 958 aiunt
1484 898 1651 973 apprehendi
1661 914 1718 955 non
1729 914 1822 971 posse,

1018 997 1031 1027 θ
1047 994 1098 1051 nisi
1110 995 1185 1066 prius
1199 993 1360 1051 humilitatis
1379 993 1408 1049 in
1425 992 1508 1050 corde
1528 991 1707 1049 fundamenta
1720 991 1826 1051 luerint

1019 1088 1173 1156 collocata3
1191 1088 1227 1144 ita
1238 1103 1289 1144 nec
1307 1087 1341 1145 ad
1359 1086 1464 1144 tonum
1485 1084 1595 1158 quidem
1614 1101 1686 1143 rerae
1704 1086 1827 1145 scientiae

1020 1183 1151 1256 perveniri
1166 1196 1245 1254 posse
1258 1181 1408 1251 deliniunt,
1422 1180 1510 1237 donec
1522 1180 1705 1251 penetralibus
1719 1181 1823 1238 animae

1020 1285 1122 1333 nostrae
1138 1275 1216 1333 radix
1234 1276 1292 1332 vitii
1307 1274 1390 1349 hujus
1408 1274 1561 1332 insederit:
1580 1282 1608 1330 et
1621 1272 1749 1346 possibile
1764 1275 1828 1346 qui·

1021 1369 1084 1426 dem
1105 1385 1164 1427 esse
1185 1370 1369 1444 integritatem
1384 1370 1442 1426 sine
1459 1369 1579 1426 scientia
1599 1369 1683 1442 gutia
1695 1369 1827 1441 reperiri,

1021 1452 1214 1539 ‘'impossibile
1229 1479 1296 1522 rero
1315 1465 1458 1521 scientiam
1473 1464 1622 1534 spiritalem
1635 1463 1702 1520 ,sinc
1715 1463 1829 1537 integri-

448 1542 568 1599 CAPUT
582 1541 675 1598 XVH·
1021 1561 1085 1616 tatis
1092 1559 1254 1616 castimonia
1265 1557 1409 1632 possideri.
1422 1559 1492 1629 Quia
1502 1567 1530 1614 ct
1540 1558 1646 1614 diversa
1658 1565 1723 1614 sunt
1733 1556 1827 1629 dona,

165 1659 240 1727 Qud
252 1672 311 1728 spes
323 1658 487 1713 sublimioris
495 1659 606 1727 proemii
615 1657 710 1711 debeat
723 1655 871 1711 cotodtom
883 1658 967 1710 emti-
1021 1662 1049 1710 et
1063 1669 1119 1710 non
1132 1652 1262 1710 omnibns
1276 1669 1330 1709 una
1343 1654 1429 1724 gratia
1448 1650 1565 1723 Spiritus
1584 1651 1669 1708 sancti
1684 1649 1827 1723 tribuitur,

479 1731 664 1796 “niwim-
980 1747 1070 1828 Bsed
1082 1752 1094 1782 ⁰
1106 1746 1140 1804 ad
1161 1763 1243 1820 quam
1256 1762 1286 1803 se
1306 1745 1491 1818 unusquisque
1516 1744 1607 1801 studio
1627 1744 1667 1800 rel
1689 1724 1828 1802 industria

199 585 234 638 Et
243 581 304 637 licet
314 580 347 636 ad
364 578 447 636 linem
458 578 542 634 libelli
557 577 652 634 tendat
668 576 771 647 oratio,
786 574 858 633 aliud
875 575 964 632 adbuc

161 673 248 730 simile
259 672 325 729 huic
338 670 553 744 praetermissum
568 668 690 742 ejusdem
702 669 819 742 apostoli
837 667 962 724 testimo·

162 765 239 822 nium
251 752 365 838 ponam.
386 762 429 818 Ad
443 761 576 818 chraeos
594 776 713 833 namque
727 759 848 818 scribens
863 778 869 814 :
884 770 897 796 ⁸
912 763 962 816 Pa-

162 876 234 928 cem,
254 857 350 928 inquit,
370 855 510 912 sectamini
523 871 589 912 cum
605 855 750 922 omnibus,
770 863 797 911 et
815 853 964 912 sanctimo-

162 953 252 1018 niam,
266 952 324 1007 sine
338 965 390 1022 qua
403 965 485 1006 nemo
498 948 598 1006 ridebit
612 952 702 1005 Deum
724 949 899 1016 (Heor.x11).
913 947 966 1004 Hic

162 1061 271 1118 quoque
285 1043 425 1101 evidenter
438 1043 495 1099 sine
511 1041 702 1109 sanctimonia,
715 1056 799 1113 quatu
811 1040 881 1099 solet
895 1041 965 1099 inte·

162 1141 289 1213 gnitatem
310 1138 428 1205 mentis,
443 1136 486 1192 sel
506 1136 652 1208 puritatem
674 1133 797 1207 corporis
815 1121 964 1208 appellare,

162 1232 349 1306 pronuntiavit
366 1233 458 1287 Deum
474 1229 582 1301 penitus
602 1228 684 1285 videri
701 1244 756 1285 non
770 1243 870 1301 posse,
884 1228 966 1300 siqui·

162 1327 225 1383 dem
247 1335 274 1381 et
293 1325 338 1380 hic
352 1323 477 1381 similiter
498 1321 589 1391 inlcrt,
603 1321 731 1379 eumdem
748 1338 859 1378 sensum
882 1323 968 1395 expla-

164 1437 232 1476 nans
246 1439 253 1476 ι
269 1422 311 1476 Ne
322 1418 382 1491 quis
395 1416 546 1475 fornicator
559 1426 606 1473 aut
618 1415 757 1490 profanus,
771 1425 801 1473 ut
813 1418 895 1473 Esau.

199 1849 296 1917 ltaque
309 1852 441 1917 quantum
461 1843 580 1901 sublime
596 1842 759 1915 coelesteque
771 1850 812 1898 est
824 1841 967 1915 praemium
1020 1858 1070 1900 sua
1091 1842 1206 1916 dignum
1228 1850 1378 1915 aptumque
1400 1839 1556 1913 praebuerit.
1579 1839 1704 1912 Denique
1718 1855 1783 1896 cum
1795 1839 1829 1896 in

166 1939 314 2009 castitatis,
334 1947 412 1994 tanto
435 1937 604 2010 gravioribus
627 1934 845 1993 adversariorum
866 1934 969 1992 insidiis
1022 1934 1294 2009 omnibusapostolis
1310 1933 1414 1990 sanctis
1427 1933 1514 1989 virtus
1531 1932 1692 2005 integritatis
1706 1929 1827 2004 perlecta

165 2031 314 2088 lacessitur.
341 2035 375 2086 ut
392 2030 492 2086 idcirco
515 2029 676 2101 propensius
693 2026 773 2084 nobis
786 2036 838 2096 est,
853 2043 909 2083 non
924 2043 969 2085 so·
1023 2029 1105 2086 luisse
1123 2028 1260 2097 credatur,
1279 2027 1463 2085 abundantius
1475 2035 1567 2084 tamen
1585 2027 1706 2083 scientia)
1720 2025 1828 2083 donum

166 2126 223 2181 lum
239 2123 405 2180 continentia
417 2122 548 2194 corporis,
562 2136 660 2177 rerum
675 2121 759 2176 etiam
773 2120 900 2178 contritio
914 2136 970 2177 cor-
1022 2122 1180 2178 exuberavit
1199 2122 1226 2176 in
1242 2121 1344 2190 Paulo,
1360 2120 1425 2193 quia
1439 2134 1469 2175 se
1481 2119 1516 2176 ad
1529 2119 1601 2176 hanc
1614 2126 1710 2192 aptum
1732 2118 1827 2176 solerti

165 2217 207 2273 dis
229 2215 344 2273 assiduis
368 2215 537 2272 orationum·
549 2213 696 2287 gemitibus
717 2213 881 2284 adhibenda,
905 2208 919 2248 b
940 2223 971 2272 ut
1023 2215 1114 2273 studio
1126 2223 1207 2287 atquo
1222 2213 1353 2271 industria
1369 2213 1538 2285 praeparavit.
1832 2222 1835 2228 ·

720 2373 848 2429 attunt
866 2372 979 2429 GAZAEl
998 2372 1278 2430 COMMENTARIUS.
1311 2443 1313 2447 Ι

208 2519 220 2548 ²
238 2515 339 2572 Probat
352 2515 495 2573 Cassianus
510 2515 564 2571 alio
577 2513 701 2585 Apostoli
715 2513 874 2571 testimonio
888 2516 966 2570 casti·
1024 2518 1157 2579 omittere,
1171 2520 1197 2570 et
1208 2515 1287 2569 uliud
1296 2517 1378 2570 oculis
1388 2515 1556 2581 comminari,
1569 2513 1645 2568 aliud
1651 2512 1771 2583 probem
1783 2516 1828 2568 to·

172 2587 233 2642 tatis
250 2590 474 2660 praerogativam,
497 2587 531 2642 dc
553 2602 606 2654 qua
626 2585 760 2658 superiori
773 2586 876 2657 capite;
896 2586 971 2657 quod
1024 2589 1081 2642 ciui
1091 2605 1099 2641 r
1110 2589 1149 2641 sic
1161 2590 1190 2640 in
1201 2589 1291 2640 orrimo
1301 2586 1441 2654 virginali,
1454 2601 1513 2640 rore
1524 2586 1623 2640 coelesti
1630 2583 1830 2654 djejnniontm

169 2659 273 2714 scilicet
283 2658 411 2713 sanctitas
430 2665 457 2713 et
468 2657 644 2713 sanctificatio
662 2657 685 2712 ei
700 2657 809 2738 proprie
820 2656 969 2725 tribuatur3
1024 2659 1127 2725 frigore
1139 2658 1212 2712 color
1223 2657 1354 2727 puellaris
1369 2659 1550 2726 exstinguitur
1564 2661 1590 2710 ct
1600 2658 1626 2710 in
1639 2657 1755 2710 humono
1768 2670 1829 2710 cor·

169 2738 196 2784 et
219 2730 275 2799 ipsa
301 2729 353 2784 lroc
371 2729 450 2785 titulo
471 2728 659 2784 sanctimoniae
679 2728 845 2799 peculiariter
867 2736 894 2784 et
914 2743 971 2799 prae
1020 2744 1086 2799 pore
1100 2729 1255 2797 angelornm
1267 2731 1429 2798 impetratur
1445 2729 1616 2782 mnoersotso.
1633 2728 1700 2781 llaec
1713 2727 1829 2797 elegan-

169 2801 274 2857 caeteris
290 2799 435 2856 virtutibus
452 2808 573 2855 ometnr.
588 2799 804 2856 sanctimoniam
818 2807 910 2854 autem
930 2797 973 2855 hic
1026 2809 1068 2854 ter
1083 2806 1109 2853 et
1123 2799 1265 2870 aptissime
1281 2801 1316 2854 ad
1338 2798 1411 2853 hune
1426 2798 1516 2854 iocum
1531 2796 1609 2853 divns
1629 2796 1829 2868 Hieronymus.

169 2880 248 2928 vocat
269 2872 419 2942 Apostolus
445 2887 529 2943 quam
553 2886 635 2941 supra
666 2869 922 2935 sanctificationem,
946 2878 974 2925 et
1061 2872 1235 2932 cVt'ntutorn,
1251 2869 1340 2941 inquit
1358 2873 1391 2924 D.
1406 2867 1562 2924 Bernardus
1578 2868 1636 2935 (lib.
1654 2881 1673 2923 v
1689 2866 1721 2922 de
1736 2867 1830 2923 Consi·

169 2943 313 3012 utrobique
324 2943 421 2999 eodem
433 2943 530 2999 Graeco
541 2939 682 3000 vocabulo,
696 2939 835 3010 ipraoptm
848 2940 972 2996 eamdem
1026 2940 1137 3009 deret),
1153 2942 1248 2995 bonum
1256 2957 1288 2995 oc
1299 2942 1397 2995 stabile
1409 2941 1615 3008 fundumentum
1626 2943 1664 2994 est
1673 2939 1828 2994 humilitus.

168 3029 232 3067 vero
252 3028 310 3067 esse
334 3012 495 3068 munditiam
516 3011 621 3075 cordis,
647 3010 681 3065 de
701 3025 753 3080 qua
780 3009 912 3064 Dominus
934 3011 972 3064 ait
1024 3011 1061 3065 Et
1073 3012 1108 3064 D.
1129 3010 1296 3082 Augustinus
1311 3011 1364 3081 [lib.
1378 3025 1390 3066 1
1402 3011 1434 3066 de
1447 3011 1525 3069 Verb.
1538 3011 1653 3072 Domini,
1665 3023 1744 3063 serm.
1759 3008 1803 3080 10)
1819 3027 1828 3062 ε

169 3082 290 3137 blattbaei
305 3098 343 3137 v:
367 3085 446 3138 Beati
458 3082 557 3136 mundo
571 3082 657 3143 corde,
678 3082 805 3149 quonium
816 3083 871 3150 ipsi
888 3084 971 3136 Derim
1026 3082 1132 3150 Cogitos
1143 3098 1268 3150 magnum
1282 3083 1419 3150 fabricam
1428 3084 1584 3136 moestissimo
1596 3079 1781 3150 celsitudinis?
1794 3080 1832 3135 dc

169 3153 307 3212 videbunt,
323 3152 389 3206 satis
407 3151 508 3208 indicat
519 3152 636 3207 clausula
651 3150 694 3205 illa
716 3170 722 3204 :
745 3152 878 3221 sineque
896 3167 971 3207 nemo
1024 3152 1202 3220 {undumento
1213 3155 1390 3223 prtusoogito
1408 3153 1580 3206 humilitatis.
1598 3149 1828 3206 Peculiariterta·
1850 3195 1854 3201 .

170 3227 253 3278 Dt'ltm
267 3223 382 3289 odiebat,
397 3237 479 3292 quam
491 3222 651 3276 sententiam
669 3222 776 3276 Domini
788 3223 919 3293 spectavit
931 3228 971 3277 A·
1024 3237 1088 3277 men
1107 3231 1135 3278 et
1154 3223 1263 3296 speciali
1283 3225 1405 3292 ratione,
1428 3238 1512 3293 eaque
1530 3221 1650 3293 duplici,
1665 3221 1718 3277 dici
1736 3227 1831 3292 potest

171 3293 303 3363 postolus.
322 3293 404 3349 Unde
424 3302 452 3348 et
474 3292 532 3347 aliis
553 3292 697 3363 Scripturae
718 3293 799 3359 locis,
821 3293 969 3363 praesertim
1024 3291 1233 3351 fundamentum
1247 3294 1376 3350 castitatis
1391 3316 1397 3350 :
1413 3293 1501 3364 primo
1520 3293 1584 3364 quia
1605 3307 1667 3347 vera
1688 3289 1831 3348 humilitas

169 3363 340 3433 apostolicis,
364 3365 502 3426 sanctitas,
528 3364 588 3434 sive,
601 3363 794 3430 sanctimonia,
817 3379 867 3435 pro
888 3365 970 3422 casti·
986 3338 1009 3404 C
1025 3363 1090 3420 tacit
1104 3373 1134 3420 ut
1148 3366 1183 3422 ad
1198 3368 1288 3421 Deum
1302 3379 1474 3421 recurramus
1488 3378 1536 3434 pro
1550 3363 1726 3418 continentiae
1740 3372 1767 3417 et
1778 3376 1830 3417 ca-

169 3442 224 3489 tate
245 3449 291 3489 scu
305 3435 421 3505 puritate
437 3434 537 3489 mentis
553 3443 581 3489 et
595 3435 719 3504 corporis
735 3435 881 3505 accipitur,
902 3443 933 3491 ut
957 3437 968 3490 1
1024 3434 1123 3490 stitatis
1138 3435 1213 3492 dono
1232 3435 1382 3491 obtinendo
1403 3443 1429 3490 et
1442 3433 1646 3499 conservando,
1666 3434 1742 3503 iusta
1759 3431 1829 3490 illud

171 3506 235 3560 Cor.
251 3519 296 3560 vu
313 3523 319 3559 ε
339 3508 371 3560 Ut
386 3509 422 3559 sit
433 3509 526 3561 sanctu
544 3521 651 3575 corpore
664 3511 689 3560 et
702 3508 812 3575 spiritu.
825 3510 860 3560 At
871 3506 966 3569 prcs.
1025 3507 1087 3576 Sap.
1102 3520 1176 3562 rur:
1188 3509 1304 3575 Cognoui
1310 3507 1549 3576 quodnonpossem
1557 3520 1610 3560 esse
1617 3506 1760 3565 continens,
1770 3504 1832 3559 nisi

172 3590 206 3630 nv
221 3595 226 3629 :
246 3577 279 3630 Ut
289 3579 428 3630 sitscncto
440 3582 466 3630 et
478 3577 662 3631 immaculato.
676 3582 712 3631 tt
726 3579 806 3631 Rom.
821 3590 854 3630 vt
868 3594 875 3629 ε
888 3577 970 3632 Eubi-
1024 3580 1095 3632 bnis
1109 3577 1170 3643 det;
1183 3578 1244 3631 odii
1252 3580 1405 3639 Dominum,
1419 3580 1445 3631 et
1459 3577 1683 3646 deprecetussum
1695 3571 1828 3630 Secundo

173 3648 228 3701 bete
237 3648 355 3700 membro
364 3651 453 3700 oestro
462 3647 713 3715 sooirejustitioer'n
722 3648 967 3715 sanctificationem.
1023 3648 1088 3718 quia
1102 3647 1241 3703 humilitas
1258 3648 1340 3704 docet
1352 3663 1408 3702 non
1424 3661 1482 3701 esse
1494 3648 1528 3701 de
1539 3647 1664 3701 castitate
1677 3653 1724 3700 nut
1736 3643 1826 3717 virgi-

171 3718 298 3773 Continet
323 3732 405 3786 porro
428 3718 523 3773 eadem
547 3716 666 3771 clausula
686 3717 767 3771 aliam
788 3717 921 3772 castitatis
943 3727 971 3773 et
1024 3718 1109 3773 nitate
1120 3717 1302 3842 gloriandum,
1314 3719 1364 3773 nisi
1381 3718 1408 3773 in
1424 3718 1558 3781 Domino;
1574 3731 1608 3771 ne
1621 3716 1723 3772 similes
1737 3714 1830 3771 simus

172 3788 313 3843 munditiae
336 3791 562 3860 prerogativam,
575 3787 651 3857 eique
669 3787 832 3858 peculiarem
852 3795 880 3843 et
894 3787 971 3844 valde
1025 3786 1107 3843 fatuis
1120 3791 1127 3844 i
1142 3789 1174 3844 lis
1185 3789 1333 3860 virginibus
1347 3789 1454 3860 ldlottlr.
1469 3788 1548 3856 xxv)
1564 3803 1633 3858 quo,
1649 3795 1680 3842 ut
1697 3785 1735 3840 ait
1747 3783 1830 3842 divus

171 3867 385 3929 congruentem,
408 3874 508 3929 nempe
538 3856 692 3914 facultatem
721 3873 768 3914 sen
792 3857 970 3930 aptitudinem
1025 3859 1172 3930 Gregorius
1184 3860 1379 3924 (domidttin
1388 3860 1539 3926 decimet),
1551 3860 1615 3913 dum
1624 3857 1831 3925 devirginitote

171 3933 263 3984 Deum
284 3929 390 3984 ridendi
410 3938 490 4001 atque
518 3928 728 3999 contemplandi.
745 3932 815 3985 Nam
843 3937 873 3985 ut
902 3928 969 3984 nibil
1024 3945 1074 3985 suo
1085 3932 1280 3999 gloriomforis
1291 3936 1430 4002 repetunt,
1444 3931 1647 3985 oleumirooosis
1660 3928 1829 3983 mutabere

169 4016 248 4071 aeque
261 3999 401 4056 obnubilat
414 4000 577 4070 hebetatque
594 4001 693 4055 mentis
706 3999 801 4056 oculos
819 4009 901 4072 atquc
915 4007 971 4055 tnr-
1024 4002 1216 4069 acolanorum,
1233 4002 1350 4071 ideoque
1371 4018 1386 4058 a
1402 4001 1504 4070 nuptiis
1522 4000 1614 4071 sponsi
1638 3998 1756 4055 coelestis
1774 4013 1828 4053 ex-

171 4072 266 4142 pitudo
287 4080 314 4127 et
331 4072 473 4128 immunda
494 4070 582 4127 carnis
597 4069 758 4133 delectatio,
777 4071 815 4127 sic
828 4087 875 4126 eos
896 4085 912 4126 c
930 4071 971 4127 di·
1025 4072 1096 4128 cludi
1109 4081 1275 4129 meruerunt.
1292 4073 1374 4129 Unde
1387 4072 1483 4128 merito
1499 4070 1565 4127 dicit
1583 4071 1656 4126 idem
1674 4067 1829 4140 Gregorius

172 4158 249 4197 verso
262 4144 384 4212 castitas,
398 4143 531 4226 praecipue
544 4142 675 4214 virginea,
690 4157 773 4214 quam
787 4143 905 4198 manime
918 4158 971 4213 pu·
1025 4143 1082 4208 (lib.
1095 4160 1127 4198 vs
1137 4145 1245 4206 Monoi,
1257 4160 1317 4214 cop.
1328 4147 1383 4216 ιι),
1393 4144 1496 4198 nnllam
1505 4158 1560 4198 esse
1568 4143 1718 4196 castitatem
1732 4141 1829 4195 cornis

171 4213 257 4268 sitient
271 4222 400 4284 aptosque
415 4215 503 4271 reddit
511 4213 733 4283 contemplationi
747 4233 753 4268 :
766 4229 822 4285 quo
832 4213 860 4268 in
872 4228 971 4285 genere
1025 4230 1105 4284 quom
1120 4230 1173 4269 non
1189 4216 1356 4269 commendet
1375 4215 1515 4268 lium-ilites
1528 4215 1635 4267 mentis.
1653 4212 1781 4272 Nullam,
1799 4209 1829 4267 id

173 4284 237 4337 visio
253 4285 304 4337 Dei
319 4286 466 4354 principem
485 4286 590 4340 obtinet
606 4285 711 4350 locum,
726 4300 756 4339 ea
771 4285 901 4340 nimirum
918 4300 970 4354 oua
1025 4293 1076 4351 cst,
1089 4285 1189 4340 nullius
1203 4285 1292 4339 meriti
1306 4294 1333 4339 et
1344 4286 1420 4367 pretii
1431 4284 1501 4354 apud
1512 4287 1610 4339 Deum.
1624 4284 1659 4338 Et
1674 4282 1831 4337 dirusBcr·

172 4356 246 4407 Deus
262 4367 309 4423 per
324 4355 469 4407 essentiam
485 4355 601 4417 videtur,
612 4355 685 4424 quod
699 4355 836 4426 Scriptura
854 4355 972 4425 appellat
1024 4355 1144 4410 nardus:
1160 4355 1328 4420 laudabilis,
1342 4356 1439 4425 inquit,
1450 4357 1610 4423 virginium
1622 4354 1669 4408 sed
1678 4355 1764 4421 magos
1778 4367 1830 4408 ne-

171 4424 799 4492 oideresicutiest,eteidercsuca'eodsnciemtl
813 4427 873 4481 Cor.
888 4431 969 4480 xtttl.
1025 4428 1143 4479 cessario
1161 4427 1309 4481 bismilitos.
1327 4428 1379 4482 llio
1399 4428 1556 4488 consuitur,
1571 4428 1626 4480 islo
1639 4426 1800 4494 precipitur
1818 4440 1827 4477 ε

207 4486 221 4523 ¹‘
235 4491 347 4546 Pulchra
362 4493 488 4564 allegoria
501 4493 617 4547 bistoniae
630 4494 747 4548 Danielis
764 4499 844 4559 (Dan.
862 4501 923 4561 ιιι),
936 4495 971 4551 de
1024 4497 1252 4566 sinellrumilitotc,
1262 4498 1346 4552 audeo
1357 4497 1758 4565 dicere,necoirpinilosdiorioe
1764 4494 1817 4562 plu

172 4561 259 4616 tribus
274 4564 362 4631 pueris
380 4563 405 4617 in
428 4561 565 4618 fornacem
584 4561 724 4618 ardentem
739 4565 869 4634 conjectis
888 4583 894 4617 :
910 4567 973 4636 qui·
1027 4569 1132 4621 coisset.
1151 4569 1185 4622 Et
1195 4567 1264 4623 infra
1281 4571 1373 4640 (Sum.
1388 4574 1398 4622 t
1413 4584 1494 4638 super
1503 4567 1603 4622 Missus
1612 4572 1682 4631 est):
1697 4566 1758 4622 urst
1764 4565 1830 4634 plu·

173 4633 223 4689 bus
236 4633 341 4687 intactis
354 4640 380 4687 et
398 4634 502 4696 illaesis,
516 4650 547 4689 ac
557 4634 639 4688 vetuti
655 4632 775 4704 quodam
791 4650 853 4689 rore
868 4635 974 4692 coelesti
1027 4640 1082 4692 cuit
1095 4654 1128 4692 eor
1139 4640 1306 4707 uirginitate,
1327 4644 1415 4694 tomen
1430 4654 1464 4693 en
1479 4639 1632 4694 lrumilitnte
1646 4638 1770 4705 corroepit.

172 4702 302 4775 perlrrsis,
329 4706 472 4777 Deumque
493 4703 665 4760 laudantibus
684 4713 712 4760 et
736 4705 1010 4787 benedicentibus,1)
1063 4695 1234 4765 dseientiam
1249 4711 1394 4782 spiritalem
1419 4718 1514 4773 vocat,
1529 4724 1621 4764 rerum
1643 4705 1829 4777 spiritualium

171 4778 286 4833 Irreoloit
297 4777 406 4844 dommo
418 4779 514 4832 multos
528 4778 662 4831 ministros
675 4779 745 4846 repis
761 4778 911 4846 Babylonii,
924 4781 973 4848 qui
1029 4786 1056 4834 et
1069 4780 1228 4836 salutarium
1241 4781 1425 4853 cognitionem
1441 4796 1506 4835 cum
1520 4781 1617 4850 pietate
1631 4778 1827 4850 conjunctam,

172 4865 229 4903 corn
241 4849 422 4904 r'rmendebont.
436 4851 526 4920 Quam
539 4847 693 4909 allegoriam
707 4848 788 4904 etiam
798 4848 885 4921 attigit
896 4847 975 4906 dirus
1028 4859 1060 4905 ut
1071 4850 1135 4906 alibi
1152 4850 1257 4907 dictum
1270 4861 1312 4907 cst
1324 4853 1382 4918 (lib.
1399 4867 1434 4918 v,
1450 4867 1509 4922 cop.
1526 4858 1582 4915 ss),
1593 4864 1656 4920 quae
1670 4849 1742 4904 inter
1754 4846 1830 4902 dona

171 4921 356 4990 Hieronymus
368 4921 447 4990 epist.
460 4927 487 4987 8,
502 4919 537 4975 ita
550 4920 671 4976 scribens
688 4920 974 4991 :Adrrmsumjuuenes
1030 4921 1146 4993 Spiritus
1159 4924 1243 4978 sancti
1262 4922 1379 4978 abisaia
1393 4930 1421 4977 et
1438 4923 1572 4990 apostolo
1587 4928 1746 4976 numeratur
1758 4920 1827 4983 (iso.

141 5061 149 5065 ⁸
172 4995 198 5043 ot
209 4991 314 5058 puellos
326 4995 415 5046 oetotis
429 4993 527 5047 ordore
539 4992 621 5046 hostis
637 4997 725 5047 noster
739 4994 875 5061 coutitur,
893 4998 920 5048 et
929 4995 972 5047 in·
1028 5007 1067 5058 lt,
1083 4997 1108 5048 ct
1121 4995 1177 5050 Cor.
1193 4998 1235 5059 tt)
1250 5008 1352 5065 :quam
1365 5001 1445 5065 negat
1456 4993 1578 5063 Sapiens,
1594 4994 1623 5046 in
1636 4994 1757 5045 animum
1768 5004 1831 5043 rnn-

173 5063 294 5125 sommas
305 5065 393 5113 notum
401 5064 553 5118 natiuitatis
562 5067 660 5117 nostrie
670 5082 678 5117 ε
689 5067 714 5116 et
724 5066 761 5117 im
781 5065 973 5121 lenitudine:
1029 5065 1141 5119 leucium
1154 5067 1268 5127 intrare,
1279 5070 1304 5119 et
1312 5065 1438 5119 dubitare
1448 5061 1830 5134 incorporcsubditopeocots's

173 5131 268 5185 Ornnes
280 5130 474 5213 adulterantes,
485 5136 565 5201 quusi
575 5135 695 5188 clibanus
706 5079 787 5188 cordis
797 5151 887 5190 eorum
901 5136 971 5198 (Osa.
1028 5136 1159 5205 (Sapiens.
1175 5139 1208 5202 r).
1224 5135 1369 5191 scientiam
1384 5135 1456 5190 enim
1468 5134 1628 5199 humanam,
1642 5141 1669 5187 et
1682 5148 1697 5186 a
1711 5129 1827 5211 rectitu-

173 5199 309 5269 vrri,puo
319 5203 869 5273 Dermisoncordioetjrp'uniornmlrrgore
878 5209 974 5261 restin-
1028 5206 1092 5262 dine
1106 5215 1134 5261 et
1147 5207 1264 5278 puritate
1280 5206 1377 5263 mentis
1392 5214 1545 5276 separatam
1559 5205 1586 5260 in
1605 5203 1683 5259 malis
1697 5209 1725 5257 et
1739 5215 1829 5272 pesss-

174 5275 302 5338 guontur.
315 5273 448 5326 Haecsunt
459 5275 545 5341 agnitu
555 5274 767 5344 diobolijoculc,
777 5278 936 5344 quoesimnl,
948 5281 973 5332 el
1027 5276 1080 5332 mis
1094 5292 1153 5332 esse
1167 5293 1246 5348 posse
1259 5286 1364 5333 certum
1377 5285 1418 5332 est
1432 5295 1439 5329 ι
1455 5275 1489 5332 de
1504 5291 1558 5346 qua
1573 5273 1722 5347 apostotus
1736 5275 1748 5328 1
1760 5272 1828 5328 cor.

172 5342 329 5403 contuerunt,
343 5347 369 5395 et
383 5344 568 5410 inflamment,
581 5348 606 5399 et
620 5362 637 5398 a
652 5361 715 5414 repe
728 5346 973 5414 Babyloniensem
1026 5361 1087 5404 vm
1104 5369 1111 5404 ε
1127 5350 1244 5405 scientia
1259 5351 1352 5418 instat,
1370 5349 1491 5403 chorites
1504 5352 1594 5402 cutem
1607 5346 1735 5413 scililicet.

172 5414 264 5482 procris
275 5419 476 5482 preparentur.
492 5416 684 5482 qnisnrcendit
696 5419 833 5483 fornacem
846 5417 973 5485 quodra—
1063 5420 1177 5474 ⁰Locus
1189 5428 1336 5491 utcumque
1350 5417 1486 5484 dituculo,
1502 5425 1530 5472 et
1548 5418 1582 5473 nd
1596 5414 1829 5488 Pelaginuismum
1913 5473 1920 5495 ⁸

173 5486 348 5552 pintanooem
354 5484 514 5546 cubitorum,
524 5486 653 5541 nooonet
662 5488 822 5556 ipseseptem
831 5487 972 5542 bebdornu·
1026 5488 1167 5560 proclisis,
1181 5489 1232 5545 nisi
1244 5505 1309 5546 sane
1323 5489 1496 5560 intelligatur.
1510 5491 1542 5544 ln
1560 5503 1641 5560 quem
1657 5484 1771 5558 proinde
1785 5482 1829 5538 ri·

174 5555 225 5608 dos
237 5557 273 5609 od
280 5556 466 5625 perditionem,
479 5571 545 5625 quos
558 5559 685 5612 Domitius
696 5557 924 5625 obseuonjnssr't
935 5559 972 5613 od
1025 5558 1112 5627 debis,
1133 5560 1227 5625 lector,
1242 5561 1435 5617 annotationes
1446 5568 1501 5615 tam
1516 5559 1621 5616 Cuicbii
1635 5571 1719 5630 quam
1732 5555 1830 5612 Circo-

173 5626 296 5679 salutern.
306 5626 659 5695 Sodqoornodoibtquortus
669 5627 884 5697 specmmlobens
894 5632 973 5697 quon
1026 5630 1065 5686 nii
1085 5629 1222 5688 adfinem
1244 5633 1337 5704 operis
1352 5633 1469 5705 positas,
1483 5630 1584 5702 quibus
1604 5626 1705 5701 aliquid
1724 5624 1830 5683 addere

172 5696 225 5764 filii
239 5696 363 5760 lromirn's,
375 5699 515 5751 immensos
529 5699 667 5765 mitigavit
679 5698 800 5759 ardores,
813 5701 916 5753 etinter
924 5717 971 5755 ca-
1023 5715 1255 5774 snperracsneum
1268 5712 1344 5777 puto.

174 5769 244 5821 mini
266 5770 407 5823 estuantis
426 5767 580 5822 incendium
600 5769 690 5823 domest
713 5771 835 5838 flummm
855 5772 969 5826 colorem
