3848 6158
121 261 176 320 asa
418 256 462 312 aa
480 242 723 335 cmubaronuu
741 259 863 317 usura.
883 260 946 319 xrs.
966 263 1009 322 tx.
1031 297 1063 307 -
1085 267 1129 323 oa
1147 266 1282 326 semino
1301 271 1495 332 taurania.
1729 285 1783 341 334

122 408 175 451 sus
193 400 221 449 ct
243 390 364 447 incertos
383 405 416 446 ac
433 390 525 448 varios
547 407 625 449 casm
643 391 784 450 obtinendi
799 394 926 454 animum
943 400 1067 465 Acmdi.
1092 401 1163 459 satis
1187 401 1325 461 euidenter
1346 422 1379 463 ac
1398 407 1508 481 proprie
1529 407 1584 466 vim
1605 411 1679 470 noxii
1700 412 1783 488 hujus

123 495 255 545 nostram
266 483 393 542 babuerit
404 483 571 555 facultatem,
584 489 597 519 ¹
608 485 642 543 ab
655 487 733 544 omni
745 503 797 545 nos
809 504 929 562 permo-
983 507 1015 549 ac
1041 494 1259 566 perniciosissimi
1281 499 1354 571 vitii,
1377 501 1493 575 Spiritus
1508 503 1629 562 divinus
1651 509 1783 579 expressit

121 588 220 638 menta
233 577 342 652 singula
355 585 463 651 separat
474 577 574 637 divinae
587 580 828 653 contemplationis
842 582 928 640 intui·
982 589 1117 654 (Proceri.
1133 594 1218 658 xxv).

120 685 165 744 ta,
186 674 332 748 ipsamque
357 682 479 731 mentem
499 673 533 731 ab
554 675 683 733 universo
707 677 834 749 puritatis
853 685 929 736 statrx
1282 691 1405 752 CAPUT
1425 696 1477 752 111,

121 768 258 843 delectam
276 765 401 825 inauditus
415 766 563 824 labetactat
581 783 614 825 ac
629 767 768 842 deprimit.
783 773 848 828 lion
863 787 928 830 ora·
983 791 1069 860 Quam
1095 795 1318 864 comparationem
1339 797 1436 852 gagga,
1460 766 1639 869 ,nm-quw
1661 801 1782 857 ,mmm

121 864 213 921 tiones
225 877 289 920 eam
303 861 410 934 expiere
427 876 492 918 cum
508 862 590 919 solita
604 863 696 921 cordis
709 865 850 922 alacritate
864 881 927 939 per·
1229 867 1360 923 martem
1376 868 1530 924 decoratur.

123 957 222 1028 mittit,
234 971 291 1014 non
305 971 449 1014 sacrarum
461 956 611 1014 lectionum
625 956 689 1014 sinit
703 959 835 1017 remediis
849 959 927 1017 iucu-
1018 966 1218 1023 vestimentum
1247 983 1367 1042 namque
1395 971 1532 1028 tinearum
1559 986 1608 1028 esu
1636 980 1780 1048 attactum,

122 1051 201 1120 baro,
220 1049 398 1124 tranquillum
419 1065 530 1122 quoque
548 1067 580 1108 ac
600 1052 696 1108 mitem
719 1052 851 1110 fratribus
868 1069 927 1112 esse
982 1059 1082 1117 nullius
1095 1061 1172 1133 pretii
1186 1061 1227 1117 vel
1241 1059 1347 1118 honesti
1360 1078 1426 1120 usus
1438 1065 1539 1136 poterit
1554 1064 1666 1121 ulterius
1680 1064 1782 1124 babere

121 1160 180 1203 uon
195 1143 307 1218 patitur,
323 1152 352 1201 et
365 1142 400 1200 ad
413 1152 512 1200 cuncta
528 1144 719 1218 operationum
733 1145 775 1203 vel
788 1147 927 1220 religionis
983 1153 1197 1222 commercium
1224 1154 1373 1229 itidemque
1396 1155 1500 1231 lignum
1523 1158 1663 1216 vermibus
1682 1176 1781 1219 exara·

123 1236 217 1297 officia
227 1237 415 1311 impatientem
427 1244 454 1294 et
466 1252 594 1310 asperum
604 1237 710 1308 reddit3
722 1239 853 1314 omnique
866 1256 926 1314 per·
980 1253 1051 1316 tum,
1074 1263 1129 1304 non
1149 1247 1208 1321 jam
1226 1246 1262 1304 ad
1284 1257 1413 1306 ornatum
1432 1250 1473 1306 vel
1495 1249 1640 1307 mediocris
1662 1252 1780 1325 aedilicii,

122 1331 182 1391 dito
194 1330 294 1389 salubri
306 1331 432 1408 consilio,
446 1339 474 1388 et
488 1329 581 1388 cordis
594 1333 745 1407 cqnstantia
761 1334 927 1407 perturbata,
981 1340 1030 1398 sed
1046 1339 1083 1398 ad
1102 1340 1321 1400 combustionem
1342 1343 1411 1417 ignis
1424 1343 1574 1400 merebitur
1587 1343 1720 1417 deputari.
1739 1350 1780 1404 lta

124 1424 199 1482 velut
214 1432 353 1482 amentem
367 1423 432 1481 lacit
442 1432 470 1480 et
483 1423 592 1482 ebrium
606 1440 719 1484 sensum
730 1426 887 1501 frangitque
899 1436 928 1485 ct
980 1433 1064 1506 igitur
1083 1442 1111 1490 et
1127 1433 1218 1490 anima
1241 1450 1303 1507 quae
1321 1434 1490 1493 edacissimis
1509 1435 1625 1494 tristitiae
1644 1438 1782 1496 morsibus

123 1517 217 1577 obruit
226 1517 415 1591 desperatione
429 1517 543 1592 poenali.
981 1524 1136 1596 devoratur,
1159 1527 1262 1584 inutilis
1281 1528 1333 1585 erit
1354 1530 1393 1586 rel
1418 1529 1584 1587 vestimento
1604 1529 1641 1586 illi
1665 1531 1780 1604 pontid·

437 1611 559 1669 catut
577 1612 615 1668 ll.
878 1700 880 1704 Α
980 1621 1044 1691 cali,
1065 1619 1141 1694 quod
1159 1630 1333 1696 unguentum
1351 1623 1467 1697 Spiritus
1482 1624 1568 1681 sancti
1588 1624 1623 1681 de
1637 1623 1708 1680 coelo
1729 1623 1781 1681 de-

178 1707 237 1776 Quo
255 1707 378 1763 condona
398 1706 505 1761 morbus
528 1708 648 1762 aalide
668 1709 707 1763 sit
725 1709 871 1766 curandus.
979 1713 1126 1783 mendam,
1141 1714 1215 1787 prius
1232 1715 1259 1772 in
1280 1715 1396 1773 barbam
1415 1719 1524 1786 Aaron,
1545 1716 1642 1775 deiude
1655 1717 1688 1782 ia
1702 1733 1780 1775 oram

160 1802 347 1874 Quamobrem
365 1818 424 1859 non
447 1802 554 1859 minore
573 1810 728 1876 prospectu,
749 1804 771 1860 si
793 1803 923 1876 spiritalis
937 1812 961 1875 Β
977 1823 1055 1866 suam
1079 1806 1167 1865 solere
1182 1809 1331 1880 suscipere,
1351 1811 1439 1867 sancti
1460 1810 1548 1867 David
1569 1810 1695 1867 vaticinio
1715 1827 1780 1883 per-

123 1894 222 1970 agonls
244 1895 392 1952 certamina
418 1895 541 1969 legitime
563 1896 687 1970 cupimus
708 1897 855 1967 desudare,
880 1897 925 1955 bio
977 1896 1087 1953 bibetur
1100 1894 1251 1953 secundum
1268 1897 1334 1955 illud
1353 1917 1359 1953 :
1380 1900 1482 1978 cSicut
1500 1905 1664 1969 languentum
1687 1903 1717 1954 in
1730 1915 1778 1956 co-

127 2005 237 2063 quoque
256 1989 337 2048 uobis
354 1989 491 2047 curandus
513 1998 555 2048 est
573 1991 698 2048 morbus.
723 1983 831 2048 bSicut
850 1991 925 2048 enim
974 1995 1042 2063 pite,
1054 1992 1127 2062 quod
1138 1992 1312 2048 descatditin
1326 1994 1548 2057 tarbamAaron,
1560 1995 1780 2065 quoddescendit

125 2085 201 2142 tinea
212 2088 365 2142 aestimatio
373 2089 399 2143 et
407 2087 505 2141 renuis
517 2086 600 2156 liqno,
613 2089 653 2141 ita
667 2087 781 2142 tristitia
790 2089 845 2142 oiri
852 2090 925 2143 nocet
977 2088 1007 2142 in
1019 2101 1096 2141 oram
1108 2089 1261 2143 vestimenti
1270 2086 1328 2157 ejus
1340 2088 1451 2154 (Psalm.
1464 2089 1603 2160 cxxxii),
1616 2087 1664 2145 sed
1677 2104 1727 2146 neo
1743 2086 1778 2145 ad

674 2239 802 2295 attunt
819 2238 932 2296 GAZAEI
950 2236 1229 2296 COMMENTARIUS.

128 2387 183 2428 non
195 2372 309 2443 ponitur
322 2373 417 2427 vitium
432 2373 554 2443 capitale,
569 2389 654 2443 neque
667 2375 702 2428 ab
716 2375 818 2431 Isidoro
828 2377 860 2430 in
876 2374 924 2430 tib.
978 2374 1060 2446 gitur,
1079 2373 1232 2444 tristitiam,
1248 2371 1283 2430 de
1297 2388 1351 2445 qua
1369 2372 1413 2430 bio
1431 2373 1530 2448 agitur,
1543 2373 1608 2431 nibil
1622 2372 1777 2442 aliudesse,

127 2443 274 2498 desummo
283 2445 407 2507 Bonane
469 2446 925 2503 acmsmramtitrodetnsttmtts
997 2460 1061 2502 uam
1073 2444 1279 2517 impatientiam,
1295 2461 1358 2517 quas
1370 2446 1481 2516 quidem
1500 2461 1564 2502 cum
1579 2445 1617 2502 ira
1630 2455 1658 2502 et
1668 2445 1779 2501 iracun-
1871 2448 1876 2459 '

126 2514 313 2595 cenobiorum.
334 2513 408 2597 ‚Vi‘st
424 2584 430 2596 ι
446 2521 491 2572 tur
511 2516 696 2598 enimprima
718 2515 806 2573 leonte
828 2516 925 2573 incon-
978 2460 1023 2572 gia
1044 2531 1172 2589 maguam
1193 2515 1275 2572 habet
1293 2513 1466 2584 affinitatem,
1487 2525 1514 2574 ct
1533 2516 1590 2574 iere
1611 2515 1778 2573 individuam

126 2599 225 2658 gruum
243 2593 274 2641 ut
287 2581 388 2641 rnnrdra
403 2585 539 2642 diceretur
554 2596 651 2642 vitrum
664 2587 789 2660 capitale,
803 2603 867 2643 cum
881 2588 925 2644 in·
979 2587 1147 2643 societatem.
1170 2588 1220 2642 Est
1236 2586 1308 2642 euim
1329 2586 1383 2644 boc
1401 2588 1495 2645 vitium
1514 2588 1648 2661 patientia
1666 2586 1778 2660 opposi-

125 2655 252 2712 ceratias
269 2655 358 2712 inanis
374 2655 477 2730 gloriae,
496 2657 553 2713 vitii
571 2658 694 2730 capitalis
712 2667 865 2715 censeatur.
885 2664 922 2715 At
979 2665 1050 2724 turn,
1066 2657 1144 2729 cujus
1157 2664 1199 2713 est
1212 2656 1323 2714 lirmare
1337 2657 1458 2715 animum
1479 2660 1508 2714 in
1523 2658 1659 2724 adversim
1680 2657 1777 2715 mode-

126 2726 275 2799 respondet
283 2730 319 2784 Ι).
331 2726 452 2783 Thomas
461 2743 518 2784 noa
527 2743 587 2785 esse
599 2729 781 2802 incongruum
790 2738 820 2785 ut
830 2729 926 2786 vitium
979 2728 1066 2784 raudo
1079 2743 1226 2795 moerores,
1239 2729 1285 2810 qui
1300 2743 1333 2784 ex
1348 2728 1381 2785 iis
1395 2729 1496 2801 percipi
1507 2729 1605 2797 solent,
1621 2745 1654 2785 ne
1667 2745 1715 2800 per
1726 2728 1777 2786 bos

125 2812 212 2855 unum
227 2797 341 2869 capitale
355 2814 388 2854 ex
406 2798 576 2856 sliooriatur
592 2819 598 2854 :
613 2797 831 2856 dummodotalc
846 2799 927 2859 situl
979 2814 994 2853 a
1019 2799 1180 2870 praescripto
1204 2799 1317 2855 rationis
1337 2799 1455 2869 recedat,
1477 2800 1518 2855 vel
1539 2798 1639 2872 aliquid
1658 2799 1778 2856 indecori

127 2883 160 2926 ax
172 2868 230 2941 ipso
247 2868 330 2926 etiam
344 2869 431 2925 multa
445 2869 496 2926 alia
509 2869 572 2926 vitia
586 2871 652 2927 oriri
665 2872 780 2938 soleant,
795 2879 825 2926 ut
838 2870 927 2928 solent
979 2878 1058 2942 agat;
1073 2878 1102 2926 ut
1119 2871 1148 2926 in
1159 2877 1248 2925 morte
1261 2877 1415 2943 parentum,
1430 2870 1472 2927 vel
1484 2871 1645 2938 amicorum,
1661 2870 1690 2926 in
1705 2869 1777 2927 exsi-

126 2955 159 2997 cx
173 2939 281 2995 invidia.
296 2942 367 2996 Nam
378 2941 529 2997 secundum
543 2945 577 2999 b.
591 2942 753 3016 Gregorium
765 2943 833 3011 (Lib.
847 2957 925 3000 xxxt
979 2939 1028 3009 lio,
1042 2940 1070 2996 in
1085 2939 1204 3007 damnis,
1218 2941 1245 2995 in
1258 2941 1373 3010 morbis,
1385 2942 1413 2998 in
1428 2942 1613 3010 contumeliis,
1624 2941 1737 3012 aliisque
1749 2941 1779 2997 id

127 3013 464 3083 librabattlcapitalio
472 3015 629 3070 vitiatanto
638 3015 692 3070 sibi
705 3016 925 3084 cognationemu
978 3026 1063 3138 genus
1076 3011 1170 3079 malim
1186 3010 1244 3067 lraeo
1258 3012 1333 3067 enirn
1349 3028 1392 3068 ma
1430 3010 1719 3069 osmoeroresaslerrc
1732 3026 1778 3068 so·

124 3083 290 3153 junguntur,
300 3089 388 3140 utnon
398 3085 453 3138 taisi
462 3100 546 3139 unum
556 3085 589 3140 de
600 3085 860 3157 alteroproleratur.
869 3088 925 3142 Pri
988 3091 1046 3151 ent,
1061 3097 1123 3165 quae
1141 3081 1283 3138 hominem
1297 3097 1403 3155 satpea
1436 3099 1498 3138 aroc
1512 3084 1625 3139 rationis
1638 3090 1665 3138 et
1683 3080 1776 3139 officio

127 3170 174 3210 mc
188 3171 303 3226 nomque
316 3156 447 3226 superbia
462 3156 570 3218 soboles,
590 3157 681 3211 inanis
695 3160 734 3211 est
748 3157 848 3225 gioria,
863 3171 925 3227 quae
979 3154 1086 3210 virtutus
1100 3152 1257 3220 deturbant,
1268 3162 1295 3209 et
1305 3153 1332 3208 in
1346 3154 1433 3210 multa
1445 3153 1515 3210 mala
1528 3153 1681 3237 impellunt,
1696 3160 1779 3224 atque

129 3225 197 3280 dum
206 3241 357 3296 oppressam
370 3231 482 3281 mentem
491 3229 648 3296 cormmpit,
662 3227 867 3281 moairruidiam
880 3229 925 3296 qi-
939 3235 962 3299 (2
980 3224 1047 3281 adeo
1065 3224 1093 3279 in
1107 3225 1193 3296 ipsam
1208 3222 1428 3295 desperationem
1447 3223 1560 3281 subinde
1572 3224 1713 3281 rudttcuat.
1730 3226 1780 3279 Est

128 3298 272 3422 anitquis
281 3299 419 3353 damnaui
426 3298 926 3379 nominispotentiamnppetit,neqnis
979 3295 1061 3368 igitur
1075 3295 1194 3363 tristitia,
1208 3309 1256 3350 seu
1267 3296 1445 3377 impatientia,
1457 3295 1538 3367 hujus
1552 3294 1612 3352 libri
1627 3295 1776 3367 objectum,

168 3383 200 3422 nc
209 3369 276 3424 olins
287 3370 406 3440 adipisci
416 3369 515 3431 ualeat,
529 3369 647 3424 tabescit.
661 3371 701 3425 lta
715 3371 751 3423 l).
765 3368 924 3438 Gregorius.
980 3374 1011 3422 ut
1025 3366 1183 3438 loquuntur,
1199 3380 1262 3437 quae
1273 3375 1300 3422 et
1311 3383 1339 3421 ru
1350 3382 1467 3423 numero
1480 3367 1634 3438 capitalium
1649 3366 1778 3422 vitiorum

129 3440 226 3495 Posset
245 3439 356 3523 quidem
370 3440 423 3495 dici
437 3437 568 3496 invidiam
583 3438 702 3496 tristitiae
720 3437 833 3495 nomine
846 3454 926 3494 com·
980 3436 1079 3493 merito
1098 3445 1264 3505 recensetur,
1282 3453 1347 3494 cum
1367 3441 1403 3493 sit
1424 3437 1576 3494 multorum
1595 3437 1732 3494 malorum
1750 3444 1778 3494 et

128 3508 270 3582 prebende,
285 3527 349 3567 eum
363 3510 400 3566 sit
413 3509 520 3567 tristitia
539 3510 573 3568 de
588 3510 661 3568 bono
676 3509 805 3584 proximi.
820 3515 857 3566 nt
870 3526 925 3567 non
1013 3516 1154 3565 coatomm
1178 3523 1276 3574 causa,
1297 3517 1326 3565 ut
1344 3507 1509 3582 experientia
1529 3516 1704 3581 compertum
1725 3516 1775 3564 est.

128 3579 238 3638 ridetur
258 3583 403 3639 Cassianus
416 3582 455 3640 sic
473 3581 648 3651 intellexisse,
687 3590 802 3640 uantum
817 3597 850 3638 ex
864 3590 924 3638 toto
1009 3579 1062 3637 ude
1076 3578 1207 3649 isidorus,
1224 3579 1270 3635 ubi
1283 3595 1375 3653 supra,
1391 3580 1458 3637 dicit
1472 3596 1504 3635 ex
1516 3581 1623 3637 tristitia
1637 3579 1701 3636 oriri
1713 3595 1777 3636 ran·

127 3651 209 3737 hujus
222 3653 282 3710 libri
295 3658 410 3711 tractatu
425 3656 501 3726 (dap.
516 3660 532 3711 3
545 3660 571 3711 et
584 3599 687 3728 ultimo&
704 3662 732 3712 et
744 3652 852 3711 aliunde
864 3655 925 3710 col·
978 3666 1083 3720 eorem,
1109 3650 1372 3721 pusillanimitatem,
1398 3651 1622 3718 amaritudinem,
1649 3651 1778 3723 despera-

128 3722 173 3798 ligx
191 3732 289 3797 potest.
308 3728 370 3781 lion
386 3725 460 3782 enirn
473 3725 542 3782 solet
560 3725 689 3784 invidiam
702 3725 859 3808 simpliciter
873 3740 924 3782 vo-
978 3721 1212 3804 tionem..Dillere
1222 3730 1313 3777 autem
1324 3722 1466 3779 tristitiam
1479 3720 1533 3780 boc
1542 3724 1627 3779 modo
1637 3729 1777 3805 acceptam

129 3810 191 3852 care
211 3796 363 3866 tristitiam,
378 3805 406 3853 et
419 3795 484 3853 dum
500 3797 616 3853 tristitiae
631 3812 726 3854 causas
742 3797 788 3852 luc
799 3810 923 3853 comme·
978 3794 1012 3850 ab
1032 3793 1134 3859 acedia,
1150 3808 1198 3866 per
1219 3808 1248 3850 se
1262 3801 1360 3851 notum
1377 3801 1429 3864 est,
1449 3801 1476 3849 et
1489 3794 1587 3851 clarius
1607 3811 1640 3849 ex
1654 3800 1776 3864 sequenti

127 3875 228 3933 morat,
244 3867 346 3923 nullam
360 3868 394 3924 de
406 3867 504 3923 invidia
521 3877 569 3924 aut
588 3867 697 3924 invidiae
711 3883 792 3924 causa
808 3868 925 3924 mentio-
978 3864 1049 3921 libro
1061 3864 1170 3936 patebit.

128 3953 195 3994 nem
210 3936 284 3994 lacit.
299 3938 418 3995 Proinde
436 3936 502 4007 quid
519 3951 568 4007 per
581 3937 719 3991 tristitiam
741 3936 882 4010 intelligat,
898 3945 926 3994 et
1014 3939 1027 3968 ⁸
1050 3938 1092 3991 De
1108 3934 1151 3991 bis
1169 3935 1282 4008 aliisque
1296 3935 1414 3992 tristitiae
1431 3950 1479 3991 seu
1497 3933 1673 4005 impatientia
1690 3947 1778 3990 nocu-

126 4009 267 4081 quomodo
282 4024 343 4065 cam
362 4008 396 4063 ab
410 4005 510 4061 invidia
523 4005 644 4060 simulet
659 4003 754 4060 acedia
768 4003 924 4078 distinguat,
981 4006 1090 4074 mentis,
1113 4007 1175 4065 vide
1195 4011 1230 4063 D.
1258 4007 1423 4078 Gregorium
1447 4004 1475 4060 in
1499 4003 1629 4061 Pastorali
1651 4011 1726 4077 parte
1749 4004 1778 4060 in

126 4087 159 4136 ut
168 4079 363 4152 intelligamus,
373 4075 669 4132 notandumaloanne
680 4077 851 4132 Damascena
862 4093 927 4147 qua·
979 4089 1039 4145 cap.
1060 4081 1102 4132 to.

127 4158 192 4208 tuor
205 4150 310 4222 species
324 4148 442 4229 tristitias
452 4144 584 4231 distingui
591 4147 662 4228 ibib.
679 4161 703 4229 ¹.¹
719 4145 828 4203 Ortltod.
839 4147 925 4231 Fidei,
959 4180 964 4185 -
982 4215 989 4227 ο
1014 4146 1028 4176 ⁰
1050 4147 1128 4201 ilano
1142 4147 1305 4237 sententiam
1323 4147 1351 4202 in
1367 4147 1485 4203 Hebraeo
1500 4163 1556 4202 non
1570 4144 1663 4230 baberi
1682 4153 1779 4202 notant

123 4216 927 4361 tituli:slibitinarii?titillantia
980 4219 1214 4369 illustria,
1237 4217 1418 4359 sllmiisil
1435 4215 1779 4363 ittunttiltlall

124 4365 168 4420 teli
183 4365 223 4415 est
234 4362 444 4416 taciturnitatem
455 4360 682 4432 dilectionemque
695 4362 765 4416 vocis
778 4361 925 4431 inducem3
981 4364 1054 4413 trone
1066 4356 1157 4415 cordis
1171 4303 1339 4432 intel?igitur.
1355 4360 1383 4416 S.
1397 4357 1607 4432 Chrysostomus
1621 4360 1655 4417 ad
1671 4369 1778 4417 utrum·

124 4434 259 4496 molestia,
274 4434 387 4487 tristitia
401 4435 439 4487 est
452 4448 612 4502 aqmaoons,
623 4432 782 4504 pondusque
794 4432 925 4503 affamur
980 4445 1033 4502 que
1043 4428 1135 4486 retulit
1145 4429 1173 4487 ia
1184 4429 1227 4486 bis
1236 4429 1326 4494 verbis
1340 4433 1438 4503 (Epist.
1449 4432 1487 4486 ad
1500 4432 1638 4503 Olympos:
1655 4434 1779 4488 Tristius

127 4504 234 4561 inuidia
245 4505 360 4559 tristitia
367 4508 406 4559 est
414 4518 447 4559 ear
457 4505 552 4559 alienis
562 4504 636 4559 bones
640 4505 814 4576 proveniens,
825 4505 925 4560 miseri·
980 4503 1135 4557 animarum
1148 4502 1254 4558 medela
1272 4505 1432 4559 tormentum
1446 4507 1496 4567 est,
1515 4504 1591 4560 dolor
1605 4505 1718 4575 quidam
1734 4507 1779 4560 in-

126 4576 220 4632 eordia
229 4591 290 4630 vero
299 4576 430 4630 inaliertis
440 4575 520 4630 malis
528 4577 652 4630 tristitia.
662 4576 729 4631 Haec
738 4576 925 4632 Damascenus
979 4574 1129 4643 captabilis,
1145 4577 1170 4629 et
1177 4574 1315 4645 judicium
1328 4591 1388 4629 mm
1395 4574 1512 4646 judicio,
1524 4576 1696 4647 vinidictaque
1708 4576 1780 4631 dete-

128 4650 172 4713 (b.
195 4647 285 4702 Tnom.
312 4651 369 4715 t·2;
384 4662 411 4716 q.
434 4650 482 4713 tt,
501 4661 528 4700 a.
543 4652 559 4701 8
573 4688 580 4700 .
596 4649 686 4719 Atque
700 4660 734 4701 ex
750 4643 794 4701 bis
807 4653 925 4718 quatuor
939 4612 964 4675 D
979 4647 1047 4700 rius.
1062 4647 1133 4704 llam
1149 4647 1175 4699 et
1187 4649 1275 4700 vermi
1291 4647 1389 4701 similis
1405 4650 1444 4702 est
1462 4651 1607 4712 oentenutm
1622 4663 1675 4701 non
1692 4646 1778 4701 sotum

128 4717 272 4791 speciebus
281 4717 338 4773 sola
348 4724 373 4771 et
382 4716 510 4783 uuanda,
521 4716 559 4772 sci
571 4716 623 4772 icet
634 4715 768 4785 molestia,
778 4732 861 4789 quam
873 4716 926 4774 sub
979 4731 1095 4780 comen,
1109 4715 1156 4771 sed
1169 4720 1195 4772 et
1207 4719 1328 4771 animam
1339 4719 1427 4787 ipsam
1439 4719 1589 4788 perimens,
1605 4720 1631 4770 ct
1642 4719 1715 4769 tinea
1727 4731 1780 4771 non

128 4788 242 4845 nomine
258 4788 379 4845 tristitias
397 4787 545 4845 cassinum
560 4785 613 4843 boc
630 4786 690 4844 loco
704 4788 886 4860 persequitur,
899 4797 928 4845 et
980 4788 1066 4843 solnm
1079 4787 1117 4842 ad
1131 4801 1202 4851 ossa,
1216 4788 1263 4842 scd
1275 4786 1312 4843 od
1326 4788 1408 4842 cordo
1418 4788 1584 4857 pertingam,
1599 4789 1625 4838 et
1635 4788 1780 4853 perpetuus

130 4859 243 4931 spiritali
268 4860 410 4932 agonistae,
430 4859 456 4915 id
479 4866 530 4927 est,
553 4857 691 4916 monacho
709 4858 878 4917 domandam
900 4867 929 4916 et
980 4858 1094 4929 quidam
1108 4859 1241 4924 camiseis,
1256 4865 1307 4912 ete.

128 4928 309 5003 subigendam
322 4929 421 4986 docet:
436 4944 498 5002 quae
511 4929 577 4985 nibil
590 4928 664 4986 aliud
679 4937 722 4988 est
734 4944 817 5002 quam
829 4928 929 4987 inordi·
1014 4930 1027 4960 ⁰
1047 4927 1193 4999 Eleganter
1212 4934 1240 4982 et
1256 4925 1365 4997 copiose
1384 4922 1479 4981 scribit
1495 4926 1530 4980 D.
1552 4921 1736 4997 Hieronymus
1751 4924 1780 4983 in

129 5007 194 5058 nata
208 5001 291 5057 animi
306 5000 451 5074 aegritudo,
464 5001 602 5070 moestitia,
617 5016 664 5058 seu
674 4996 790 5058 afflictio
804 5016 836 5057 ex
851 4999 929 5060 alicu·
982 4997 1056 5053 bunc
1074 4997 1209 5069 psalmum
1228 4997 1296 5077 (Lib.
1312 5010 1324 5078 x
1343 4995 1376 5052 de
1391 4996 1463 5064 Offlc.
1485 4996 1571 5078 divin.
1588 5011 1651 5079 ‚⁶⁰P·
1671 5001 1727 5065 22).
1743 5002 1781 5055 nt

126 5071 246 5145 jusmali
257 5071 321 5128 illati
332 5073 373 5128 vel
383 5071 447 5128 boni
456 5070 929 5145 subtractiapprebeasioucobortar
982 5070 1122 5139 Repertus
1136 5065 1367 5139 compendiosius,
1382 5074 1410 5123 et
1425 5074 1521 5124 nostro
1530 5074 1656 5124 mstrtuto
1668 5083 1781 5127 accom-

127 5151 163 5200 ut
174 5157 238 5200 cum
251 5143 310 5216 quis
322 5141 464 5200 fraudatur
480 5142 552 5201 buno
565 5150 730 5216 exspectato,
745 5151 793 5200 aut
808 5142 932 5217 privatur
983 5136 1132 5207 modatius,
1147 5136 1174 5194 in
1190 5136 1263 5194 branc
1282 5138 1396 5195 modum
1412 5157 1418 5194 :
1441 5140 1517 5208 Quod
1530 5143 1579 5204 est,
1596 5139 1624 5194 in
1646 5139 1696 5207 uit,
1711 5143 1781 5198 illud

127 5212 205 5271 bono
215 5214 289 5286 prius
298 5213 454 5284 habito,sel
463 5213 602 5286 inopinato
612 5215 745 5287 premitur
753 5215 837 5282 malo,
848 5220 932 5288 atquc
984 5211 1190 5267 usamentum?
1206 5210 1303 5266 Sancta
1320 5209 1438 5268 Ecclesia
1452 5212 1592 5266 catholica.
1638 5228 1683 5267 am
1699 5213 1782 5270 barba

67 5339 70 5343 ,
130 5285 195 5343 inde
210 5285 304 5342 animo
319 5285 454 5359 dejicitur,
474 5293 502 5343 et
519 5285 597 5359 quasi
616 5285 692 5359 gravi
705 5285 824 5358 pondere
838 5283 932 5359 depri-
985 5285 1079 5341 Aaron
1092 5281 1173 5354 (quod
1187 5284 1381 5353 interpretatae
1395 5298 1471 5339 mons
1483 5281 1668 5351 tortitudinis)
1686 5285 1781 5350 barda,

131 5355 235 5425 mitum
255 5371 319 5413 cum
332 5356 445 5414 deberet
458 5372 507 5431 per
523 5355 681 5431 patientiam
700 5365 729 5414 et
745 5355 886 5427 fiduciam,
899 5372 933 5425 ac
985 5356 1108 5426 inquiam,
1118 5353 1212 5411 Aaron
1224 5353 1526 5426 Christiapostolisunt,
1536 5356 1710 5425 ctopostolici
1716 5358 1782 5421 oiri,

54 5444 57 5451 ·
226 5427 347 5484 melioris
360 5442 512 5497 successus,
522 5428 561 5486 eri
582 5428 589 5441 '
602 5428 635 5486 ab
648 5427 806 5503 hujusmodi
819 5427 932 5501 depres-
985 5428 1071 5497 metes
1082 5430 1109 5482 et
1115 5426 1232 5497 perfecti
1235 5444 1244 5492 ς
1255 5430 1422 5495 unguentium
1432 5429 1521 5481 autem
1531 5427 1621 5497 regale
1630 5431 1656 5483 et
1668 5427 1785 5484 arada

133 5442 558 5560 mundemus-‚utiendum
585 5497 932 5575 ulusmodigravepondua
985 5498 1040 5554 tale
1060 5499 1178 5569 spiritns
1198 5498 1286 5552 sancti
1302 5501 1351 5562 est,
1369 5497 1445 5568 cujus
1464 5502 1521 5553 tota
1536 5498 1677 5569 plnritudo
1695 5502 1734 5553 est
1754 5500 1785 5553 in

134 5565 254 5640 &psum
268 5569 388 5627 excitans
404 5570 547 5628 Psalmiata
562 5572 695 5629 exclamat
714 5591 721 5629 ε
738 5573 826 5642 Quare
843 5572 932 5630 mutis
985 5569 1403 5640 cupite,scilioet0lm'sto;atque
1412 5569 1784 5640 indeprimuminopostolos,

136 5652 174 5703 es,
182 5643 274 5697 anima
282 5658 351 5708 mea,
359 5646 384 5698 et
392 5643 621 5714 quorcconturbus
628 5644 813 5716 meispemin
821 5645 932 5701 Domino
986 5642 1068 5710 quasi
1077 5642 1107 5695 in
1117 5641 1238 5705 barbam,
1251 5640 1390 5696 minden
1404 5645 1487 5697 totam
1498 5641 1653 5705 helenam,
1663 5644 1690 5695 et
1701 5653 1786 5710 arsque

131 5710 876 5786 <Psalm.xxrl,etc.Etlpostoluslaeobusmonet,nt
922 5716 934 5770 i
985 5713 1144 5770 inentremu
1152 5713 1269 5770 membra
1277 5713 1411 5777 Ecclesia,
1419 5712 1499 5783 qimai
1506 5714 1616 5769 inerant
1624 5710 1784 5772 catinam,

132 5784 273 5849 trr'stomr,
285 5789 340 5840 oret
361 5784 456 5856 (Jacob.
470 5786 512 5858 n),
528 5784 556 5844 id
567 5793 619 5855 est,
629 5793 749 5843 meatem
759 5799 879 5843 moerore
908 5800 933 5843 e·
986 5781 1130 5842 descendit.

132 5868 258 5928 pressam
272 5854 301 5911 in
315 5859 405 5913 Deum
418 5855 505 5915 elevet
515 5865 544 5916 ot
557 5857 672 5916 attollat.
686 5859 727 5915 Ex
739 5856 840 5931 quibus
852 5855 932 5914 oolli-
955 5894 959 5901 ·
