3848 6158
184 290 236 345 eoo
855 266 994 324 toiunis
1012 265 1162 324 uissiini
1219 250 1226 258 ’
1783 262 1838 315 aoo

185 424 258 477 mos,
270 408 299 464 in
312 417 431 478 quorum
442 398 571 475 praesidio
584 398 690 456 alarum
704 395 755 454 sibi
767 395 852 452 instar
862 392 981 467 aptavit,
995 395 1022 458 Α
1036 393 1120 463 mnia,
1137 408 1194 450 non
1205 392 1373 466 jejuniorum
1385 391 1509 454 modum,
1520 358 1576 444 noh
1589 386 1742 460 vigiliarum
1756 399 1837 459 regu·

180 504 295 575 jamque
315 496 350 556 ad
372 492 621 568 transmigrandum
646 498 757 564 paratus
781 488 929 545 insolenter
948 487 983 543 ad
1037 489 1091 543 lam
1105 486 1243 545 custodire
1256 485 1401 560 permittit,
1417 498 1474 540 non
1488 486 1500 517 ⁸
1513 481 1692 539 honestamm
1704 479 1840 537 interces-

84 572 92 585 ⁸
186 595 280 652 omnia
292 599 426 667 precepta
437 586 602 662 respondet,
617 593 644 643 et
659 593 799 657 tamquam
812 581 984 655 peregrinum
1037 581 1149 637 sionum
1168 580 1276 651 exploro
1296 578 1386 637 officia
1400 578 1483 646 sinit,
1496 574 1648 633 dummodo
1662 573 1702 631 vel
1715 573 1840 631 avaritias

185 696 401 758 extraneumque
423 699 454 741 se
482 695 597 755 gerens,
625 692 806 750 quascumque
838 672 984 746 indigentia
1037 674 1143 732 rabiem
1162 674 1278 743 satiare,
1295 674 1336 731 vel
1357 671 1522 746 quotidianis
1533 669 1628 727 usibus
1640 668 1725 740 possit
1738 682 1842 725 occur-

186 780 356 840 correotione
380 774 566 851 perspexerit,
589 771 702 846 negligit
721 779 803 844 atque
825 767 982 826 contemnit.
1038 786 1097 827 rere
1112 790 1118 826 :
1133 769 1287 843 cupiditatis
1299 770 1389 843 ignem
1403 769 1471 826 dum
1486 763 1651 838 acquirendo
1664 762 1841 837 exstinguen-

186 876 310 945 Cumque
324 870 419 928 lurtim
434 865 573 941 possideat
584 863 752 921 reconditam
764 861 922 936 pecuniam,
935 874 986 916 nec
1038 863 1105 921 dum
1119 863 1219 932 credit,
1237 862 1398 921 accendens.

185 967 367 1024 calceamenta
387 960 499 1036 quidem
519 974 552 1017 ae
574 957 733 1015 vestimenta
752 971 781 1012 se
801 954 900 1011 habere
915 967 985 1009 con·
1342 964 1462 1023 cqpuq
1480 963 1532 1020 xp

185 1060 319 1134 queritur,
338 1057 452 1128 darique
466 1053 518 1111 sibi
531 1051 637 1109 tardius
649 1050 815 1122 indignatur.
831 1051 873 1106 ho
884 1047 908 1105 si
918 1045 987 1103 iorte
1041 1068 1115 1138 Quod
1125 1070 1257 1125 occasione
1271 1066 1587 1136 custodimdoepecunpae,
1600 1064 1768 1131 seminarum
1781 1080 1842 1121 con,

186 1150 385 1226 dispensatione
396 1147 510 1205 senioris
524 1145 548 1203 ei
561 1143 651 1216 prius,
669 1143 714 1214 qui
734 1141 799 1198 nihil
810 1140 917 1213 penitus
934 1137 987 1195 ha·
1270 1139 1392 1194 tabenna
1418 1139 1601 1207 requiruntur.

187 1249 251 1320 bore
267 1242 450 1318 cognoscitur,
474 1238 576 1312 aliquid
591 1237 692 1296 iturum
707 1235 788 1293 luerit
801 1233 985 1306 impartitum,
1076 1244 1149 1301 ffinc
1161 1243 1220 1318 jam
1234 1241 1359 1301 nonnulii
1377 1257 1427 1315 per
1446 1241 1591 1313 abruptum
1606 1240 1789 1320 praecipffium
1804 1240 1843 1299 13.
1889 1309 1891 1312 .

187 1340 338 1415 majoribus
351 1340 398 1396 irae
411 1334 527 1394 stimulis
536 1320 690 1423 inardescit,
704 1346 787 1405 seque
800 1329 899 1402 despici
914 1327 988 1386 velut
1041 1336 1082 1410 psi
1100 1336 1267 1394 irrevocabili
1291 1335 1369 1392 mina
1390 1333 1517 1391 semnrur
1535 1331 1569 1390 ad
1584 1342 1718 1403 moriem,
1738 1340 1767 1390 qr
1785 1348 1843 1390 00„

186 1445 345 1493 extraneum
358 1439 447 1506 putat,
458 1445 510 1487 1¹0⁰
524 1426 559 1485 ld
570 1427 657 1485 unum
672 1441 741 1498 ⁰l¹¹⁸
755 1438 853 1480 manus
863 1436 926 1479 ⁸⁰⁸³
940 1436 986 1478 ⁸0·
1041 1430 1162 1488 conteuti
1182 1429 1233 1487 soii
1250 1427 1404 1502 possidere,
1424 1443 1492 1501 quas
1506 1427 1546 1484 rel
1565 1441 1717 1499 numquam
1734 1419 1842 1483 babue-

186 1529 366 1587 commodare
379 1532 536 1592 contentus,
550 1517 723 1596 reprehendit
737 1517 841 1592 omnia,
856 1531 917 1590 quat
936 1528 987 1571 ne·
1041 1533 1112 1589 rant,
1128 1524 1169 1581 vet
1183 1523 1260 1581 inpio
1276 1524 1349 1580 [0210
1365 1529 1567 1579 reservaverant
1587 1519 1730 1592 pecunia,
1752 1518 1842 1592 tuqui.

187 1623 304 1681 ctSSdl'lo
316 1621 374 1678 fieri
388 1616 547 1676 monasterii
557 1613 694 1687 compellit
708 1611 810 1669 utililas
821 1611 902 1678 (Vide
917 1612 987 1664 lttr-
1039 1627 1104 1676 runt
1114 1617 1290 1676 contubernia
1303 1615 1484 1682 feminarum,
1498 1628 1559 1686 quae
1574 1613 1692 1671 debeant
1707 1627 1758 1685 ga,
1777 1625 1840 1684 quae
1875 1634 1881 1644 ·

187 1735 253 1773 rtet·
271 1720 349 1772 itaci·
365 1719 399 1770 93
414 1716 443 1768 ὺῑ
455 1712 562 1781 Rei-D·
575 1707 697 1773 senon).
712 1704 818 1763 Deinde
832 1701 988 1761 ⁰00⁸⁵5000⁸
1041 1711 1111 1768 male
1122 1718 1250 1785 congesta
1260 1709 1302 1767 vel
1316 1717 1422 1766 retenta
1436 1715 1510 1775 sunt,
1526 1704 1676 1763 custodire.
1690 1696 1841 1777 Tautisqns

187 1810 285 1883 (luibffl
299 1806 403 1888 ⁰sf0¹¹d5
418 1806 457 1862 iel
477 1803 556 1862 “³⁸⁰5
576 1802 688 1870 “theiis
703 1799 825 1857 θῖΰᾶῑθθθ
838 1796 987 1870 lesquilli,
1001 1797 1025 1861 B
1041 1820 1071 1863 sc
1085 1804 1310 1878 occupationibus
1323 1802 1411 1860 noxiis
1422 1817 1454 1858 ac
1467 1797 1627 1874 perniciosis
1643 1798 1796 1868 involvunt,
1811 1806 1844 1855 ut

192 2000 247 2054 Nec
262 1996 338 2053 solus
358 2002 451 2050 tamen
471 1989 666 2062 transmigrare
688 1994 844 2054 contentus,
860 1999 898 2041 ue
916 1992 989 2040 tam-

188 2106 273 2163 quam
288 2105 338 2145 suo
358 2086 423 2142 vitio
435 2083 587 2140 deseruisse
604 2079 743 2149 credatur,
758 2087 875 2164 quantos
891 2087 992 2151 potue-

188 2184 225 2240 rit
241 2175 474 2238 susurrationibus
491 2174 666 2232 clandestinis
681 2173 828 2246 deprararo
843 2188 901 2229 non
914 2171 987 2230 desi-

1043 1996 1080 2054 illi
1098 1995 1262 2069 apostolieae
1288 1991 1430 2051 sententiaa
1445 1980 1635 2058 renuunt,'ut
1654 1987 1786 2045 habentes
1803 1990 1844 2047 vi·

1045 2098 1120 2146 ctum
1133 2097 1161 2145 et
1182 2087 1373 2144 vestimentum
1388 2084 1430 2141 his
1444 2081 1564 2159 contenti
1583 2082 1637 2139 sint
1655 2084 1680 2150 (Ι
1696 2084 1764 2140 lim.
1780 2089 1842 2154 vr),

1043 2195 1104 2255 quar
1116 2179 1275 2237 monasterii
1292 2177 1433 2251 frugalitas
1449 2174 1610 2244 exhibebat,
1631 2163 1708 2234 dsed
1721 2174 1845 2236 volentes
1881 2190 1889 2197 ·

188 2278 238 2333 ssli-
255 2272 336 2344 Q¹¹⁰d
351 2272 375 2329 δί
391 2271 475 2327 ellim
494 2267 627 2341 ῐθῐῦβθῐῑδ
649 2268 790 2341 Willis,
802 2267 923 2334 ῑῑῑῦθῐίἱ,
939 2282 989 2324 tiu
1041 2274 1137 2331 divites
1148 2273 1218 2344 lieri,
1231 2271 1351 2330 incidant
1362 2270 1389 2327 iu
1402 2269 1581 2326 tentationem
1598 2274 1628 2324 et
1641 2268 1771 2342 laqueum
1789 2269 1846 2328 dia·

188 2367 368 2442 nauigationis
376 2365 435 2438 ejus
447 2361 631 2420 intercluserit
639 2368 835 2429 commeatum,
849 2375 897 2432 per
907 2373 990 2416 omne

100 2474 105 2483 ·
188 2463 257 2521 illud
271 2472 380 2534 tempus
394 2473 539 2531 suspenso,
553 2456 692 2529 anxioque
704 2453 826 2527 residens
836 2450 929 2522 corde,
941 2453 990 2509 tri-

188 2557 276 2615 stitias
292 2569 382 2613 serere
401 2554 442 2610 rel
464 2552 581 2609 excitare
598 2566 653 2608 non
670 2556 776 2618 cessat3
792 2548 928 2607 discessus
942 2564 991 2605 so-

190 2652 283 2707 latium
297 2658 326 2706 et
338 2647 544 2706 excusationem
562 2643 676 2701 lenitatis
688 2659 745 2701 non
757 2658 787 2700 se
805 2643 894 2712 aliter,
907 2656 991 2714 quam

1043 2368 1110 2438 boli,
1123 2376 1151 2425 et
1167 2366 1300 2425 desideria
1312 2367 1408 2428 multa.
1424 2373 1451 2420 et
1466 2362 1586 2432 inutilia,
1600 2371 1628 2421 et
1641 2363 1756 2433 nociva,
1779 2379 1844 2437 quse

1044 2465 1174 2533 mergunt
1199 2459 1342 2515 hominem
1373 2459 1404 2514 in
1430 2457 1571 2514 interitum
1606 2464 1633 2512 et
1661 2455 1845 2529 perditionem

1045 2555 1149 2626 (ibid).
1166 2551 1254 2610 Radix
1266 2553 1341 2609 enim
1355 2550 1483 2609 omnium
1501 2551 1639 2608 malorum
1652 2558 1693 2608 est
1712 2551 1845 2624 pecunia·

1044 2662 1107 2705 rum
1127 2646 1279 2720 cupiditas,
1292 2644 1320 2703 id
1342 2655 1400 2715 est,
1421 2643 1609 2716 philargyria:
1629 2658 1713 2716 quain
1728 2643 1845 2716 qnidam

188 2752 254 2801 uota
270 2741 310 2798 rel
325 2740 433 2804 macula
452 2736 610 2796 monasterii
629 2744 812 2810 reperturum.

498 2848 621 2906 csPUT
645 2848 684 2904 Χ.

1046 2750 1204 2815 appetentes
1219 2747 1381 2799 erraverunt
1396 2754 1411 2795 a
1426 2737 1497 2809 ilde,
1513 2744 1542 2794 et
1559 2736 1733 2796 inseruerunt
1745 2751 1778 2795 sc
1791 2736 1845 2795 do·

1045 2835 1147 2893 loribus
1170 2833 1273 2892 multis.

191 2938 991 3014 Qrtomphilargyrialaborerasubeutdeserturmoiutsterr'i,
1030 2935 1033 2939 ’
1343 2928 1465 2986 CAPUT
1481 2927 1563 2998 xli„

245 3018 369 3087 quiante
387 3010 725 3085 prolenissimisupert'bus
738 3011 938 3066 murmurosos.
1046 3028 1207 3101 &mptum
1220 3026 1362 3100 cujusdam
1377 3028 1604 3100 tepidtmonoobt',
1615 3026 1848 3100 philargyriam·
1879 3030 1882 3035 '

228 3113 326 3186 ligitur
340 3113 432 3186 itaque
443 3110 548 3175 lacibus
558 3111 737 3184 pecuniarum
746 3125 858 3168 suarum
868 3110 994 3184 magisac
1336 3102 1412 3171 queis
1432 3101 1554 3171 obliqutt.
1756 3114 1761 3122 ·

192 3208 279 3280 magis
288 3221 428 3275 accensus,
439 3219 501 3278 qum
513 3217 658 3276 possessae,
668 3219 818 3275 numquam
827 3204 1032 3275 monachumc
1083 3206 1146 3261 iton
1163 3201 1260 3277 ignoro
1272 3202 1439 3276 quemdam,
1460 3204 1506 3276 qui
1526 3201 1706 3275 semetipsum
1720 3208 1847 3259 adamat

193 3300 234 3357 nel
256 3300 283 3355 iii
302 3297 466 3356 monasterio
489 3296 623 3368 residere,
647 3298 688 3354 rel
714 3297 802 3354 virere
821 3297 872 3355 sub
893 3297 993 3372 regulas
1046 3297 1224 3368 monachum,
1235 3297 1352 3371 sibique,
1362 3296 1437 3370 quod
1445 3297 1625 3360 esideterius.
1635 3296 1670 3354 de
1679 3294 1849 3368 perfectione

194 3394 365 3451 institutione
380 3391 552 3463 permittunt.
569 3393 720 3464 “cumque
730 3391 829 3448 exinde
842 3407 905 3448 eum
921 3392 995 3448 reiut
1048 3391 1197 3459 blanditur,
1212 3391 1257 3464 qui
1269 3399 1394 3462 receptus
1406 3392 1434 3448 in
1449 3390 1591 3460 coenobio,
1605 3406 1669 3448 cum
1691 3404 1773 3447 asuo
1786 3404 1849 3447 mo·

195 3486 288 3544 feralis
312 3484 437 3558 quaedam
459 3483 544 3540 bestia
571 3482 606 3539 de
628 3492 700 3539 cestu
720 3483 809 3556 gregis
831 3498 993 3556 segregans,
1047 3496 1159 3561 neretur
1183 3487 1297 3559 abbate,
1326 3503 1362 3545 ne
1384 3472 1570 3545 revolveretur
1591 3487 1626 3545 ad
1649 3487 1711 3554 illa,
1730 3501 1793 3560 ques
1805 3502 1849 3544 rc-

195 3573 208 3612 ¹³
228 3594 310 3650 pecus
330 3585 515 3648 opportunum
538 3573 654 3647 praedae,
669 3575 845 3632 destitutione
860 3575 995 3634 sodalium
1048 3583 1176 3639 nuntians
1190 3581 1340 3650 abdicarat,
1354 3598 1437 3657 seque
1450 3582 1484 3641 de
1498 3582 1637 3641 malorum
1658 3583 1786 3639 omnium
1799 3597 1847 3639 ra-

195 3671 302 3736 iecerit,
317 3679 344 3725 et
358 3668 525 3726 devorationi
540 3667 649 3725 facilem
663 3668 831 3725 contubernii
850 3670 997 3740 privatione
1049 3674 1110 3732 dioc
1128 3674 1309 3749 philargyria,
1332 3676 1500 3749 terrenisque
1515 3675 1621 3748 laqueis
1639 3674 1794 3748 expediret,
1815 3691 1850 3731 ac

196 3764 356 3831 reddiderit,
374 3778 455 3832 suin,
478 3765 526 3835 qui
548 3763 623 3839 prius
641 3777 724 3834 opera
751 3762 907 3820 monasterii
929 3765 995 3822 levia
1049 3769 1073 3825 si
1096 3768 1190 3825 mallet
1220 3761 1344 3842 pristinis
1366 3769 1539 3842 passionibus
1563 3769 1726 3837 emundari,
1748 3767 1850 3842 quibus

197 3872 322 3916 exercere
336 3854 513 3927 despexerat,
532 3855 575 3914 die
588 3871 620 3912 ac
639 3863 721 3912 nocte
734 3870 782 3928 spe
795 3864 917 3928 quaestus
929 3858 997 3915 inla-
1050 3878 1113 3919 eum
1128 3862 1287 3936 grauissime
1304 3863 1419 3936 singulis
1442 3863 1591 3920 munientis
1614 3863 1724 3921 videbat
1737 3862 1848 3936 urgeri,

117 3981 122 3991 ·
198 3953 343 4027 tigabiliter
357 3950 481 4011 laborare
502 3951 641 4024 compellit
657 3969 665 4009 ι
679 3967 735 4009 non
751 3952 908 4010 orationum
925 3954 995 4012 sole·
1050 3960 1192 4014 ecessaret
1202 3956 1331 4015 allectare
1339 3973 1382 4028 ea,
1396 3971 1458 4029 quas
1467 3964 1588 4014 neantes
1601 3955 1711 4028 quidem
1721 3953 1851 4029 pomede-

743 4077 870 4136 ALhRDl
890 4078 1002 4137 ntzel
1022 4081 1301 4140 contrarietatis.

200 4197 252 4253 iter
261 4202 371 4268 agentes
384 4190 614 4258 circumferimus,
631 4206 680 4248 seu
692 4207 741 4274 pro
757 4201 887 4266 apparatu
898 4196 932 4252 ad
946 4195 997 4252 iter
1049 4199 1143 4253 necuit
1154 4212 1277 4268 quereres
1283 4212 1361 4268 quem
1367 4197 1502 4264 deuoretss
1510 4199 1567 4255 Pet.
1576 4199 1635 4263 iii).
1644 4194 1731 4270 Culus
1745 4192 1848 4253 relduo

200 4265 416 4348 capessendum:
431 4265 495 4320 hine
505 4266 600 4348 Cicero
610 4261 645 4320 ad
658 4270 779 4348 Atticum
793 4284 799 4320 :
812 4267 998 4323 Velimm'deos
1050 4269 1173 4339 exempla
1187 4267 1271 4324 habes
1290 4267 1362 4339 apud
1375 4268 1409 4324 D.
1423 4269 1589 4341 Gregorium
1605 4269 1678 4337 (Lib.
1694 4280 1720 4324 it
1740 4268 1847 4350 utotop.

200 4343 225 4418 et
239 4336 418 4415 qmalnuiutaot,
432 4336 530 4414 etqutd
539 4337 712 4389 teretrumente
722 4341 789 4390 solos
801 4338 849 4392 stt.
859 4337 997 4395 viaticum
1050 4355 1110 4410 cop.
1132 4343 1179 4406 26)
1191 4354 1198 4394 ε
1211 4339 1330 4395 alterum
1344 4339 1380 4395 de
1396 4339 1531 4395 monae-ho
1547 4339 1611 4412 qul,
1630 4339 1665 4395 de
1682 4346 1849 4395 monasterio

201 4415 292 4478 itaque
307 4403 487 4459 instabilitatis
508 4410 587 4459 vocat
608 4413 704 4459 auctor
717 4419 849 4463 nummos
865 4409 999 4491 repositos
1050 4408 1207 4478 discedens,
1219 4409 1366 4467 draconem
1382 4410 1410 4466 iii
1424 4410 1521 4468 itinere
1535 4406 1639 4466 invenit
1650 4410 1697 4482 qui
1717 4422 1784 4466 aum
1798 4407 1849 4466 de·

202 4477 236 4558 nd
257 4475 437 4557 evagandum,
454 4480 502 4529 aut
519 4472 701 4554 recedendum
720 4489 735 4530 e
751 4486 916 4535 monasterio
934 4494 999 4536 cum
1050 4480 1284 4550 rorare-volebat,
1299 4481 1352 4536 nisi
1369 4479 1468 4538 iratres
1481 4480 1693 4546 succurrissent3
1715 4480 1849 4547 altertnn,

201 4548 320 4628 libuerit.
332 4547 417 4626 lfforro
431 4559 463 4599 ex
478 4545 530 4601 hoo
542 4551 630 4626 capite
642 4552 670 4626 et
682 4545 857 4628 sequentibus
868 4548 1000 4608 discimus
1051 4549 1086 4607 de
1104 4551 1190 4608 altero
1206 4551 1270 4608 item
1287 4552 1426 4608 monacho
1441 4552 1483 4609 cui
1501 4555 1620 4623 (sepse.
1640 4553 1659 4609 l.
1673 4564 1707 4609 ix
1728 4566 1771 4623 ep.
1785 4550 1849 4621 ⁸8),

203 4617 383 4702 philargyriae,
394 4630 442 4671 sen
458 4622 739 4698 proprtetatisnritrum
754 4631 781 4672 ui
798 4620 933 4677 monacho
947 4622 998 4679 ini·
1010 4626 1037 4691 Β
1051 4621 1179 4679 similiter
1192 4622 1226 4679 de
1236 4623 1401 4680 monasterio
1413 4622 1506 4697 lugere
1519 4622 1662 4696 cogitanti,
1676 4620 1755 4679 oanis
1768 4620 1798 4677 ni
1833 4635 1849 4677 r

200 4699 270 4746 tium
285 4702 343 4744 esso
352 4694 493 4768 apostasiae
504 4693 531 4741 et
541 4684 702 4767 deiectionis
716 4701 793 4744 asuo
808 4697 891 4747 statu
1051 4708 1116 4749 eum
1130 4701 1275 4751 voraturus
1284 4695 1424 4766 apparuit3
1436 4694 1485 4751 sed
1503 4695 1619 4751 iratmm
1635 4693 1763 4765 precibus
1777 4691 1796 4749 li

236 4765 248 4794 ²
264 4758 506 4842 AdditUDionysius
514 4757 725 4842 substautrium,
735 4759 769 4815 de
778 4776 833 4832 quo
845 4760 889 4819 bic
897 4762 997 4835 agitur,
1050 4772 1128 4821 ratus
1140 4773 1196 4832 est,
1208 4774 1237 4821 et
1247 4764 1282 4821 ad
1291 4765 1429 4822 saniorem
1442 4773 1562 4822 mentem
1576 4764 1730 4821 reductus(

201 4842 228 4890 et
242 4831 417 4888 subauditur:
430 4832 706 4913 dumquepiopreetus
717 4834 858 4903 tamquam
866 4835 994 4902 bestiale·
1084 4834 1140 4893 ⁰ld
1158 4844 1201 4893 cst
1215 4837 1346 4893 honestas
1364 4837 1556 4909 occupationes
1570 4844 1599 4892 et
1615 4833 1750 4908 regularis
1770 4840 1849 4890 eaet-

200 4922 250 4961 ruu
264 4920 325 4986 cum
336 4903 369 4958 clo
386 4907 452 4985 ooetu
464 4907 630 4972 separaum
640 4902 812 4984 tratrem
823 4904 995 4961 &muudum
1048 4906 1127 4975 cilia,
1153 4915 1218 4980 puta
1246 4907 1364 4978 privatas
1389 4909 1526 4964 orationes
1556 4905 1702 4975 lectiones,
1726 4902 1849 4961 medita-

199 4976 331 5054 sodultum
343 4976 437 5054 fecerat
449 4973 648 5054 orrolmndum,
663 4980 715 5028 eto.
730 4974 784 5031 Ubi
799 4975 994 5048 proprietatem
1047 4977 1148 5048 tiones,
1162 4977 1369 5051 disputationes,
1385 4987 1481 5035 mutua
1495 4977 1634 5050 obsequia,
1647 4975 1753 5050 aliaque
1766 4988 1849 5032 exes-

199 5042 994 5184 tttttt‘ntllstt‘lnllnuttattlltbtltt
1047 5048 1253 5177 tiltnrltt
1272 5049 1422 5176 llioviem
1459 5058 1487 5106 ⁰³
1510 5047 1654 5106 ³⁵¹²¹⁸¹¹¹³⁸
1683 5055 1847 5122 “mmm

209 5154 214 5167 ι
506 5152 514 5177 g
750 5157 756 5171 ι
1357 5161 1364 5176 ο

199 5192 304 5240 Auctor
315 5193 449 5265 spectasse
469 5183 514 5237 ltla
528 5183 609 5239 rerba
631 5185 791 5255 patriarcba
806 5188 894 5244 Jacob
906 5189 993 5244 lilium
1080 5180 1095 5222 ⁶
1110 5196 1232 5247 Annotat
1245 5137 1455 5264 ghrysostomus
1467 5206 1524 5248 non
1544 5191 1644 5249 dixisse
1655 5188 1820 5262 Apostolum
1837 5203 1845 5245 t

197 5270 279 5310 suuin
294 5256 408 5322 lugentis
424 5256 510 5310 :Fere
523 5256 642 5323 pessime
655 5256 794 5338 clamavit
805 5259 893 5326 filium
905 5276 993 5341 omum
1046 5261 1092 5333 qui
1106 5262 1203 5319 divites
1212 5270 1287 5333 suut,
1299 5261 1347 5318 sed
1361 5264 1414 5330 Qui
1425 5264 1519 5318 saliunt
1531 5265 1627 5318 diuites
1641 5264 1712 5332 ficii,
1723 5268 1756 5317 nt
1766 5258 1848 5315 intel·

197 5326 292 5395 Josqih
307 5326 410 5406 (ndentes.
425 5330 556 5406 xxxvii).
569 5326 647 5407 llario
661 5341 734 5408 emin
747 5327 833 5383 leram
848 5344 992 5400 pmmam
1046 5332 1112 5406 ligas
1127 5348 1182 5390 non
1199 5333 1320 5397 divitias,
1343 5334 1390 5390 sed
1405 5334 1502 5390 barum
1521 5333 1700 5406 cupiditatem
1713 5330 1750 5387 ab
1766 5332 1847 5413 Apo-

199 5396 321 5478 uonnulli
347 5397 557 5477 moraliteruec
577 5406 667 5469 inepte
689 5405 900 5482 interpretantur
944 5417 990 5484 ro·
1044 5406 1116 5459 stolo
1137 5405 1272 5462 damnari.
1289 5404 1358 5462 Vide
1372 5407 1400 5462 S.
1415 5407 1552 5460 'rhomam
1570 5405 1597 5460 lo
1622 5408 1844 5470 commentario,

195 5467 991 5612 intretcernennentes,trittentt
1044 5473 1355 5617 eniteant-nni
1370 5480 1746 5603 nte
1761 5471 1847 5599 tlt

229 5609 258 5621 ..
292 5579 299 5605 s
433 5608 438 5618 Ι
581 5579 590 5608 s
1114 5565 1122 5610 ἶ
1355 5564 1390 5602 (ln
1404 5588 1413 5611 ,
1428 5564 1457 5602 ΠΙ
1471 5564 1545 5618 quim
1728 5587 1750 5629 ἰ

194 5609 665 5744 sphrissamoll'srffiitssg&“inmens¹
686 5683 825 5751 quicqum
847 5685 987 5750 ceciderit,
1044 5616 1847 5761 gualhfssagtqnule‘otztfflffi’letzgggtritihtltretcscssttttttifftec‘hnm

192 5767 245 5807 raon
257 5752 335 5836 luibet
346 5752 565 5834 ‚subleuurrlcmlet
576 5758 758 5821 rii-oreqentem
771 5768 798 5810 te
811 5758 910 5824 (Eccle.
929 5766 987 5842 tvl:
1043 5760 1115 5815 tibiis
1129 5762 1365 5823 collaterationem,
1381 5761 1535 5816 bibentibus
1550 5763 1578 5815 in
1596 5762 1734 5831 liiqiteuia.

192 5823 258 5880 duin
275 5822 671 5887 iiiterinioduersunusnoata·,
688 5827 871 5895 toinqiunnleo
880 5845 988 5899 marens
1078 5834 1090 5864 ⁸
1112 5832 1190 5890 Tales
1214 5832 1296 5889 ctiaui
1317 5831 1468 5890 monachos
1492 5832 1617 5905 suggillat
1635 5837 1662 5888 et
1684 5826 1846 5903 perstiingit
