<?xml version="1.0" encoding="UTF-8"?>
<!DOCTYPE html PUBLIC "-//W3C//DTD XHTML 1.0 Transitional//EN"
    "http://www.w3.org/TR/xhtml1/DTD/xhtml1-transitional.dtd">
<html xmlns="http://www.w3.org/1999/xhtml" xml:lang="en" lang="en">
 <head>
  <title>
</title>
<meta http-equiv="Content-Type" content="text/html;charset=utf-8" />
  <meta name='ocr-system' content='tesseract 3.04.00' />
  <meta name='ocr-capabilities' content='ocr_page ocr_carea ocr_par ocr_line ocrx_word'/>
</head>
<body>
  <div class='ocr_page' id='page_1' title='image "./patrologiaecurs29unkngoog_0070.png"; bbox 0 0 3848 6158; ppageno 0'>
   <div class='ocr_carea' id='block_1_1' title="bbox 120 193 1773 258">
    <p class='ocr_par' dir='ltr' id='par_1_1' title="bbox 120 193 1773 258">
     <span class='ocr_line' id='line_1_1' title="bbox 120 193 1773 258; baseline 0.007 -11"><span class='ocrx_word' id='word_1_1' title='bbox 120 195 171 248; x_wconf 73' lang='lat' dir='ltr'>tta</span> <span class='ocrx_word' id='word_1_2' title='bbox 382 193 426 247; x_wconf 84' lang='lat' dir='ltr'>DE</span> <span class='ocrx_word' id='word_1_3' title='bbox 444 193 685 252; x_wconf 76' lang='lat' dir='ltr'>cOEnotttuttutt</span> <span class='ocrx_word' id='word_1_4' title='bbox 703 197 826 254; x_wconf 74' lang='lat' dir='ltr'>mstis.</span> <span class='ocrx_word' id='word_1_5' title='bbox 846 198 911 255; x_wconf 85' lang='lat' dir='ltr'>ttn.</span> <span class='ocrx_word' id='word_1_6' title='bbox 932 198 977 254; x_wconf 90' lang='lat' dir='ltr'>ttt.</span> <span class='ocrx_word' id='word_1_7' title='bbox 997 227 1033 240; x_wconf 90' lang='lat'>-</span> <span class='ocrx_word' id='word_1_8' title='bbox 1052 199 1096 254; x_wconf 77' lang='lat' dir='ltr'>ns</span> <span class='ocrx_word' id='word_1_9' title='bbox 1115 199 1252 255; x_wconf 84' lang='lat' dir='ltr'>bttJttNts</span> <span class='ocrx_word' id='word_1_10' title='bbox 1272 198 1513 257; x_wconf 68' lang='lat' dir='ltr'>enitionibus.</span> <span class='ocrx_word' id='word_1_11' title='bbox 1722 205 1773 258; x_wconf 75' lang='lat'>126</span> 
     </span>
    </p>
   </div>
   <div class='ocr_carea' id='block_1_2' title="bbox 112 315 1819 956">
    <p class='ocr_par' dir='ltr' id='par_1_2' title="bbox 112 315 1819 956">
     <span class='ocr_line' id='line_1_2' title="bbox 115 315 1773 389; baseline 0.004 -14"><span class='ocrx_word' id='word_1_12' title='bbox 115 317 194 376; x_wconf 84' lang='lat' dir='ltr'>tibus</span> <span class='ocrx_word' id='word_1_13' title='bbox 216 315 350 388; x_wconf 86' lang='lat' dir='ltr'>apostolis</span> <span class='ocrx_word' id='word_1_14' title='bbox 375 317 512 386; x_wconf 79' lang='lat' dir='ltr'><strong>traditur,</strong></span> <span class='ocrx_word' id='word_1_15' title='bbox 542 333 605 375; x_wconf 90' lang='lat' dir='ltr'>cum</span> <span class='ocrx_word' id='word_1_16' title='bbox 635 321 759 377; x_wconf 89' lang='lat' dir='ltr'>initiaret</span> <span class='ocrx_word' id='word_1_17' title='bbox 784 320 915 379; x_wconf 84' lang='lat' dir='ltr'>Ecclesiae</span> <span class='ocrx_word' id='word_1_18' title='bbox 929 327 956 389; x_wconf 78' lang='grc' dir='ltr'>Α</span> <span class='ocrx_word' id='word_1_19' title='bbox 970 325 1095 387; x_wconf 82' lang='lat' dir='ltr'>cxviii).</span> <span class='ocrx_word' id='word_1_20' title='bbox 1110 323 1566 379; x_wconf 75' lang='lat' dir='ltr'>Etrursumrl’roeoeneruntoculi</span> <span class='ocrx_word' id='word_1_21' title='bbox 1578 326 1676 380; x_wconf 85' lang='lat' dir='ltr'>meiad</span> <span class='ocrx_word' id='word_1_22' title='bbox 1690 326 1773 381; x_wconf 83' lang='lat' dir='ltr'>tedi-</span> 
     </span>
     <span class='ocr_line' id='line_1_3' title="bbox 117 410 1773 490; baseline 0.004 -21"><span class='ocrx_word' id='word_1_23' title='bbox 117 417 294 469; x_wconf 86' lang='lat' dir='ltr'>sacrosancta</span> <span class='ocrx_word' id='word_1_24' title='bbox 313 410 462 482; x_wconf 78' lang='lat' dir='ltr'>mysteria3</span> <span class='ocrx_word' id='word_1_25' title='bbox 478 412 517 467; x_wconf 84' lang='lat' dir='ltr'>ret</span> <span class='ocrx_word' id='word_1_26' title='bbox 534 412 609 482; x_wconf 89' lang='lat' dir='ltr'>quod</span> <span class='ocrx_word' id='word_1_27' title='bbox 620 413 678 486; x_wconf 89' lang='lat' dir='ltr'>ipse</span> <span class='ocrx_word' id='word_1_28' title='bbox 693 412 739 469; x_wconf 90' lang='lat' dir='ltr'>die</span> <span class='ocrx_word' id='word_1_29' title='bbox 754 422 864 485; x_wconf 87' lang='lat' dir='ltr'>postero</span> <span class='ocrx_word' id='word_1_30' title='bbox 878 430 918 473; x_wconf 89' lang='lat' dir='ltr'>sa·</span> <span class='ocrx_word' id='word_1_31' title='bbox 972 417 1067 479; x_wconf 74' lang='lat' dir='ltr'>lucida,</span> <span class='ocrx_word' id='word_1_32' title='bbox 1081 419 1112 471; x_wconf 90' lang='lat' dir='ltr'>ut</span> <span class='ocrx_word' id='word_1_33' title='bbox 1121 417 1266 472; x_wconf 78' lang='lat' dir='ltr'>nieditarer</span> <span class='ocrx_word' id='word_1_34' title='bbox 1275 418 1380 486; x_wconf 86' lang='lat' dir='ltr'>eloquia</span> <span class='ocrx_word' id='word_1_35' title='bbox 1391 420 1439 471; x_wconf 91' lang='lat' dir='ltr'>tuo</span> <span class='ocrx_word' id='word_1_36' title='bbox 1453 417 1555 488; x_wconf 64' lang='lat' dir='ltr'>(ibid).</span> <span class='ocrx_word' id='word_1_37' title='bbox 1568 418 1599 471; x_wconf 93' lang='lat' dir='ltr'>ln</span> <span class='ocrx_word' id='word_1_38' title='bbox 1609 415 1653 472; x_wconf 91' lang='lat' dir='ltr'>bis</span> <span class='ocrx_word' id='word_1_39' title='bbox 1664 433 1773 490; x_wconf 91' lang='lat' dir='ltr'>quoque</span> 
     </span>
     <span class='ocr_line' id='line_1_4' title="bbox 117 504 1819 583; baseline 0.004 -22"><span class='ocrx_word' id='word_1_40' title='bbox 117 504 255 562; x_wconf 73' lang='lat' dir='ltr'>triticiam</span> <span class='ocrx_word' id='word_1_41' title='bbox 273 505 471 575; x_wconf 86' lang='lat' dir='ltr'>vespertinum,</span> <span class='ocrx_word' id='word_1_42' title='bbox 495 505 523 561; x_wconf 94' lang='lat' dir='ltr'>in</span> <span class='ocrx_word' id='word_1_43' title='bbox 541 506 595 561; x_wconf 88' lang='lat' dir='ltr'>lino</span> <span class='ocrx_word' id='word_1_44' title='bbox 615 507 721 565; x_wconf 84' lang='lat' dir='ltr'>scilieet</span> <span class='ocrx_word' id='word_1_45' title='bbox 739 508 917 578; x_wconf 79' lang='lat' dir='ltr'>serculorum,</span> <span class='ocrx_word' id='word_1_46' title='bbox 972 509 1049 566; x_wconf 90' lang='lat' dir='ltr'>boris</span> <span class='ocrx_word' id='word_1_47' title='bbox 1066 510 1152 567; x_wconf 87' lang='lat' dir='ltr'>etiam</span> <span class='ocrx_word' id='word_1_48' title='bbox 1166 509 1210 566; x_wconf 89' lang='lat' dir='ltr'>ille</span> <span class='ocrx_word' id='word_1_49' title='bbox 1224 511 1403 582; x_wconf 83' lang='lat' dir='ltr'>Evangelicus</span> <span class='ocrx_word' id='word_1_50' title='bbox 1420 509 1617 583; x_wconf 78' lang='lat' dir='ltr'>paterfamilias</span> <span class='ocrx_word' id='word_1_51' title='bbox 1631 512 1773 582; x_wconf 87' lang='lat' dir='ltr'>operarios</span> <span class='ocrx_word' id='word_1_52' title='bbox 1814 560 1819 567; x_wconf 90' lang='lat'><strong>.</strong></span> 
     </span>
     <span class='ocr_line' id='line_1_5' title="bbox 116 598 1773 671; baseline 0.002 -14"><span class='ocrx_word' id='word_1_53' title='bbox 116 598 272 657; x_wconf 75' lang='lat' dir='ltr'>elevatione</span> <span class='ocrx_word' id='word_1_54' title='bbox 286 613 422 655; x_wconf 87' lang='lat' dir='ltr'>manuum</span> <span class='ocrx_word' id='word_1_55' title='bbox 436 614 548 656; x_wconf 91' lang='lat' dir='ltr'>suarum</span> <span class='ocrx_word' id='word_1_56' title='bbox 564 615 613 671; x_wconf 92' lang='lat' dir='ltr'>pro</span> <span class='ocrx_word' id='word_1_57' title='bbox 624 601 713 658; x_wconf 91' lang='lat' dir='ltr'>salute</span> <span class='ocrx_word' id='word_1_58' title='bbox 724 602 812 659; x_wconf 88' lang='lat' dir='ltr'>totius</span> <span class='ocrx_word' id='word_1_59' title='bbox 822 603 919 659; x_wconf 90' lang='lat' dir='ltr'>mundi</span> <span class='ocrx_word' id='word_1_60' title='bbox 973 603 1107 660; x_wconf 77' lang='lat' dir='ltr'>conduxit</span> <span class='ocrx_word' id='word_1_61' title='bbox 1125 603 1154 658; x_wconf 93' lang='lat' dir='ltr'>in</span> <span class='ocrx_word' id='word_1_62' title='bbox 1171 603 1279 660; x_wconf 84' lang='lat' dir='ltr'>vineam</span> <span class='ocrx_word' id='word_1_63' title='bbox 1293 619 1373 659; x_wconf 89' lang='lat' dir='ltr'>snam</span> <span class='ocrx_word' id='word_1_64' title='bbox 1387 604 1496 671; x_wconf 80' lang='lat' dir='ltr'>(narrt.</span> <span class='ocrx_word' id='word_1_65' title='bbox 1517 608 1579 671; x_wconf 80' lang='lat' dir='ltr'>xx).</span> <span class='ocrx_word' id='word_1_66' title='bbox 1598 606 1640 660; x_wconf 91' lang='lat' dir='ltr'>lta</span> <span class='ocrx_word' id='word_1_67' title='bbox 1653 605 1730 669; x_wconf 88' lang='lat' dir='ltr'>enim</span> <span class='ocrx_word' id='word_1_68' title='bbox 1745 614 1773 662; x_wconf 91' lang='lat' dir='ltr'>et</span> 
     </span>
     <span class='ocr_line' id='line_1_6' title="bbox 116 693 1772 771; baseline 0.002 -19"><span class='ocrx_word' id='word_1_69' title='bbox 116 693 228 752; x_wconf 88' lang='lat' dir='ltr'>oblatus</span> <span class='ocrx_word' id='word_1_70' title='bbox 245 700 288 749; x_wconf 89' lang='lat' dir='ltr'>est</span> <span class='ocrx_word' id='word_1_71' title='bbox 305 694 391 750; x_wconf 87' lang='lat' dir='ltr'>Patri.</span> <span class='ocrx_word' id='word_1_72' title='bbox 412 696 481 766; x_wconf 84' lang='lat' dir='ltr'>Quae</span> <span class='ocrx_word' id='word_1_73' title='bbox 504 694 629 751; x_wconf 74' lang='lat' dir='ltr'>extensio</span> <span class='ocrx_word' id='word_1_74' title='bbox 651 711 789 755; x_wconf 73' lang='lat' dir='ltr'>manum</span> <span class='ocrx_word' id='word_1_75' title='bbox 807 695 869 769; x_wconf 83' lang='lat' dir='ltr'>ejus</span> <span class='ocrx_word' id='word_1_76' title='bbox 889 697 920 754; x_wconf 93' lang='lat' dir='ltr'>in</span> <span class='ocrx_word' id='word_1_77' title='bbox 974 696 1022 753; x_wconf 90' lang='lat' dir='ltr'>ille</span> <span class='ocrx_word' id='word_1_78' title='bbox 1034 697 1125 769; x_wconf 92' lang='lat' dir='ltr'>primo</span> <span class='ocrx_word' id='word_1_79' title='bbox 1137 711 1219 753; x_wconf 89' lang='lat' dir='ltr'>mane</span> <span class='ocrx_word' id='word_1_80' title='bbox 1230 696 1397 753; x_wconf 83' lang='lat' dir='ltr'>conduxisse</span> <span class='ocrx_word' id='word_1_81' title='bbox 1412 695 1577 754; x_wconf 72' lang='lat' dir='ltr'>describitur</span> <span class='ocrx_word' id='word_1_82' title='bbox 1592 715 1599 753; x_wconf 81' lang='lat' dir='ltr'><strong><em>z</em></strong></span> <span class='ocrx_word' id='word_1_83' title='bbox 1612 699 1685 771; x_wconf 93' lang='lat' dir='ltr'>quod</span> <span class='ocrx_word' id='word_1_84' title='bbox 1699 707 1772 756; x_wconf 89' lang='lat' dir='ltr'>tem-</span> 
     </span>
     <span class='ocr_line' id='line_1_7' title="bbox 116 787 1771 864; baseline 0.004 -19"><span class='ocrx_word' id='word_1_85' title='bbox 116 787 243 861; x_wconf 90' lang='lat' dir='ltr'>patibulo</span> <span class='ocrx_word' id='word_1_86' title='bbox 261 788 330 844; x_wconf 86' lang='lat' dir='ltr'>satis</span> <span class='ocrx_word' id='word_1_87' title='bbox 345 787 457 859; x_wconf 89' lang='lat' dir='ltr'>proprie</span> <span class='ocrx_word' id='word_1_88' title='bbox 475 787 592 845; x_wconf 82' lang='lat' dir='ltr'>elevatio</span> <span class='ocrx_word' id='word_1_89' title='bbox 606 797 792 862; x_wconf 88' lang='lat' dir='ltr'>nuncupatur.</span> <span class='ocrx_word' id='word_1_90' title='bbox 816 791 921 848; x_wconf 89' lang='lat' dir='ltr'>Omnes</span> <span class='ocrx_word' id='word_1_91' title='bbox 975 807 1026 864; x_wconf 87' lang='lat' dir='ltr'>pus</span> <span class='ocrx_word' id='word_1_92' title='bbox 1052 789 1179 863; x_wconf 86' lang='lat' dir='ltr'>designat</span> <span class='ocrx_word' id='word_1_93' title='bbox 1206 792 1374 847; x_wconf 89' lang='lat' dir='ltr'>matutinam</span> <span class='ocrx_word' id='word_1_94' title='bbox 1402 799 1528 847; x_wconf 85' lang='lat' dir='ltr'>nostram</span> <span class='ocrx_word' id='word_1_95' title='bbox 1559 791 1735 849; x_wconf 88' lang='lat' dir='ltr'>solemnitam</span> <span class='ocrx_word' id='word_1_96' title='bbox 1764 814 1771 851; x_wconf 89' lang='lat'>:</span> 
     </span>
     <span class='ocr_line' id='line_1_8' title="bbox 112 879 1773 956; baseline 0.003 -18"><span class='ocrx_word' id='word_1_97' title='bbox 112 879 190 938; x_wconf 75' lang='grc' dir='ltr'>θυὶω</span> <span class='ocrx_word' id='word_1_98' title='bbox 200 895 253 937; x_wconf 88' lang='lat' dir='ltr'>nos</span> <span class='ocrx_word' id='word_1_99' title='bbox 264 880 294 936; x_wconf 92' lang='lat' dir='ltr'>in</span> <span class='ocrx_word' id='word_1_100' title='bbox 309 879 417 937; x_wconf 82' lang='lat' dir='ltr'>interno</span> <span class='ocrx_word' id='word_1_101' title='bbox 429 880 565 952; x_wconf 75' lang='lat' dir='ltr'>iacentes,</span> <span class='ocrx_word' id='word_1_102' title='bbox 579 881 696 938; x_wconf 78' lang='lat' dir='ltr'>elevavit</span> <span class='ocrx_word' id='word_1_103' title='bbox 707 882 742 939; x_wconf 88' lang='lat' dir='ltr'>ad</span> <span class='ocrx_word' id='word_1_104' title='bbox 758 883 854 951; x_wconf 87' lang='lat' dir='ltr'>coelos,</span> <span class='ocrx_word' id='word_1_105' title='bbox 869 898 917 941; x_wconf 84' lang='lat' dir='ltr'>se-</span> <span class='ocrx_word' id='word_1_106' title='bbox 974 883 1076 942; x_wconf 89' lang='lat' dir='ltr'>dcinde</span> <span class='ocrx_word' id='word_1_107' title='bbox 1087 884 1179 951; x_wconf 89' lang='lat' dir='ltr'>tertia,</span> <span class='ocrx_word' id='word_1_108' title='bbox 1196 882 1260 940; x_wconf 91' lang='lat' dir='ltr'>inde</span> <span class='ocrx_word' id='word_1_109' title='bbox 1275 892 1365 951; x_wconf 79' lang='lat' dir='ltr'>sexta,</span> <span class='ocrx_word' id='word_1_110' title='bbox 1379 892 1442 956; x_wconf 90' lang='lat' dir='ltr'>post</span> <span class='ocrx_word' id='word_1_111' title='bbox 1459 885 1518 941; x_wconf 84' lang='lat' dir='ltr'>baec</span> <span class='ocrx_word' id='word_1_112' title='bbox 1534 900 1617 954; x_wconf 90' lang='lat' dir='ltr'>nona,</span> <span class='ocrx_word' id='word_1_113' title='bbox 1632 886 1668 943; x_wconf 90' lang='lat' dir='ltr'>ad</span> <span class='ocrx_word' id='word_1_114' title='bbox 1681 895 1773 943; x_wconf 62' lang='lat' dir='ltr'>extre:-</span> 
     </span>
    </p>
   </div>
   <div class='ocr_carea' id='block_1_3' title="bbox 117 972 1770 1144">
    <p class='ocr_par' dir='ltr' id='par_1_3' title="bbox 117 972 1770 1144">
     <span class='ocr_line' id='line_1_9' title="bbox 117 972 1770 1070; baseline 0.005 -39"><span class='ocrx_word' id='word_1_115' title='bbox 117 974 242 1032; x_wconf 87' lang='lat' dir='ltr'>cundum</span> <span class='ocrx_word' id='word_1_116' title='bbox 268 974 464 1045; x_wconf 74' lang='lat' dir='ltr'><strong>promissionis</strong></span> <span class='ocrx_word' id='word_1_117' title='bbox 478 974 543 1070; x_wconf 66' lang='lat' dir='ltr'>ejus</span> <span class='ocrx_word' id='word_1_118' title='bbox 562 976 738 1041; x_wconf 81' lang='lat' dir='ltr'>sententiam,</span> <span class='ocrx_word' id='word_1_119' title='bbox 766 976 884 1033; x_wconf 84' lang='lat' dir='ltr'>dicentis</span> <span class='ocrx_word' id='word_1_120' title='bbox 910 997 917 1034; x_wconf 75' lang='grc' dir='ltr'><strong><em>ε</em></strong></span> <span class='ocrx_word' id='word_1_121' title='bbox 975 993 1053 1034; x_wconf 91' lang='lat' dir='ltr'>mum</span> <span class='ocrx_word' id='word_1_122' title='bbox 1065 972 1079 1011; x_wconf 56' lang='grc' dir='ltr'><strong>θ</strong></span> <span class='ocrx_word' id='word_1_123' title='bbox 1093 978 1249 1048; x_wconf 91' lang='lat' dir='ltr'>undecima,</span> <span class='ocrx_word' id='word_1_124' title='bbox 1268 979 1296 1035; x_wconf 92' lang='lat' dir='ltr'>in</span> <span class='ocrx_word' id='word_1_125' title='bbox 1312 994 1366 1051; x_wconf 92' lang='lat' dir='ltr'>qua</span> <span class='ocrx_word' id='word_1_126' title='bbox 1376 979 1523 1038; x_wconf 86' lang='lat' dir='ltr'>lucernalis</span> <span class='ocrx_word' id='word_1_127' title='bbox 1535 981 1592 1050; x_wconf 78' lang='lat' dir='ltr'>[tt.</span> <span class='ocrx_word' id='word_1_128' title='bbox 1611 981 1770 1052; x_wconf 85' lang='lat' dir='ltr'>lucernaris]</span> 
     </span>
     <span class='ocr_line' id='line_1_10' title="bbox 119 1068 1193 1144; baseline 0.002 -20"><span class='ocrx_word' id='word_1_129' title='bbox 119 1068 188 1125; x_wconf 79' lang='lat' dir='ltr'>Cum</span> <span class='ocrx_word' id='word_1_130' title='bbox 210 1068 347 1123; x_wconf 77' lang='lat' dir='ltr'>scultetus</span> <span class='ocrx_word' id='word_1_131' title='bbox 367 1069 446 1134; x_wconf 70' lang='lat' dir='ltr'>fitero</span> <span class='ocrx_word' id='word_1_132' title='bbox 459 1084 478 1121; x_wconf 91' lang='lat' dir='ltr'>a</span> <span class='ocrx_word' id='word_1_133' title='bbox 495 1072 578 1131; x_wconf 75' lang='lat' dir='ltr'>terra</span> <span class='ocrx_word' id='word_1_134' title='bbox 596 1070 684 1123; x_wconf 82' lang='lat' dir='ltr'>omaro</span> <span class='ocrx_word' id='word_1_135' title='bbox 697 1070 806 1125; x_wconf 86' lang='lat' dir='ltr'>trabam</span> <span class='ocrx_word' id='word_1_136' title='bbox 825 1070 863 1124; x_wconf 87' lang='lat' dir='ltr'>od</span> <span class='ocrx_word' id='word_1_137' title='bbox 879 1085 921 1126; x_wconf 81' lang='lat' dir='ltr'>ms</span> <span class='ocrx_word' id='word_1_138' title='bbox 975 1069 1043 1126; x_wconf 85' lang='lat' dir='ltr'>bora</span> <span class='ocrx_word' id='word_1_139' title='bbox 1057 1071 1193 1144; x_wconf 85' lang='lat' dir='ltr'>signatur.</span> 
     </span>
    </p>
   </div>
   <div class='ocr_carea' id='block_1_4' title="bbox 117 1160 1468 1240">
    <p class='ocr_par' dir='ltr' id='par_1_4' title="bbox 117 1160 1468 1240">
     <span class='ocr_line' id='line_1_11' title="bbox 117 1160 1468 1240; baseline 0.004 -23"><span class='ocrx_word' id='word_1_140' title='bbox 117 1165 209 1233; x_wconf 84' lang='lat' dir='ltr'>ipsum</span> <span class='ocrx_word' id='word_1_141' title='bbox 226 1162 320 1232; x_wconf 78' lang='lat' dir='ltr'>(loon.</span> <span class='ocrx_word' id='word_1_142' title='bbox 334 1175 390 1218; x_wconf 82' lang='lat' dir='ltr'>xrv</span> <span class='ocrx_word' id='word_1_143' title='bbox 401 1161 446 1229; x_wconf 48' lang='lat' dir='ltr'>l.)</span> <span class='ocrx_word' id='word_1_144' title='bbox 457 1162 500 1215; x_wconf 89' lang='lat' dir='ltr'>De</span> <span class='ocrx_word' id='word_1_145' title='bbox 514 1160 651 1217; x_wconf 88' lang='lat' dir='ltr'>matutina</span> <span class='ocrx_word' id='word_1_146' title='bbox 666 1174 731 1218; x_wconf 79' lang='lat' dir='ltr'>sero</span> <span class='ocrx_word' id='word_1_147' title='bbox 744 1160 921 1220; x_wconf 70' lang='lat' dir='ltr'>solemnitate</span> <span class='ocrx_word' id='word_1_148' title='bbox 1279 1183 1399 1240; x_wconf 67' lang='lat' dir='ltr'>cngT</span> <span class='ocrx_word' id='word_1_149' title='bbox 1422 1185 1468 1239; x_wconf 58' lang='lat' dir='ltr'>qv,</span> 
     </span>
    </p>
   </div>
   <div class='ocr_carea' id='block_1_5' title="bbox 112 1252 1773 1425">
    <p class='ocr_par' dir='ltr' id='par_1_5' title="bbox 112 1252 1773 1425">
     <span class='ocr_line' id='line_1_12' title="bbox 112 1252 1773 1358; baseline 0.002 -45"><span class='ocrx_word' id='word_1_150' title='bbox 112 1257 204 1314; x_wconf 83' lang='lat' dir='ltr'>etiam</span> <span class='ocrx_word' id='word_1_151' title='bbox 217 1255 284 1312; x_wconf 88' lang='lat' dir='ltr'>illud</span> <span class='ocrx_word' id='word_1_152' title='bbox 295 1270 348 1311; x_wconf 91' lang='lat' dir='ltr'>nos</span> <span class='ocrx_word' id='word_1_153' title='bbox 357 1255 479 1322; x_wconf 82' lang='lat' dir='ltr'>instruit,</span> <span class='ocrx_word' id='word_1_154' title='bbox 491 1252 565 1325; x_wconf 91' lang='lat' dir='ltr'>quod</span> <span class='ocrx_word' id='word_1_155' title='bbox 577 1254 606 1311; x_wconf 93' lang='lat' dir='ltr'>in</span> <span class='ocrx_word' id='word_1_156' title='bbox 616 1254 676 1326; x_wconf 88' lang='lat' dir='ltr'>ipsa</span> <span class='ocrx_word' id='word_1_157' title='bbox 686 1254 810 1327; x_wconf 89' lang='lat' dir='ltr'>quotidie</span> <span class='ocrx_word' id='word_1_158' title='bbox 818 1254 921 1312; x_wconf 91' lang='lat' dir='ltr'>decan·</span> <span class='ocrx_word' id='word_1_159' title='bbox 974 1284 1146 1347; x_wconf 49' lang='lat' dir='ltr'>mmmm,</span> <span class='ocrx_word' id='word_1_160' title='bbox 1157 1300 1237 1353; x_wconf 60' lang='lat' dir='ltr'><strong><em>quam</em></strong></span> <span class='ocrx_word' id='word_1_161' title='bbox 1246 1288 1391 1354; x_wconf 54' lang='lat' dir='ltr'><em>„osmmoe</em></span> <span class='ocrx_word' id='word_1_162' title='bbox 1401 1287 1471 1341; x_wconf 59' lang='lat' dir='ltr'>hm</span> <span class='ocrx_word' id='word_1_163' title='bbox 1480 1287 1670 1341; x_wconf 52' lang='lat' dir='ltr'>,mmmmm</span> <span class='ocrx_word' id='word_1_164' title='bbox 1678 1290 1773 1358; x_wconf 53' lang='lat' dir='ltr'>appel,</span> 
     </span>
     <span class='ocr_line' id='line_1_13' title="bbox 117 1348 1773 1425; baseline 0.005 -20"><span class='ocrx_word' id='word_1_165' title='bbox 117 1351 174 1407; x_wconf 87' lang='lat' dir='ltr'>tari</span> <span class='ocrx_word' id='word_1_166' title='bbox 197 1349 268 1406; x_wconf 83' lang='lat' dir='ltr'>solet</span> <span class='ocrx_word' id='word_1_167' title='bbox 289 1370 297 1404; x_wconf 76' lang='grc' dir='ltr'>ι</span> <span class='ocrx_word' id='word_1_168' title='bbox 319 1353 400 1412; x_wconf 85' lang='lat' dir='ltr'>Deus,</span> <span class='ocrx_word' id='word_1_169' title='bbox 419 1351 491 1404; x_wconf 81' lang='lat' dir='ltr'>Deus</span> <span class='ocrx_word' id='word_1_170' title='bbox 509 1363 594 1411; x_wconf 87' lang='lat' dir='ltr'>meus,</span> <span class='ocrx_word' id='word_1_171' title='bbox 615 1349 653 1403; x_wconf 85' lang='lat' dir='ltr'>ad</span> <span class='ocrx_word' id='word_1_172' title='bbox 673 1349 745 1405; x_wconf 86' lang='lat' dir='ltr'>tede</span> <span class='ocrx_word' id='word_1_173' title='bbox 763 1348 819 1406; x_wconf 88' lang='lat' dir='ltr'>luce</span> <span class='ocrx_word' id='word_1_174' title='bbox 837 1348 922 1419; x_wconf 78' lang='lat' dir='ltr'>otpib</span> <span class='ocrx_word' id='word_1_175' title='bbox 1012 1356 1108 1418; x_wconf 87' lang='lat' dir='ltr'>lamus,</span> <span class='ocrx_word' id='word_1_176' title='bbox 1123 1358 1610 1425; x_wconf 80' lang='lat' dir='ltr'>noreantiquatruditionestatutum,</span> <span class='ocrx_word' id='word_1_177' title='bbox 1625 1359 1672 1414; x_wconf 84' lang='lat' dir='ltr'>sed</span> <span class='ocrx_word' id='word_1_178' title='bbox 1686 1365 1773 1416; x_wconf 84' lang='lat' dir='ltr'>nostro</span> 
     </span>
    </p>
   </div>
   <div class='ocr_carea' id='block_1_6' title="bbox 116 1426 1773 1618">
    <p class='ocr_par' dir='ltr' id='par_1_6' title="bbox 116 1426 1773 1618">
     <span class='ocr_line' id='line_1_14' title="bbox 118 1426 1386 1515; baseline -0.009 -13"><span class='ocrx_word' id='word_1_179' title='bbox 118 1443 238 1515; x_wconf 86' lang='lat' dir='ltr'>(Psalm.</span> <span class='ocrx_word' id='word_1_180' title='bbox 260 1443 356 1513; x_wconf 83' lang='lat' dir='ltr'>nxtt).</span> <span class='ocrx_word' id='word_1_181' title='bbox 377 1443 414 1498; x_wconf 82' lang='lat' dir='ltr'>Et</span> <span class='ocrx_word' id='word_1_182' title='bbox 434 1462 443 1497; x_wconf 72' lang='grc' dir='ltr'><strong><em>ε</em></strong></span> <span class='ocrx_word' id='word_1_183' title='bbox 463 1445 495 1498; x_wconf 86' lang='lat' dir='ltr'>ln</span> <span class='ocrx_word' id='word_1_184' title='bbox 515 1445 659 1498; x_wconf 77' lang='lat' dir='ltr'>matutinis</span> <span class='ocrx_word' id='word_1_185' title='bbox 677 1444 827 1498; x_wconf 85' lang='lat' dir='ltr'>meditabor</span> <span class='ocrx_word' id='word_1_186' title='bbox 848 1447 877 1498; x_wconf 87' lang='lat' dir='ltr'>in</span> <span class='ocrx_word' id='word_1_187' title='bbox 897 1450 922 1500; x_wconf 93' lang='lat' dir='ltr'>te</span> <span class='ocrx_word' id='word_1_188' title='bbox 1012 1426 1386 1496; x_wconf 56' lang='lat' dir='ltr'>iemPffl&#39;ssssdllil&#39;ffltlssmttst·</span> 
     </span>
     <span class='ocr_line' id='line_1_15' title="bbox 116 1538 1773 1618; baseline 0.001 -24"><span class='ocrx_word' id='word_1_189' title='bbox 116 1538 232 1618; x_wconf 63' lang='lat' dir='ltr'>(ibid).</span> <span class='ocrx_word' id='word_1_190' title='bbox 244 1538 918 1608; x_wconf 75' lang='lat' dir='ltr'>nt:erucemtumataraateetuamaettesatu.</span> <span class='ocrx_word' id='word_1_191' title='bbox 1011 1539 1159 1596; x_wconf 84' lang='lat' dir='ltr'>Sciendum</span> <span class='ocrx_word' id='word_1_192' title='bbox 1179 1548 1272 1597; x_wconf 88' lang='lat' dir='ltr'>tamen</span> <span class='ocrx_word' id='word_1_193' title='bbox 1292 1539 1362 1596; x_wconf 90' lang='lat' dir='ltr'>hane</span> <span class='ocrx_word' id='word_1_194' title='bbox 1385 1541 1595 1609; x_wconf 69' lang='lat' dir='ltr'>‘Matutinam</span> <span class='ocrx_word' id='word_1_195' title='bbox 1618 1556 1680 1612; x_wconf 78' lang='lat' dir='ltr'>quae</span> <span class='ocrx_word' id='word_1_196' title='bbox 1700 1556 1773 1597; x_wconf 92' lang='lat' dir='ltr'>nunc</span> 
     </span>
    </p>
   </div>
   <div class='ocr_carea' id='block_1_7' title="bbox 666 1661 1223 1720">
    <p class='ocr_par' dir='ltr' id='par_1_7' title="bbox 666 1661 1223 1720">
     <span class='ocr_line' id='line_1_16' title="bbox 666 1661 1223 1720; baseline 0.004 -5"><span class='ocrx_word' id='word_1_197' title='bbox 666 1661 795 1717; x_wconf 74' lang='lat' dir='ltr'>stabnt</span> <span class='ocrx_word' id='word_1_198' title='bbox 813 1663 923 1719; x_wconf 80' lang='lat' dir='ltr'>GAZAEl</span> <span class='ocrx_word' id='word_1_199' title='bbox 942 1662 1223 1720; x_wconf 73' lang='lat' dir='ltr'><strong>COMMENTARIUS.</strong></span> 
     </span>
    </p>
   </div>
   <div class='ocr_carea' id='block_1_8' title="bbox 115 1780 1777 3269">
    <p class='ocr_par' dir='ltr' id='par_1_8' title="bbox 115 1780 1777 3269">
     <span class='ocr_line' id='line_1_17' title="bbox 152 1780 1770 1856; baseline 0.002 -18"><span class='ocrx_word' id='word_1_200' title='bbox 152 1787 166 1817; x_wconf 80' lang='lat'><strong>¹</strong></span> <span class='ocrx_word' id='word_1_201' title='bbox 178 1785 244 1839; x_wconf 87' lang='lat' dir='ltr'>Post</span> <span class='ocrx_word' id='word_1_202' title='bbox 252 1780 378 1839; x_wconf 86' lang='lat' dir='ltr'>cilicium</span> <span class='ocrx_word' id='word_1_203' title='bbox 386 1781 581 1851; x_wconf 85' lang='lat' dir='ltr'>vespertinum</span> <span class='ocrx_word' id='word_1_204' title='bbox 591 1789 761 1839; x_wconf 88' lang='lat' dir='ltr'>memoratur</span> <span class='ocrx_word' id='word_1_205' title='bbox 770 1782 816 1839; x_wconf 91' lang='lat' dir='ltr'>bic</span> <span class='ocrx_word' id='word_1_206' title='bbox 827 1782 918 1840; x_wconf 90' lang='lat' dir='ltr'>obiter</span> <span class='ocrx_word' id='word_1_207' title='bbox 930 1788 955 1851; x_wconf 86' lang='grc' dir='ltr'><strong>Β</strong></span> <span class='ocrx_word' id='word_1_208' title='bbox 970 1781 1069 1839; x_wconf 90' lang='lat' dir='ltr'>diebus</span> <span class='ocrx_word' id='word_1_209' title='bbox 1087 1783 1315 1854; x_wconf 56' lang='lat' dir='ltr'>inaequalcs‚2hoc</span> <span class='ocrx_word' id='word_1_210' title='bbox 1328 1792 1381 1853; x_wconf 89' lang='lat' dir='ltr'>est,</span> <span class='ocrx_word' id='word_1_211' title='bbox 1395 1783 1546 1856; x_wconf 82' lang='lat' dir='ltr'>longiores,</span> <span class='ocrx_word' id='word_1_212' title='bbox 1559 1783 1600 1839; x_wconf 85' lang='lat' dir='ltr'>vel</span> <span class='ocrx_word' id='word_1_213' title='bbox 1616 1783 1770 1855; x_wconf 65' lang='lat' dir='ltr'>breviorem</span> 
     </span>
     <span class='ocr_line' id='line_1_18' title="bbox 116 1851 1772 1925; baseline 0.002 -15"><span class='ocrx_word' id='word_1_214' title='bbox 116 1855 255 1911; x_wconf 83' lang='lat' dir='ltr'>ttamuna</span> <span class='ocrx_word' id='word_1_215' title='bbox 269 1851 440 1920; x_wconf 75' lang='lat' dir='ltr'>solemnitas,</span> <span class='ocrx_word' id='word_1_216' title='bbox 453 1853 510 1907; x_wconf 87' lang='lat' dir='ltr'>sive</span> <span class='ocrx_word' id='word_1_217' title='bbox 525 1855 695 1909; x_wconf 71' lang='lat' dir='ltr'>matutinum</span> <span class='ocrx_word' id='word_1_218' title='bbox 707 1853 842 1923; x_wconf 89' lang='lat' dir='ltr'>cilicium,</span> <span class='ocrx_word' id='word_1_219' title='bbox 862 1870 917 1925; x_wconf 90' lang='lat' dir='ltr'>quo</span> <span class='ocrx_word' id='word_1_220' title='bbox 972 1853 1045 1910; x_wconf 92' lang='lat' dir='ltr'>sicut</span> <span class='ocrx_word' id='word_1_221' title='bbox 1062 1869 1159 1909; x_wconf 91' lang='lat' dir='ltr'>omues</span> <span class='ocrx_word' id='word_1_222' title='bbox 1174 1854 1246 1911; x_wconf 88' lang='lat' dir='ltr'>inter</span> <span class='ocrx_word' id='word_1_223' title='bbox 1259 1869 1290 1910; x_wconf 84' lang='lat' dir='ltr'>se</span> <span class='ocrx_word' id='word_1_224' title='bbox 1306 1853 1366 1910; x_wconf 87' lang='lat' dir='ltr'>dies</span> <span class='ocrx_word' id='word_1_225' title='bbox 1383 1854 1531 1925; x_wconf 81' lang='lat' dir='ltr'>inaequales</span> <span class='ocrx_word' id='word_1_226' title='bbox 1548 1861 1623 1923; x_wconf 90' lang='lat' dir='ltr'>suut,</span> <span class='ocrx_word' id='word_1_227' title='bbox 1638 1864 1665 1911; x_wconf 89' lang='lat' dir='ltr'>et</span> <span class='ocrx_word' id='word_1_228' title='bbox 1683 1855 1772 1913; x_wconf 91' lang='lat' dir='ltr'>multo</span> 
     </span>
     <span class='ocr_line' id='line_1_19' title="bbox 117 1922 1772 1996; baseline 0.001 -15"><span class='ocrx_word' id='word_1_229' title='bbox 117 1925 232 1981; x_wconf 90' lang='lat' dir='ltr'>nomine</span> <span class='ocrx_word' id='word_1_230' title='bbox 251 1922 362 1980; x_wconf 85' lang='lat' dir='ltr'>Laudes</span> <span class='ocrx_word' id='word_1_231' title='bbox 381 1922 435 1979; x_wconf 93' lang='lat' dir='ltr'>boc</span> <span class='ocrx_word' id='word_1_232' title='bbox 454 1922 516 1978; x_wconf 90' lang='lat' dir='ltr'>loco</span> <span class='ocrx_word' id='word_1_233' title='bbox 539 1923 739 1996; x_wconf 83' lang='lat' dir='ltr'>intelliguntur.</span> <span class='ocrx_word' id='word_1_234' title='bbox 762 1927 821 1981; x_wconf 84' lang='lat' dir='ltr'>Has</span> <span class='ocrx_word' id='word_1_235' title='bbox 842 1925 918 1982; x_wconf 90' lang='lat' dir='ltr'>enim</span> <span class='ocrx_word' id='word_1_236' title='bbox 972 1925 1061 1996; x_wconf 87' lang='lat' dir='ltr'>magis</span> <span class='ocrx_word' id='word_1_237' title='bbox 1080 1925 1197 1980; x_wconf 77' lang='lat' dir='ltr'>diversis</span> <span class='ocrx_word' id='word_1_238' title='bbox 1214 1926 1280 1980; x_wconf 91' lang='lat' dir='ltr'>anni</span> <span class='ocrx_word' id='word_1_239' title='bbox 1299 1924 1481 1996; x_wconf 80' lang='lat' dir='ltr'>temporibus,</span> <span class='ocrx_word' id='word_1_240' title='bbox 1500 1933 1566 1995; x_wconf 89' lang='lat' dir='ltr'>puta</span> <span class='ocrx_word' id='word_1_241' title='bbox 1586 1924 1613 1980; x_wconf 91' lang='lat' dir='ltr'>in</span> <span class='ocrx_word' id='word_1_242' title='bbox 1632 1934 1728 1983; x_wconf 78' lang='lat' dir='ltr'>aestate</span> <span class='ocrx_word' id='word_1_243' title='bbox 1745 1935 1772 1983; x_wconf 91' lang='lat' dir='ltr'>et</span> 
     </span>
     <span class='ocr_line' id='line_1_20' title="bbox 117 1994 1773 2121; baseline 0.002 -71"><span class='ocrx_word' id='word_1_244' title='bbox 117 1995 242 2068; x_wconf 80' lang='lat' dir='ltr'>plerique</span> <span class='ocrx_word' id='word_1_245' title='bbox 251 2001 357 2051; x_wconf 79' lang='lat' dir='ltr'>veteres</span> <span class='ocrx_word' id='word_1_246' title='bbox 366 2000 464 2075; x_wconf 71' lang='lat' dir='ltr'>¹vocant</span> <span class='ocrx_word' id='word_1_247' title='bbox 475 1995 654 2065; x_wconf 84' lang='lat' dir='ltr'>Matutinum,</span> <span class='ocrx_word' id='word_1_248' title='bbox 664 1995 720 2051; x_wconf 82' lang='lat' dir='ltr'>siue</span> <span class='ocrx_word' id='word_1_249' title='bbox 731 1997 916 2053; x_wconf 86' lang='lat' dir='ltr'>Matutinam:</span> <span class='ocrx_word' id='word_1_250' title='bbox 972 1995 1079 2121; x_wconf 46' lang='lat' dir='ltr'>bpeme.</span> <span class='ocrx_word' id='word_1_251' title='bbox 1097 1997 1191 2077; x_wconf 84' lang='lat' dir='ltr'>ltaque</span> <span class='ocrx_word' id='word_1_252' title='bbox 1204 1995 1292 2067; x_wconf 90' lang='lat' dir='ltr'>prima</span> <span class='ocrx_word' id='word_1_253' title='bbox 1303 1994 1371 2050; x_wconf 88' lang='lat' dir='ltr'>bora</span> <span class='ocrx_word' id='word_1_254' title='bbox 1384 1995 1527 2051; x_wconf 82' lang='lat' dir='ltr'>dicebatur</span> <span class='ocrx_word' id='word_1_255' title='bbox 1538 2011 1600 2066; x_wconf 72' lang='lat' dir='ltr'>quae</span> <span class='ocrx_word' id='word_1_256' title='bbox 1609 2005 1669 2053; x_wconf 87' lang='lat' dir='ltr'>erat</span> <span class='ocrx_word' id='word_1_257' title='bbox 1681 1997 1773 2068; x_wconf 91' lang='lat' dir='ltr'>prima</span> 
     </span>
     <span class='ocr_line' id='line_1_21' title="bbox 117 2064 1773 2139; baseline 0.001 -17"><span class='ocrx_word' id='word_1_258' title='bbox 117 2075 147 2122; x_wconf 90' lang='lat' dir='ltr'>et</span> <span class='ocrx_word' id='word_1_259' title='bbox 161 2067 232 2122; x_wconf 92' lang='lat' dir='ltr'>inter</span> <span class='ocrx_word' id='word_1_260' title='bbox 244 2066 327 2122; x_wconf 88' lang='lat' dir='ltr'>boras</span> <span class='ocrx_word' id='word_1_261' title='bbox 345 2064 460 2122; x_wconf 82' lang='lat' dir='ltr'>diurnas</span> <span class='ocrx_word' id='word_1_262' title='bbox 474 2075 656 2122; x_wconf 89' lang='lat' dir='ltr'>annumerant</span> <span class='ocrx_word' id='word_1_263' title='bbox 675 2086 682 2121; x_wconf 88' lang='lat'>:</span> <span class='ocrx_word' id='word_1_264' title='bbox 697 2068 775 2139; x_wconf 82' lang='lat' dir='ltr'>cujus</span> <span class='ocrx_word' id='word_1_265' title='bbox 789 2081 919 2139; x_wconf 88' lang='lat' dir='ltr'>magnam</span> <span class='ocrx_word' id='word_1_266' title='bbox 973 2082 989 2122; x_wconf 90' lang='lat' dir='ltr'>a</span> <span class='ocrx_word' id='word_1_267' title='bbox 1024 2074 1086 2122; x_wconf 89' lang='lat' dir='ltr'>ortu</span> <span class='ocrx_word' id='word_1_268' title='bbox 1099 2067 1180 2132; x_wconf 84' lang='lat' dir='ltr'>solrs;</span> <span class='ocrx_word' id='word_1_269' title='bbox 1195 2065 1326 2132; x_wconf 87' lang='lat' dir='ltr'>secunda,</span> <span class='ocrx_word' id='word_1_270' title='bbox 1341 2080 1402 2137; x_wconf 85' lang='lat' dir='ltr'>quae</span> <span class='ocrx_word' id='word_1_271' title='bbox 1414 2074 1473 2121; x_wconf 86' lang='lat' dir='ltr'>erut</span> <span class='ocrx_word' id='word_1_272' title='bbox 1490 2065 1612 2122; x_wconf 87' lang='lat' dir='ltr'>secunda</span> <span class='ocrx_word' id='word_1_273' title='bbox 1624 2067 1658 2122; x_wconf 89' lang='lat' dir='ltr'>ab</span> <span class='ocrx_word' id='word_1_274' title='bbox 1672 2067 1773 2124; x_wconf 89' lang='lat' dir='ltr'>eodem</span> 
     </span>
     <span class='ocr_line' id='line_1_22' title="bbox 120 2135 1769 2208; baseline 0 -14"><span class='ocrx_word' id='word_1_275' title='bbox 120 2135 299 2204; x_wconf 85' lang='lat' dir='ltr'>ailinitatem,</span> <span class='ocrx_word' id='word_1_276' title='bbox 312 2143 340 2191; x_wconf 89' lang='lat' dir='ltr'>et</span> <span class='ocrx_word' id='word_1_277' title='bbox 358 2136 438 2192; x_wconf 90' lang='lat' dir='ltr'>analo</span> <span class='ocrx_word' id='word_1_278' title='bbox 459 2135 526 2202; x_wconf 88' lang='lat' dir='ltr'>iam,</span> <span class='ocrx_word' id='word_1_279' title='bbox 546 2151 631 2207; x_wconf 91' lang='lat' dir='ltr'>quam</span> <span class='ocrx_word' id='word_1_280' title='bbox 643 2137 726 2193; x_wconf 87' lang='lat' dir='ltr'>babet</span> <span class='ocrx_word' id='word_1_281' title='bbox 747 2153 811 2193; x_wconf 89' lang='lat' dir='ltr'>cum</span> <span class='ocrx_word' id='word_1_282' title='bbox 827 2136 921 2194; x_wconf 86' lang='lat' dir='ltr'>oldaia</span> <span class='ocrx_word' id='word_1_283' title='bbox 975 2136 1043 2192; x_wconf 91' lang='lat' dir='ltr'>solis</span> <span class='ocrx_word' id='word_1_284' title='bbox 1060 2145 1169 2202; x_wconf 75' lang='lat' dir='ltr'>exortu,</span> <span class='ocrx_word' id='word_1_285' title='bbox 1186 2136 1266 2192; x_wconf 90' lang='lat' dir='ltr'>etsie</span> <span class='ocrx_word' id='word_1_286' title='bbox 1282 2135 1411 2208; x_wconf 87' lang='lat' dir='ltr'>deinceps</span> <span class='ocrx_word' id='word_1_287' title='bbox 1427 2137 1540 2202; x_wconf 78' lang='lat' dir='ltr'>(bellur.</span> <span class='ocrx_word' id='word_1_288' title='bbox 1557 2138 1606 2191; x_wconf 87' lang='lat' dir='ltr'>lib.</span> <span class='ocrx_word' id='word_1_289' title='bbox 1626 2153 1636 2193; x_wconf 92' lang='lat'>1</span> <span class='ocrx_word' id='word_1_290' title='bbox 1653 2139 1685 2192; x_wconf 83' lang='lat' dir='ltr'>de</span> <span class='ocrx_word' id='word_1_291' title='bbox 1705 2142 1769 2194; x_wconf 85' lang='lat' dir='ltr'>Bou.</span> 
     </span>
     <span class='ocr_line' id='line_1_23' title="bbox 122 2151 1772 2280; baseline 0.001 -15"><span class='ocrx_word' id='word_1_292' title='bbox 122 2210 323 2280; x_wconf 77' lang='lat' dir='ltr'>vesperarum,</span> <span class='ocrx_word' id='word_1_293' title='bbox 339 2151 678 2277; x_wconf 68' lang='lat' dir='ltr'>natutplmsmnqrensis</span> <span class='ocrx_word' id='word_1_294' title='bbox 690 2224 800 2279; x_wconf 88' lang='lat' dir='ltr'>propos.</span> <span class='ocrx_word' id='word_1_295' title='bbox 815 2214 858 2263; x_wconf 69' lang='lat' dir='ltr'>vtt</span> <span class='ocrx_word' id='word_1_296' title='bbox 871 2222 921 2264; x_wconf 83' lang='lat' dir='ltr'>ex·</span> <span class='ocrx_word' id='word_1_297' title='bbox 976 2209 1054 2278; x_wconf 79' lang='lat' dir='ltr'>oper.</span> <span class='ocrx_word' id='word_1_298' title='bbox 1077 2224 1137 2278; x_wconf 85' lang='lat' dir='ltr'>cup.</span> <span class='ocrx_word' id='word_1_299' title='bbox 1160 2208 1212 2274; x_wconf 84' lang='lat' dir='ltr'>tt).</span> <span class='ocrx_word' id='word_1_300' title='bbox 1231 2210 1272 2263; x_wconf 86' lang='lat' dir='ltr'>Ex</span> <span class='ocrx_word' id='word_1_301' title='bbox 1291 2208 1468 2279; x_wconf 89' lang='lat' dir='ltr'>consequenti</span> <span class='ocrx_word' id='word_1_302' title='bbox 1488 2214 1608 2264; x_wconf 80' lang='lat' dir='ltr'>extrema</span> <span class='ocrx_word' id='word_1_303' title='bbox 1627 2208 1682 2263; x_wconf 91' lang='lat' dir='ltr'>diei</span> <span class='ocrx_word' id='word_1_304' title='bbox 1703 2207 1772 2267; x_wconf 89' lang='lat' dir='ltr'>bora</span> 
     </span>
     <span class='ocr_line' id='line_1_24' title="bbox 123 2276 1771 2351; baseline 0.001 -19"><span class='ocrx_word' id='word_1_305' title='bbox 123 2278 212 2351; x_wconf 86' lang='lat' dir='ltr'>plicat</span> <span class='ocrx_word' id='word_1_306' title='bbox 230 2279 260 2334; x_wconf 92' lang='lat' dir='ltr'>in</span> <span class='ocrx_word' id='word_1_307' title='bbox 274 2280 347 2334; x_wconf 90' lang='lat' dir='ltr'>bunc</span> <span class='ocrx_word' id='word_1_308' title='bbox 356 2276 469 2334; x_wconf 89' lang='lat' dir='ltr'>modum</span> <span class='ocrx_word' id='word_1_309' title='bbox 484 2296 491 2331; x_wconf 72' lang='grc' dir='ltr'><strong><em>ε</em></strong></span> <span class='ocrx_word' id='word_1_310' title='bbox 506 2280 615 2346; x_wconf 72' lang='lat' dir='ltr'>quitiae</span> <span class='ocrx_word' id='word_1_311' title='bbox 628 2284 690 2334; x_wconf 88' lang='lat' dir='ltr'>sunt</span> <span class='ocrx_word' id='word_1_312' title='bbox 708 2281 838 2335; x_wconf 71' lang='lat' dir='ltr'>amana</span> <span class='ocrx_word' id='word_1_313' title='bbox 852 2279 922 2334; x_wconf 83' lang='lat' dir='ltr'>bora</span> <span class='ocrx_word' id='word_1_314' title='bbox 975 2286 1035 2334; x_wconf 88' lang='lat' dir='ltr'>erat</span> <span class='ocrx_word' id='word_1_315' title='bbox 1052 2276 1227 2346; x_wconf 89' lang='lat' dir='ltr'>duodecima,</span> <span class='ocrx_word' id='word_1_316' title='bbox 1243 2294 1308 2335; x_wconf 86' lang='lat' dir='ltr'>cum</span> <span class='ocrx_word' id='word_1_317' title='bbox 1325 2295 1378 2351; x_wconf 91' lang='lat' dir='ltr'>qua</span> <span class='ocrx_word' id='word_1_318' title='bbox 1397 2277 1530 2334; x_wconf 89' lang='lat' dir='ltr'>coincidit</span> <span class='ocrx_word' id='word_1_319' title='bbox 1549 2277 1696 2334; x_wconf 89' lang='lat' dir='ltr'>undecima</span> <span class='ocrx_word' id='word_1_320' title='bbox 1712 2278 1771 2350; x_wconf 81' lang='lat' dir='ltr'>jam</span> 
     </span>
     <span class='ocr_line' id='line_1_25' title="bbox 116 2346 1772 2420; baseline 0.001 -17"><span class='ocrx_word' id='word_1_321' title='bbox 116 2365 171 2420; x_wconf 86' lang='lat' dir='ltr'>per</span> <span class='ocrx_word' id='word_1_322' title='bbox 183 2365 228 2417; x_wconf 79' lang='lat' dir='ltr'>se3</span> <span class='ocrx_word' id='word_1_323' title='bbox 243 2365 295 2404; x_wconf 86' lang='lat' dir='ltr'>non</span> <span class='ocrx_word' id='word_1_324' title='bbox 305 2350 426 2404; x_wconf 70' lang='lat' dir='ltr'>babentes</span> <span class='ocrx_word' id='word_1_325' title='bbox 439 2365 501 2404; x_wconf 84' lang='lat' dir='ltr'>cum</span> <span class='ocrx_word' id='word_1_326' title='bbox 512 2350 577 2403; x_wconf 84' lang='lat' dir='ltr'>aliis</span> <span class='ocrx_word' id='word_1_327' title='bbox 585 2348 754 2418; x_wconf 82' lang='lat' dir='ltr'>parilitatem</span> <span class='ocrx_word' id='word_1_328' title='bbox 770 2351 835 2406; x_wconf 85' lang='lat' dir='ltr'>:sed</span> <span class='ocrx_word' id='word_1_329' title='bbox 846 2346 919 2407; x_wconf 74' lang='lat' dir='ltr'>bou-</span> <span class='ocrx_word' id='word_1_330' title='bbox 973 2356 1067 2404; x_wconf 87' lang='lat' dir='ltr'>exacta</span> <span class='ocrx_word' id='word_1_331' title='bbox 1083 2368 1089 2403; x_wconf 91' lang='lat'>:</span> <span class='ocrx_word' id='word_1_332' title='bbox 1101 2365 1155 2420; x_wconf 93' lang='lat' dir='ltr'>quo</span> <span class='ocrx_word' id='word_1_333' title='bbox 1168 2348 1252 2406; x_wconf 92' lang='lat' dir='ltr'>modo</span> <span class='ocrx_word' id='word_1_334' title='bbox 1264 2349 1336 2420; x_wconf 90' lang='lat' dir='ltr'>apud</span> <span class='ocrx_word' id='word_1_335' title='bbox 1347 2349 1511 2406; x_wconf 82' lang='lat' dir='ltr'>blattliaeum</span> <span class='ocrx_word' id='word_1_336' title='bbox 1521 2349 1666 2406; x_wconf 88' lang='lat' dir='ltr'>undecima</span> <span class='ocrx_word' id='word_1_337' title='bbox 1677 2350 1772 2406; x_wconf 82' lang='lat' dir='ltr'>intelli</span> 
     </span>
     <span class='ocr_line' id='line_1_26' title="bbox 116 2420 1771 2491; baseline 0.002 -16"><span class='ocrx_word' id='word_1_338' title='bbox 116 2421 215 2482; x_wconf 85' lang='lat' dir='ltr'>des,et</span> <span class='ocrx_word' id='word_1_339' title='bbox 231 2422 481 2490; x_wconf 84' lang='lat' dir='ltr'>Vesperaintersc:</span> <span class='ocrx_word' id='word_1_340' title='bbox 494 2422 557 2475; x_wconf 89' lang='lat' dir='ltr'>item</span> <span class='ocrx_word' id='word_1_341' title='bbox 566 2422 776 2483; x_wconf 70' lang='lat' dir='ltr'>promittam</span> <span class='ocrx_word' id='word_1_342' title='bbox 797 2422 920 2476; x_wconf 84' lang='lat' dir='ltr'>latorium</span> <span class='ocrx_word' id='word_1_343' title='bbox 972 2420 1056 2491; x_wconf 90' lang='lat' dir='ltr'>gitur.</span> <span class='ocrx_word' id='word_1_344' title='bbox 1079 2421 1151 2476; x_wconf 90' lang='lat' dir='ltr'>Nam</span> <span class='ocrx_word' id='word_1_345' title='bbox 1176 2421 1318 2491; x_wconf 89' lang='lat' dir='ltr'>operarios</span> <span class='ocrx_word' id='word_1_346' title='bbox 1339 2420 1400 2477; x_wconf 88' lang='lat' dir='ltr'>illos</span> <span class='ocrx_word' id='word_1_347' title='bbox 1422 2421 1489 2477; x_wconf 90' lang='lat' dir='ltr'>bora</span> <span class='ocrx_word' id='word_1_348' title='bbox 1511 2420 1655 2477; x_wconf 90' lang='lat' dir='ltr'>undecima</span> <span class='ocrx_word' id='word_1_349' title='bbox 1676 2429 1771 2478; x_wconf 84' lang='lat' dir='ltr'>exacta</span> 
     </span>
     <span class='ocr_line' id='line_1_27' title="bbox 117 2437 1769 2564; baseline 0.002 -20"><span class='ocrx_word' id='word_1_350' title='bbox 117 2493 282 2547; x_wconf 79' lang='lat' dir='ltr'>interserat</span> <span class='ocrx_word' id='word_1_351' title='bbox 294 2493 392 2554; x_wconf 81' lang='lat' dir='ltr'>Tertia,</span> <span class='ocrx_word' id='word_1_352' title='bbox 404 2491 497 2554; x_wconf 79' lang='lat' dir='ltr'>Secta,</span> <span class='ocrx_word' id='word_1_353' title='bbox 508 2493 693 2548; x_wconf 85' lang='lat' dir='ltr'>etNonaiuter</span> <span class='ocrx_word' id='word_1_354' title='bbox 701 2507 728 2546; x_wconf 89' lang='lat' dir='ltr'>se</span> <span class='ocrx_word' id='word_1_355' title='bbox 736 2437 832 2546; x_wconf 55' lang='lat' dir='ltr'>bufert</span> <span class='ocrx_word' id='word_1_356' title='bbox 838 2494 919 2562; x_wconf 86' lang='lat' dir='ltr'>pori·</span> <span class='ocrx_word' id='word_1_357' title='bbox 973 2491 1081 2561; x_wconf 89' lang='lat' dir='ltr'>operari</span> <span class='ocrx_word' id='word_1_358' title='bbox 1098 2490 1225 2562; x_wconf 86' lang='lat' dir='ltr'>coepisse,</span> <span class='ocrx_word' id='word_1_359' title='bbox 1241 2500 1268 2547; x_wconf 88' lang='lat' dir='ltr'>et</span> <span class='ocrx_word' id='word_1_360' title='bbox 1286 2507 1371 2563; x_wconf 92' lang='lat' dir='ltr'>usque</span> <span class='ocrx_word' id='word_1_361' title='bbox 1383 2492 1411 2548; x_wconf 93' lang='lat' dir='ltr'>in</span> <span class='ocrx_word' id='word_1_362' title='bbox 1426 2490 1507 2547; x_wconf 89' lang='lat' dir='ltr'>linem</span> <span class='ocrx_word' id='word_1_363' title='bbox 1520 2490 1692 2548; x_wconf 69' lang='lat' dir='ltr'>duodecimae</span> <span class='ocrx_word' id='word_1_364' title='bbox 1703 2507 1769 2564; x_wconf 89' lang='lat' dir='ltr'>ope·</span> 
     </span>
     <span class='ocr_line' id='line_1_28' title="bbox 118 2561 1771 2634; baseline 0.001 -17"><span class='ocrx_word' id='word_1_365' title='bbox 118 2562 234 2625; x_wconf 76' lang='lat' dir='ltr'>litatem</span> <span class='ocrx_word' id='word_1_366' title='bbox 245 2565 271 2617; x_wconf 90' lang='lat' dir='ltr'>et</span> <span class='ocrx_word' id='word_1_367' title='bbox 283 2561 400 2617; x_wconf 82' lang='lat' dir='ltr'>similem</span> <span class='ocrx_word' id='word_1_368' title='bbox 412 2563 553 2632; x_wconf 71' lang='lat' dir='ltr'>officiandi</span> <span class='ocrx_word' id='word_1_369' title='bbox 563 2563 691 2625; x_wconf 70' lang='lat' dir='ltr'>mdiorum</span> <span class='ocrx_word' id='word_1_370' title='bbox 704 2568 785 2631; x_wconf 87' lang='lat' dir='ltr'>atque</span> <span class='ocrx_word' id='word_1_371' title='bbox 797 2564 916 2618; x_wconf 80' lang='lat' dir='ltr'>martam.</span> <span class='ocrx_word' id='word_1_372' title='bbox 972 2568 1048 2617; x_wconf 88' lang='lat' dir='ltr'>ratos</span> <span class='ocrx_word' id='word_1_373' title='bbox 1057 2576 1117 2616; x_wconf 89' lang='lat' dir='ltr'>csse</span> <span class='ocrx_word' id='word_1_374' title='bbox 1131 2570 1223 2631; x_wconf 89' lang='lat' dir='ltr'>aperte</span> <span class='ocrx_word' id='word_1_375' title='bbox 1235 2562 1374 2634; x_wconf 77' lang='lat' dir='ltr'>colligitur</span> <span class='ocrx_word' id='word_1_376' title='bbox 1387 2579 1421 2618; x_wconf 84' lang='lat' dir='ltr'>ex</span> <span class='ocrx_word' id='word_1_377' title='bbox 1437 2562 1491 2618; x_wconf 87' lang='lat' dir='ltr'>illis</span> <span class='ocrx_word' id='word_1_378' title='bbox 1506 2563 1595 2619; x_wconf 80' lang='lat' dir='ltr'>serbis</span> <span class='ocrx_word' id='word_1_379' title='bbox 1609 2583 1615 2618; x_wconf 79' lang='grc' dir='ltr'><strong>ι</strong></span> <span class='ocrx_word' id='word_1_380' title='bbox 1632 2566 1670 2619; x_wconf 88' lang='lat' dir='ltr'>lli</span> <span class='ocrx_word' id='word_1_381' title='bbox 1680 2565 1771 2619; x_wconf 71' lang='lat' dir='ltr'>eroum-</span> 
     </span>
     <span class='ocr_line' id='line_1_29' title="bbox 117 2631 1770 2703; baseline 0.002 -16"><span class='ocrx_word' id='word_1_382' title='bbox 117 2634 193 2700; x_wconf 82' lang='lat' dir='ltr'>Quod</span> <span class='ocrx_word' id='word_1_383' title='bbox 209 2637 301 2687; x_wconf 87' lang='lat' dir='ltr'>autem</span> <span class='ocrx_word' id='word_1_384' title='bbox 317 2633 432 2694; x_wconf 76' lang='lat' dir='ltr'>suades,</span> <span class='ocrx_word' id='word_1_385' title='bbox 451 2637 476 2688; x_wconf 88' lang='lat' dir='ltr'>et</span> <span class='ocrx_word' id='word_1_386' title='bbox 495 2634 616 2703; x_wconf 80' lang='lat' dir='ltr'>Vespera</span> <span class='ocrx_word' id='word_1_387' title='bbox 629 2634 716 2688; x_wconf 88' lang='lat' dir='ltr'>simili</span> <span class='ocrx_word' id='word_1_388' title='bbox 728 2634 805 2687; x_wconf 81' lang='lat' dir='ltr'>modo</span> <span class='ocrx_word' id='word_1_389' title='bbox 823 2634 919 2688; x_wconf 85' lang='lat' dir='ltr'>debent</span> <span class='ocrx_word' id='word_1_390' title='bbox 973 2634 1038 2686; x_wconf 87' lang='lat' dir='ltr'>simi</span> <span class='ocrx_word' id='word_1_391' title='bbox 1051 2648 1105 2686; x_wconf 85' lang='lat' dir='ltr'>urm</span> <span class='ocrx_word' id='word_1_392' title='bbox 1117 2633 1182 2686; x_wconf 78' lang='lat' dir='ltr'>liora</span> <span class='ocrx_word' id='word_1_393' title='bbox 1196 2634 1328 2699; x_wconf 78' lang='lat' dir='ltr'>fraenant.</span> <span class='ocrx_word' id='word_1_394' title='bbox 1344 2631 1458 2690; x_wconf 79' lang='lat' dir='ltr'>Confert</span> <span class='ocrx_word' id='word_1_395' title='bbox 1472 2649 1535 2689; x_wconf 87' lang='lat' dir='ltr'>vero</span> <span class='ocrx_word' id='word_1_396' title='bbox 1550 2633 1695 2690; x_wconf 83' lang='lat' dir='ltr'>Cassianus</span> <span class='ocrx_word' id='word_1_397' title='bbox 1709 2633 1770 2690; x_wconf 86' lang='lat' dir='ltr'>otti-</span> 
     </span>
     <span class='ocr_line' id='line_1_30' title="bbox 116 2702 1771 2775; baseline 0.001 -17"><span class='ocrx_word' id='word_1_398' title='bbox 116 2704 916 2774; x_wconf 67' lang='lat' dir='ltr'>osticiori,babernusduojurapesitainliecretisttdist.</span> <span class='ocrx_word' id='word_1_399' title='bbox 972 2702 1046 2757; x_wconf 88' lang='lat' dir='ltr'>cium</span> <span class='ocrx_word' id='word_1_400' title='bbox 1072 2702 1265 2772; x_wconf 75' lang='lat' dir='ltr'>vespertinum</span> <span class='ocrx_word' id='word_1_401' title='bbox 1289 2719 1353 2758; x_wconf 88' lang='lat' dir='ltr'>cum</span> <span class='ocrx_word' id='word_1_402' title='bbox 1377 2719 1458 2774; x_wconf 91' lang='lat' dir='ltr'>opere</span> <span class='ocrx_word' id='word_1_403' title='bbox 1485 2704 1605 2771; x_wconf 92' lang='lat' dir='ltr'>illorum,</span> <span class='ocrx_word' id='word_1_404' title='bbox 1631 2705 1678 2775; x_wconf 91' lang='lat' dir='ltr'>qui</span> <span class='ocrx_word' id='word_1_405' title='bbox 1703 2703 1771 2760; x_wconf 89' lang='lat' dir='ltr'>hora</span> 
     </span>
     <span class='ocr_line' id='line_1_31' title="bbox 116 2770 1771 2845; baseline 0.001 -17"><span class='ocrx_word' id='word_1_406' title='bbox 116 2789 175 2844; x_wconf 83' lang='lat' dir='ltr'>cap.</span> <span class='ocrx_word' id='word_1_407' title='bbox 198 2775 295 2845; x_wconf 88' lang='lat' dir='ltr'>ultimo</span> <span class='ocrx_word' id='word_1_408' title='bbox 313 2778 338 2828; x_wconf 89' lang='lat' dir='ltr'>et</span> <span class='ocrx_word' id='word_1_409' title='bbox 352 2773 387 2828; x_wconf 93' lang='lat' dir='ltr'>dc</span> <span class='ocrx_word' id='word_1_410' title='bbox 400 2776 559 2830; x_wconf 82' lang='lat' dir='ltr'>consecrat.</span> <span class='ocrx_word' id='word_1_411' title='bbox 577 2776 644 2830; x_wconf 85' lang='lat' dir='ltr'>dist.</span> <span class='ocrx_word' id='word_1_412' title='bbox 667 2777 755 2844; x_wconf 77' lang='lat' dir='ltr'>beap.</span> <span class='ocrx_word' id='word_1_413' title='bbox 771 2774 916 2830; x_wconf 83' lang='lat' dir='ltr'>Convenit.</span> <span class='ocrx_word' id='word_1_414' title='bbox 973 2770 1119 2827; x_wconf 88' lang='lat' dir='ltr'>undecima</span> <span class='ocrx_word' id='word_1_415' title='bbox 1141 2781 1274 2828; x_wconf 82' lang='lat' dir='ltr'>vocantur</span> <span class='ocrx_word' id='word_1_416' title='bbox 1292 2774 1321 2829; x_wconf 93' lang='lat' dir='ltr'>in</span> <span class='ocrx_word' id='word_1_417' title='bbox 1343 2774 1450 2829; x_wconf 85' lang='lat' dir='ltr'>vineam</span> <span class='ocrx_word' id='word_1_418' title='bbox 1473 2790 1480 2826; x_wconf 77' lang='lat' dir='ltr'>z</span> <span class='ocrx_word' id='word_1_419' title='bbox 1499 2777 1596 2844; x_wconf 89' lang='lat' dir='ltr'>ltaque</span> <span class='ocrx_word' id='word_1_420' title='bbox 1620 2774 1771 2831; x_wconf 90' lang='lat' dir='ltr'>secundum</span> 
     </span>
     <span class='ocr_line' id='line_1_32' title="bbox 117 2841 1769 2915; baseline 0 -15"><span class='ocrx_word' id='word_1_421' title='bbox 117 2847 240 2900; x_wconf 67' lang='lat' dir='ltr'>bimum</span> <span class='ocrx_word' id='word_1_422' title='bbox 249 2848 288 2900; x_wconf 85' lang='lat' dir='ltr'>est</span> <span class='ocrx_word' id='word_1_423' title='bbox 299 2845 406 2901; x_wconf 73' lang='lat' dir='ltr'>conatii·</span> <span class='ocrx_word' id='word_1_424' title='bbox 413 2846 607 2908; x_wconf 85' lang='lat' dir='ltr'>Braccarensis,</span> <span class='ocrx_word' id='word_1_425' title='bbox 619 2846 691 2915; x_wconf 85' lang='lat' dir='ltr'>quod</span> <span class='ocrx_word' id='word_1_426' title='bbox 702 2847 741 2900; x_wconf 88' lang='lat' dir='ltr'>sic</span> <span class='ocrx_word' id='word_1_427' title='bbox 755 2844 920 2900; x_wconf 88' lang='lat' dir='ltr'>dicit:Pla-</span> <span class='ocrx_word' id='word_1_428' title='bbox 973 2841 1044 2898; x_wconf 85' lang='lat' dir='ltr'>hanc</span> <span class='ocrx_word' id='word_1_429' title='bbox 1063 2843 1195 2899; x_wconf 87' lang='lat' dir='ltr'>horarum</span> <span class='ocrx_word' id='word_1_430' title='bbox 1218 2844 1440 2914; x_wconf 88' lang='lat' dir='ltr'>supputationem</span> <span class='ocrx_word' id='word_1_431' title='bbox 1462 2843 1497 2897; x_wconf 90' lang='lat' dir='ltr'>ab</span> <span class='ocrx_word' id='word_1_432' title='bbox 1518 2853 1581 2899; x_wconf 88' lang='lat' dir='ltr'>ortu</span> <span class='ocrx_word' id='word_1_433' title='bbox 1603 2845 1681 2907; x_wconf 91' lang='lat' dir='ltr'>solis,</span> <span class='ocrx_word' id='word_1_434' title='bbox 1701 2844 1769 2900; x_wconf 79' lang='lat' dir='ltr'>liora</span> 
     </span>
     <span class='ocr_line' id='line_1_33' title="bbox 118 2912 1767 2986; baseline 0 -15"><span class='ocrx_word' id='word_1_435' title='bbox 118 2919 174 2971; x_wconf 87' lang='lat' dir='ltr'>cuit</span> <span class='ocrx_word' id='word_1_436' title='bbox 188 2917 311 2971; x_wconf 80' lang='lat' dir='ltr'>omnibus</span> <span class='ocrx_word' id='word_1_437' title='bbox 324 2919 459 2970; x_wconf 84' lang='lat' dir='ltr'>mmmuni</span> <span class='ocrx_word' id='word_1_438' title='bbox 468 2931 609 2979; x_wconf 66' lang='lat' dir='ltr'>emersu,</span> <span class='ocrx_word' id='word_1_439' title='bbox 626 2921 657 2971; x_wconf 89' lang='lat' dir='ltr'>ut</span> <span class='ocrx_word' id='word_1_440' title='bbox 672 2931 740 2971; x_wconf 87' lang='lat' dir='ltr'>unus</span> <span class='ocrx_word' id='word_1_441' title='bbox 754 2920 836 2986; x_wconf 84' lang='lat' dir='ltr'>atque</span> <span class='ocrx_word' id='word_1_442' title='bbox 850 2916 921 2970; x_wconf 66' lang='lat' dir='ltr'>mem</span> <span class='ocrx_word' id='word_1_443' title='bbox 975 2914 1146 2983; x_wconf 80' lang='lat' dir='ltr'>vespertina,</span> <span class='ocrx_word' id='word_1_444' title='bbox 1163 2930 1212 2970; x_wconf 88' lang='lat' dir='ltr'>seu</span> <span class='ocrx_word' id='word_1_445' title='bbox 1231 2914 1384 2986; x_wconf 87' lang='lat' dir='ltr'>Vespertiui</span> <span class='ocrx_word' id='word_1_446' title='bbox 1401 2914 1496 2979; x_wconf 81' lang='lat' dir='ltr'>officii,</span> <span class='ocrx_word' id='word_1_447' title='bbox 1519 2922 1560 2969; x_wconf 91' lang='lat' dir='ltr'>est</span> <span class='ocrx_word' id='word_1_448' title='bbox 1578 2912 1645 2968; x_wconf 89' lang='lat' dir='ltr'>hora</span> <span class='ocrx_word' id='word_1_449' title='bbox 1664 2913 1767 2970; x_wconf 86' lang='lat' dir='ltr'>duode·</span> 
     </span>
     <span class='ocr_line' id='line_1_34' title="bbox 118 2984 1772 3058; baseline 0.001 -18"><span class='ocrx_word' id='word_1_450' title='bbox 118 2986 260 3057; x_wconf 86' lang='lat' dir='ltr'>psallendi</span> <span class='ocrx_word' id='word_1_451' title='bbox 277 2986 343 3041; x_wconf 86' lang='lat' dir='ltr'>orda</span> <span class='ocrx_word' id='word_1_452' title='bbox 362 2989 391 3041; x_wconf 89' lang='lat' dir='ltr'>in</span> <span class='ocrx_word' id='word_1_453' title='bbox 411 2989 565 3050; x_wconf 83' lang='lat' dir='ltr'>Matutinis,</span> <span class='ocrx_word' id='word_1_454' title='bbox 579 2988 620 3040; x_wconf 84' lang='lat' dir='ltr'>ecl</span> <span class='ocrx_word' id='word_1_455' title='bbox 644 2988 809 3058; x_wconf 87' lang='lat' dir='ltr'>Vespertinis</span> <span class='ocrx_word' id='word_1_456' title='bbox 823 2988 921 3057; x_wconf 71' lang='lat' dir='ltr'>atmiis</span> <span class='ocrx_word' id='word_1_457' title='bbox 974 2985 1047 3040; x_wconf 87' lang='lat' dir='ltr'>eima</span> <span class='ocrx_word' id='word_1_458' title='bbox 1061 2984 1189 3040; x_wconf 85' lang='lat' dir='ltr'>inchoata</span> <span class='ocrx_word' id='word_1_459' title='bbox 1203 3001 1250 3041; x_wconf 87' lang='lat' dir='ltr'>seu</span> <span class='ocrx_word' id='word_1_460' title='bbox 1264 3001 1387 3053; x_wconf 90' lang='lat' dir='ltr'>currens,</span> <span class='ocrx_word' id='word_1_461' title='bbox 1402 2995 1434 3041; x_wconf 90' lang='lat' dir='ltr'>ut</span> <span class='ocrx_word' id='word_1_462' title='bbox 1446 2985 1552 3041; x_wconf 91' lang='lat' dir='ltr'>dictum</span> <span class='ocrx_word' id='word_1_463' title='bbox 1567 2992 1619 3053; x_wconf 90' lang='lat' dir='ltr'>est,</span> <span class='ocrx_word' id='word_1_464' title='bbox 1633 2984 1674 3039; x_wconf 86' lang='lat' dir='ltr'>vel</span> <span class='ocrx_word' id='word_1_465' title='bbox 1688 2985 1772 3041; x_wconf 91' lang='lat' dir='ltr'>unde·</span> 
     </span>
     <span class='ocr_line' id='line_1_35' title="bbox 117 3055 1777 3128; baseline -0.001 -16"><span class='ocrx_word' id='word_1_466' title='bbox 117 3062 248 3120; x_wconf 77' lang='lat' dir='ltr'>taceatur,</span> <span class='ocrx_word' id='word_1_467' title='bbox 262 3062 288 3112; x_wconf 91' lang='lat' dir='ltr'>et</span> <span class='ocrx_word' id='word_1_468' title='bbox 302 3073 353 3112; x_wconf 88' lang='lat' dir='ltr'>non</span> <span class='ocrx_word' id='word_1_469' title='bbox 365 3057 494 3123; x_wconf 69' lang='lat' dir='ltr'>diversor</span> <span class='ocrx_word' id='word_1_470' title='bbox 507 3074 539 3112; x_wconf 90' lang='lat' dir='ltr'>ac</span> <span class='ocrx_word' id='word_1_471' title='bbox 553 3059 673 3128; x_wconf 76' lang='lat' dir='ltr'>privita,</span> <span class='ocrx_word' id='word_1_472' title='bbox 689 3074 772 3128; x_wconf 81' lang='lat' dir='ltr'>ireque</span> <span class='ocrx_word' id='word_1_473' title='bbox 788 3063 921 3113; x_wconf 87' lang='lat' dir='ltr'>monaste-</span> <span class='ocrx_word' id='word_1_474' title='bbox 975 3057 1226 3128; x_wconf 83' lang='lat' dir='ltr'>cimajamexacta,</span> <span class='ocrx_word' id='word_1_475' title='bbox 1237 3057 1265 3111; x_wconf 92' lang='lat' dir='ltr'>in</span> <span class='ocrx_word' id='word_1_476' title='bbox 1276 3057 1388 3113; x_wconf 91' lang='lat' dir='ltr'>illoloco</span> <span class='ocrx_word' id='word_1_477' title='bbox 1398 3055 1522 3113; x_wconf 82' lang='lat' dir='ltr'>Matthaei</span> <span class='ocrx_word' id='word_1_478' title='bbox 1532 3055 1681 3126; x_wconf 81' lang='lat' dir='ltr'>designata.</span> <span class='ocrx_word' id='word_1_479' title='bbox 1690 3055 1777 3113; x_wconf 90' lang='lat' dir='ltr'>Unde.</span> 
     </span>
     <span class='ocr_line' id='line_1_36' title="bbox 115 3127 1770 3224; baseline 0 -42"><span class='ocrx_word' id='word_1_480' title='bbox 115 3129 433 3183; x_wconf 81' lang='lat' dir='ltr'>riorumconsuetudines</span> <span class='ocrx_word' id='word_1_481' title='bbox 441 3145 502 3182; x_wconf 88' lang='lat' dir='ltr'>cum</span> <span class='ocrx_word' id='word_1_482' title='bbox 509 3130 695 3184; x_wconf 75' lang='lat' dir='ltr'>Ecclesiastico</span> <span class='ocrx_word' id='word_1_483' title='bbox 702 3130 857 3198; x_wconf 81' lang='lat' dir='ltr'>repulasint</span> <span class='ocrx_word' id='word_1_484' title='bbox 865 3144 922 3198; x_wconf 84' lang='lat' dir='ltr'>per·</span> <span class='ocrx_word' id='word_1_485' title='bbox 938 3160 960 3224; x_wconf 53' lang='grc' dir='ltr'><strong><em>ε</em></strong></span> <span class='ocrx_word' id='word_1_486' title='bbox 976 3135 1003 3183; x_wconf 92' lang='lat' dir='ltr'>et</span> <span class='ocrx_word' id='word_1_487' title='bbox 1015 3128 1163 3183; x_wconf 83' lang='lat' dir='ltr'>lucernaris</span> <span class='ocrx_word' id='word_1_488' title='bbox 1178 3128 1250 3183; x_wconf 88' lang='lat' dir='ltr'>dicta</span> <span class='ocrx_word' id='word_1_489' title='bbox 1265 3136 1316 3197; x_wconf 87' lang='lat' dir='ltr'>est,</span> <span class='ocrx_word' id='word_1_490' title='bbox 1331 3144 1363 3184; x_wconf 93' lang='lat' dir='ltr'>eo</span> <span class='ocrx_word' id='word_1_491' title='bbox 1373 3127 1447 3199; x_wconf 93' lang='lat' dir='ltr'>quod</span> <span class='ocrx_word' id='word_1_492' title='bbox 1462 3129 1578 3183; x_wconf 80' lang='lat' dir='ltr'>lucernae</span> <span class='ocrx_word' id='word_1_493' title='bbox 1593 3135 1658 3183; x_wconf 88' lang='lat' dir='ltr'>tunc</span> <span class='ocrx_word' id='word_1_494' title='bbox 1671 3143 1770 3183; x_wconf 84' lang='lat' dir='ltr'>accen-</span> 
     </span>
     <span class='ocr_line' id='line_1_37' title="bbox 115 3197 1771 3269; baseline 0 -15"><span class='ocrx_word' id='word_1_495' title='bbox 115 3197 922 3269; x_wconf 67' lang='lat' dir='ltr'>mista.libimatatinumofficiumappellantquodaocamus</span> <span class='ocrx_word' id='word_1_496' title='bbox 975 3197 1116 3263; x_wconf 78' lang='lat' dir='ltr'>darentur,</span> <span class='ocrx_word' id='word_1_497' title='bbox 1135 3198 1169 3253; x_wconf 90' lang='lat' dir='ltr'>ad</span> <span class='ocrx_word' id='word_1_498' title='bbox 1183 3199 1307 3254; x_wconf 84' lang='lat' dir='ltr'>ol&#39;lieium</span> <span class='ocrx_word' id='word_1_499' title='bbox 1321 3199 1425 3255; x_wconf 88' lang='lat' dir='ltr'>scilieet</span> <span class='ocrx_word' id='word_1_500' title='bbox 1440 3198 1644 3269; x_wconf 88' lang='lat' dir='ltr'>Vespertinum,</span> <span class='ocrx_word' id='word_1_501' title='bbox 1666 3199 1771 3254; x_wconf 84' lang='lat' dir='ltr'>lumino</span> 
     </span>
    </p>
   </div>
   <div class='ocr_carea' id='block_1_9' title="bbox 117 3268 1773 3397">
    <p class='ocr_par' dir='ltr' id='par_1_9' title="bbox 117 3268 1773 3397">
     <span class='ocr_line' id='line_1_38' title="bbox 117 3268 1773 3397; baseline -0.001 -70"><span class='ocrx_word' id='word_1_502' title='bbox 117 3271 238 3327; x_wconf 83' lang='lat' dir='ltr'>Laudes.</span> <span class='ocrx_word' id='word_1_503' title='bbox 249 3271 396 3340; x_wconf 84' lang='lat' dir='ltr'>Utrobique</span> <span class='ocrx_word' id='word_1_504' title='bbox 403 3287 464 3340; x_wconf 83' lang='lat' dir='ltr'>erpa</span> <span class='ocrx_word' id='word_1_505' title='bbox 471 3271 547 3325; x_wconf 81' lang='lat' dir='ltr'>debet</span> <span class='ocrx_word' id='word_1_506' title='bbox 557 3285 611 3324; x_wconf 89' lang='lat' dir='ltr'>esse</span> <span class='ocrx_word' id='word_1_507' title='bbox 624 3270 694 3324; x_wconf 83' lang='lat' dir='ltr'>idern</span> <span class='ocrx_word' id='word_1_508' title='bbox 704 3272 768 3324; x_wconf 85' lang='lat' dir='ltr'>ordo</span> <span class='ocrx_word' id='word_1_509' title='bbox 773 3269 920 3340; x_wconf 87' lang='lat' dir='ltr'>psallendi,</span> <span class='ocrx_word' id='word_1_510' title='bbox 976 3268 1030 3326; x_wconf 89' lang='lat' dir='ltr'>diei</span> <span class='ocrx_word' id='word_1_511' title='bbox 1052 3268 1204 3336; x_wconf 85' lang='lat' dir='ltr'>deficiente,</span> <span class='ocrx_word' id='word_1_512' title='bbox 1222 3270 1250 3324; x_wconf 90' lang='lat' dir='ltr'>in</span> <span class='ocrx_word' id='word_1_513' title='bbox 1265 3270 1499 3397; x_wconf 60' lang='lat' dir='ltr'>loeispraesertim</span> <span class='ocrx_word' id='word_1_514' title='bbox 1512 3268 1725 3336; x_wconf 83' lang='lat' dir='ltr'>obscurioribus,</span> <span class='ocrx_word' id='word_1_515' title='bbox 1742 3277 1773 3326; x_wconf 90' lang='lat' dir='ltr'>ut</span> 
     </span>
    </p>
   </div>
   <div class='ocr_carea' id='block_1_10' title="bbox 41 3340 1774 5827">
    <p class='ocr_par' dir='ltr' id='par_1_10' title="bbox 41 3340 1774 5827">
     <span class='ocr_line' id='line_1_39' title="bbox 118 3340 1772 3412; baseline 0.001 -17"><span class='ocrx_word' id='word_1_516' title='bbox 118 3342 404 3411; x_wconf 80' lang='lat' dir='ltr'>quiaomborimititer</span> <span class='ocrx_word' id='word_1_517' title='bbox 410 3342 580 3396; x_wconf 80' lang='lat' dir='ltr'>inchoant-ur.</span> <span class='ocrx_word' id='word_1_518' title='bbox 591 3341 923 3410; x_wconf 82' lang='lat' dir='ltr'>Utrobiquesantquiaque</span> <span class='ocrx_word' id='word_1_519' title='bbox 977 3341 1067 3395; x_wconf 88' lang='lat' dir='ltr'>solent</span> <span class='ocrx_word' id='word_1_520' title='bbox 1078 3355 1136 3395; x_wconf 86' lang='lat' dir='ltr'>esse</span> <span class='ocrx_word' id='word_1_521' title='bbox 1146 3341 1267 3396; x_wconf 87' lang='lat' dir='ltr'>oratoria</span> <span class='ocrx_word' id='word_1_522' title='bbox 1281 3360 1287 3395; x_wconf 90' lang='lat'>:</span> <span class='ocrx_word' id='word_1_523' title='bbox 1299 3356 1336 3396; x_wconf 93' lang='lat' dir='ltr'>uu</span> <span class='ocrx_word' id='word_1_524' title='bbox 1356 3350 1409 3397; x_wconf 88' lang='lat' dir='ltr'>eet</span> <span class='ocrx_word' id='word_1_525' title='bbox 1419 3342 1509 3412; x_wconf 90' lang='lat' dir='ltr'>ipsum</span> <span class='ocrx_word' id='word_1_526' title='bbox 1523 3340 1646 3396; x_wconf 89' lang='lat' dir='ltr'>cilicium</span> <span class='ocrx_word' id='word_1_527' title='bbox 1659 3343 1772 3411; x_wconf 87' lang='lat' dir='ltr'>Vesper·</span> 
     </span>
     <span class='ocr_line' id='line_1_40' title="bbox 112 3410 1770 3484; baseline 0 -16"><span class='ocrx_word' id='word_1_528' title='bbox 112 3412 921 3483; x_wconf 75' lang='lat' dir='ltr'>psalmi‚quiutrobiqueriebeathaberequinqueautipbonas.</span> <span class='ocrx_word' id='word_1_529' title='bbox 977 3410 1079 3474; x_wconf 86' lang='lat' dir='ltr'>tinum,</span> <span class='ocrx_word' id='word_1_530' title='bbox 1102 3418 1149 3466; x_wconf 88' lang='lat' dir='ltr'>aut</span> <span class='ocrx_word' id='word_1_531' title='bbox 1167 3426 1230 3482; x_wconf 89' lang='lat' dir='ltr'>pars</span> <span class='ocrx_word' id='word_1_532' title='bbox 1253 3411 1386 3484; x_wconf 88' lang='lat' dir='ltr'>ejusdem,</span> <span class='ocrx_word' id='word_1_533' title='bbox 1411 3413 1585 3467; x_wconf 87' lang='lat' dir='ltr'>lucernarum</span> <span class='ocrx_word' id='word_1_534' title='bbox 1606 3427 1621 3466; x_wconf 90' lang='lat' dir='ltr'>a</span> <span class='ocrx_word' id='word_1_535' title='bbox 1645 3412 1770 3468; x_wconf 87' lang='lat' dir='ltr'>Patribus</span> 
     </span>
     <span class='ocr_line' id='line_1_41' title="bbox 123 3480 1774 3554; baseline -0.001 -15"><span class='ocrx_word' id='word_1_536' title='bbox 123 3485 270 3554; x_wconf 80' lang='lat' dir='ltr'>Utrobique</span> <span class='ocrx_word' id='word_1_537' title='bbox 279 3485 406 3539; x_wconf 69' lang='lat' dir='ltr'>ananim</span> <span class='ocrx_word' id='word_1_538' title='bbox 415 3484 574 3553; x_wconf 88' lang='lat' dir='ltr'>capitulum,</span> <span class='ocrx_word' id='word_1_539' title='bbox 584 3484 708 3551; x_wconf 80' lang='lat' dir='ltr'>bpmnus,</span> <span class='ocrx_word' id='word_1_540' title='bbox 722 3498 822 3545; x_wconf 76' lang='lat' dir='ltr'>sersus,</span> <span class='ocrx_word' id='word_1_541' title='bbox 836 3484 923 3538; x_wconf 84' lang='lat' dir='ltr'>Canti-</span> <span class='ocrx_word' id='word_1_542' title='bbox 977 3480 1095 3537; x_wconf 89' lang='lat' dir='ltr'>subinde</span> <span class='ocrx_word' id='word_1_543' title='bbox 1109 3482 1269 3552; x_wconf 87' lang='lat' dir='ltr'>appellatur.</span> <span class='ocrx_word' id='word_1_544' title='bbox 1282 3486 1323 3538; x_wconf 83' lang='lat' dir='ltr'>lie</span> <span class='ocrx_word' id='word_1_545' title='bbox 1336 3498 1391 3554; x_wconf 94' lang='lat' dir='ltr'>quo</span> <span class='ocrx_word' id='word_1_546' title='bbox 1404 3485 1438 3538; x_wconf 86' lang='lat' dir='ltr'>D.</span> <span class='ocrx_word' id='word_1_547' title='bbox 1451 3483 1569 3538; x_wconf 88' lang='lat' dir='ltr'>Basilius</span> <span class='ocrx_word' id='word_1_548' title='bbox 1583 3481 1618 3538; x_wconf 91' lang='lat' dir='ltr'>ad</span> <span class='ocrx_word' id='word_1_549' title='bbox 1630 3483 1774 3553; x_wconf 76' lang='lat' dir='ltr'>Anipbilo-</span> 
     </span>
     <span class='ocr_line' id='line_1_42' title="bbox 115 3552 1772 3626; baseline -0.001 -16"><span class='ocrx_word' id='word_1_550' title='bbox 115 3571 176 3610; x_wconf 89' lang='lat' dir='ltr'>cum</span> <span class='ocrx_word' id='word_1_551' title='bbox 185 3571 246 3610; x_wconf 78' lang='lat' dir='ltr'>nem</span> <span class='ocrx_word' id='word_1_552' title='bbox 256 3554 423 3624; x_wconf 81' lang='lat' dir='ltr'>antiphonis,</span> <span class='ocrx_word' id='word_1_553' title='bbox 433 3556 519 3608; x_wconf 76' lang='lat' dir='ltr'>oratio</span> <span class='ocrx_word' id='word_1_554' title='bbox 532 3556 587 3607; x_wconf 84' lang='lat' dir='ltr'>sire</span> <span class='ocrx_word' id='word_1_555' title='bbox 596 3554 703 3608; x_wconf 88' lang='lat' dir='ltr'>collecta</span> <span class='ocrx_word' id='word_1_556' title='bbox 717 3570 776 3609; x_wconf 82' lang='lat' dir='ltr'>mm</span> <span class='ocrx_word' id='word_1_557' title='bbox 788 3556 922 3610; x_wconf 75' lang='lat' dir='ltr'>memmiis</span> <span class='ocrx_word' id='word_1_558' title='bbox 976 3552 1050 3608; x_wconf 87' lang='lat' dir='ltr'>cium</span> <span class='ocrx_word' id='word_1_559' title='bbox 1061 3569 1121 3624; x_wconf 87' lang='lat' dir='ltr'>cap.</span> <span class='ocrx_word' id='word_1_560' title='bbox 1134 3559 1169 3609; x_wconf 78' lang='lat' dir='ltr'>ts</span> <span class='ocrx_word' id='word_1_561' title='bbox 1181 3575 1187 3610; x_wconf 90' lang='lat'>:</span> <span class='ocrx_word' id='word_1_562' title='bbox 1205 3555 1299 3609; x_wconf 78' lang='lat' dir='ltr'>Visum</span> <span class='ocrx_word' id='word_1_563' title='bbox 1312 3560 1360 3617; x_wconf 89' lang='lat' dir='ltr'>est,</span> <span class='ocrx_word' id='word_1_564' title='bbox 1374 3554 1474 3626; x_wconf 90' lang='lat' dir='ltr'>inquit,</span> <span class='ocrx_word' id='word_1_565' title='bbox 1487 3554 1613 3609; x_wconf 85' lang='lat' dir='ltr'>Patribus</span> <span class='ocrx_word' id='word_1_566' title='bbox 1623 3556 1721 3610; x_wconf 75' lang='lat' dir='ltr'>icastris</span> <span class='ocrx_word' id='word_1_567' title='bbox 1734 3554 1772 3609; x_wconf 89' lang='lat' dir='ltr'>be·</span> 
     </span>
     <span class='ocr_line' id='line_1_43' title="bbox 114 3625 1772 3696; baseline -0.002 -14"><span class='ocrx_word' id='word_1_568' title='bbox 114 3626 263 3682; x_wconf 82' lang='lat' dir='ltr'>similibus.</span> <span class='ocrx_word' id='word_1_569' title='bbox 274 3625 846 3695; x_wconf 79' lang='lat' dir='ltr'>qumeaobonrmconsuetudiaeideodieit,</span> <span class='ocrx_word' id='word_1_570' title='bbox 855 3627 922 3696; x_wconf 88' lang='lat' dir='ltr'>quia</span> <span class='ocrx_word' id='word_1_571' title='bbox 975 3627 1097 3694; x_wconf 60' lang='lat' dir='ltr'>nem-ium</span> <span class='ocrx_word' id='word_1_572' title='bbox 1110 3627 1258 3694; x_wconf 67' lang='lat' dir='ltr'>uesperum</span> <span class='ocrx_word' id='word_1_573' title='bbox 1270 3626 1378 3680; x_wconf 84' lang='lat' dir='ltr'>luminis</span> <span class='ocrx_word' id='word_1_574' title='bbox 1391 3642 1442 3680; x_wconf 79' lang='lat' dir='ltr'>imre</span> <span class='ocrx_word' id='word_1_575' title='bbox 1453 3626 1559 3680; x_wconf 85' lang='lat' dir='ltr'>silentio</span> <span class='ocrx_word' id='word_1_576' title='bbox 1572 3629 1714 3696; x_wconf 72' lang='lat' dir='ltr'>suscepere,</span> <span class='ocrx_word' id='word_1_577' title='bbox 1725 3625 1772 3679; x_wconf 87' lang='lat' dir='ltr'>scd</span> 
     </span>
     <span class='ocr_line' id='line_1_44' title="bbox 115 3696 1773 3766; baseline -0.001 -15"><span class='ocrx_word' id='word_1_578' title='bbox 115 3700 146 3751; x_wconf 85' lang='lat' dir='ltr'>in</span> <span class='ocrx_word' id='word_1_579' title='bbox 156 3698 328 3753; x_wconf 76' lang='lat' dir='ltr'>benedictino</span> <span class='ocrx_word' id='word_1_580' title='bbox 341 3697 430 3765; x_wconf 69' lang='lat' dir='ltr'>officio</span> <span class='ocrx_word' id='word_1_581' title='bbox 441 3696 478 3749; x_wconf 84' lang='lat' dir='ltr'>ad</span> <span class='ocrx_word' id='word_1_582' title='bbox 489 3696 595 3750; x_wconf 84' lang='lat' dir='ltr'>Laudes</span> <span class='ocrx_word' id='word_1_583' title='bbox 608 3700 671 3751; x_wconf 77' lang='lat' dir='ltr'>suaet</span> <span class='ocrx_word' id='word_1_584' title='bbox 682 3698 799 3766; x_wconf 79' lang='lat' dir='ltr'>petiitque</span> <span class='ocrx_word' id='word_1_585' title='bbox 808 3697 918 3766; x_wconf 88' lang='lat' dir='ltr'>psalmi,</span> <span class='ocrx_word' id='word_1_586' title='bbox 977 3698 1124 3763; x_wconf 58' lang='lat' dir='ltr'>statimsut</span> <span class='ocrx_word' id='word_1_587' title='bbox 1135 3699 1275 3765; x_wconf 76' lang='lat' dir='ltr'>opponat,</span> <span class='ocrx_word' id='word_1_588' title='bbox 1290 3696 1392 3765; x_wconf 81' lang='lat' dir='ltr'>pretias</span> <span class='ocrx_word' id='word_1_589' title='bbox 1403 3712 1489 3764; x_wconf 71' lang='lat' dir='ltr'>apae.</span> <span class='ocrx_word' id='word_1_590' title='bbox 1500 3697 1538 3751; x_wconf 83' lang='lat' dir='ltr'>At</span> <span class='ocrx_word' id='word_1_591' title='bbox 1551 3699 1677 3765; x_wconf 71' lang='lat' dir='ltr'>quisnam</span> <span class='ocrx_word' id='word_1_592' title='bbox 1687 3698 1773 3763; x_wconf 74' lang='lat' dir='ltr'>fuerit</span> 
     </span>
     <span class='ocr_line' id='line_1_45' title="bbox 114 3766 1772 3837; baseline -0.002 -14"><span class='ocrx_word' id='word_1_593' title='bbox 114 3773 142 3823; x_wconf 88' lang='lat' dir='ltr'>et</span> <span class='ocrx_word' id='word_1_594' title='bbox 152 3768 192 3823; x_wconf 84' lang='lat' dir='ltr'>ad</span> <span class='ocrx_word' id='word_1_595' title='bbox 203 3770 333 3837; x_wconf 85' lang='lat' dir='ltr'>Vesperas</span> <span class='ocrx_word' id='word_1_596' title='bbox 342 3771 446 3822; x_wconf 86' lang='lat' dir='ltr'>tontum</span> <span class='ocrx_word' id='word_1_597' title='bbox 456 3771 581 3836; x_wconf 87' lang='lat' dir='ltr'>quatuor.</span> <span class='ocrx_word' id='word_1_598' title='bbox 591 3769 626 3820; x_wconf 83' lang='lat' dir='ltr'>Et</span> <span class='ocrx_word' id='word_1_599' title='bbox 636 3767 739 3822; x_wconf 84' lang='lat' dir='ltr'>Laudes</span> <span class='ocrx_word' id='word_1_600' title='bbox 748 3770 778 3821; x_wconf 93' lang='lat' dir='ltr'>in</span> <span class='ocrx_word' id='word_1_601' title='bbox 785 3769 920 3837; x_wconf 62' lang='lat' dir='ltr'>percipio</span> <span class='ocrx_word' id='word_1_602' title='bbox 973 3766 1227 3822; x_wconf 83' lang='lat' dir='ltr'>auctorluceraaria</span> <span class='ocrx_word' id='word_1_603' title='bbox 1237 3771 1388 3835; x_wconf 72' lang='lat' dir='ltr'>praticorum</span> <span class='ocrx_word' id='word_1_604' title='bbox 1397 3769 1520 3830; x_wconf 69' lang='lat' dir='ltr'>actions,</span> <span class='ocrx_word' id='word_1_605' title='bbox 1531 3768 1675 3822; x_wconf 84' lang='lat' dir='ltr'>dicerenon</span> <span class='ocrx_word' id='word_1_606' title='bbox 1682 3782 1772 3835; x_wconf 82' lang='lat' dir='ltr'>passu</span> 
     </span>
     <span class='ocr_line' id='line_1_46' title="bbox 114 3836 1770 3909; baseline -0.002 -14"><span class='ocrx_word' id='word_1_607' title='bbox 114 3839 214 3895; x_wconf 83' lang='lat' dir='ltr'>babeat</span> <span class='ocrx_word' id='word_1_608' title='bbox 228 3839 365 3909; x_wconf 88' lang='lat' dir='ltr'>psalmum</span> <span class='ocrx_word' id='word_1_609' title='bbox 380 3838 510 3893; x_wconf 83' lang='lat' dir='ltr'>directum</span> <span class='ocrx_word' id='word_1_610' title='bbox 529 3856 537 3891; x_wconf 77' lang='grc' dir='ltr'><strong><em>ε</em></strong></span> <span class='ocrx_word' id='word_1_611' title='bbox 553 3838 625 3892; x_wconf 88' lang='lat' dir='ltr'>alios</span> <span class='ocrx_word' id='word_1_612' title='bbox 642 3840 671 3891; x_wconf 87' lang='lat' dir='ltr'>in</span> <span class='ocrx_word' id='word_1_613' title='bbox 684 3840 773 3907; x_wconf 72' lang='lat' dir='ltr'>officio</span> <span class='ocrx_word' id='word_1_614' title='bbox 789 3838 915 3907; x_wconf 85' lang='lat' dir='ltr'>pariliter</span> <span class='ocrx_word' id='word_1_615' title='bbox 974 3854 1044 3892; x_wconf 87' lang='lat' dir='ltr'>mus.</span> <span class='ocrx_word' id='word_1_616' title='bbox 1055 3839 1123 3893; x_wconf 83' lang='lat' dir='ltr'>llaec</span> <span class='ocrx_word' id='word_1_617' title='bbox 1142 3837 1271 3902; x_wconf 84' lang='lat' dir='ltr'>Basilius,</span> <span class='ocrx_word' id='word_1_618' title='bbox 1285 3838 1427 3893; x_wconf 89' lang='lat' dir='ltr'>insinuans</span> <span class='ocrx_word' id='word_1_619' title='bbox 1439 3854 1495 3894; x_wconf 92' lang='lat' dir='ltr'>non</span> <span class='ocrx_word' id='word_1_620' title='bbox 1508 3836 1628 3902; x_wconf 86' lang='lat' dir='ltr'>aliunde,</span> <span class='ocrx_word' id='word_1_621' title='bbox 1641 3851 1725 3906; x_wconf 89' lang='lat' dir='ltr'>quam</span> <span class='ocrx_word' id='word_1_622' title='bbox 1738 3852 1770 3892; x_wconf 82' lang='lat' dir='ltr'>ex</span> 
     </span>
     <span class='ocr_line' id='line_1_47' title="bbox 115 3905 1769 3980; baseline -0.001 -16"><span class='ocrx_word' id='word_1_623' title='bbox 115 3912 313 3980; x_wconf 63' lang='lat' dir='ltr'>inofficiantur.</span> <span class='ocrx_word' id='word_1_624' title='bbox 329 3909 478 3966; x_wconf 76' lang='lat' dir='ltr'>Secundum</span> <span class='ocrx_word' id='word_1_625' title='bbox 491 3912 529 3963; x_wconf 89' lang='lat' dir='ltr'>est</span> <span class='ocrx_word' id='word_1_626' title='bbox 542 3910 648 3963; x_wconf 81' lang='lat' dir='ltr'>caecilii</span> <span class='ocrx_word' id='word_1_627' title='bbox 661 3909 833 3976; x_wconf 73' lang='lat' dir='ltr'>sparteus,</span> <span class='ocrx_word' id='word_1_628' title='bbox 849 3908 920 3977; x_wconf 79' lang='lat' dir='ltr'>quea</span> <span class='ocrx_word' id='word_1_629' title='bbox 974 3909 1125 3979; x_wconf 87' lang='lat' dir='ltr'>apostoliea</span> <span class='ocrx_word' id='word_1_630' title='bbox 1141 3909 1288 3964; x_wconf 84' lang='lat' dir='ltr'>traditione</span> <span class='ocrx_word' id='word_1_631' title='bbox 1301 3907 1374 3964; x_wconf 76' lang='lat' dir='ltr'>laune</span> <span class='ocrx_word' id='word_1_632' title='bbox 1389 3924 1497 3964; x_wconf 90' lang='lat' dir='ltr'>morem</span> <span class='ocrx_word' id='word_1_633' title='bbox 1510 3913 1663 3976; x_wconf 87' lang='lat' dir='ltr'>acceptum,</span> <span class='ocrx_word' id='word_1_634' title='bbox 1681 3914 1709 3962; x_wconf 87' lang='lat' dir='ltr'>et</span> <span class='ocrx_word' id='word_1_635' title='bbox 1720 3905 1769 3962; x_wconf 88' lang='lat' dir='ltr'>ob·</span> 
     </span>
     <span class='ocr_line' id='line_1_48' title="bbox 115 3976 1769 4050; baseline -0.001 -14"><span class='ocrx_word' id='word_1_636' title='bbox 115 3981 234 4036; x_wconf 71' lang='lat' dir='ltr'>sudmit</span> <span class='ocrx_word' id='word_1_637' title='bbox 245 4000 253 4034; x_wconf 78' lang='grc' dir='ltr'><strong><em>ε</em></strong></span> <span class='ocrx_word' id='word_1_638' title='bbox 265 3982 390 4036; x_wconf 80' lang='lat' dir='ltr'>Conuenit</span> <span class='ocrx_word' id='word_1_639' title='bbox 399 3979 517 4034; x_wconf 77' lang='lat' dir='ltr'>craterem</span> <span class='ocrx_word' id='word_1_640' title='bbox 528 3980 694 4033; x_wconf 75' lang='lat' dir='ltr'>Eccimiaeab</span> <span class='ocrx_word' id='word_1_641' title='bbox 704 3979 824 4033; x_wconf 88' lang='lat' dir='ltr'>omnibus</span> <span class='ocrx_word' id='word_1_642' title='bbox 831 3994 921 4049; x_wconf 87' lang='lat' dir='ltr'>oequa-</span> <span class='ocrx_word' id='word_1_643' title='bbox 974 3987 1124 4034; x_wconf 82' lang='lat' dir='ltr'>serratum.</span> <span class='ocrx_word' id='word_1_644' title='bbox 1139 3981 1181 4033; x_wconf 83' lang='lat' dir='ltr'>ne</span> <span class='ocrx_word' id='word_1_645' title='bbox 1205 3978 1303 4034; x_wconf 90' lang='lat' dir='ltr'>eodem</span> <span class='ocrx_word' id='word_1_646' title='bbox 1318 3988 1344 4034; x_wconf 88' lang='lat' dir='ltr'>et</span> <span class='ocrx_word' id='word_1_647' title='bbox 1367 3983 1402 4034; x_wconf 86' lang='lat' dir='ltr'>l).</span> <span class='ocrx_word' id='word_1_648' title='bbox 1418 3979 1630 4050; x_wconf 79' lang='lat' dir='ltr'>chrysostomus</span> <span class='ocrx_word' id='word_1_649' title='bbox 1655 3976 1683 4031; x_wconf 92' lang='lat' dir='ltr'>in</span> <span class='ocrx_word' id='word_1_650' title='bbox 1703 3976 1769 4047; x_wconf 80' lang='lat' dir='ltr'>psal.</span> 
     </span>
     <span class='ocr_line' id='line_1_49' title="bbox 117 4048 1771 4118; baseline -0.004 -12"><span class='ocrx_word' id='word_1_651' title='bbox 117 4051 183 4107; x_wconf 83' lang='lat' dir='ltr'>liter</span> <span class='ocrx_word' id='word_1_652' title='bbox 192 4051 335 4107; x_wconf 79' lang='lat' dir='ltr'>atstodim&#39;.</span> <span class='ocrx_word' id='word_1_653' title='bbox 354 4051 427 4105; x_wconf 66' lang='lat' dir='ltr'>liade</span> <span class='ocrx_word' id='word_1_654' title='bbox 440 4051 613 4105; x_wconf 80' lang='lat' dir='ltr'>statuendum</span> <span class='ocrx_word' id='word_1_655' title='bbox 629 4054 678 4111; x_wconf 83' lang='lat' dir='ltr'>est,</span> <span class='ocrx_word' id='word_1_656' title='bbox 696 4053 727 4103; x_wconf 91' lang='lat' dir='ltr'>ut</span> <span class='ocrx_word' id='word_1_657' title='bbox 740 4051 809 4102; x_wconf 80' lang='lat' dir='ltr'>sieut</span> <span class='ocrx_word' id='word_1_658' title='bbox 823 4050 921 4118; x_wconf 84' lang='lat' dir='ltr'>ubique</span> <span class='ocrx_word' id='word_1_659' title='bbox 975 4064 1074 4104; x_wconf 79' lang='lat' dir='ltr'>cxviii</span> <span class='ocrx_word' id='word_1_660' title='bbox 1084 4050 1121 4104; x_wconf 92' lang='lat' dir='ltr'>ita</span> <span class='ocrx_word' id='word_1_661' title='bbox 1133 4048 1229 4104; x_wconf 87' lang='lat' dir='ltr'>scribit</span> <span class='ocrx_word' id='word_1_662' title='bbox 1241 4068 1247 4103; x_wconf 90' lang='lat'>:</span> <span class='ocrx_word' id='word_1_663' title='bbox 1257 4051 1303 4105; x_wconf 79' lang='lat' dir='ltr'>Ad</span> <span class='ocrx_word' id='word_1_664' title='bbox 1312 4051 1510 4110; x_wconf 78' lang='lat' dir='ltr'>solesoccasum,</span> <span class='ocrx_word' id='word_1_665' title='bbox 1519 4049 1679 4116; x_wconf 85' lang='lat' dir='ltr'>quodetiam</span> <span class='ocrx_word' id='word_1_666' title='bbox 1689 4048 1771 4100; x_wconf 83' lang='lat' dir='ltr'>lucu·-</span> 
     </span>
     <span class='ocr_line' id='line_1_50' title="bbox 116 4117 1774 4192; baseline -0.004 -16"><span class='ocrx_word' id='word_1_667' title='bbox 116 4127 181 4192; x_wconf 88' lang='lat' dir='ltr'>post</span> <span class='ocrx_word' id='word_1_668' title='bbox 191 4123 361 4192; x_wconf 72' lang='lat' dir='ltr'>antiphonas,</span> <span class='ocrx_word' id='word_1_669' title='bbox 374 4119 526 4176; x_wconf 86' lang='lat' dir='ltr'>collationes</span> <span class='ocrx_word' id='word_1_670' title='bbox 542 4121 576 4174; x_wconf 89' lang='lat' dir='ltr'>ab</span> <span class='ocrx_word' id='word_1_671' title='bbox 589 4121 728 4190; x_wconf 71' lang='lat' dir='ltr'>episooms,</span> <span class='ocrx_word' id='word_1_672' title='bbox 741 4120 782 4173; x_wconf 91' lang='lat' dir='ltr'>vel</span> <span class='ocrx_word' id='word_1_673' title='bbox 791 4120 922 4188; x_wconf 72' lang='lat' dir='ltr'>mesbpte·</span> <span class='ocrx_word' id='word_1_674' title='bbox 975 4122 1083 4173; x_wconf 77' lang='lat' dir='ltr'>erarium</span> <span class='ocrx_word' id='word_1_675' title='bbox 1101 4117 1278 4188; x_wconf 85' lang='lat' dir='ltr'>appellamus,</span> <span class='ocrx_word' id='word_1_676' title='bbox 1293 4120 1424 4174; x_wconf 84' lang='lat' dir='ltr'>orandum</span> <span class='ocrx_word' id='word_1_677' title='bbox 1439 4125 1492 4183; x_wconf 87' lang='lat' dir='ltr'>est;</span> <span class='ocrx_word' id='word_1_678' title='bbox 1508 4121 1572 4186; x_wconf 80' lang='lat' dir='ltr'>qiam</span> <span class='ocrx_word' id='word_1_679' title='bbox 1592 4122 1653 4169; x_wconf 82' lang='lat' dir='ltr'>turm</span> <span class='ocrx_word' id='word_1_680' title='bbox 1667 4117 1698 4170; x_wconf 89' lang='lat' dir='ltr'>ob</span> <span class='ocrx_word' id='word_1_681' title='bbox 1716 4117 1774 4171; x_wconf 84' lang='lat' dir='ltr'>diei</span> 
     </span>
     <span class='ocr_line' id='line_1_51' title="bbox 117 4186 1772 4261; baseline -0.001 -15"><span class='ocrx_word' id='word_1_682' title='bbox 117 4195 161 4246; x_wconf 88' lang='lat' dir='ltr'>ris</span> <span class='ocrx_word' id='word_1_683' title='bbox 174 4192 305 4255; x_wconf 74' lang='lat' dir='ltr'>decontra,</span> <span class='ocrx_word' id='word_1_684' title='bbox 318 4199 344 4248; x_wconf 88' lang='lat' dir='ltr'>et</span> <span class='ocrx_word' id='word_1_685' title='bbox 356 4193 452 4260; x_wconf 79' lang='lat' dir='ltr'>bpmni</span> <span class='ocrx_word' id='word_1_686' title='bbox 463 4193 602 4254; x_wconf 80' lang='lat' dir='ltr'>monitini,</span> <span class='ocrx_word' id='word_1_687' title='bbox 620 4191 661 4245; x_wconf 84' lang='lat' dir='ltr'>aci</span> <span class='ocrx_word' id='word_1_688' title='bbox 673 4192 817 4261; x_wconf 80' lang='lat' dir='ltr'>vespertini</span> <span class='ocrx_word' id='word_1_689' title='bbox 828 4191 921 4245; x_wconf 84' lang='lat' dir='ltr'>diebus</span> <span class='ocrx_word' id='word_1_690' title='bbox 976 4191 1121 4243; x_wconf 85' lang='lat' dir='ltr'>transitum</span> <span class='ocrx_word' id='word_1_691' title='bbox 1130 4191 1293 4256; x_wconf 79' lang='lat' dir='ltr'>beopratias</span> <span class='ocrx_word' id='word_1_692' title='bbox 1303 4190 1419 4256; x_wconf 80' lang='lat' dir='ltr'>aqimus.</span> <span class='ocrx_word' id='word_1_693' title='bbox 1432 4191 1467 4242; x_wconf 90' lang='grc' dir='ltr'>Ι).</span> <span class='ocrx_word' id='word_1_694' title='bbox 1479 4186 1646 4257; x_wconf 86' lang='lat' dir='ltr'>Epiphanius</span> <span class='ocrx_word' id='word_1_695' title='bbox 1653 4187 1772 4258; x_wconf 90' lang='lat' dir='ltr'>psalmos</span> 
     </span>
     <span class='ocr_line' id='line_1_52' title="bbox 120 4258 1770 4328; baseline -0.002 -11"><span class='ocrx_word' id='word_1_696' title='bbox 120 4263 242 4319; x_wconf 72' lang='lat' dir='ltr'>omnibns</span> <span class='ocrx_word' id='word_1_697' title='bbox 254 4264 437 4326; x_wconf 84' lang='lat' dir='ltr'>decantentur,</span> <span class='ocrx_word' id='word_1_698' title='bbox 451 4266 477 4318; x_wconf 90' lang='lat' dir='ltr'>et</span> <span class='ocrx_word' id='word_1_699' title='bbox 489 4265 517 4317; x_wconf 87' lang='lat' dir='ltr'>in</span> <span class='ocrx_word' id='word_1_700' title='bbox 531 4263 696 4317; x_wconf 76' lang='lat' dir='ltr'>conclusione</span> <span class='ocrx_word' id='word_1_701' title='bbox 710 4263 920 4324; x_wconf 83' lang='lat' dir='ltr'>Matutinarum,</span> <span class='ocrx_word' id='word_1_702' title='bbox 976 4259 1126 4314; x_wconf 89' lang='lat' dir='ltr'>lucernales</span> <span class='ocrx_word' id='word_1_703' title='bbox 1148 4266 1237 4324; x_wconf 79' lang='lat' dir='ltr'>sonat,</span> <span class='ocrx_word' id='word_1_704' title='bbox 1258 4258 1304 4328; x_wconf 92' lang='lat' dir='ltr'>qui</span> <span class='ocrx_word' id='word_1_705' title='bbox 1318 4266 1379 4327; x_wconf 89' lang='lat' dir='ltr'>post</span> <span class='ocrx_word' id='word_1_706' title='bbox 1397 4258 1465 4314; x_wconf 91' lang='lat' dir='ltr'>solis</span> <span class='ocrx_word' id='word_1_707' title='bbox 1483 4272 1611 4314; x_wconf 82' lang='lat' dir='ltr'>occasum</span> <span class='ocrx_word' id='word_1_708' title='bbox 1625 4258 1685 4313; x_wconf 87' lang='lat' dir='ltr'>cani</span> <span class='ocrx_word' id='word_1_709' title='bbox 1699 4274 1770 4314; x_wconf 89' lang='lat' dir='ltr'>eon-</span> 
     </span>
     <span class='ocr_line' id='line_1_53' title="bbox 120 4329 1770 4409; baseline -0.002 -21"><span class='ocrx_word' id='word_1_710' title='bbox 120 4336 320 4404; x_wconf 82' lang='lat' dir='ltr'>mi&#39;sscrumque</span> <span class='ocrx_word' id='word_1_711' title='bbox 330 4340 391 4404; x_wconf 85' lang='lat' dir='ltr'>post</span> <span class='ocrx_word' id='word_1_712' title='bbox 401 4334 522 4403; x_wconf 76' lang='lat' dir='ltr'>hymnos,</span> <span class='ocrx_word' id='word_1_713' title='bbox 533 4335 653 4403; x_wconf 82' lang='lat' dir='ltr'>capitula</span> <span class='ocrx_word' id='word_1_714' title='bbox 664 4333 800 4396; x_wconf 72' lang='lat' dir='ltr'>dueatur,</span> <span class='ocrx_word' id='word_1_715' title='bbox 812 4336 839 4387; x_wconf 88' lang='lat' dir='ltr'>et</span> <span class='ocrx_word' id='word_1_716' title='bbox 848 4332 922 4402; x_wconf 82' lang='lat' dir='ltr'>plebs</span> <span class='ocrx_word' id='word_1_717' title='bbox 976 4337 1121 4384; x_wconf 82' lang='lat' dir='ltr'>sueverant</span> <span class='ocrx_word' id='word_1_718' title='bbox 1141 4329 1293 4398; x_wconf 78' lang='lat' dir='ltr'>(Campani.</span> <span class='ocrx_word' id='word_1_719' title='bbox 1309 4332 1421 4409; x_wconf 58' lang='lat' dir='ltr'>Mal·</span> <span class='ocrx_word' id='word_1_720' title='bbox 1442 4344 1493 4396; x_wconf 82' lang='lat' dir='ltr'>nrt,</span> <span class='ocrx_word' id='word_1_721' title='bbox 1509 4331 1538 4384; x_wconf 88' lang='lat' dir='ltr'>iu</span> <span class='ocrx_word' id='word_1_722' title='bbox 1555 4333 1633 4399; x_wconf 70' lang='lat' dir='ltr'>fiere),</span> <span class='ocrx_word' id='word_1_723' title='bbox 1651 4331 1686 4385; x_wconf 88' lang='lat' dir='ltr'>l).</span> <span class='ocrx_word' id='word_1_724' title='bbox 1704 4331 1770 4385; x_wconf 91' lang='lat' dir='ltr'>item</span> 
     </span>
     <span class='ocr_line' id='line_1_54' title="bbox 116 4399 1771 4474; baseline -0.002 -13"><span class='ocrx_word' id='word_1_725' title='bbox 116 4406 248 4474; x_wconf 84' lang='lat' dir='ltr'>compieta</span> <span class='ocrx_word' id='word_1_726' title='bbox 260 4407 380 4460; x_wconf 77' lang='lat' dir='ltr'>oratiorae</span> <span class='ocrx_word' id='word_1_727' title='bbox 392 4406 430 4459; x_wconf 83' lang='lat' dir='ltr'>od</span> <span class='ocrx_word' id='word_1_728' title='bbox 441 4420 579 4474; x_wconf 84' lang='lat' dir='ltr'>uesperam</span> <span class='ocrx_word' id='word_1_729' title='bbox 590 4405 755 4474; x_wconf 85' lang='lat' dir='ltr'>abepiscopo</span> <span class='ocrx_word' id='word_1_730' title='bbox 767 4404 924 4459; x_wconf 82' lang='lat' dir='ltr'>dimittatur</span> <span class='ocrx_word' id='word_1_731' title='bbox 977 4401 1164 4472; x_wconf 74' lang='lat' dir='ltr'>Hieronymus</span> <span class='ocrx_word' id='word_1_732' title='bbox 1179 4399 1206 4454; x_wconf 91' lang='lat' dir='ltr'>in</span> <span class='ocrx_word' id='word_1_733' title='bbox 1223 4400 1338 4469; x_wconf 84' lang='lat' dir='ltr'>epistola</span> <span class='ocrx_word' id='word_1_734' title='bbox 1352 4399 1386 4455; x_wconf 88' lang='lat' dir='ltr'>ad</span> <span class='ocrx_word' id='word_1_735' title='bbox 1405 4403 1512 4457; x_wconf 71' lang='lat' dir='ltr'>Laetam</span> <span class='ocrx_word' id='word_1_736' title='bbox 1529 4400 1599 4456; x_wconf 86' lang='lat' dir='ltr'>iuter</span> <span class='ocrx_word' id='word_1_737' title='bbox 1618 4401 1670 4456; x_wconf 87' lang='lat' dir='ltr'>alia</span> <span class='ocrx_word' id='word_1_738' title='bbox 1684 4399 1771 4457; x_wconf 91' lang='lat' dir='ltr'>docu-</span> 
     </span>
     <span class='ocr_line' id='line_1_55' title="bbox 115 4471 1770 4545; baseline -0.003 -13"><span class='ocrx_word' id='word_1_739' title='bbox 115 4493 178 4532; x_wconf 90' lang='lat' dir='ltr'>cum</span> <span class='ocrx_word' id='word_1_740' title='bbox 189 4477 378 4531; x_wconf 84' lang='lat' dir='ltr'>benedictione.</span> <span class='ocrx_word' id='word_1_741' title='bbox 392 4477 461 4532; x_wconf 80' lang='lat' dir='ltr'>llaec</span> <span class='ocrx_word' id='word_1_742' title='bbox 475 4475 522 4531; x_wconf 93' lang='lat' dir='ltr'>ibi.</span> <span class='ocrx_word' id='word_1_743' title='bbox 536 4477 580 4542; x_wconf 86' lang='lat' dir='ltr'>Et,</span> <span class='ocrx_word' id='word_1_744' title='bbox 595 4491 705 4545; x_wconf 64' lang='lat' dir='ltr'>aspona</span> <span class='ocrx_word' id='word_1_745' title='bbox 719 4474 808 4544; x_wconf 92' lang='lat' dir='ltr'>inquit</span> <span class='ocrx_word' id='word_1_746' title='bbox 820 4473 922 4529; x_wconf 87' lang='lat' dir='ltr'>ltadul·</span> <span class='ocrx_word' id='word_1_747' title='bbox 978 4480 1070 4528; x_wconf 75' lang='lat' dir='ltr'>nasuta</span> <span class='ocrx_word' id='word_1_748' title='bbox 1080 4473 1113 4528; x_wconf 91' lang='lat' dir='ltr'>de</span> <span class='ocrx_word' id='word_1_749' title='bbox 1124 4471 1298 4527; x_wconf 86' lang='lat' dir='ltr'>institutione</span> <span class='ocrx_word' id='word_1_750' title='bbox 1307 4471 1370 4527; x_wconf 78' lang='lat' dir='ltr'>filim</span> <span class='ocrx_word' id='word_1_751' title='bbox 1380 4472 1546 4545; x_wconf 79' lang='lat' dir='ltr'>virguncula</span> <span class='ocrx_word' id='word_1_752' title='bbox 1560 4472 1770 4529; x_wconf 85' lang='lat' dir='ltr'>Deodieandae:</span> 
     </span>
     <span class='ocr_line' id='line_1_56' title="bbox 114 4528 1771 4620; baseline -0.003 -18"><span class='ocrx_word' id='word_1_753' title='bbox 114 4546 199 4620; x_wconf 81' lang='lat' dir='ltr'>plius,</span> <span class='ocrx_word' id='word_1_754' title='bbox 208 4553 269 4617; x_wconf 89' lang='lat' dir='ltr'>post</span> <span class='ocrx_word' id='word_1_755' title='bbox 280 4549 451 4617; x_wconf 75' lang='lat' dir='ltr'>antiphonas,</span> <span class='ocrx_word' id='word_1_756' title='bbox 465 4547 496 4600; x_wconf 82' lang='lat' dir='ltr'>id</span> <span class='ocrx_word' id='word_1_757' title='bbox 508 4551 556 4609; x_wconf 85' lang='lat' dir='ltr'>est,</span> <span class='ocrx_word' id='word_1_758' title='bbox 566 4551 628 4616; x_wconf 85' lang='lat' dir='ltr'>post</span> <span class='ocrx_word' id='word_1_759' title='bbox 637 4547 755 4615; x_wconf 83' lang='lat' dir='ltr'>psalmas</span> <span class='ocrx_word' id='word_1_760' title='bbox 765 4547 923 4615; x_wconf 82' lang='lat' dir='ltr'>antiplona·</span> <span class='ocrx_word' id='word_1_761' title='bbox 940 4528 966 4591; x_wconf 79' lang='lat' dir='ltr'><strong>D</strong></span> <span class='ocrx_word' id='word_1_762' title='bbox 978 4546 1128 4606; x_wconf 71' lang='lat' dir='ltr'>assuescat,</span> <span class='ocrx_word' id='word_1_763' title='bbox 1143 4542 1242 4612; x_wconf 87' lang='lat' dir='ltr'>inquit,</span> <span class='ocrx_word' id='word_1_764' title='bbox 1254 4560 1361 4599; x_wconf 82' lang='lat' dir='ltr'>accereso</span> <span class='ocrx_word' id='word_1_765' title='bbox 1373 4545 1479 4599; x_wconf 79' lang='lat' dir='ltr'>lacerno</span> <span class='ocrx_word' id='word_1_766' title='bbox 1490 4544 1599 4599; x_wconf 87' lang='lat' dir='ltr'>reddere</span> <span class='ocrx_word' id='word_1_767' title='bbox 1611 4546 1771 4613; x_wconf 76' lang='lat' dir='ltr'>sacrificium</span> 
     </span>
     <span class='ocr_line' id='line_1_57' title="bbox 116 4614 1772 4687; baseline -0.002 -14"><span class='ocrx_word' id='word_1_768' title='bbox 116 4621 168 4673; x_wconf 87' lang='lat' dir='ltr'>tim</span> <span class='ocrx_word' id='word_1_769' title='bbox 175 4618 261 4673; x_wconf 88' lang='lat' dir='ltr'>dictos</span> <span class='ocrx_word' id='word_1_770' title='bbox 274 4621 303 4672; x_wconf 89' lang='lat' dir='ltr'>in</span> <span class='ocrx_word' id='word_1_771' title='bbox 311 4619 461 4685; x_wconf 62' lang='lat' dir='ltr'>muamus</span> <span class='ocrx_word' id='word_1_772' title='bbox 471 4622 496 4672; x_wconf 93' lang='lat' dir='ltr'>et</span> <span class='ocrx_word' id='word_1_773' title='bbox 510 4619 642 4687; x_wconf 77' lang='lat' dir='ltr'>b’esperis,</span> <span class='ocrx_word' id='word_1_774' title='bbox 654 4619 815 4684; x_wconf 87' lang='lat' dir='ltr'>collationes,</span> <span class='ocrx_word' id='word_1_775' title='bbox 832 4617 862 4670; x_wconf 84' lang='lat' dir='ltr'>id</span> <span class='ocrx_word' id='word_1_776' title='bbox 871 4620 920 4680; x_wconf 89' lang='lat' dir='ltr'>est,</span> <span class='ocrx_word' id='word_1_777' title='bbox 975 4618 1164 4685; x_wconf 79' lang='lat' dir='ltr'>uespertinum.</span> <span class='ocrx_word' id='word_1_778' title='bbox 1178 4615 1304 4685; x_wconf 90' lang='lat' dir='ltr'>Denique</span> <span class='ocrx_word' id='word_1_779' title='bbox 1319 4616 1440 4671; x_wconf 89' lang='lat' dir='ltr'>isidorus</span> <span class='ocrx_word' id='word_1_780' title='bbox 1452 4617 1479 4670; x_wconf 92' lang='lat' dir='ltr'>iu</span> <span class='ocrx_word' id='word_1_781' title='bbox 1498 4617 1603 4685; x_wconf 86' lang='lat' dir='ltr'>Regula</span> <span class='ocrx_word' id='word_1_782' title='bbox 1623 4614 1772 4670; x_wconf 82' lang='lat' dir='ltr'>urouacbo·</span> 
     </span>
     <span class='ocr_line' id='line_1_58' title="bbox 114 4686 1772 4760; baseline -0.004 -16"><span class='ocrx_word' id='word_1_783' title='bbox 114 4690 253 4753; x_wconf 81' lang='lat' dir='ltr'>lectiones,</span> <span class='ocrx_word' id='word_1_784' title='bbox 264 4704 332 4759; x_wconf 86' lang='lat' dir='ltr'>quas</span> <span class='ocrx_word' id='word_1_785' title='bbox 343 4691 465 4760; x_wconf 84' lang='lat' dir='ltr'>capitula</span> <span class='ocrx_word' id='word_1_786' title='bbox 473 4691 650 4743; x_wconf 77' lang='lat' dir='ltr'>ruminamus.</span> <span class='ocrx_word' id='word_1_787' title='bbox 663 4691 811 4757; x_wconf 84' lang='lat' dir='ltr'>Hucusque</span> <span class='ocrx_word' id='word_1_788' title='bbox 822 4686 922 4743; x_wconf 86' lang='lat' dir='ltr'>Radul·</span> <span class='ocrx_word' id='word_1_789' title='bbox 975 4702 1037 4741; x_wconf 90' lang='lat' dir='ltr'>rum</span> <span class='ocrx_word' id='word_1_790' title='bbox 1050 4702 1110 4756; x_wconf 89' lang='lat' dir='ltr'>cap.</span> <span class='ocrx_word' id='word_1_791' title='bbox 1131 4691 1148 4741; x_wconf 82' lang='grc'>6</span> <span class='ocrx_word' id='word_1_792' title='bbox 1169 4703 1176 4738; x_wconf 89' lang='lat'><strong>:</strong></span> <span class='ocrx_word' id='word_1_793' title='bbox 1192 4689 1223 4741; x_wconf 86' lang='lat' dir='ltr'>lu</span> <span class='ocrx_word' id='word_1_794' title='bbox 1234 4689 1393 4756; x_wconf 80' lang='lat' dir='ltr'>uespertinis</span> <span class='ocrx_word' id='word_1_795' title='bbox 1406 4689 1516 4757; x_wconf 71' lang='lat' dir='ltr'>officiis,</span> <span class='ocrx_word' id='word_1_796' title='bbox 1528 4690 1617 4754; x_wconf 83' lang='lat' dir='ltr'>primo</span> <span class='ocrx_word' id='word_1_797' title='bbox 1638 4689 1772 4740; x_wconf 80' lang='lat' dir='ltr'>Lieeauo·</span> 
     </span>
     <span class='ocr_line' id='line_1_59' title="bbox 41 4755 1770 4832; baseline -0.006 -16"><span class='ocrx_word' id='word_1_798' title='bbox 41 4759 54 4773; x_wconf 69' lang='lat'>⁸</span> <span class='ocrx_word' id='word_1_799' title='bbox 116 4760 201 4832; x_wconf 91' lang='lat' dir='ltr'>pbus,</span> <span class='ocrx_word' id='word_1_800' title='bbox 225 4760 267 4815; x_wconf 77' lang='lat' dir='ltr'>vir</span> <span class='ocrx_word' id='word_1_801' title='bbox 284 4759 382 4816; x_wconf 87' lang='lat' dir='ltr'>doctus</span> <span class='ocrx_word' id='word_1_802' title='bbox 394 4768 423 4816; x_wconf 90' lang='lat' dir='ltr'>et</span> <span class='ocrx_word' id='word_1_803' title='bbox 441 4767 593 4817; x_wconf 86' lang='lat' dir='ltr'>accuratus.</span> <span class='ocrx_word' id='word_1_804' title='bbox 616 4757 696 4826; x_wconf 81' lang='lat' dir='ltr'>Quod</span> <span class='ocrx_word' id='word_1_805' title='bbox 716 4766 809 4813; x_wconf 90' lang='lat' dir='ltr'>autem</span> <span class='ocrx_word' id='word_1_806' title='bbox 825 4758 852 4812; x_wconf 92' lang='lat' dir='ltr'>in</span> <span class='ocrx_word' id='word_1_807' title='bbox 870 4757 922 4813; x_wconf 90' lang='lat' dir='ltr'>boc</span> <span class='ocrx_word' id='word_1_808' title='bbox 976 4761 1058 4825; x_wconf 82' lang='lat' dir='ltr'>rium,</span> <span class='ocrx_word' id='word_1_809' title='bbox 1069 4757 1165 4812; x_wconf 78' lang='lat' dir='ltr'>deierde</span> <span class='ocrx_word' id='word_1_810' title='bbox 1172 4757 1272 4825; x_wconf 86' lang='lat' dir='ltr'>psalmi</span> <span class='ocrx_word' id='word_1_811' title='bbox 1282 4759 1345 4819; x_wconf 85' lang='lat' dir='ltr'>dua,</span> <span class='ocrx_word' id='word_1_812' title='bbox 1355 4759 1620 4827; x_wconf 71' lang='lat' dir='ltr'>responsoriusunns,</span> <span class='ocrx_word' id='word_1_813' title='bbox 1634 4759 1659 4808; x_wconf 87' lang='lat' dir='ltr'>et</span> <span class='ocrx_word' id='word_1_814' title='bbox 1669 4755 1770 4816; x_wconf 72' lang='lat' dir='ltr'>tutides,</span> 
     </span>
     <span class='ocr_line' id='line_1_60' title="bbox 116 4825 1770 4904; baseline -0.005 -16"><span class='ocrx_word' id='word_1_815' title='bbox 116 4839 216 4888; x_wconf 90' lang='lat' dir='ltr'>nostro</span> <span class='ocrx_word' id='word_1_816' title='bbox 241 4839 320 4887; x_wconf 81' lang='lat' dir='ltr'>textu</span> <span class='ocrx_word' id='word_1_817' title='bbox 342 4838 440 4904; x_wconf 86' lang='lat' dir='ltr'>agatur</span> <span class='ocrx_word' id='word_1_818' title='bbox 461 4831 494 4887; x_wconf 92' lang='lat' dir='ltr'>de</span> <span class='ocrx_word' id='word_1_819' title='bbox 519 4846 551 4886; x_wconf 88' lang='lat' dir='ltr'>ea</span> <span class='ocrx_word' id='word_1_820' title='bbox 575 4828 711 4884; x_wconf 89' lang='lat' dir='ltr'>biatutiua</span> <span class='ocrx_word' id='word_1_821' title='bbox 736 4828 921 4897; x_wconf 84' lang='lat' dir='ltr'>solemnitate,</span> <span class='ocrx_word' id='word_1_822' title='bbox 976 4830 1100 4898; x_wconf 73' lang='lat' dir='ltr'>hymneus,</span> <span class='ocrx_word' id='word_1_823' title='bbox 1116 4833 1195 4896; x_wconf 86' lang='lat' dir='ltr'>atque</span> <span class='ocrx_word' id='word_1_824' title='bbox 1207 4830 1292 4882; x_wconf 88' lang='lat' dir='ltr'>oratio</span> <span class='ocrx_word' id='word_1_825' title='bbox 1306 4829 1419 4882; x_wconf 74' lang='lat' dir='ltr'>debenda</span> <span class='ocrx_word' id='word_1_826' title='bbox 1433 4832 1480 4882; x_wconf 89' lang='lat' dir='ltr'>est.</span> <span class='ocrx_word' id='word_1_827' title='bbox 1494 4829 1534 4879; x_wconf 79' lang='lat' dir='ltr'>Ex</span> <span class='ocrx_word' id='word_1_828' title='bbox 1547 4825 1646 4894; x_wconf 90' lang='lat' dir='ltr'>quibus</span> <span class='ocrx_word' id='word_1_829' title='bbox 1657 4825 1704 4878; x_wconf 85' lang='lat' dir='ltr'>SS.</span> <span class='ocrx_word' id='word_1_830' title='bbox 1720 4825 1770 4879; x_wconf 92' lang='lat' dir='ltr'>Pa-</span> 
     </span>
     <span class='ocr_line' id='line_1_61' title="bbox 115 4893 1772 4975; baseline -0.005 -17"><span class='ocrx_word' id='word_1_831' title='bbox 115 4917 205 4975; x_wconf 88' lang='lat' dir='ltr'>quam</span> <span class='ocrx_word' id='word_1_832' title='bbox 227 4901 336 4959; x_wconf 89' lang='lat' dir='ltr'>Laudes</span> <span class='ocrx_word' id='word_1_833' title='bbox 357 4900 539 4974; x_wconf 89' lang='lat' dir='ltr'>appellamus,</span> <span class='ocrx_word' id='word_1_834' title='bbox 560 4899 738 4956; x_wconf 82' lang='lat' dir='ltr'>manifestum</span> <span class='ocrx_word' id='word_1_835' title='bbox 762 4908 803 4955; x_wconf 90' lang='lat' dir='ltr'>est</span> <span class='ocrx_word' id='word_1_836' title='bbox 824 4916 857 4955; x_wconf 84' lang='lat' dir='ltr'>ex</span> <span class='ocrx_word' id='word_1_837' title='bbox 877 4915 921 4967; x_wconf 91' lang='lat' dir='ltr'>eo,</span> <span class='ocrx_word' id='word_1_838' title='bbox 977 4907 1050 4955; x_wconf 90' lang='lat' dir='ltr'>trum</span> <span class='ocrx_word' id='word_1_839' title='bbox 1063 4898 1229 4953; x_wconf 88' lang='lat' dir='ltr'>testimoniis</span> <span class='ocrx_word' id='word_1_840' title='bbox 1239 4898 1394 4968; x_wconf 87' lang='lat' dir='ltr'>colligimus</span> <span class='ocrx_word' id='word_1_841' title='bbox 1407 4895 1606 4951; x_wconf 89' lang='lat' dir='ltr'>Lucernarium</span> <span class='ocrx_word' id='word_1_842' title='bbox 1616 4893 1650 4948; x_wconf 88' lang='lat' dir='ltr'>ad</span> <span class='ocrx_word' id='word_1_843' title='bbox 1663 4901 1772 4950; x_wconf 88' lang='lat' dir='ltr'>nostras</span> 
     </span>
     <span class='ocr_line' id='line_1_62' title="bbox 113 4965 1772 5045; baseline -0.005 -16"><span class='ocrx_word' id='word_1_844' title='bbox 113 4972 196 5040; x_wconf 91' lang='lat' dir='ltr'>quod</span> <span class='ocrx_word' id='word_1_845' title='bbox 209 4973 278 5029; x_wconf 86' lang='lat' dir='ltr'>dicit</span> <span class='ocrx_word' id='word_1_846' title='bbox 289 4973 319 5028; x_wconf 91' lang='lat' dir='ltr'>in</span> <span class='ocrx_word' id='word_1_847' title='bbox 332 4973 391 5045; x_wconf 92' lang='lat' dir='ltr'>ipsa</span> <span class='ocrx_word' id='word_1_848' title='bbox 402 4972 526 5045; x_wconf 90' lang='lat' dir='ltr'>quotidie</span> <span class='ocrx_word' id='word_1_849' title='bbox 537 4970 676 5028; x_wconf 86' lang='lat' dir='ltr'>decantari</span> <span class='ocrx_word' id='word_1_850' title='bbox 688 4973 775 5026; x_wconf 89' lang='lat' dir='ltr'>solere</span> <span class='ocrx_word' id='word_1_851' title='bbox 786 4970 922 5040; x_wconf 88' lang='lat' dir='ltr'>psalmum</span> <span class='ocrx_word' id='word_1_852' title='bbox 977 4973 1111 5040; x_wconf 80' lang='lat' dir='ltr'>vesperas</span> <span class='ocrx_word' id='word_1_853' title='bbox 1130 4967 1275 5039; x_wconf 82' lang='lat' dir='ltr'>pertinere,</span> <span class='ocrx_word' id='word_1_854' title='bbox 1292 4977 1374 5038; x_wconf 87' lang='lat' dir='ltr'>atquc</span> <span class='ocrx_word' id='word_1_855' title='bbox 1391 4967 1428 5022; x_wconf 88' lang='lat' dir='ltr'>ita</span> <span class='ocrx_word' id='word_1_856' title='bbox 1443 4965 1547 5021; x_wconf 87' lang='lat' dir='ltr'>dietum</span> <span class='ocrx_word' id='word_1_857' title='bbox 1566 4982 1581 5021; x_wconf 91' lang='lat' dir='ltr'>a</span> <span class='ocrx_word' id='word_1_858' title='bbox 1597 4965 1772 5021; x_wconf 87' lang='lat' dir='ltr'>lucernarum</span> 
     </span>
     <span class='ocr_line' id='line_1_63' title="bbox 115 5036 1772 5122; baseline -0.004 -22"><span class='ocrx_word' id='word_1_859' title='bbox 115 5044 198 5101; x_wconf 91' lang='lat' dir='ltr'>illum</span> <span class='ocrx_word' id='word_1_860' title='bbox 214 5061 222 5098; x_wconf 74' lang='grc' dir='ltr'>ε</span> <span class='ocrx_word' id='word_1_861' title='bbox 238 5049 309 5102; x_wconf 81' lang='lat' dir='ltr'>Deus</span> <span class='ocrx_word' id='word_1_862' title='bbox 323 5060 407 5106; x_wconf 76' lang='lat' dir='ltr'>mnu,</span> <span class='ocrx_word' id='word_1_863' title='bbox 424 5046 462 5099; x_wconf 88' lang='lat' dir='ltr'>ad</span> <span class='ocrx_word' id='word_1_864' title='bbox 476 5048 501 5099; x_wconf 86' lang='lat' dir='ltr'>te</span> <span class='ocrx_word' id='word_1_865' title='bbox 513 5044 546 5099; x_wconf 84' lang='lat' dir='ltr'>de</span> <span class='ocrx_word' id='word_1_866' title='bbox 557 5044 614 5098; x_wconf 87' lang='lat' dir='ltr'>lace</span> <span class='ocrx_word' id='word_1_867' title='bbox 630 5043 722 5122; x_wconf 70' lang='lat' dir='ltr'>aigilo,</span> <span class='ocrx_word' id='word_1_868' title='bbox 737 5042 784 5114; x_wconf 93' lang='lat' dir='ltr'>qui</span> <span class='ocrx_word' id='word_1_869' title='bbox 799 5041 922 5113; x_wconf 82' lang='lat' dir='ltr'>psalmus</span> <span class='ocrx_word' id='word_1_870' title='bbox 975 5040 1149 5096; x_wconf 86' lang='lat' dir='ltr'>accensione.</span> <span class='ocrx_word' id='word_1_871' title='bbox 1165 5040 1202 5092; x_wconf 81' lang='lat' dir='ltr'>tt</span> <span class='ocrx_word' id='word_1_872' title='bbox 1219 5037 1253 5094; x_wconf 87' lang='lat' dir='ltr'>de</span> <span class='ocrx_word' id='word_1_873' title='bbox 1267 5037 1310 5094; x_wconf 91' lang='lat' dir='ltr'>bis</span> <span class='ocrx_word' id='word_1_874' title='bbox 1325 5038 1457 5093; x_wconf 85' lang='lat' dir='ltr'>haetenus</span> <span class='ocrx_word' id='word_1_875' title='bbox 1471 5052 1502 5092; x_wconf 87' lang='lat' dir='ltr'>ex</span> <span class='ocrx_word' id='word_1_876' title='bbox 1516 5036 1660 5093; x_wconf 81' lang='lat' dir='ltr'>occasione</span> <span class='ocrx_word' id='word_1_877' title='bbox 1680 5036 1772 5094; x_wconf 87' lang='lat' dir='ltr'>lucer·</span> 
     </span>
     <span class='ocr_line' id='line_1_64' title="bbox 57 5111 1149 5182; baseline -0.007 -10"><span class='ocrx_word' id='word_1_878' title='bbox 57 5138 62 5145; x_wconf 69' lang='grc'>’</span> <span class='ocrx_word' id='word_1_879' title='bbox 113 5116 306 5172; x_wconf 87' lang='lat' dir='ltr'>communiter</span> <span class='ocrx_word' id='word_1_880' title='bbox 316 5115 344 5170; x_wconf 95' lang='lat' dir='ltr'>in</span> <span class='ocrx_word' id='word_1_881' title='bbox 354 5114 643 5182; x_wconf 78' lang='lat' dir='ltr'>Officiosolemni,aut</span> <span class='ocrx_word' id='word_1_882' title='bbox 652 5113 752 5170; x_wconf 81' lang='lat' dir='ltr'>lestivo</span> <span class='ocrx_word' id='word_1_883' title='bbox 762 5112 929 5170; x_wconf 88' lang='lat' dir='ltr'>decantatur·</span> <span class='ocrx_word' id='word_1_884' title='bbox 976 5111 1051 5167; x_wconf 90' lang='lat' dir='ltr'>naris</span> <span class='ocrx_word' id='word_1_885' title='bbox 1065 5111 1149 5165; x_wconf 84' lang='lat' dir='ltr'>borae.</span> 
     </span>
     <span class='ocr_line' id='line_1_65' title="bbox 115 5179 1772 5254; baseline -0.004 -11"><span class='ocrx_word' id='word_1_886' title='bbox 115 5185 151 5243; x_wconf 87' lang='lat' dir='ltr'>ad</span> <span class='ocrx_word' id='word_1_887' title='bbox 169 5186 288 5254; x_wconf 87' lang='lat' dir='ltr'>landes,</span> <span class='ocrx_word' id='word_1_888' title='bbox 300 5194 333 5242; x_wconf 89' lang='lat' dir='ltr'>ut</span> <span class='ocrx_word' id='word_1_889' title='bbox 348 5195 446 5242; x_wconf 89' lang='lat' dir='ltr'>notum</span> <span class='ocrx_word' id='word_1_890' title='bbox 462 5193 513 5242; x_wconf 89' lang='lat' dir='ltr'>est.</span> <span class='ocrx_word' id='word_1_891' title='bbox 1011 5184 1071 5238; x_wconf 76' lang='lat' dir='ltr'>eDe</span> <span class='ocrx_word' id='word_1_892' title='bbox 1083 5182 1218 5237; x_wconf 89' lang='lat' dir='ltr'>biatutina</span> <span class='ocrx_word' id='word_1_893' title='bbox 1226 5179 1410 5247; x_wconf 85' lang='lat' dir='ltr'>solemnitate,</span> <span class='ocrx_word' id='word_1_894' title='bbox 1422 5196 1504 5252; x_wconf 89' lang='lat' dir='ltr'>quam</span> <span class='ocrx_word' id='word_1_895' title='bbox 1512 5197 1586 5237; x_wconf 89' lang='lat' dir='ltr'>nunc</span> <span class='ocrx_word' id='word_1_896' title='bbox 1595 5181 1717 5237; x_wconf 84' lang='lat' dir='ltr'>Primam</span> <span class='ocrx_word' id='word_1_897' title='bbox 1728 5197 1772 5237; x_wconf 84' lang='lat' dir='ltr'>ro·</span> 
     </span>
     <span class='ocr_line' id='line_1_66' title="bbox 152 5251 1770 5329; baseline -0.003 -16"><span class='ocrx_word' id='word_1_898' title='bbox 152 5251 346 5313; x_wconf 74' lang='lat' dir='ltr'>bLucernaris</span> <span class='ocrx_word' id='word_1_899' title='bbox 359 5257 426 5313; x_wconf 92' lang='lat' dir='ltr'>hora</span> <span class='ocrx_word' id='word_1_900' title='bbox 439 5255 590 5313; x_wconf 89' lang='lat' dir='ltr'>secundum</span> <span class='ocrx_word' id='word_1_901' title='bbox 603 5254 730 5329; x_wconf 86' lang='lat' dir='ltr'>Dionysii</span> <span class='ocrx_word' id='word_1_902' title='bbox 743 5253 923 5327; x_wconf 82' lang='lat' dir='ltr'>paraphrasin</span> <span class='ocrx_word' id='word_1_903' title='bbox 976 5269 1082 5318; x_wconf 80' lang='lat' dir='ltr'>murus,</span> <span class='ocrx_word' id='word_1_904' title='bbox 1091 5254 1191 5310; x_wconf 79' lang='lat' dir='ltr'>nierito</span> <span class='ocrx_word' id='word_1_905' title='bbox 1202 5252 1322 5308; x_wconf 90' lang='lat' dir='ltr'>dubitari</span> <span class='ocrx_word' id='word_1_906' title='bbox 1333 5261 1422 5324; x_wconf 86' lang='lat' dir='ltr'>potest</span> <span class='ocrx_word' id='word_1_907' title='bbox 1432 5253 1501 5307; x_wconf 90' lang='lat' dir='ltr'>sitne</span> <span class='ocrx_word' id='word_1_908' title='bbox 1510 5253 1770 5324; x_wconf 83' lang='lat' dir='ltr'>parisuntiquitatis,</span> 
     </span>
     <span class='ocr_line' id='line_1_67' title="bbox 115 5323 1772 5400; baseline -0.001 -17"><span class='ocrx_word' id='word_1_909' title='bbox 115 5327 187 5385; x_wconf 87' lang='lat' dir='ltr'>bora</span> <span class='ocrx_word' id='word_1_910' title='bbox 210 5329 364 5399; x_wconf 74' lang='lat' dir='ltr'>vespertina</span> <span class='ocrx_word' id='word_1_911' title='bbox 393 5328 567 5400; x_wconf 87' lang='lat' dir='ltr'>intelligitur,</span> <span class='ocrx_word' id='word_1_912' title='bbox 593 5343 656 5399; x_wconf 84' lang='lat' dir='ltr'>quae</span> <span class='ocrx_word' id='word_1_913' title='bbox 677 5342 726 5398; x_wconf 91' lang='lat' dir='ltr'>per</span> <span class='ocrx_word' id='word_1_914' title='bbox 747 5325 922 5382; x_wconf 89' lang='lat' dir='ltr'>undecimam</span> <span class='ocrx_word' id='word_1_915' title='bbox 976 5325 1136 5382; x_wconf 84' lang='lat' dir='ltr'>ete‘usdem</span> <span class='ocrx_word' id='word_1_916' title='bbox 1148 5323 1328 5380; x_wconf 91' lang='lat' dir='ltr'>institutionis</span> <span class='ocrx_word' id='word_1_917' title='bbox 1337 5339 1401 5379; x_wconf 90' lang='lat' dir='ltr'>cum</span> <span class='ocrx_word' id='word_1_918' title='bbox 1414 5325 1520 5379; x_wconf 78' lang='lat' dir='ltr'>caeteris</span> <span class='ocrx_word' id='word_1_919' title='bbox 1529 5324 1605 5380; x_wconf 90' lang='lat' dir='ltr'>boris</span> <span class='ocrx_word' id='word_1_920' title='bbox 1616 5340 1662 5379; x_wconf 90' lang='lat' dir='ltr'>seu</span> <span class='ocrx_word' id='word_1_921' title='bbox 1674 5323 1772 5381; x_wconf 86' lang='lat' dir='ltr'>ollieiis</span> 
     </span>
     <span class='ocr_line' id='line_1_68' title="bbox 117 5394 1771 5472; baseline -0.003 -18"><span class='ocrx_word' id='word_1_922' title='bbox 117 5398 217 5456; x_wconf 89' lang='lat' dir='ltr'>boram</span> <span class='ocrx_word' id='word_1_923' title='bbox 235 5400 307 5472; x_wconf 90' lang='lat' dir='ltr'>apud</span> <span class='ocrx_word' id='word_1_924' title='bbox 318 5402 482 5456; x_wconf 83' lang='lat' dir='ltr'>blattbaeum</span> <span class='ocrx_word' id='word_1_925' title='bbox 492 5398 660 5472; x_wconf 88' lang='lat' dir='ltr'>designatur.</span> <span class='ocrx_word' id='word_1_926' title='bbox 671 5396 837 5454; x_wconf 89' lang='lat' dir='ltr'>Dividebant</span> <span class='ocrx_word' id='word_1_927' title='bbox 847 5398 921 5453; x_wconf 89' lang='lat' dir='ltr'>enirn</span> <span class='ocrx_word' id='word_1_928' title='bbox 976 5413 1023 5453; x_wconf 80' lang='lat' dir='ltr'>ecc</span> <span class='ocrx_word' id='word_1_929' title='bbox 1034 5396 1178 5453; x_wconf 88' lang='lat' dir='ltr'>esiasticis.</span> <span class='ocrx_word' id='word_1_930' title='bbox 1192 5398 1264 5451; x_wconf 78' lang='lat' dir='ltr'>Nam</span> <span class='ocrx_word' id='word_1_931' title='bbox 1279 5395 1426 5452; x_wconf 90' lang='lat' dir='ltr'>Cassianus</span> <span class='ocrx_word' id='word_1_932' title='bbox 1437 5394 1490 5451; x_wconf 89' lang='lat' dir='ltr'>hoo</span> <span class='ocrx_word' id='word_1_933' title='bbox 1507 5394 1567 5451; x_wconf 91' lang='lat' dir='ltr'>loco</span> <span class='ocrx_word' id='word_1_934' title='bbox 1580 5411 1705 5465; x_wconf 73' lang='lat' dir='ltr'>expresse</span> <span class='ocrx_word' id='word_1_935' title='bbox 1719 5396 1771 5451; x_wconf 92' lang='lat' dir='ltr'>do-</span> 
     </span>
     <span class='ocr_line' id='line_1_69' title="bbox 66 5465 1772 5540; baseline -0.001 -17"><span class='ocrx_word' id='word_1_936' title='bbox 66 5474 70 5479; x_wconf 88' lang='grc'><strong>“</strong></span> <span class='ocrx_word' id='word_1_937' title='bbox 115 5479 233 5540; x_wconf 71' lang='lat' dir='ltr'>ueteres,</span> <span class='ocrx_word' id='word_1_938' title='bbox 249 5479 280 5526; x_wconf 92' lang='lat' dir='ltr'>ut</span> <span class='ocrx_word' id='word_1_939' title='bbox 293 5471 402 5527; x_wconf 88' lang='lat' dir='ltr'>dietum</span> <span class='ocrx_word' id='word_1_940' title='bbox 415 5478 466 5538; x_wconf 90' lang='lat' dir='ltr'>est,</span> <span class='ocrx_word' id='word_1_941' title='bbox 480 5477 571 5526; x_wconf 88' lang='lat' dir='ltr'>totum</span> <span class='ocrx_word' id='word_1_942' title='bbox 585 5468 660 5526; x_wconf 89' lang='lat' dir='ltr'>diem</span> <span class='ocrx_word' id='word_1_943' title='bbox 674 5469 709 5524; x_wconf 92' lang='lat' dir='ltr'>ab</span> <span class='ocrx_word' id='word_1_944' title='bbox 722 5476 784 5525; x_wconf 87' lang='lat' dir='ltr'>ortu</span> <span class='ocrx_word' id='word_1_945' title='bbox 798 5469 866 5524; x_wconf 90' lang='lat' dir='ltr'>solis</span> <span class='ocrx_word' id='word_1_946' title='bbox 877 5483 923 5525; x_wconf 87' lang='lat' dir='ltr'>us·</span> <span class='ocrx_word' id='word_1_947' title='bbox 975 5466 1547 5537; x_wconf 82' lang='lat' dir='ltr'>eetliancblatutiuum,quaeobservutur</span> <span class='ocrx_word' id='word_1_948' title='bbox 1568 5468 1595 5522; x_wconf 91' lang='lat' dir='ltr'>iu</span> <span class='ocrx_word' id='word_1_949' title='bbox 1612 5465 1772 5522; x_wconf 86' lang='lat' dir='ltr'>Occidentis</span> 
     </span>
     <span class='ocr_line' id='line_1_70' title="bbox 118 5537 1767 5612; baseline -0.002 -17"><span class='ocrx_word' id='word_1_950' title='bbox 118 5542 220 5610; x_wconf 84' lang='lat' dir='ltr'>quoad</span> <span class='ocrx_word' id='word_1_951' title='bbox 235 5557 366 5598; x_wconf 85' lang='lat' dir='ltr'>oceasum</span> <span class='ocrx_word' id='word_1_952' title='bbox 382 5543 409 5598; x_wconf 93' lang='lat' dir='ltr'>in</span> <span class='ocrx_word' id='word_1_953' title='bbox 428 5541 575 5598; x_wconf 82' lang='lat' dir='ltr'>duodecim</span> <span class='ocrx_word' id='word_1_954' title='bbox 599 5540 719 5612; x_wconf 82' lang='lat' dir='ltr'>aequales</span> <span class='ocrx_word' id='word_1_955' title='bbox 732 5547 833 5612; x_wconf 85' lang='lat' dir='ltr'>partes,</span> <span class='ocrx_word' id='word_1_956' title='bbox 853 5556 922 5612; x_wconf 88' lang='lat' dir='ltr'>quas</span> <span class='ocrx_word' id='word_1_957' title='bbox 975 5540 1096 5595; x_wconf 75' lang='lat' dir='ltr'>maxime</span> <span class='ocrx_word' id='word_1_958' title='bbox 1108 5538 1279 5611; x_wconf 89' lang='lat' dir='ltr'>regionibus,</span> <span class='ocrx_word' id='word_1_959' title='bbox 1292 5538 1452 5594; x_wconf 86' lang='lat' dir='ltr'>canoriioam</span> <span class='ocrx_word' id='word_1_960' title='bbox 1472 5538 1651 5604; x_wconf 81' lang='lat' dir='ltr'>lunationem,</span> <span class='ocrx_word' id='word_1_961' title='bbox 1671 5537 1699 5593; x_wconf 92' lang='lat' dir='ltr'>id</span> <span class='ocrx_word' id='word_1_962' title='bbox 1718 5545 1767 5605; x_wconf 92' lang='lat' dir='ltr'>est,</span> 
     </span>
     <span class='ocr_line' id='line_1_71' title="bbox 120 5609 1773 5685; baseline -0.001 -21"><span class='ocrx_word' id='word_1_963' title='bbox 120 5609 203 5668; x_wconf 90' lang='lat' dir='ltr'>boras</span> <span class='ocrx_word' id='word_1_964' title='bbox 221 5613 405 5685; x_wconf 82' lang='lat' dir='ltr'>appellabant,</span> <span class='ocrx_word' id='word_1_965' title='bbox 421 5613 495 5668; x_wconf 87' lang='lat' dir='ltr'>sieut</span> <span class='ocrx_word' id='word_1_966' title='bbox 514 5612 640 5669; x_wconf 80' lang='lat' dir='ltr'>Christus</span> <span class='ocrx_word' id='word_1_967' title='bbox 654 5611 726 5683; x_wconf 90' lang='lat' dir='ltr'>apud</span> <span class='ocrx_word' id='word_1_968' title='bbox 744 5613 878 5667; x_wconf 89' lang='lat' dir='ltr'>loannem</span> <span class='ocrx_word' id='word_1_969' title='bbox 893 5627 919 5667; x_wconf 93' lang='lat' dir='ltr'>c.</span> <span class='ocrx_word' id='word_1_970' title='bbox 975 5611 1130 5668; x_wconf 88' lang='lat' dir='ltr'>orationem</span> <span class='ocrx_word' id='word_1_971' title='bbox 1145 5609 1283 5682; x_wconf 88' lang='lat' dir='ltr'>(loquitur</span> <span class='ocrx_word' id='word_1_972' title='bbox 1295 5609 1482 5680; x_wconf 89' lang='lat' dir='ltr'>proculdubio</span> <span class='ocrx_word' id='word_1_973' title='bbox 1497 5610 1530 5664; x_wconf 89' lang='lat' dir='ltr'>de</span> <span class='ocrx_word' id='word_1_974' title='bbox 1544 5609 1635 5664; x_wconf 85' lang='lat' dir='ltr'>Prima</span> <span class='ocrx_word' id='word_1_975' title='bbox 1649 5609 1716 5665; x_wconf 90' lang='lat' dir='ltr'>bora</span> <span class='ocrx_word' id='word_1_976' title='bbox 1730 5624 1773 5663; x_wconf 84' lang='lat' dir='ltr'>ca·</span> 
     </span>
     <span class='ocr_line' id='line_1_72' title="bbox 121 5680 1773 5754; baseline -0.003 -17"><span class='ocrx_word' id='word_1_977' title='bbox 121 5696 155 5737; x_wconf 83' lang='lat' dir='ltr'>xr</span> <span class='ocrx_word' id='word_1_978' title='bbox 169 5684 238 5740; x_wconf 82' lang='lat' dir='ltr'>ditit</span> <span class='ocrx_word' id='word_1_979' title='bbox 254 5705 259 5739; x_wconf 95' lang='lat'><strong>:</strong></span> <span class='ocrx_word' id='word_1_980' title='bbox 275 5687 366 5742; x_wconf 81' lang='lat' dir='ltr'>Nonne</span> <span class='ocrx_word' id='word_1_981' title='bbox 379 5683 520 5741; x_wconf 79' lang='lat' dir='ltr'>duodecim</span> <span class='ocrx_word' id='word_1_982' title='bbox 533 5688 594 5739; x_wconf 84' lang='lat' dir='ltr'>suat</span> <span class='ocrx_word' id='word_1_983' title='bbox 608 5684 679 5738; x_wconf 70' lang='lat' dir='ltr'>baa</span> <span class='ocrx_word' id='word_1_984' title='bbox 696 5683 771 5738; x_wconf 74' lang='lat' dir='ltr'>dui?</span> <span class='ocrx_word' id='word_1_985' title='bbox 785 5698 848 5753; x_wconf 82' lang='lat' dir='ltr'>quas</span> <span class='ocrx_word' id='word_1_986' title='bbox 860 5683 920 5754; x_wconf 93' lang='lat' dir='ltr'>qui·</span> <span class='ocrx_word' id='word_1_987' title='bbox 974 5683 1100 5750; x_wconf 84' lang='lat' dir='ltr'>numeni,</span> <span class='ocrx_word' id='word_1_988' title='bbox 1110 5697 1160 5739; x_wconf 91' lang='lat' dir='ltr'>suo</span> <span class='ocrx_word' id='word_1_989' title='bbox 1173 5690 1308 5751; x_wconf 90' lang='lat' dir='ltr'>tempore,</span> <span class='ocrx_word' id='word_1_990' title='bbox 1321 5689 1348 5736; x_wconf 89' lang='lat' dir='ltr'>et</span> <span class='ocrx_word' id='word_1_991' title='bbox 1360 5681 1388 5736; x_wconf 94' lang='lat' dir='ltr'>iu</span> <span class='ocrx_word' id='word_1_992' title='bbox 1398 5695 1448 5735; x_wconf 89' lang='lat' dir='ltr'>suo</span> <span class='ocrx_word' id='word_1_993' title='bbox 1459 5680 1636 5745; x_wconf 89' lang='lat' dir='ltr'>monasterio,</span> <span class='ocrx_word' id='word_1_994' title='bbox 1649 5688 1678 5735; x_wconf 91' lang='lat' dir='ltr'>ut</span> <span class='ocrx_word' id='word_1_995' title='bbox 1689 5694 1773 5748; x_wconf 89' lang='lat' dir='ltr'>appa-</span> 
     </span>
     <span class='ocr_line' id='line_1_73' title="bbox 117 5748 1772 5827; baseline -0.004 -17"><span class='ocrx_word' id='word_1_996' title='bbox 117 5752 184 5810; x_wconf 90' lang='lat' dir='ltr'>dem</span> <span class='ocrx_word' id='word_1_997' title='bbox 197 5754 275 5812; x_wconf 81' lang='lat' dir='ltr'>borae</span> <span class='ocrx_word' id='word_1_998' title='bbox 288 5755 385 5813; x_wconf 86' lang='lat' dir='ltr'>codem</span> <span class='ocrx_word' id='word_1_999' title='bbox 400 5755 444 5814; x_wconf 89' lang='lat' dir='ltr'>die</span> <span class='ocrx_word' id='word_1_1000' title='bbox 460 5755 579 5827; x_wconf 77' lang='lat' dir='ltr'>aquales</span> <span class='ocrx_word' id='word_1_1001' title='bbox 592 5761 681 5823; x_wconf 88' lang='lat' dir='ltr'>erant,</span> <span class='ocrx_word' id='word_1_1002' title='bbox 696 5753 812 5812; x_wconf 86' lang='lat' dir='ltr'>diversis</span> <span class='ocrx_word' id='word_1_1003' title='bbox 827 5761 920 5811; x_wconf 69' lang='lat' dir='ltr'>amen</span> <span class='ocrx_word' id='word_1_1004' title='bbox 974 5760 1026 5823; x_wconf 86' lang='lat' dir='ltr'>ret,</span> <span class='ocrx_word' id='word_1_1005' title='bbox 1049 5753 1269 5822; x_wconf 84' lang='lat' dir='ltr'>bethleemitico,</span> <span class='ocrx_word' id='word_1_1006' title='bbox 1284 5752 1444 5825; x_wconf 87' lang='lat' dir='ltr'>priusquam</span> <span class='ocrx_word' id='word_1_1007' title='bbox 1459 5752 1488 5807; x_wconf 92' lang='lat' dir='ltr'>in</span> <span class='ocrx_word' id='word_1_1008' title='bbox 1503 5751 1656 5808; x_wconf 82' lang='lat' dir='ltr'>Massiliam</span> <span class='ocrx_word' id='word_1_1009' title='bbox 1677 5748 1772 5806; x_wconf 81' lang='lat' dir='ltr'>Galliae</span> 
     </span>
    </p>
   </div>
   <div class='ocr_carea' id='block_1_11' title="bbox 0 0 1931 6148">
    <p class='ocr_par' dir='ltr' id='par_1_11' title="bbox 0 0 1931 6148">
     <span class='ocr_line' id='line_1_74' title="bbox 0 0 1931 6148; baseline 0 0"><span class='ocrx_word' id='word_1_1010' title='bbox 0 0 1931 6148; x_wconf 95' lang='lat' dir='ltr'> </span> 
     </span>
    </p>
   </div>
  </div>
 </body>
</html>
