3824 6164
99 278 149 330 stt
477 270 646 329 COLLATlO
666 272 710 326 ΙΙΙ.
729 298 766 311 -
784 271 829 327 ΒΕ
847 272 971 329 tainus
988 274 1377 336 sermotinationibus.
1703 289 1754 345 578

99 415 153 474 qne
170 406 199 481 et
216 396 382 454 intellectum
399 394 484 452 semel
503 395 553 453 sibi
575 410 622 468 per
642 402 768 452 naturam
791 393 900 467 prestl-
914 400 942 463 Α
954 411 1006 466 est,
1020 399 1158 456 Dominus
1170 399 1305 472 sapientes
1317 400 1383 459 lacit
1395 417 1500 474 meam
1513 418 1568 463 uon
1580 414 1676 464 nostm
1690 425 1753 467 can·

99 503 160 552 mm
173 490 340 566 possidebat,
358 491 488 548 notitiam
501 504 611 564 quoque
627 488 820 547 mandatorum
838 490 898 575 Dei,
953 488 1001 558 bo,
1028 489 1076 549 sed
1104 495 1236 549 Dominus
1259 497 1373 553 emmdtt
1401 497 1517 554 adunas
1547 499 1629 571 (Psul.
1644 507 1752 572 cxcv);

100 602 160 661 quac
173 585 308 659 descripta
327 584 492 642 tenebantur
503 584 532 641 iu
544 584 613 658 lege,
631 583 726 657 utique
739 582 858 640 habebat
871 583 900 641 in
952 592 1114 642 nonnostra
1126 584 1271 658 lorutudo,
1292 589 1342 646 sed
1360 594 1487 648 Dmninns
1505 593 1604 650 alicam
1622 594 1680 652 sive
1692 594 1753 653 sul-

100 685 229 753 promptn
249 687 302 736 :et
316 685 410 739 tameo
435 685 467 735 ut
484 675 554 734 banc
579 676 684 750 plenius
703 675 899 749 apprehendat,
954 672 1030 733 fulcit
1051 693 1140 734 omnes
1159 675 1207 749 qai
1224 686 1352 737 maneant
1365 685 1420 751 (Pe.
1441 688 1551 752 cxciv).
1573 687 1641 743 ileo
1660 695 1752 745 autem

99 770 255 829 Dominum
281 770 451 844 depreeatur,
473 768 562 828 sciens
588 784 762 844 nequaqnam
790 768 901 827 sibimet
954 768 1079 834 dicimus.
1092 787 1149 828 non
1163 779 1195 828 nt
1207 772 1331 857 studium
1343 783 1470 833 noenum
1483 776 1524 832 vel
1538 776 1661 835 laborem
1674 788 1754 852 atque

100 863 225 924 sulficere
236 879 317 937 posse
330 864 355 921 id
369 863 442 938 quod
456 874 504 938 per
524 871 654 922 naturam
672 863 836 923 conditionis
857 864 900 921 in-
954 860 1119 920 iudustriam
1138 865 1217 937 quasi
1231 864 1348 923 inaniter
1361 875 1389 924 ct
1410 869 1548 941 superllue
1572 871 1754 944 impendendo

100 967 206 1017 sertum
219 965 270 1028 est,
294 957 345 1015 nisi
369 956 527 1032 quotidiana
552 959 667 1016 Domini
692 957 899 1026 illuminatione,
954 970 1117 1026 vacuemus3
1131 944 1185 1014 sed
1204 966 1235 1014 ut
1248 958 1407 1018 noverimus
1423 978 1475 1019 uos
1494 963 1553 1021 sine
1570 965 1672 1022 auxilio
1692 967 1754 1034 Del,

101 1052 137 1111 ed
151 1050 356 1126 intelligendam
367 1052 524 1127 spiritaliter
544 1053 633 1126 legem
648 1044 823 1109 ac'mandata
841 1051 901 1124 eius
953 1063 1003 1104 nec
1016 1049 1102 1106 adulti
1122 1065 1214 1123 posse,
1236 1067 1287 1108 nec
1305 1051 1431 1111 efficaces
1445 1065 1628 1116 nosnosesse
1642 1068 1756 1118 conatus

100 1143 221 1217 apertius
237 1142 420 1218 agnoscenda,
440 1159 536 1201 musas
553 1143 638 1217 ipsius
651 1142 687 1201 ab
704 1141 801 1201 eodem
818 1140 902 1200 luerit
952 1140 987 1197 ad
1009 1142 1205 1214 capessendum
1226 1150 1285 1200 tam
1307 1132 1428 1203 immane
1449 1148 1596 1221 premium
1621 1153 1756 1224 puritatis,

101 1235 266 1304 illustratum
279 1235 338 1308 ipsd
352 1235 434 1293 etiam
455 1238 527 1292 vase
540 1235 681 1294 electionis
698 1235 751 1292 hoe
766 1233 840 1309 quod
858 1233 901 1291 di·
951 1233 1004 1291 nisi
1026 1234 1109 1292 nobis
1127 1235 1265 1308 adiutorio
1287 1238 1401 1295 Domini
1423 1254 1456 1295 ac
1473 1240 1657 1300 misericordia
1674 1243 1757 1305 suerit

101 1329 193 1388 cimus
210 1329 310 1387 elarius
321 1329 498 1403 praedicante,
518 1334 588 1388 Dens
601 1334 641 1386 est
654 1331 725 1385 mim
737 1330 787 1400 pai
802 1343 901 1399 opera·
952 1328 1148 1387 contributum.
1163 1333 1257 1402 Εᾳιιι
1276 1331 1351 1387 enim
1365 1337 1486 1403 permar
1498 1337 1527 1391 in
1546 1335 1618 1392 mem
1643 1338 1717 1404 belli,
1738 1356 1756 1394 o

99 1428 147 1479 tur
165 1426 195 1478 in
209 1424 286 1479 nobb
304 1427 329 1479 et
346 1423 421 1487 uelle,
441 1427 467 1479 et
478 1425 606 1494 pectione
617 1437 668 1493 pra
682 1422 750 1477 bonu
763 1422 900 1476 uoluntate
954 1425 1067 1480 Domita
1076 1428 1166 1480 aulem
1176 1425 1620 1499 estodiatoiiathrooerd.xxr),
1631 1435 1756 1502 quianon

101 1516 212 1586 (Philip.
236 1515 281 1587 11).
306 1517 341 1570 Et
363 1530 484 1584 rursum
507 1514 628 1584 hatellt'pe
645 1530 704 1585 pua
723 1515 793 1578 diac,
823 1515 903 1570 dabit
955 1519 1041 1573 estin
1065 1519 1229 1586 {artitudine
1244 1525 1340 1590 poteras
1358 1521 1756 1596 oirlllleg.1r):etmendue

100 1610 172 1666 enirn
180 1609 532 1667 tlbs'Dominosintcllectnm
542 1610 586 1680 (11
596 1611 665 1664 lim.
677 1606 803 1679 11).de
810 1608 901 1681 potuit
955 1627 1039 1682 equas
1053 1612 1092 1667 ad
1101 1614 1216 1668 salntem
1231 1613 1314 1685 (Psoi.
1326 1620 1439 1683 xmr),
1457 1619 1709 1687 monisterium,
1727 1603 1758 1677 in

100 1702 217 1777 apertius
235 1701 300 1771 dici,
320 1718 404 1776 quam
424 1710 457 1760 ιιι
479 1710 507 1759 et
529 1701 633 1761 bonam
657 1701 829 1759 voluntatem
850 1716 903 1759 no·
958 1703 1072 1757 Domino
1086 1703 1219 1772 plmletur
1234 1703 1256 1775 (l
1272 1705 1334 1761 Gor.
1346 1707 1379 1772 ι).
1393 1707 1511 1776 Oportet
1525 1705 1607 1779 igitur
1618 1723 1669 1765 nos
1680 1724 1758 1768 sem-

101 1807 187 1857 snam
199 1805 229 1856 et
239 1797 330 1871 operis
344 1795 611 1855 consummationem
624 1812 641 1853 a
654 1795 772 1853 Domino
785 1795 814 1852 in
825 1793 905 1852 uobis
917 1804 944 1869 Β
958 1809 1080 1868 percum
1094 1795 1174 1853 beato
1189 1795 1280 1855 David
1291 1812 1400 1866 canem,
1415 1799 1554 1857 Fortitudo
1572 1817 1634 1857 arca
1653 1808 1678 1859 et
1700 1803 1759 1860 lau

103 1891 289 1968 pronuntiaret
307 1889 436 1964 impleri?
457 1893 494 1947 Et
512 1890 708 1958 iterum-Quia
727 1891 802 1946 nobas
821 1889 906 1946 done·
958 1888 1036 1945 datio
1047 1904 1115 1954 mea,
1130 1903 1188 1945 non
1204 1888 1322 1947 liberum
1337 1890 1497 1960 arbitrium,
1511 1891 1561 1951 sed
1580 1897 1719 1962 Dominus,
1735 1904 1761 1956 et

63 2052 73 2061 ,
103 1992 160 2044 mm
170 1991 211 2044 est
218 2002 270 2059 pro
280 1987 395 2051 Gbn'sto,
408 2002 462 2043 non
473 1986 558 2042 solum
566 1990 598 2042 nt
608 1987 638 2041 in
649 2000 708 2041 enm
718 1985 845 2048 medam,
857 1983 905 2041 sed
958 1978 1048 2052 tactae
1056 1986 1096 2038 est
1104 1984 1175 2039 milii
1187 1987 1216 2039 in
1225 1985 1342 2040 salntem
1354 1966 1437 2054 (Psal.
1451 1990 1557 2056 cxvu):
1571 1988 1651 2061 Quod
1663 1988 1760 2048 ductor

102 2085 133 2138 ot
145 2083 228 2138 etiam
238 2097 290 2153 pro
303 2081 506 2152 illopatiamlni
516 2080 627 2148 (Philip.
641 2076 669 2148 v).
684 2077 738 2134 Hic
751 2092 861 2150 quoque
877 2084 906 2133 et
958 2089 1069 2149 quoque
1082 2075 1205 2149 gentium
1229 2091 1286 2134 non
1309 2076 1441 2150 ignorans
1463 2078 1592 2136 idoneum
1607 2096 1637 2138 se
1653 2080 1758 2140 iactum

103 2175 212 2234 mitium
228 2175 415 2233 conversionis
437 2190 470 2233 ac
483 2174 546 2233 lidei
566 2181 681 2242 uostrae,
700 2189 732 2231 ac
747 2173 905 2245 passionum
958 2168 1110 2226 ministerio
1125 2169 1189 2228 novi
1203 2170 1388 2241 Testamenti,
1402 2187 1459 2230 non
1473 2187 1525 2230 sno
1539 2176 1639 2233 merito
1654 2192 1705 2233 uec
1718 2193 1760 2237 su·

103 2269 279 2328 tolerantiam
287 2267 386 2327 donari
396 2268 477 2326 nobis
488 2284 505 2327 a
516 2261 640 2326 D'omiuo
650 2266 810 2325 declararit.
824 2265 905 2341 Quod
959 2259 1037 2332 dora,
1048 2262 1097 2321 sed
1109 2263 1161 2321 Dei
1176 2265 1363 2331 miseratione,
1378 2267 1546 2338 proclamat:
1561 2271 1620 2327 Non
1635 2271 1708 2340 qaaod
1723 2273 1759 2327 si·

103 2363 254 2438 intelligens
282 2362 371 2421 David
399 2377 510 2437 quoque
538 2362 664 2421 simililer
687 2369 750 2419 orat
774 2361 825 2418 sibi
850 2360 905 2420 boe
958 2355 1138 2430 muaiuquit,
1153 2357 1370 2430 tdntnmpitare
1383 2361 1492 2433 olipmd
1511 2377 1530 2416 a
1546 2363 1620 2420 nobes
1634 2367 1759 2434 punice

104 2462 195 2536 ipsum
203 2460 316 2520 Domini
326 2462 502 2519 miseratione
510 2457 634 2530 concedi,
644 2458 736 2517 diceus
745 2479 751 2514 :
760 2460 902 2530 confirma,
958 2451 1049 2520 ⁷¹⁰le
1060 2450 1107 2507 ‘td
1118 2453 1278 2520 sufficiet&
1289 2458 1382 2509 Μῖνα
1395 2469 1429 2510 w
1441 2457 1497 2511 Deo
1521 2460 1560 2512 etl
1575 2456 1612 2528 (ll
1627 2457 1766 2531 Gor-111),

105 2559 185 2622 Deus,
206 2558 254 2613 boo
274 2557 346 2628 qnod
368 2559 492 2627 operatus
507 2569 533 2610 es
551 2555 581 2610 in
601 2555 676 2609 nobe
688 2555 773 2620 (Psal.
789 2556 903 2621 uxvsr);
958 2536 1063 2615 ”Quod
1076 2544 1169 2602 minue
1179 2545 1288 2617 Latine,
1301 2545 1351 2603 sed
1360 2546 1514 2621 expressius
1522 2547 1575 2607 dici
1586 2558 1686 2623 potest,
1698 2551 1760 2610 lde-

105 2648 250 2707 ostcudens
273 2664 329 2706 uon
349 2647 476 2707 sufficere
498 2647 549 2704 sibi
566 2647 660 2704 salutis
678 2645 811 2718 principia
831 2644 904 2704 dono
959 2637 1046 2694 bellas
1060 2646 1152 2694 nostrl
1175 2654 1208 2695 ιι
1222 2641 1283 2696 Deo
1297 2647 1347 2697 est·
1371 2640 1496 2714 Denique
1516 2642 1647 2714 sequitur.
1662 2647 1715 2712 Qui
1735 2650 1761 2702 tl

105 2741 156 2801 Dei
176 2743 316 2816 pedeque
335 2740 442 2812 collata,
458 2740 511 2799 nisi
523 2739 626 2798 tuerint
641 2737 738 2795 eadem
753 2737 905 2796 miseratio·
959 2732 1120 2788 idtaeosaos
1130 2734 1342 2801 sccitmiaistros
1354 2738 1418 2790 noui
1430 2738 1758 2808 testamentallcora).

105 2852 140 2895 ue
154 2837 240 2911 ipsius
258 2844 287 2893 et
309 2836 467 2909 quotidiana
492 2833 668 2908 opitulatione
692 2831 822 2906 perfecta.
842 2833 905 2890 Non
1255 2828 1374 2884 CAPUT
1391 2829 1468 2885 xvi.

104 2930 180 2989 euim
193 2929 309 2987 liberum
323 2929 478 2998 arbitrium,
492 2926 540 2984 sed
552 2928 682 2983 Dominis
699 2926 781 2982 soluit
799 2940 905 2997 cotape-
1080 2922 1156 2990 Quod
1170 2924 1228 2992 ipsa
1239 2922 1334 2992 fidesn
1350 2924 1460 2978 Domitia
1471 2924 1640 2980 mttcedatnr.

106 3022 195 3089 ditos3
211 3036 267 3076 nou
287 3029 380 3077 nostra
398 3019 494 3088 virtns,
512 3016 562 3075 sed
580 3019 707 3075 Darninas
720 3021 800 3088 nait
814 3019 907 3087 elisos5
997 3018 1029 3071 ln
1043 3023 1151 3072 mutum
1163 3024 1255 3074 auam
1276 3015 1400 3074 universa
1413 3031 1478 3090 quoa
1491 3015 1526 3074 ad
1543 3017 1660 3075 salutem
1674 3017 1761 3090 perti·

104 3130 162 3172 non
182 3113 307 3171 lectionis
326 3111 472 3180 industria,
491 3112 538 3168 sed
563 3115 689 3168 Dominus
707 3113 849 3168 illuminat
864 3127 909 3167 ae·
962 3115 1028 3163 nent
1051 3109 1168 3180 apostoli
1187 3109 1301 3166 sibimet
1323 3108 1476 3167 aDomino
1493 3109 1590 3182 largita
1605 3117 1759 3180 senserunt,

107 3222 160 3269 cos,
182 3203 256 3277 quod
271 3205 367 3262 Graece
387 3203 498 3273 dicitur,
515 3205 528 3236 ⁸
543 3203 630 3274 Κύριος
652 3204 730 3272 eaput
746 3201 861 3272 τιφιους,
883 3199 913 3258 id
927 3188 950 3253 C
964 3203 976 3233 e
988 3210 1018 3258 ut
1029 3201 1117 3275 ipsam
1125 3219 1236 3277 quoque
1249 3202 1333 3261 fidem
1344 3202 1466 3276 praestari
1478 3202 1530 3261 sibi
1542 3219 1559 3261 a
1573 3204 1693 3261 Domino
1712 3219 1760 3277 po·

654 3317 783 3373 manni
800 3317 914 3375 GAZAEl
933 3317 1214 3375 consentanius.

142 3424 212 3482 ⁸Sic
226 3424 308 3480 illum
337 3424 407 3497 psal,
430 3423 555 3482 versicul.
580 3422 671 3482 Graeci
698 3423 911 3505 interpretantur
965 3427 1000 3480 D.
1028 3422 1195 3550 Augustinus
1220 3423 1342 3496 pluribus
1366 3425 1395 3481 in
1415 3425 1492 3495 locis,
1519 3427 1670 3498 praesertim
1701 3435 1774 3485 toto·

106 3497 140 3556 de
158 3496 340 3555 illustratione
352 3495 457 3553 mentis
471 3504 497 3552 et
515 3495 690 3552 conversione
708 3495 865 3559 voluntatis,
881 3503 911 3550 ut
964 3494 1021 3552 iere
1050 3495 1068 3551 li
1088 3509 1120 3550 ro
1146 3494 1180 3552 de
1203 3495 1446 3554 Praenestinatioue
1471 3506 1637 3555 sauctorum.
1666 3501 1702 3555 lit
1723 3502 1760 3556 D.

107 3567 263 3627 illuminare
276 3568 311 3624 sit
324 3568 461 3640 sapientes
473 3565 568 3650 iacere·
579 3567 674 3649 (billi
687 3568 839 3649 interpret).
855 3565 911 3621 He-
962 3563 1164 3649 Prosperlibro
1185 3567 1273 3649 primo
1286 3566 1320 3624 de
1333 3568 1481 3626 vocatione
1500 3569 1623 3642 gentium
1638 3585 1697 3642 cap.
1713 3570 1759 3639 28,

105 3639 173 3698 Μ
186 3638 292 3768 “ili
306 3639 428 3768 tat
441 3634 808 3775 ⁰‘li⁰¹¹⁰¹¹lll'lla⁵dl‘¹‘³¹¹
823 3650 907 3707 „„,
960 3636 1008 3765 ll
1028 3637 1761 3781 illliiilllitllltltsmttltl‘ittlltt·

103 3725 295 3839 eogpiiiaaliud
307 3725 489 3854 angutaiem'et
501 3725 612 3838 eiiie‘ns
634 3796 664 3835 ar
683 3751 829 3837 amentum
848 3793 906 3850 quo
960 3751 1021 3836 can.
1038 3786 1096 3837 iot
1109 3780 1295 3851 manentibus,
1308 3781 1407 3851 quibus
1425 3790 1521 3838 contra
1536 3782 1676 3852 Pelagium
1692 3752 1762 3838 deli1

103 3852 236 3980 ffiobatnr
249 3853 411 3910 damianum
422 3868 478 3908 uon
489 3853 596 3919 Graece,
607 3850 655 3906 sed
704 3851 762 3906 tino
775 3849 907 3919 idiomate
960 3851 1046 3921 nitur,
1061 3854 1131 3908 sicta
1146 3856 1331 3923 unguentum,
1345 3854 1385 3906 ita
1406 3854 1517 3907 letitiam
1531 3853 1606 3921 fidel,
1619 3855 1760 3921 ipsumque

140 3938 154 3981 s
178 3924 336 3980 collationes
358 3921 547 4047 desedRsisse,
569 3920 650 4046 guod
675 3929 703 3976 et
723 3918 859 3992 cuychius
880 3927 908 3975 ct
961 3922 1762 3990 credulitatisaffectumDeidonumesse.Dumnaatarantern

104 3994 251 4052 ciaconius
264 3999 440 4047 annotarunt.
478 3990 560 4044 amsi
596 4003 665 4044 raecc
673 3988 813 4056 scriberet,
826 3990 905 4046 Grae-
962 3997 1120 4062 pomumque
1139 3995 1181 4048 ael
1197 3996 1308 4049 initium
1325 3994 1391 4062 ndei
1406 3993 1571 4048 naturaliter
1586 3992 1660 4046 nobis
1679 3993 1762 4048 incesse

104 4079 169 4120 cam
189 4076 283 4116 vocem
303 4075 364 4131 quae
382 4060 453 4132 apud
470 4059 634 4132 Apostolum
646 4074 699 4115 una
716 4068 770 4128 est,
784 4059 907 4126 ἱκανότης,
962 4063 1166 4132 dieant‚uelpcr
1173 4066 1404 4132 naturairiporem
1411 4064 1565 4131 malmetun
1572 4062 1764 4130 medicatione·

106 4131 268 4202 simpliciter
282 4132 454 4202 exprimeret,
469 4145 518 4187 nec
536 4129 571 4187 de
592 4129 703 4186 vocibus
720 4130 824 4186 latinis
837 4130 909 4187 iuter
962 4134 1106 4187 maniatice
1115 4148 1161 4187 aus
1170 4149 1245 4202 posse
1258 4135 1405 4200 affirmant,
1417 4134 1517 4201 absque
1532 4130 1728 4188 illuminatione
1737 4138 1762 4189 et

105 4219 137 4260 se
152 4201 257 4258 collatis
271 4202 428 4274 sompnium
442 4210 572 4269 moveret,
587 4200 704 4258 alteram
717 4201 793 4258 alteri
813 4199 909 4272 praele-
963 4205 1141 4274 iuspirutione
1157 4205 1275 4272 spintus
1287 4205 1384 4257 soracti.
1407 4203 1497 4271 Quam
1511 4202 1673 4258 senteutiam
1688 4204 1762 4276 ejus-

104 4273 202 4332 reudo.
218 4274 354 4330 Caeterum
367 4288 421 4356 qua
440 4272 546 4330 ratione
565 4273 675 4331 dicatur
687 4274 779 4330 minus
799 4271 908 4339 Latine,
963 4273 1027 4330 dem
1041 4273 1148 4330 concilii
1163 4276 1256 4329 Patres
1276 4272 1384 4344 plenius
1401 4272 1536 4345 explicant
1549 4275 1636 4346 capite
1652 4275 1760 4345 ultimo,

103 4345 154 4403 scd
169 4344 322 4415 expressius
336 4343 397 4412 dier,
412 4345 546 4402 idoneitas
559 4349 663 4409 nostru,
678 4360 761 4417 qnam
774 4345 908 4413 suffimen·
964 4352 1115 4401 asserentes
1136 4359 1190 4402 nes
1210 4343 1320 4400 eredere
1334 4343 1443 4412 debere,
1465 4344 1540 4417 quod
1555 4362 1603 4417 per
1618 4356 1761 4419 peccatum

104 4420 146 4474 tia
166 4419 269 4479 nostra,
285 4431 320 4472 ea
341 4421 397 4471 Deo
415 4420 463 4485 cst,
486 4415 673 4488 grammaticis
696 4415 908 4489 expendendum
984 4415 1047 4472 rimi
1063 4415 1180 4473 hominis
1192 4416 1228 4471 ita
1242 4415 1403 4473 inclinatum
1415 4424 1443 4472 et
1456 4424 1625 4476 attenuatum
1637 4416 1718 4477 luerit
1732 4419 1762 4474 li·

105 4496 134 4545 et
145 4485 356 4543 examinandum
370 4486 506 4558 relinquo.
525 4487 589 4544 Mihi
604 4495 677 4543 certe
692 4487 782 4560 potius
794 4495 907 4544 coutra-
964 4433 1061 4544 iorum
1075 4487 1227 4554 arbitrium,
1242 4495 1273 4544 ut
1285 4488 1376 4545 nullus
1394 4495 1488 4559 postea
1506 4489 1615 4547 credere
1629 4490 1657 4546 in
1670 4493 1761 4548 Deum

105 4558 177 4616 rium
195 4557 313 4624 videtur,
332 4566 360 4614 et
375 4558 471 4613 minus
488 4556 606 4614 fortasse
624 4557 731 4623 Latine,
751 4558 801 4614 sed
813 4566 907 4613 mman
961 4560 1057 4632 possit,
1072 4559 1124 4616 uisi
1139 4559 1226 4633 gratia
1238 4575 1301 4617 eum
1312 4568 1339 4616 et
1351 4559 1538 4617 misericordia
1552 4560 1643 4617 divina
1657 4577 1762 4632 pracve-

108 4628 259 4702 cxpresslus
273 4627 337 4698 diei,
349 4627 371 4684 si
385 4628 426 4683 vis
437 4642 535 4683 vocum
553 4627 728 4683 attendatur:
743 4629 908 4695 sufficientia
961 4631 1045 4699 nerit;
1062 4630 1144 4703 idque
1165 4631 1243 4688 variis
1260 4631 1390 4703 exemplis
1403 4640 1431 4687 et
1441 4631 1604 4687 testimoniis
1614 4632 1763 4700 scripturae

109 4706 202 4757 umba
219 4715 254 4756 ec
273 4702 324 4755 Deo
345 4703 393 4762 est,
415 4712 518 4769 quam:
541 4698 677 4754 idoneitas
697 4703 790 4754 nestra
804 4715 838 4753 ea
854 4703 908 4754 Deo
961 4701 1109 4759 declarant.
1134 4704 1183 4761 Cui
1203 4702 1336 4759 doctrinae
1351 4701 1516 4757 inherentes
1539 4703 1634 4754 Patres
1655 4700 1761 4755 concilii

109 4777 157 4827 est.
173 4770 227 4829 Sed
248 4769 449 4841 quiasuperius
470 4767 550 4823 verba
565 4766 688 4840 Apostoli
705 4767 742 4824 ita
755 4768 906 4823 citaverat:
923 4745 947 4807 Ῑ)
962 4773 1126 4840 'tridentina
1141 4789 1208 4829 sess.
1224 4779 1241 4828 6
1261 4788 1321 4828 cau.
1338 4778 1366 4834 ι,
1387 4770 1559 4824 anathemate
1573 4767 1716 4832 damnant,
1739 4771 1766 4822 si

113 4845 170 4901 don
184 4842 350 4925 quodsirnus
366 4841 456 4896 moaci
466 4842 593 4909 cogitare,
608 4846 673 4905 eta,
695 4836 757 4895 ideo
780 4837 845 4894 dicit
857 4852 909 4894 ex·
963 4838 1765 4911 quisdiceaitsiaeproeuenienteSpiritussartatiinspiiutsbnc
1800 4850 1803 4855 ·

109 4928 228 4984 pressius
240 4912 293 4969 dici
308 4931 314 4967 :
330 4913 465 4969 idoneitas
481 4915 574 4965 nostra
593 4926 627 4965 ec
643 4911 695 4964 Deo
708 4914 756 4964 est.
772 4908 910 4966 Nimirum
963 4917 1045 4979 atque
1063 4913 1196 4981 adiutorio
1214 4912 1345 4966 hominum
1363 4908 1470 4962 eredere
1480 4921 1556 4977 posse
1567 4909 1636 4962 siccat
1649 4912 1761 4978 aportat.

111 4992 140 5041 ut
150 4984 233 5042 verba
245 4983 334 5039 verbis
353 4980 543 5052 respondeant.
557 4984 594 5036 nt
606 4980 721 5052 Vulgata
735 4977 823 5035 versio
839 4994 910 5037 nuuc
964 4981 1082 5037 Credere
1103 4988 1197 5038 autem
1214 4980 1286 5036 sicut
1303 4985 1413 5106 exactet
1434 4985 1477 5034 est
1493 4978 1603 5035 credere
1626 4979 1697 5036 sicut
1715 4996 1764 5037 er·

110 5054 210 5113 babet:
226 5054 535 5124 Nonouadsnsileientes
554 5055 649 5115 simus,
671 5058 737 5121 etc,
750 5047 851 5122 quibus
868 5064 910 5107 se·
966 5051 1039 5122 pedit
1062 5051 1241 5114 adsalutem,
1262 5066 1317 5125 quo
1361 5058 1403 5105 est
1423 5050 1548 5107 assentiri
1572 5050 1635 5106 lidei
1660 5060 1765 5123 myste-

111 5127 220 5198 quentia
235 5133 296 5198 apte
309 5125 484 5196 respoudeat.
966 5122 1015 5178 riis
1029 5121 1080 5177 sibi
1103 5121 1258 5193 propositis,
1282 5130 1452 5193 tamquama
1475 5125 1534 5179 Deo
1557 5122 1692 5190 revelatis,
1712 5122 1765 5179 hoc

145 5199 230 5267 ‘Quo
253 5197 342 5269 magis
365 5194 448 5252 divini
470 5193 562 5251 ausilii
577 5193 767 5250 necessitatem
786 5200 813 5247 et
834 5190 912 5249 liberi
967 5201 1018 5275 est,
1032 5202 1142 5265 propter
1152 5193 1345 5251 revelationem
1356 5194 1486 5261 divinam,
1500 5201 1641 5264 tamquam
1657 5202 1766 5266 propter

110 5268 217 5326 arbitrii
241 5267 456 5324 imbecillitatem
481 5263 608 5323 ostendat
630 5264 809 5336 Paphnutius,
833 5261 914 5321 docet
967 5272 1103 5321 rationem
1115 5263 1259 5321 formalem
1273 5265 1410 5322 credendi.
1428 5265 1519 5334 Quare
1535 5264 1691 5334 haereticus,
1716 5273 1766 5322 aut

112 5339 199 5412 ipsam
214 5354 323 5413 quoque
340 5337 423 5396 tidem
442 5337 633 5404 Christianam,
659 5351 720 5409 quac
743 5335 858 5417 initium¹
872 5343 914 5392 est
967 5335 1094 5403 infidelis,
1107 5337 1171 5409 quia
1185 5352 1241 5392 uon
1261 5336 1409 5393 assentitur
1424 5335 1559 5408 mysteriis
1577 5334 1641 5392 lidci
1656 5345 1766 5418 propter

113 5411 222 5481 salutis,
240 5426 295 5466 nou
310 5426 342 5465 er
355 5409 437 5466 nobis
450 5409 517 5481 ipsis
548 5407 601 5464 hoc
614 5416 666 5477 est,
680 5424 712 5464 ex
725 5407 789 5464 solis
811 5406 913 5464 viribus
967 5407 1160 5466 revelationem
1181 5407 1315 5474 divinam,
1339 5407 1386 5465 sed
1401 5416 1515 5479 propter
1528 5407 1582 5463 alia
1596 5416 1708 5474 nautica,
1724 5407 1765 5464 vel

114 5480 192 5539 liberi
218 5481 321 5538 arbitrii
349 5480 452 5546 haberi,
480 5449 529 5537 sevi
551 5495 566 5535 ι
588 5483 646 5537 Deo
670 5479 784 5544 iuluudi,
807 5479 914 5551 Deique
968 5481 1088 5538 rationes
1108 5479 1253 5549 humanas,
1278 5479 1340 5536 ideo
1356 5494 1411 5535 uon
1427 5478 1513 5535 credit
1526 5478 1581 5534 lide
1602 5477 1767 5545 Christiana,

116 5549 219 5611 donum
240 5568 312 5617 esse,
333 5552 407 5624 quod
426 5560 453 5609 et
466 5550 574 5608 disertis
593 5552 682 5608 verbis
695 5550 815 5607 alllrmat
835 5556 912 5622 Apo·
968 5561 1041 5608 certa
1056 5561 1083 5609 et
1096 5551 1243 5618 infallibili,
1258 5550 1307 5609 sed
1324 5549 1459 5618 humana;
1482 5548 1594 5621 prolude
1609 5566 1664 5605 nou
1681 5548 1768 5607 credit

116 5622 202 5681 stolam
220 5624 257 5681 ad
272 5621 403 5693 Ephesios
423 5623 543 5680 scribens
557 5639 615 5695 cap.
633 5639 679 5679 ιιι
706 5624 801 5680 Gratia
813 5625 914 5679 sulcati
968 5623 1041 5681 sicut
1055 5632 1162 5696 oportet
1185 5632 1212 5680 et
1229 5637 1338 5680 necesse
1358 5630 1400 5678 est
1419 5620 1592 5678 adsalutem.
1615 5620 1718 5677 ldeirco
1732 5617 1768 5675 ad

115 5697 180 5753 estas
190 5712 239 5766 per
250 5696 347 5764 ildem3
363 5700 390 5750 ct
402 5695 449 5750 buc
461 5711 515 5749 non
528 5711 562 5749 ec
573 5696 657 5758 nobb,
673 5698 723 5752 Del
735 5697 805 5750 enim
814 5695 913 5750 danum
967 5694 1164 5752 excludendam
1188 5693 1344 5768 hujusmodl
1368 5692 1451 5750 fidem
1475 5692 1634 5759 humanam,
1654 5689 1769 5749 addide-

115 5770 164 5821 est.
178 5770 270 5837 Quam
291 5765 445 5823 doctrinam
467 5764 595 5822 adversus
618 5765 775 5839 Pelagianos
794 5773 914 5828 strenue,
968 5765 1246 5825 runtcouciliaillam
1261 5765 1432 5841 particulam,
1445 5767 1514 5823 sieut
1526 5768 1640 5833 avertet.
1687 5820 1689 5825 ,

115 5844 219 5908 praetcr
232 5837 300 5894 alios
315 5839 419 5906 Patres,
441 5845 649 5911 propugnarunt
670 5846 698 5894 et
717 5835 915 5894 confirmarunt
