3848 6158
128 230 180 283 759
669 220 810 277 10,ιΝΝ18
828 216 979 274 CASSthl
998 214 1255 275 COLLthOh‘ssS„
1732 218 1785 272 tto

132 353 339 427 perstitionibus
353 350 414 408 istis
426 359 454 408 et
463 349 601 422 sacrilegis
611 347 662 405 fuit
674 348 781 404 artibus
789 362 821 403 ac
834 343 926 418 profa-
942 347 969 411 Α
983 341 1160 399 mundatione
1175 339 1268 398 diluvii
1284 339 1352 397 alias
1368 339 1487 396 mundus
1497 339 1599 412 erpiari
1612 355 1668 396 non
1682 349 1786 412 posset.

129 449 171 506 nis
184 446 310 516 briccius,
331 445 419 502 sciens
441 444 548 500 nullum
562 458 592 500 se
606 457 685 514 posse
710 455 791 513 super
811 439 853 496 bis
870 453 929 495 me·
984 437 1024 492 lte
1041 434 1117 508 ergo'
1129 434 1188 491 iliis
1205 434 1270 491 Seth
1287 433 1406 491 libidinis
1416 433 1591 506 instigatione
1604 434 1787 507 transgremis

54 517 60 535 '
131 539 391 609 morialemlibrum
410 538 440 594 in
463 552 554 592 arcam
574 549 684 609 promus
707 532 817 603 inferre,
833 533 931 605 inqua
983 528 1051 587 illud
1069 530 1231 587 mandatum
1250 528 1324 602 quod
1339 527 1374 585 ab
1389 527 1501 584 exordio
1515 528 1610 585 mundi
1632 527 1718 600 hujus
1737 544 1787 586 nr·

128 644 187 692 erat
201 651 256 692 una
274 650 337 691 curn
358 641 434 705 patre
454 630 530 704 justo
552 646 584 687 ac
606 628 707 686 sanctis
734 625 865 685 fratnbus
887 625 928 682 in·
983 623 1065 681 tureli
1078 623 1205 680 instinctu
1221 621 1371 679 diutissime
1381 621 1470 678 fuerat
1481 619 1663 691 custoditum,
1677 636 1791 681 necesse

132 745 286 803 gressnrm,
298 738 311 763 ⁸
323 727 450 784 scelestas
464 734 578 783 artesae
591 722 705 799 profana
714 729 870 781 commenta
884 720 929 778 di·
982 715 1034 773 fuit
1045 732 1093 788 per
1107 716 1226 774 litteram
1238 715 1307 788 legis
1318 722 1410 787 postea
1428 715 1568 786 reparari:
1589 717 1690 771 Filiam
1713 720 1790 772 hmm

131 837 270 879 versorum
285 821 459 878 metallorum
468 818 591 889 laminis,
607 831 668 890 quae
681 817 783 874 scilicet
796 829 929 888 aquamm
982 827 1036 869 uon
1049 813 1127 869 dubis
1135 813 1192 882 tilio
1201 811 1258 882 ejus
1273 827 1392 874 acorem,
1406 809 1495 865 meede
1504 810 1614 879 filiabus
1632 827 1727 867 eorum
1742 828 1790 869 oc·

129 915 308 972 inundatione
320 915 458 987 corrumpi
472 930 529 971 non
541 921 663 986 possent,
677 921 706 969 et
722 909 878 968 durissimis
892 908 929 964 la·
983 909 1064 979 cipiet
1073 907 1131 976 filio
1141 909 1196 971 tuo,
1205 907 1255 976 qui
1265 904 1389 988 seducent
1399 904 1480 959 corda
1493 907 1589 968 naemu,
1598 909 1629 960 at
1638 905 1791 964 usceumis

128 1008 236 1080 pidibus
248 1008 400 1080 insculpsit.
417 1009 496 1078 Quae,
509 1005 612 1063 diluvio
629 1013 752 1079 peracto,
766 1003 863 1061 eadem
877 1017 929 1076 qua
983 1019 1001 1057 o
1018 1006 1071 1059 Deo
1088 1006 1185 1064 oestro,
1206 1005 1232 1056 et
1250 1000 1402 1072 sequemini
1415 998 1477 1052 deos
1492 1011 1592 1063 ennon,
1606 1014 1639 1054 ec
1656 1001 1791 1056 remotes

131 1103 264 1160 celaverat
288 1102 447 1160 curiositate
475 1103 642 1173 perquirens,
671 1098 874 1172 sacrilegiorum
897 1113 930 1153 ac
983 1098 1021 1152 eis
1037 1093 1230 1168 (Deut.v11).

131 1207 270 1270 perpetua
283 1196 408 1268 nequitiae
425 1194 604 1251 seminarium
619 1193 770 1249 transmisit
790 1193 819 1248 in
836 1199 930 1263 poste·
1217 1254 1221 1259 ,
1267 1237 1388 1294 CAPUT
1402 1237 1497 1293 xm

129 1307 186 1348 ros.
200 1292 260 1346 liae
273 1291 363 1362 itaque
375 1289 481 1355 ratione
494 1288 541 1344 illa
553 1287 647 1359 opinio
658 1287 740 1360 vulgi,
750 1301 804 1358 qua
815 1283 930 1342 credunt

131 1383 243 1456 angelos
264 1383 303 1439 vel
319 1382 450 1439 maleficia
474 1381 515 1437 rel
533 1379 656 1437 diversas
678 1389 750 1435 artes
769 1378 929 1435 bominibus
984 1376 1100 1448 objectio
1116 1375 1340 1446 quemadmodum
1350 1378 1445 1458 paneri
1455 1375 1520 1459 Seth
1532 1390 1593 1429 cum
1602 1376 1716 1459 filiabus
1727 1379 1794 1439 Cain

129 1475 282 1546 tradidisse,
303 1476 331 1532 in
351 1476 461 1533 veritate
478 1474 613 1546 cernpleta
630 1481 681 1530 est.
697 1465 709 1504 l
726 1476 769 1529 De
789 1472 841 1528 illis
853 1487 929 1545 ergo,
1019 1449 1140 1519 plisima
1156 1449 1309 1504 mmmmm
1322 1452 1386 1504 “lili
1399 1446 1570 1504 ‘'timim'‘
1583 1446 1651 1516 'eidi
1664 1452 1793 1518 Ρθῑῑιιήῑ

130 1569 365 1642 quemadmodum
380 1569 511 1635 diximus,
525 1567 585 1624 liliis
599 1566 663 1623 Seth
680 1574 709 1622 et
724 1565 839 1622 libiabus
853 1564 930 1633 Cain,
1023 1525 1164 1590 'mmm'
1215 1556 1218 1567 ⁴

130 1663 274 1734 nequiores
287 1662 332 1718 filii
355 1661 489 1735 procreati
502 1669 576 1729 sunt,
596 1660 642 1733 qui
663 1658 774 1716 fuerunt
793 1657 930 1715 robustis·
1021 1658 1194 1715 Germanus:
1210 1657 1308 1714 blerito
1321 1657 1452 1729 potuisset
1464 1656 1517 1714 illis
1536 1673 1569 1714 ιιι
1581 1645 1794 1734 bac'praesum-

131 1755 194 1812 simi
215 1762 366 1826 venatores,
386 1753 571 1812 violentissimi
586 1769 617 1809 ac
632 1751 855 1810 truculentissimi
871 1750 930 1822 viri,
946 1759 970 1821 Β
987 1752 1078 1825 ptionc
1102 1750 1221 1825 conjugii
1248 1751 1351 1807 crimen
1375 1752 1597 1825 transgressionis
1621 1753 1733 1824 mathi,
1763 1756 1790 1812 51·

132 1851 178 1922 qui
193 1866 242 1922 pro
256 1851 418 1908 enormitate
431 1866 580 1923 corporum
592 1850 636 1906 vel
646 1847 813 1906 crudelitatis
825 1864 858 1905 ac
872 1864 932 1904 ma·
985 1844 1158 1903 datafuisset
1171 1844 1284 1902 illisista
1301 1846 1468 1917 praecepti03
1482 1853 1511 1901 at
1528 1861 1589 1903 cunr
1602 1847 1791 1920 seiunctionis

130 1943 205 2010 litiae,
220 1943 344 2018 gigantes
361 1943 508 2017 nuncupati
521 1944 608 2012 sunt(
624 1944 716 2000 dnus.
730 1945 782 2009 vr).
801 1939 837 1995 Hi
857 1955 933 1996 nam·
986 1939 1064 1996 istius
1077 1937 1248 1995 observantia
1264 1937 1381 1994 necdum
1395 1938 1486 2011 aliqua
1501 1938 1595 1997 fuisset
1604 1941 1793 1999 constitutio-

132 2053 184 2110 que
197 2036 328 2093 finitimos
340 2036 463 2108 populari
475 2051 507 2092 ac
519 2034 627 2107 rapinas
636 2033 706 2089 inter
719 2031 843 2090 homines
857 2048 933 2088 erer—
984 2048 1020 2090 ne
1038 2031 1158 2105 praeflra,
1183 2031 1420 2103 quemadmodum
1441 2031 1495 2088 illis
1512 2033 1663 2105 permixtio
1683 2034 1797 2108 generis

129 2139 191 2187 cere
210 2131 290 2203 primi
308 2138 461 2202 coepemnt,
481 2126 572 2201 prada
586 2127 677 2198 potius
689 2125 831 2198 exigentes
847 2126 932 2183 vitam
985 2125 1021 2184 ad
1036 2141 1139 2183 noxam
1159 2124 1253 2182 debuit
1266 2125 1406 2197 imputari,
1420 2141 1482 2198 quae
1494 2127 1570 2185 nullo
1589 2125 1683 2186 fuerat
1703 2128 1795 2187 inter-

133 2236 222 2289 suam,
244 2236 327 2293 quam
345 2220 445 2277 sudore
464 2219 553 2293 operis
576 2219 617 2275 sui
630 2234 662 2275 ac
679 2219 772 2276 labore
785 2221 931 2290 contenti;
986 2219 1058 2277 dicta
1076 2217 1227 2276 mandato?
1249 2219 1414 2276 rbennonim
1429 2236 1485 2276 non
1499 2220 1638 2292 praeterita
1651 2221 1726 2282 solet
1736 2225 1796 2282 cri·

134 2321 288 2384 etquorum
300 2312 465 2386 usqueadeo
479 2313 581 2370 scelera
593 2322 827 2387 supercreverant,
839 2323 870 2371 ut
881 2315 933 2372 nisi
986 2315 1073 2386 mina,
1084 2314 1131 2372 sed
1144 2314 1233 2372 futura
1243 2313 1383 2371 damnare.

683 2459 811 2516 shtnbl
829 2460 942 2516 estat
960 2458 1239 2517 constaremus.

134 2592 218 2658 (Vide
239 2594 360 2650 Plinium
375 2597 448 2651 Hist.
468 2595 516 2652 lib.
537 2610 612 2658 xrs,
629 2611 678 2666 cup
702 2599 757 2662 l):
775 2599 936 2661 Domuum,
992 2594 1175 2650 dilaberentur
1185 2593 1386 2659 abhominatus,
1398 2593 1549 2663 quoeobeis
1561 2595 1674 2650 incentu
1684 2595 1798 2664 sorau

133 2663 179 2732 ait,
192 2664 309 2721 homines
320 2667 394 2736 qaod
403 2667 534 2722 demones
544 2667 648 2722 artibus
658 2666 821 2736 quibusdam
829 2667 937 2723 obedire
991 2665 1795 2736 outantequamomtrartadeopmuonmdepernem,um

132 2737 290 2792 mortalibus
306 2744 423 2810 possent,
442 2754 473 2793 uc
490 2740 562 2793 uelut
582 2754 616 2794 es
635 2739 744 2807 torrruce
767 2739 898 2807 quodum,
913 2742 938 2793 et
989 2737 1165 2807 prodidisset
1180 2736 1268 2791 suom
1283 2738 1532 2791 estermirrutimrcm
1547 2753 1639 2792 rerum
1655 2741 1794 2810 omnium,

132 2808 244 2877 officina
257 2811 370 2865 malitia
386 2814 470 2865 totum
477 2810 618 2873 mundum,
635 2809 770 2864 suberoso
796 2811 885 2863 ictutis
894 2809 939 2863 lu-
991 2823 1073 2862 unum
1084 2806 1795 2877 iqne'smrtutnulternmequorumtiocmultr'tude'ne

34 2904 40 2918 ·
133 2881 215 2941 aeine,
230 2883 380 2950 impietatis
402 2883 478 2948 fumo
494 2882 671 2951 repleverunt.
692 2883 743 2935 Pro
786 2881 853 2934 iset
868 2880 932 2934 aliis
992 2877 1795 2951 sor-eventuramoamsomauesoommms,atramentum·-

133 2952 269 3006 nonnulie's
281 2954 369 3007 causis
383 2951 517 3005 diluuium
531 2952 630 3006 mundo
643 2951 825 3004 iutrodrmtum
842 2954 891 3015 est,
907 2954 933 3004 ct
986 2949 1378 3017 siumeuroaemensium
1392 2948 1607 3019 ambobusque
1620 2952 1792 3015 anement,

133 3035 222 3074 omme
236 3023 285 3089 qui
295 3026 372 3075 erunt
382 3036 463 3091 super
475 3025 572 3083 terram,
585 3021 667 3074 deleti
675 3023 747 3082 seint,
758 3023 867 3088 eccepto
879 3022 933 3077 Noe
985 3020 1796 3088 eorrecripserunteutsiconstruetulutcra'luseaterminuretus

134 3091 253 3157 familia,
269 3093 389 3158 quicum
404 3091 491 3145 triten
511 3092 575 3160 filiis
589 3105 732 3158 eorumque
747 3090 878 3146 umoribus
891 3106 933 3146 su
986 3092 1021 3144 ab
1030 3091 1170 3157 imbellem,
1181 3091 1288 3161 lapideu-
1294 3105 1452 3160 permanens
1459 3092 1611 3146 hominibus
1619 3093 1747 3148 discendi
1750 3109 1793 3150 oo·

130 3160 247 3229 pertun,
258 3175 292 3213 ea
304 3161 402 3229 quitus
412 3177 482 3215 renus
494 3162 577 3217 dham
586 3163 690 3216 nomine
701 3161 810 3215 cuidam
819 3177 853 3216 ear
865 3164 931 3231 filit's
988 3164 1064 3232 piem
1079 3164 1179 3229 suomet
1193 3180 1201 3226 3
1216 3166 1242 3216 ct
1255 3176 1314 3230 qua
1327 3163 1458 3231 trascripta
1471 3163 1633 3225 eontirrelmt,
1646 3164 1793 3234 mascam

133 3230 202 3295 suis,
218 3231 266 3299 qm'
290 3233 415 3286 Muroim
430 3232 628 3302 appellabatur,
644 3248 726 3303 equo
739 3235 939 3302 AEpyptiorum,
957 3230 978 3292 C
993 3233 1139 3290 cohiberet.
1164 3235 1206 3288 lta
1229 3230 1376 3302 Joseplrus,
1406 3233 1494 3299 Quam
1525 3231 1669 3291 historiam
1689 3235 1795 3317 insigni

135 3303 162 3355 et
170 3300 385 3369 Babyloniorum,
396 3319 427 3357 nc
437 3307 578 3359 Persarum
592 3319 685 3373 perrea,
696 3305 766 3359 mole
776 3308 937 3374 compertum
993 3311 1119 3375 poemate
1132 3301 1266 3376 expressit
1279 3311 1306 3357 et
1320 3302 1464 3358 illustrarit
1474 3302 1641 3360 Guilielmus
1654 3306 1795 3363 Salustrus

136 3373 268 3441 magicum
280 3374 396 3429 tradidit
407 3375 589 3445 disciplinam.
606 3378 683 3430 Hunc
693 3380 783 3444 pultes
800 3391 860 3445 qum
872 3381 936 3432 tunc
990 3383 1070 3444 poeta
1084 3374 1178 3433 Gallus
1198 3376 1223 3446 (2
1235 3374 1319 3431 Hebd.
1336 3376 1386 3429 ult.
1396 3374 1507 3455 postu).
1524 3375 1584 3430 Tali
1598 3375 1683 3457 igitur
1693 3391 1793 3432 esem-

134 3447 221 3506 crunt,
234 3448 407 3501 zoroastrem
416 3447 628 3516 appellauerunt,
639 3447 806 3503 admirantes
853 3449 936 3504 imum
990 3444 1045 3514 plo,
1068 3444 1117 3502 sed
1141 3460 1264 3517 perversa
1283 3445 1458 3502 aenrulatrone
1479 3452 1507 3501 et
1531 3445 1639 3501 solertra
1654 3446 1705 3517 (ut
1722 3455 1792 3504 sunt

134 3518 245 3583 magice
261 3519 330 3571 ortis
346 3523 489 3580 auctorem,
501 3523 576 3588 cujus
589 3520 693 3573 reomine
703 3520 783 3572 ctiam
793 3518 814 3572 lr'
834 3521 860 3573 ri
867 3521 936 3589 plu·
989 3515 1037 3571 tilii
1050 3516 1130 3587 hujus
1149 3516 1241 3572 saeeuli
1262 3532 1317 3572 non
1335 3516 1427 3571 minus
1442 3516 1599 3586 prudentes,
1611 3517 1700 3574 immo
1738 3534 1793 3575 ru-

134 3588 200 3638 rimi
223 3602 302 3654 super
324 3588 371 3641 hoc
390 3588 534 3642 hubmtur.
560 3590 628 3643 Haec
653 3590 779 3643 Clemens
804 3589 932 3657 pontifex.
987 3587 1125 3649 densiores
1140 3586 1204 3643 filiis
1217 3587 1299 3657 lucis)
1315 3584 1499 3652 credibttejesr
1512 3596 1540 3643 et
1555 3586 1693 3644 chamum
1710 3535 1792 3648 inum

135 3656 221 3710 Porro
241 3658 387 3712 Zoroastes
406 3658 444 3711 vel
463 3660 607 3713 zoroaster
623 3673 678 3712 uon
694 3674 774 3722 unus,
790 3658 838 3713 sed
854 3660 934 3714 multi
987 3657 1102 3729 impium
1123 3665 1150 3713 et
1162 3657 1273 3729 magicis
1295 3657 1401 3712 artibus
1419 3656 1544 3713 deditum
1557 3673 1619 3714 suas
1635 3667 1713 3716 artes
1725 3675 1792 3717 scs·

134 3722 222 3792 fuere,
237 3735 269 3782 ut
286 3742 318 3782 ιι
333 3727 458 3783 hrnobio
471 3737 497 3783 et
510 3727 570 3782 aliis
585 3726 669 3783 refert
685 3729 723 3783 hl.
740 3727 847 3784 Delrius
860 3729 907 3785 lib.
922 3746 933 3787 ι
987 3728 1070 3783 festas
1082 3736 1109 3785 et
1123 3725 1236 3799 profana
1252 3735 1420 3796 commenta,
1443 3737 1473 3783 ut
1490 3728 1533 3784 bic
1547 3729 1669 3794 babetur,
1689 3744 1725 3784 ue
1738 3731 1789 3787 di·

135 3794 170 3852 dc
183 3797 272 3869 Magia
285 3800 362 3869 (Cup.
375 3805 390 3854 ³
402 3799 421 3871 ).
434 3800 542 3854 Primus
555 3799 599 3854 ille
610 3799 765 3860 Chaldaeus,
777 3797 811 3855 de
823 3815 879 3870 quo
890 3799 934 3857 hic
987 3798 1059 3854 lunio
1085 3798 1213 3868 perirent,
1236 3797 1409 3854 diversorum
1434 3800 1605 3856 metallorum
1625 3798 1737 3856 laminis
1756 3809 1788 3858 ιι

135 3867 320 3939 agitur,lilius
341 3872 417 3937 Noe,
443 3869 510 3926 alias
531 3874 613 3937 llam,
641 3869 696 3925 sire
716 3868 801 3926 cham
830 3870 932 3940 dictus,
986 3868 1140 3926 durissimis
1164 3868 1299 3940 lapidibus
1332 3868 1514 3940 impressisse,
1547 3869 1729 3951 insculpsisse,
1758 3880 1790 3928 ct

134 3938 231 4010 magiae
246 3939 380 4005 inventor,
396 3940 494 4011 dequo
507 3941 632 3997 clemens
643 3942 791 3996 Romanus
804 3955 903 4011 supra3
917 3957 932 3998 a
987 3949 1049 4013 post
1067 3939 1201 3997 diluvium
1224 3939 1349 3996 docuisse
1373 3948 1499 4012 posteros
1520 3956 1596 4012 suos,
1619 3957 1724 4015 sicque
1739 3959 1790 4016 per

133 4024 188 4080 quo
203 4025 274 4080 saepe
290 4012 316 4066 in
329 4013 414 4068 sacris
427 4012 523 4068 litteris
539 4011 629 4083 (Psul.
643 4017 720 4069 creet
734 4016 783 4076 cv)
795 4013 932 4084 AEgyptus
987 4011 1082 4067 orbem
1096 4011 1298 4067 disseminasse.

134 4087 206 4136 terra
221 4081 307 4137 Cbam
329 4093 512 4155 nuncupatur,
530 4092 639 4139 auctore
659 4084 693 4138 D.
719 4082 888 4154 Hieronymo
903 4083 932 4140 in
1021 4075 1035 4114 b
1050 4084 1089 4138 Er
1103 4079 1223 4138 nefando
1242 4081 1387 4138 concubitu
1410 4091 1584 4153 posterorum
1596 4081 1662 4141 Seth
1673 4090 1700 4139 ιι
1712 4085 1788 4143 linos

134 4150 238 4220 eraest.
249 4154 400 4210 Hebraicis.
411 4154 552 4210 Secundus
567 4154 735 4218 Bactrianus,
748 4155 932 4211 seu-Bactria-
986 4152 1029 4216 tin
1048 4169 1166 4226 quorum
1182 4152 1290 4208 familiis
1304 4152 1447 4209 colebatur
1460 4157 1536 4210 Deus
1544 4164 1554 4223 t
1569 4163 1598 4211 et
1613 4163 1789 4236 posterorum

134 4237 231 4278 norum
246 4224 304 4291 reb,
326 4225 372 4296 qui
391 4242 453 4281 euru
467 4226 539 4280 Nino
557 4240 621 4298 rege
634 4225 811 4297 Assyriorum
829 4225 932 4283 bellum
985 4224 1061 4292 Cain,
1077 4224 1123 4294 qui
1147 4223 1226 4280 idolis
1244 4222 1349 4280 dudum
1360 4224 1525 4290 serviebant,
1542 4224 1787 4299 proheregtgm

134 4292 227 4364 gessit,
247 4309 262 4348 a
278 4312 332 4376 quo
353 4303 380 4352 et
403 4295 491 4351 victus
511 4305 539 4351 ct
555 4311 640 4368 regno
656 4298 749 4366 pulsus
770 4302 833 4360 est3
848 4312 931 4368 quem
984 4302 1035 4362 tes,
1061 4293 1185 4351 homines
1200 4294 1328 4350 immanis
1343 4295 1535 4368 magnitudinis
1556 4313 1589 4352 ac
1603 4297 1785 4368 proceritatis.

135 4371 228 4418 tannen
246 4365 342 4420 Surdas
361 4381 424 4420 cum
446 4366 538 4437 priore
556 4367 723 4422 confundere
747 4367 863 4422 ridetur.
890 4371 931 4424 De
984 4369 1073 4448 Atque
1096 4381 1128 4420 err
1151 4365 1304 4421 istiusmodi
1336 4364 1480 4422 hominum
1501 4366 1618 4437 disparis
1645 4369 1738 4426 cultus
1756 4383 1786 4425 sc

134 4432 232 4487 eodem
243 4435 929 4506 PliniusetJustinushistoricilPlr'n.l.rxxc.t,·
983 4435 1122 4508 relegionis
1154 4435 1347 4506 conjunctione
1379 4437 1500 4509 cognitio
1524 4440 1575 4495 Dei
1623 4455 1720 4497 rursus
1738 4455 1786 4496 es·

134 4504 201 4557 Just.
218 4503 264 4558 lib.
277 4519 285 4558 ι
300 4521 307 4558 :
323 4505 402 4561 clem.
419 4507 438 4560 l.
453 4521 463 4560 1
478 4506 630 4574 Strenuus).
642 4507 751 4563 Tertius
764 4506 931 4576 Pamphilius
983 4506 1084 4562 stincta
1098 4511 1140 4562 est
1155 4506 1175 4577 (l
1186 4509 1258 4562 Petr.
1273 4511 1342 4574 ιιι),
1358 4519 1542 4580 praeterquam
1557 4510 1583 4565 in
1600 4456 1704 4567 damieta
1718 4513 1783 4578 Itos,

133 4587 242 4700 gernere,
257 4573 302 4715 3ss
316 4582 344 4629 et
358 4577 427 4630 Erus
446 4574 545 4658 dictus,
562 4575 596 4631 de
606 4592 661 4647 quo
673 4578 931 4657 ClemensAleran-
945 4612 970 4673 D
986 4576 1014 4633 id
1026 4584 1078 4660 est,
1105 4584 1168 4633 octo
1190 4577 1343 4660 animabus,
1365 4595 1426 4648 qum
1436 4595 1594 4651 perdecem
1609 4584 1695 4638 solete
1707 4585 1784 4665 seda

152 4645 672 4775 slltattleistettensis
692 4649 931 4790 italienses
985 4647 1783 4797 tlt‘atitttl'slsttltlitt‘tlthillht

132 4794 204 4842 certa
220 4788 417 4848 etautbcntica
431 4788 573 4847 traditione
594 4796 705 4861 accepta
722 4810 728 4845 :
748 4805 811 4846 cum
827 4805 877 4846 nec
894 4793 929 4850 Ι).
985 4789 1029 4847 liae
1050 4789 1114 4846 Seth
1132 4798 1160 4847 et
1178 4789 1409 4862 Caluconnubiis
1425 4792 1606 4865 jungerentur
1628 4800 1651 4864 (ι
1674 4800 1713 4854 De
1727 4795 1780 4854 cin.

132 4859 326 4931 Hieronymus,
343 4877 392 4918 nec
407 4861 476 4919 alius
492 4861 668 4932 antiquorum
687 4860 854 4933 scriptorum
869 4877 931 4918 me·
983 4863 1034 4917 Dei
1044 4878 1066 4917 e.
1084 4865 1139 4929 23).

132 4929 250 4984 mineris.
271 4934 377 4986 florum
396 4940 490 4988 tanton
505 4933 605 4989 similia
618 4932 712 4989 scribit
726 4940 822 4990 auctor
834 4933 930 4990 Histo·
1021 4932 1079 4988 ⁰ld
1099 4942 1150 5000 est,
1170 4933 1285 5016 punire3
1333 4933 1463 5000 raeterita,
1484 4935 1510 4991 id
1534 4944 1586 4999 est,
1607 4944 1673 4994 ante
1696 4937 1721 4994 le

131 4998 179 5079 riae
192 4999 368 5057 Scholastica
382 5002 426 5072 (ln
442 5007 533 5061 denes.
547 5021 606 5074 cop.
623 5020 722 5060 ιιιιιιιιι
733 5004 741 5075 )
754 5025 761 5060 :
775 5007 872 5073 Ninus,
886 5005 930 5060 in·
984 5003 1070 5060 latam
1080 5019 1237 5060 commissa.
1248 4948 1331 5073 Quos
1339 5004 1399 5061 aliis
1409 5006 1540 5061 serbisuit
1551 5008 1664 5065 Jurisco
1768 5025 1775 5062 :

131 5079 198 5136 qun,
214 5073 277 5127 uicit
291 5072 385 5134 Citam,
399 5076 448 5142 qui
460 5074 671 5139 adlrucuieebut,
680 5081 705 5131 ct
717 5077 846 5145 reparabat
855 5077 931 5147 opud
983 5077 1077 5144 mpero
1087 5075 1124 5130 ud
1132 5077 1331 5146 praterdonon
1340 5076 1450 5131 eatendi
1461 5080 1505 5147 (L.
1516 5080 1621 5146 Legem,
1632 5095 1657 5135 c.
1667 5079 1777 5148 misai·

131 5143 306 5210 Bactr·iunos;
321 5144 372 5206 uel,
387 5148 418 5198 ut
429 5145 518 5214 placet
529 5146 602 5212 eliis,
617 5147 647 5201 iu
663 5149 786 5211 Thracio,
802 5151 827 5202 et
841 5149 930 5218 appel·
984 5146 1041 5210 ms,
1056 5146 1104 5201 lib.
1120 5163 1129 5202 1
1143 5148 1274 5203 Decretol.
1296 5149 1338 5201 tit.
1349 5152 1367 5202 2
1377 5147 1397 5219 l.
1413 5147 1493 5216 Quod
1507 5150 1618 5205 axioma
1631 5150 1782 5222 etiamtum

131 5212 240 5268 iubetur·
250 5218 399 5277 zoroaster,
412 5217 533 5271 irrumator
541 5218 653 5285 muqicea
664 5221 734 5273 ortis
746 5237 755 5282 ,·
767 5220 849 5287 quiet
859 5220 928 5273 hanc
983 5217 1115 5274 canonico
1135 5232 1294 5288 expressum
1312 5225 1355 5274 est
1371 5218 1423 5273 sub
1443 5219 1484 5275 tit.
1500 5224 1537 5276 Dc
1552 5222 1783 5278 constitutionibus

130 5287 154 5338 ct
167 5290 265 5353 septem
287 5286 409 5341 liberales
420 5290 491 5342 ortes
504 5288 707 5356 quatuordecim
721 5289 849 5344 columnis
860 5291 929 5343 scri·
983 5304 1041 5359 cap.
1052 5296 1067 5343 2
1079 5309 1085 5343 :
1099 5291 1207 5356 Quoties
1215 5304 1312 5345 nouum
1322 5290 1390 5358 quid
1397 5293 1536 5354 statuitur,
1551 5293 1591 5346 itu
1604 5293 1671 5348 solet
1678 5293 1782 5362 suturis

126 5356 929 5500 dit{altd'tttitttlltl'lltlltitulis
978 5360 1784 5502 ltlltttttltlutllttthhtdtltuta

129 5511 238 5564 uquam,
254 5471 369 5554 alterum
383 5517 441 5555 uero
453 5517 502 5572 per
515 5503 612 5570 iqrrun.
632 5502 699 5557 llaec
718 5473 777 5567 ille,
792 5499 924 5566 imitatus,
978 5471 1142 5572 ipnmodtes,
1163 5502 1235 5571 quod
1255 5517 1297 5558 eos
1305 5502 1475 5573 postmodum
1492 5504 1606 5573 dignum
1626 5511 1666 5564 est
1690 5508 1784 5563 uetitos

128 5573 159 5622 ut
174 5575 295 5691 apparet,
309 5571 461 5644 Josephunr
474 5571 520 5642 qui
539 5573 596 5629 haee
610 5572 705 5629 eadem
716 5579 764 5627 ant
779 5570 878 5627 similia
892 5571 926 5629 de
979 5575 1121 5628 sustinere.
1137 5574 1239 5643 Eteap.
1256 5573 1301 5628 fin.
1318 5573 1437 5631 ibidem:
1454 5576 1519 5632 Cum
1530 5577 1599 5645 leqes
1613 5581 1639 5632 et
1651 5580 1786 5635 mnstite·

128 5637 210 5692 Sectr
235 5653 348 5712 ejusque
374 5644 517 5717 nepotibus
543 5641 626 5699 refert
646 5643 690 5698 lris
710 5641 799 5698 verbis
826 5642 834 5713 (
841 5643 898 5698 bib.
915 5659 926 5700 1
980 5647 1064 5699 tiones
1077 5645 1182 5711 suturis
1195 5645 1785 5717 certumsitdar·esormomucpotiis,nonud

126 5710 221 5778 Antiq.
231 5726 254 5764 c.
268 5718 295 5766 t.
307 5727 341 5766 ea
353 5729 421 5767 uere.
433 5715 540 5784 Rufirri)
557 5732 564 5768 ε
576 5716 754 5784 Disciplinam
768 5729 858 5768 rerum
873 5730 925 5768 cee-
976 5718 1117 5786 preterito
1126 5717 1201 5781 sueta
1214 5715 1290 5770 troici
1298 5717 1403 5785 debent,
1415 5719 1470 5773 nsi
1476 5720 1638 5775 mminctim
1647 5719 1683 5775 de

127 5781 233 5838 testium
242 5787 276 5840 et
288 5788 412 5840 ornatum
425 5800 518 5839 currem
526 5787 655 5855 primitus
666 5787 842 5841 incurrerunt:
858 5790 883 5842 et
894 5801 927 5841 ne
980 5788 1042 5842 m‘tis
1063 5788 1092 5841 in
1112 5787 1149 5842 eis
1170 5791 1306 5844 euocetur.
1328 5789 1413 5846 Porro
1431 5789 1608 5847 manifestum
1626 5798 1671 5849 est
1705 5791 1786 5866 uites·
