3848 6158
803 248 944 305 tonitrus
962 248 1114 306 cessrunt
1519 240 1524 248 ¹
1734 255 1788 310 tts

442 373 565 431 CAPUT
579 373 618 430 X.
948 374 1113 442 Anonnulli
1140 375 1169 431 in
1192 374 1359 448 quibusdam
1382 376 1604 435 occidentalibus
1626 376 1786 434 civitatibus

147 513 228 578 ¹lirinis
242 514 347 579 fumum
360 515 407 576 sit,
423 516 454 567 nt
465 515 494 568 ia
511 513 580 570 Urbe
594 513 639 567 die
650 511 914 610 sabbuiijti'u'ie‘w·
988 469 1789 637 ἑξιὶἳξὲἲιξιᾝὶιιεῒῗῖῗῗε]ἳιιιᾘίῗιῖἰιξῗὲζέἒῶἳῐῗ

167 655 256 728 Cuius
276 654 474 717 moderaminis
500 656 560 723 [Al.
587 652 800 735 moderationis]
820 667 933 714 causam
988 659 1071 725 sumi,
1090 657 1164 731 quod
1182 658 1363 730 apostolume
1383 660 1495 715 Petrum
1517 657 1613 716 eodem
1631 657 1676 715 die
1691 664 1788 715 contm

679 796 806 854 ALARDI
826 798 939 855 GAZAEl
958 799 1236 857 COMMENTARIUS.

170 924 379 998 'ignorationis
396 930 493 979 nolam
513 921 637 1003 Latinis,
659 930 687 979 et
708 923 933 981 occidentalibus
986 925 1077 998 ipsum
1096 924 1131 983 de
1150 925 1256 999 jejunio
1277 925 1388 993 sentire,
1411 933 1438 982 et
1453 940 1563 982 servare
1576 930 1791 991 contenererunt,

135 995 220 1053 inurit
234 999 348 1061 Auctor,
366 992 414 1048 sed
428 1009 484 1064 qiro
497 992 559 1064 jure
575 1008 632 1065 ipse
646 992 755 1051 viderit.
777 997 839 1051 Non
856 997 934 1068 igno-
986 1004 1017 1052 ut
1029 996 1139 1053 videtur
1157 997 1301 1054 Cassianus
1316 996 1451 1062 indicare;
1469 995 1558 1052 sedet
1575 1003 1705 1060 remotae3
1718 1002 1789 1052 testo

135 1065 230 1122 rabant
250 1064 370 1120 Romani
385 1066 522 1129 (Romam
541 1064 616 1120 enim
630 1065 715 1123 Urbis
729 1065 843 1123 nomine
857 1067 933 1123 velut
986 1070 1023 1124 D.
1038 1068 1196 1142 Augustino
1207 1067 1286 1140 epist.
1301 1071 1348 1133 st,
1359 1066 1394 1124 ad
1407 1066 1618 1139 Hieronymum,
1631 1066 1703 1122 inter
1720 1079 1790 1137 quas

135 1134 353 1193 antonomastice
366 1134 512 1206 designare
525 1135 649 1208 ridetur)
663 1145 690 1193 et
704 1136 750 1193 alii
765 1136 932 1194 Occidenta-
985 1136 1037 1196 furit
1049 1138 1170 1196 Ecclesia
1188 1139 1377 1211 Hipponensis
1394 1138 1422 1194 in
1444 1136 1551 1205 Atticm
1568 1152 1599 1192 ex
1615 1152 1669 1209 qua
1683 1136 1790 1193 Medio·

135 1208 173 1263 les
188 1205 339 1288 Christiani
352 1221 465 1288 causam
481 1206 555 1288 illius
575 1206 786 1276 moderationis,
805 1206 858 1265 hoc
871 1216 931 1333 fat,
986 1210 1081 1267 lanum
1097 1207 1219 1279 prolecta
1234 1218 1321 1265 mater
1330 1208 1451 1283 ejusdem
1466 1208 1609 1281 Augustini
1620 1211 1648 1264 S.
1664 1207 1788 1268 Monica.

134 1277 308 1333 relaxationis
322 1292 417 1348 Jejunn
433 1293 463 1332 ιιι
481 1277 526 1333 dre
539 1277 644 1333 sabbati
663 1278 736 1350 apud
754 1279 868 1336 Orienta
880 1294 931 1336 es:
966 1295 1052 1336 ·cum
1071 1280 1108 1336 ibi
1130 1295 1186 1337 non
1194 1280 1355 1362 jejunantes
1369 1280 1485 1336 muham
1499 1279 1655 1351 reperisset,
1669 1278 1788 1350 ideoque

134 1363 224 1420 neqrre
238 1349 303 1415 boc,
318 1347 403 1403 modo
417 1348 485 1404 citra
501 1349 724 1418 superstitionem
739 1348 826 1417 fleret,
843 1350 934 1421 culpa·
991 1351 1139 1407 lluctuaret
1155 1351 1220 1423 quid
1241 1359 1342 1423 ageret,
1358 1350 1497 1407 consuluit
1513 1352 1548 1406 D.
1568 1349 1738 1422 Augustinus
1751 1353 1789 1407 D.

135 1418 220 1476 baut:
236 1417 284 1475 sed
299 1418 371 1485 aliis,
390 1425 418 1474 et
436 1418 604 1502 gravioribus
619 1420 720 1488 causis,
739 1421 935 1478 citationibus
988 1420 1181 1488 Ambrosium,
1207 1437 1298 1503 aquo
1318 1421 1373 1477 tale
1392 1436 1553 1492 responsum
1573 1420 1701 1491 accepit:
1724 1421 1790 1478 Cum

135 1490 245 1548 adducti
269 1488 479 1546 convenientius
497 1488 656 1562 judicarunt
671 1490 767 1547 diebus
783 1489 935 1548 sabbatinis
987 1492 1305 1562 Homcmvenro,J'e1uno
1322 1493 1455 1548 sabbato.-
1475 1507 1535 1547 cnm
1553 1492 1700 1548 Mediolani
1717 1508 1789 1556 snm,

133 1559 265 1634 jejunare.
282 1561 408 1616 Pnimum
426 1561 499 1627 eninr
513 1560 629 1618 sabbato
640 1560 809 1633 je'unamus,
828 1563 869 1619 vel
883 1555 935 1619 sai·
987 1579 1040 1618 uon
1052 1563 1158 1634 junna.
1169 1565 1249 1621 sicet
1262 1568 1293 1618 tu
1306 1563 1549 1633 adpunmcumpuc
1563 1563 1790 1632 sorteEcclesinm

135 1639 192 1689 tem
219 1649 235 1687 a
263 1631 393 1689 carnibus
413 1631 596 1696 abstinemus,
617 1640 648 1688 ut
676 1631 823 1704 ongissime
840 1649 857 1689 3
881 1636 934 1690 Ju-
986 1637 1100 1698 vnnrrs,
1124 1635 1182 1705 ejus
1204 1637 1451 1701 marcinannus·
1463 1637 1592 1705 cuiquam
1609 1650 1661 1689 non
1679 1636 1792 1689 essene

136 1703 244 1760 daismo
265 1701 437 1784 recedamus.
457 1704 472 1758 J
477 1701 549 1761 ndeci
562 1703 644 1784 ,euim
656 1717 721 1785 ⁸nou
731 1701 867 1789 ieiunant,
885 1703 934 1761 sed
987 1706 1125 1788 scandalo,
1137 1721 1185 1761 nec
1200 1722 1363 1789 quemquam
1373 1706 1432 1760 tibi.
1445 1707 1521 1774 Quod
1530 1721 1590 1761 cum
1596 1707 1790 1788 metrirenun-

136 1773 970 1926 tllttilttiiltintlnttlttrtttiiatittl¹³
987 1778 1792 1919 ittir}iiiitniiltttt‘ttatttriti

137 1917 236 1987 quibus
258 1915 392 1971 Eusebius
412 1914 460 1970 lrb.
480 1929 519 1971 ιιι
537 1917 642 1971 Hrstor.
660 1931 691 1972 ca
714 1958 720 1971 .
742 1921 774 1971 tt
792 1916 933 1988 (Heliorm.
989 1932 1052 1973 mus
1066 1934 1161 1975 cuma
1176 1918 1292 1976 Luciuio
1306 1917 1418 1974 Boetico
1433 1918 1484 1974 hac
1499 1918 1533 1975 de
1549 1933 1580 1973 re
1591 1917 1792 1987 consuleretur,

138 1988 186 2041 lib.
201 2000 225 2043 ιι
240 1988 346 2067 delion.
364 1986 412 2056 Op.
429 1988 602 2057 inperitae.
617 1989 670 2053 11).
684 1932 938 2059 ἕῑΕρίρΜιιίιιείιι
989 1988 1121 2061 cujusque
1147 1990 1275 2046 Ecclesia
1299 1988 1528 2045 consuetudinem
1548 1987 1710 2044 servandam
1732 2002 1792 2045 esse

137 2057 231 2114 haeresi
246 2055 436 2112 Andranorum
456 2058 569 2127 (Hares.
585 2063 616 2114 At
634 2062 660 2114 et
677 2058 736 2129 tr).
759 2060 821 2128 Quo
833 2066 939 2130 spectat
988 2060 1128 2133 rescripsit
1154 2063 1279 2128 (Hieron.
1300 2076 1342 2132 ep.
1364 2065 1423 2128 28).
1450 2061 1516 2132 Ejus
1533 2060 1616 2116 verba
1638 2068 1704 2115 sunt
1725 2057 1791 2116 huic

138 2129 234 2187 Canon
248 2133 265 2183 s
278 2127 386 2183 concilii
397 2127 574 2185 Laodicensis
586 2149 593 2184 ε
607 2132 645 2186 lle
662 2144 716 2184 non
721 2129 893 2198 judaizando
907 2132 939 2185 in
989 2129 1051 2187 loeo
1061 2131 1128 2188 satis
1140 2140 1295 2204 opportuna
1306 2149 1313 2186 :
1325 2136 1363 2187 ile
1374 2131 1563 2202 subbatopuod
1573 2133 1683 2202 quens,
1698 2134 1792 2185 utrum

137 2201 259 2256 sabbato.
274 2197 446 2278 Secundoin
465 2199 629 2255 memoriam
642 2199 792 2271 sepulturae
809 2200 936 2268 Domini,
984 2200 1169 2271 jejunandum
1183 2205 1229 2266 sit,
1239 2209 1264 2257 et
1273 2202 1694 2272 deEucbaristiccncccipienda
1706 2203 1793 2271 quoti

158 2270 185 2326 ui
205 2269 319 2327 sabbato
337 2270 425 2340 jacuit
436 2278 575 2336 mortuus,
591 2277 619 2326 et
634 2271 745 2327 clausus
757 2271 786 2326 in
798 2271 935 2343 sepulcro.
989 2272 1044 2336 die,
1065 2274 1138 2343 quod
1156 2278 1284 2330 Romana
1298 2275 1433 2337 Ecclesia,
1449 2280 1475 2328 et
1488 2275 1642 2344 Hispanico
1655 2274 1794 2327 obsanare

166 2357 209 2398 uae
219 2341 291 2398 ratio
302 2341 427 2413 tangitur
445 2340 473 2396 in
488 2340 607 2398 concilio
619 2340 772 2397 Elibertino
783 2356 845 2414 cap.
860 2348 896 2399 26
910 2349 938 2399 et
991 2345 1612 2415 perbtbmtnr,scripsitqnidernetHippolytus,
1621 2344 1794 2398 uirdisertis·

139 2415 196 2470 aB.
213 2412 365 2485 Augustino
375 2411 454 2482 epist.
466 2416 502 2467 86
514 2429 521 2467 ε
532 2412 660 2476 Sabbata,
677 2411 775 2484 inquit,
786 2427 849 2468 caro
861 2414 939 2470 cliri-
991 2416 1087 2478 simus,
1098 2419 1164 2471 etcn
1212 2417 1625 2485 imdiuersiscriptoreseuariis
1635 2414 1794 2468 onctmibus

139 2487 177 2540 sti
190 2487 219 2538 in
236 2487 405 2539 monumento
413 2485 562 2553 requievit3
577 2486 648 2540 sicut
660 2487 729 2540 Duts
743 2484 832 2538 eodem
846 2483 891 2540 die
902 2485 937 2539 ub
991 2485 1100 2541 edidere
1115 2505 1124 2542 r
1138 2501 1166 2541 se
1199 2486 1360 2555 epoillndte
1374 2485 1487 2540 11111111
1500 2484 1699 2538 admonererium
1711 2487 1792 2553 puto,

140 2556 260 2611 manibus
271 2555 394 2630 operibus
406 2554 519 2624 (Psalm.
533 2555 631 2625 xnrrl.
646 2557 716 2611 Hinc
730 2558 791 2610 ortu
805 2557 887 2610 estin
901 2571 939 2610 re
992 2557 1151 2612 moduinus
1165 2557 1364 2618 ecclesiastibus,
1378 2558 1529 2625 prasertim
1541 2570 1602 2625 qnae
1610 2554 1675 2623 idei
1686 2569 1739 2608 non
1749 2553 1793 2619 o!-

140 2629 187 2695 pin
197 2631 267 2681 ueste
282 2628 411 2692 cerutus,
421 2630 452 2681 ul
461 2627 521 2688 clii,
534 2628 602 2681 sinti
615 2627 733 2681 manime
743 2626 937 2696 populiOrieu·
991 2628 1096 2695 ficiunt,
1111 2629 1152 2682 itu
1167 2627 1420 2688 obsecundamus
1431 2626 1582 2696 maioribus
1595 2625 1707 2679 traditu
1716 2628 1793 2686 suut,

140 2701 185 2760 tis,
203 2702 315 2768 propter
329 2699 448 2767 requiem
467 2697 675 2767 significandum
688 2698 800 2752 mallent
814 2698 939 2752 relucere
992 2712 1039 2752 nec
1056 2699 1173 2753 alienon
1191 2698 1407 2753 mnsnctudinem
1426 2697 1542 2751 oliorum
1565 2698 1700 2750 contrario
1721 2710 1797 2749 more

135 2769 282 2840 jejumum.
300 2768 661 2839 Aliiprcpterbnmilitatem
672 2770 770 2822 mortis·
776 2771 885 2824 Domini
892 2768 938 2836 jc·
992 2769 1121 2824 srrbuerti.
1137 2771 1227 2838 Atque
1241 2771 1348 2823 utinam
1357 2770 1431 2821 omni
1439 2772 1555 2837 tempore
1563 2766 1692 2836 jejunare
1704 2768 1795 2836 possi-

136 2840 248 2911 p'unore,
275 2842 344 2895 sicut
363 2843 485 2899 Menona
505 2844 530 2894 et
543 2840 678 2894 nonnullo
693 2840 840 2896 unumne
855 2841 939 2895 Eccle-
992 2854 1068 2894 mus:
1079 2840 1150 2910 quod
1159 2841 1189 2894 iu
1197 2840 1311 2911 Actibus
1320 2839 1507 2908 Apostolorum
1518 2837 1610 2892 diebtn
1621 2840 1794 2899 Pentecostes,

132 2914 199 2974 sin,
220 2919 273 2967 etc.
294 2909 387 2967 Tertio
409 2917 440 2966 ut
457 2909 623 2993 Apostolos,
638 2910 761 2982 aliosque
788 2909 939 2981 discipulos
994 2914 1019 2964 ct
1028 2910 1073 2964 die
1087 2912 1220 2965 doninica
1232 2911 1382 2981 apostolum
1391 2910 1516 2972 Paulum,
1531 2913 1558 2963 et
1569 2923 1628 2962 arm
1642 2923 1671 2963 eo
1683 2908 1793 2962 creden-

142 2981 257 3038 Domiui
270 2982 423 3048 imitemur,
444 2995 492 3052 qur
506 2996 569 3037 cum
584 2981 642 3052 ipsa
656 2981 707 3037 Dei
726 2996 784 3046 ara,
797 2989 824 3036 et
838 2982 940 3036 sanctis
994 2985 1032 3035 tes
1048 2982 1142 3048 {enne
1160 2982 1274 3050 legimus
1295 2982 1373 3043 (Act.
1389 2993 1466 3047 xrrr,
1478 2984 1514 3036 20
1528 2984 1554 3034 et
1570 2983 1630 3046 at),
1645 2994 1691 3033 nec
1705 2983 1795 3033 tamen

142 3052 309 3110 mulieribus
323 3068 378 3108 nou
391 3050 657 3118 solumferiasexta,
670 2998 942 3107 sedetiamdiesab·
994 3053 1150 3107 Hanicitoeoe
1161 3050 1445 3106 boercseosoccusandi
1456 3054 1531 3113 nant,
1546 3066 1606 3104 cum
1621 3049 1739 3130 canulis
1759 3051 1796 3103 ci·

143 3125 198 3180 bati
222 3125 248 3179 in
273 3124 358 3189 luctu,
379 3131 406 3176 et
429 3137 547 3178 moerore
565 3120 685 3177 luerunt.
707 3122 787 3177 Hanc
804 3121 940 3178 rationem
995 3123 1043 3177 bus
1060 3124 1193 3194 praesmri
1211 3136 1265 3176 nort
1290 3122 1413 3176 debuerit
1429 3121 1579 3191 spirituali.
1606 3121 1674 3176 llaec
1696 3122 1797 3176 Hrero·

143 3194 241 3263 allegat
256 3193 435 3273 innocentius
450 3190 646 3272 primusllom.
680 3189 781 3273 ontilex
791 3191 825 3248 ad
838 3161 976 3273 liecen-C
994 3208 1104 3264 aymus.
1448 3263 1453 3272 ⁵
1474 3263 1479 3273 ‚

144 3265 214 3320 tium
230 3262 584 3343 Eugubrnom'eprscopum
600 3281 607 3321 t
623 3207 943 3333 Saitatonnquirpnn-
1032 3257 1107 3321 bVel
1124 3271 1154 3322 ut
1174 3262 1227 3320 alia
1243 3263 1324 3321 lectio
1335 3263 1427 3329 lrabet,
1454 3265 1541 3332 epanii
1554 3277 1607 3317 non
1621 3261 1714 3316 debere
1729 3276 1796 3331 pre·

143 3335 267 3391 nuruum
290 3337 434 3387 ceserano
457 3334 657 3388 euidentissima
678 3335 851 3389 dnnonstrut.
875 3338 944 3391 Num
999 3338 1080 3399 mani,
1102 3335 1131 3393 id
1144 3343 1196 3401 est,
1208 3335 1345 3407 jejunium
1359 3335 1386 3390 in
1405 3280 1520 3390 sabbato
1541 3348 1599 3389 non
1612 3331 1712 3387 debere
1725 3331 1797 3387 rela-

144 3407 216 3461 diem
234 3406 401 3461 Dorttnicurn
418 3404 449 3457 ob
470 3405 647 3460 amicabilem
662 3408 880 3461 resurrectionem
895 3410 946 3462 llo·
971 3419 974 3423 ·
999 3406 1070 3470 nari,
1085 3416 1117 3462 ut
1128 3406 1201 3478 apud
1215 3405 1368 3462 Orientales
1382 3405 1474 3461 fiebat.
1661 3416 1667 3423 ·

145 3478 216 3531 mini
233 3477 385 3531 nostriicsu
401 3475 504 3532 Christi
515 3492 568 3531 non
581 3477 666 3532 solum
676 3479 705 3531 in
717 3477 819 3534 Posclta
831 3478 946 3533 celebra·
1035 3479 1098 3535 ‘De
1113 3478 1166 3534 hoc
1183 3477 1310 3533 conllictu
1332 3485 1359 3531 et
1370 3475 1574 3532 concertatione
1587 3477 1620 3530 B.
1640 3472 1714 3529 Petri
1729 3488 1796 3530 cum

144 3564 220 3614 raus3
237 3563 328 3601 rernm
345 3549 426 3603 elram
436 3562 487 3617 per
499 3549 622 3617 stapulas
636 3549 746 3604 circulos
764 3548 945 3603 bebdomada·
999 3546 1113 3604 Simone
1132 3551 1214 3629 Mago
1232 3551 1329 3604 Romae
1344 3546 1436 3602 habita
1451 3554 1551 3617 praeter
1571 3544 1647 3601 hunc
1668 3544 1792 3600 cassiani

146 3635 208 3673 nrm
223 3621 308 3688 ipsius
319 3617 377 3672 diei
389 3619 537 3686 imnpiuem
549 3620 763 3689 frequentamus.
779 3621 819 3675 At
832 3621 858 3673 si
866 3624 944 3674 secta
1000 3619 1102 3686 locum,
1118 3617 1232 3689 plurima
1247 3625 1311 3674 sunt
1324 3625 1447 3673 veterum
1463 3617 1629 3698 scriptorum
1640 3615 1798 3671 testimonia

146 3691 220 3756 scrin
230 3693 339 3759 propter
344 3691 497 3759 passionem
511 3692 620 3745 Domini
623 3690 778 3759 jejunamus
787 3708 795 3755 3
804 3689 948 3744 sabbatum
1000 3703 1062 3760 qnae
1077 3704 1169 3744 veram
1182 3696 1209 3744 et
1223 3688 1410 3745 authenticam
1425 3703 1483 3743 esse
1501 3686 1657 3752 historiam,
1675 3700 1731 3741 non
1750 3685 1800 3741 lic-

144 3763 350 3832 praetenm'ttere
359 3776 411 3814 reon
419 3760 551 3822 debemus,
560 3762 632 3830 qnod
640 3763 948 3830 intertrlstriromntque
1001 3767 1071 3827 tam,
1094 3767 1143 3816 aut
1165 3757 1330 3825 fabulosam,
1355 3767 1387 3814 ut
1407 3758 1466 3814 vult
1485 3759 1622 3824 Calvinus,
1644 3757 1799 3813 certissime

147 3830 272 3887 lotitiam
286 3831 494 3901 temptorisiilius
508 3831 768 3885 videtuinclusnm.
778 3834 948 3902 Ncsautipue
1001 3829 1160 3887 ostendunt.
1176 3830 1231 3902 Qui
1246 3830 1354 3887 ceteris
1371 3828 1487 3885 habetur
1500 3828 1649 3900 amiqnior,
1669 3827 1801 3885 Clemens
1844 3871 1849 3877 .

147 3908 250 3957 omnint
264 3903 395 3972 apostolos
418 3902 498 3956 biduo
513 3904 564 3956 isto
582 3907 607 3956 et
630 3904 659 3955 in
679 3907 788 3973 maerore
803 3903 900 3970 tuisse,
922 3906 948 3957 ct
1001 3903 1186 3957 Romanusex
1200 3916 1317 3973 persona
1332 3899 1405 3957 Petri
1418 3914 1478 3955 rem
1511 3908 1597 3955 estam
1613 3906 1717 3966 namet,
1727 3913 1801 3954 eam·

144 3978 254 4044 propter·
272 3978 370 4028 mentm
390 3973 543 4028 ludunum
563 3987 590 4026 se
608 3973 750 4029 occultasse
764 3977 789 4027 et
798 3973 947 4042 jejnnnsse.
1002 3971 1119 4044 demque
1134 3970 1193 4028 inse
1208 3975 1365 4045 Egesyppus
1379 3970 1424 4027 lib.
1440 3985 1478 4026 ιιι
1493 3917 1529 4028 de
1543 3969 1651 4026 excidio
1665 3969 1801 4051 Hieroso·

150 4047 217 4100 Haec
232 4042 417 4099 innocentius.
433 4043 539 4113 Quibus
552 4057 608 4098 non
623 4050 731 4098 tantum
746 4046 881 4100 Romanae
896 4046 948 4100 Ec·
1001 4043 1083 4114 lymae
1097 4044 1191 4115 (clem.
1206 4048 1288 4099 corut.
1304 4044 1350 4098 lib.
1368 4047 1511 4112 etrapit,
1528 4058 1586 4113 cop.
1600 4042 1641 4111 2).
1658 4040 1800 4096 Arnobrus

147 4115 236 4171 clesiee
263 4113 432 4169 rationabilis
464 4112 637 4170 cousuetudo
667 4114 817 4185 probatur;
843 4113 892 4171 sed
920 4122 947 4170 et
1001 4115 1067 4171 item
1089 4114 1218 4170 adversus
1238 4114 1356 4170 Gintiles
1370 4113 1514 4169 scribens:
1543 4112 1687 4175 Viderunt,
1707 4111 1801 4183 inquit

149 4184 300 4243 orientalis
318 4184 447 4240 Ecclesiae
457 4200 507 4241 usu
520 4184 608 4255 magis
621 4185 796 4256 approbanda
805 4193 946 4241 monstra·
1001 4186 1135 4256 (Romani
1150 4185 1277 4257 scilicet),
1293 4200 1400 4240 caeream
1413 4186 1529 4240 Simonis
1543 4186 1629 4252 diupi,
1644 4187 1670 4238 et
1684 4184 1801 4252 quadri·

149 4265 205 4312 tur.
229 4256 283 4313 Sed
307 4264 334 4312 et
354 4255 436 4312 aliam
460 4270 572 4312 causam
586 4255 685 4338 jejunii
708 4256 844 4312 sabbatini
864 4254 949 4312 refert
1001 4273 1049 4326 pus
1063 4260 1157 4326 ipncas
1170 4259 1245 4312 Petri
1262 4271 1308 4311 ore
1326 4257 1452 4324 difflatas
1469 4257 1607 4310 nominato
1621 4254 1726 4311 cbristo
1743 4269 1800 4308 can·

149 4329 325 4398 Augustinus
337 4328 416 4399 epist.
433 4333 478 4395 86,
493 4327 569 4398 quod
580 4327 683 4383 scilicet
694 4329 790 4385 Petrus
804 4328 947 4399 apostolus
999 4331 1098 4382 reabse.
1115 4328 1260 4394 iniierunt,
1276 4329 1399 4396 inquom,
1414 4327 1539 4394 fidentem
1551 4327 1604 4381 dir's
1622 4326 1713 4392 solus,
1725 4329 1752 4379 et
1764 4326 1803 4379 ob

150 4399 249 4453 Romae
272 4413 335 4451 cum
357 4397 470 4453 Simone
485 4401 566 4470 Mago
581 4413 777 4472 congressurus
794 4399 840 4456 die
858 4399 948 4456 Domi·
999 4399 1093 4455 iisdem
1111 4398 1289 4452 metuentibus
1301 4397 1450 4467 prndium,
1463 4397 1582 4466 pondere
1597 4398 1801 4467 precipitatum

1337 4580 1342 4591 .
1357 4539 1433 4593 Idem
1449 4548 1544 4594 narrat
1560 4538 1692 4594 Eusebius
1707 4536 1753 4592 lib.
1772 4552 1800 4594 ιι

149 4467 213 4523 nico
229 4473 339 4536 propter
354 4468 442 4537 ipsum
458 4483 590 4540 maguum
608 4470 769 4525 tentationis
783 4471 945 4540 periculum,
999 4484 1057 4532 suo,
1069 4468 1312 4538 curibusjocnisse
1322 4469 1478 4608 &refractis
1492 4469 1607 4538 (Arnob.
1618 4469 1666 4521 lib.
1683 4482 1715 4522 lt
1730 4466 1800 4522 Vide

149 4537 235 4610 pridie
246 4553 308 4592 cnm
323 4545 380 4592 tota
396 4537 528 4610 Ecclesia,
545 4554 607 4610 quae
622 4541 650 4594 in
665 4538 743 4597 Urbe
758 4548 826 4607 erat,
840 4539 986 4610 jejuna-1)
1002 4543 1100 4596 Boron.
1111 4544 1180 4594 tomo
1194 4541 1206 4593 l
1219 4539 1272 4595 An.
1285 4543 1319 4593 68

150 4610 231 4678 verit,
251 4617 277 4663 et
298 4614 442 4672 rorrsecnto,
458 4608 558 4680 inquil,
581 4614 635 4666 tom
647 4626 773 4682 prrospcro
793 4615 819 4665 et
835 4611 948 4679 piorioso
1003 4611 1109 4666 Hister.
1122 4609 1169 4665 ubi
1179 4608 1238 4665 baec
1249 4609 1275 4664 in
1291 4609 1521 4664 liuenarratiouis
1536 4611 1618 4666 :ctam
1630 4611 1740 4664 diuinus
1748 4624 1804 4666 sen

150 4695 269 4736 successu
289 4681 408 4734 cnrndem
428 4695 527 4734 rnorem
548 4682 671 4753 deinceps
690 4683 815 4743 inarserit,
837 4696 950 4753 eumque
1002 4697 1044 4737 mo
1060 4682 1122 4752 jum
1139 4681 1176 4736 cd
1197 4684 1329 4738 Romanos
1347 4683 1508 4750 peruenisset
1528 4680 1590 4752 (per
1610 4680 1683 4736 Petri
1695 4678 1800 4742 scilicet

150 4755 265 4806 imitate
287 4753 342 4805 sint
366 4752 483 4806 nortallae
504 4753 652 4808 Occidentis
681 4754 811 4810 Ecclesioe.
844 4753 948 4807 Verum
1002 4752 1253 4824 pradicationem),
1273 4767 1372 4806 resana
1386 4752 1502 4808 Simonis
1520 4754 1644 4822 potentin
1667 4753 1801 4806 castinio

152 4821 224 4879 hanc
245 4820 390 4890 rationem,
406 4831 435 4878 ut
452 4821 603 4891 infirmam,
622 4823 675 4879 lroc
694 4824 755 4879 loco
769 4822 904 4895 suggillat,
921 4831 949 4878 et
1002 4829 1051 4889 cst,
1067 4829 1093 4879 et
1106 4826 1181 4879 bomo
1191 4826 1247 4894 ipse
1258 4828 1379 4879 nctrrtum
1391 4825 1499 4893 penitus
1512 4825 1685 4892 profligatus,
1693 4822 1721 4877 S.
1736 4821 1800 4892 Epi·

151 4894 240 4966 rejicit
261 4895 407 4951 Cassianus
424 4893 584 4950 Graecorum
603 4909 651 4951 seu
666 4893 847 4951 Orientalium
863 4893 948 4949 mori-
1003 4894 1132 4966 phanias,
1143 4894 1239 4950 lraeresi
1255 4899 1286 4949 11
1305 4912 1311 4947 :
1327 4896 1450 4956 Nature,
1465 4893 1562 4964 inquit,
1578 4894 1736 4970 debiturnin
1747 4896 1802 4948 ito·

151 4964 203 5022 bus
218 4965 307 5020 bacin
323 4974 398 5038 parte
408 4965 526 5021 nimium
539 4965 674 5024 addictus.
689 4964 764 5036 quod
778 4964 843 5022 illud
857 4980 947 5021 erem·
1002 4966 1219 5021 monornmnrbe
1229 4967 1320 5021 Sirnoa
1331 4966 1487 5036 perspicisne
1496 4967 1640 5034 reperitur,
1653 4964 1762 5034 quando
1772 4966 1802 5017 in

152 5037 229 5109 plum
247 5037 320 5093 Petri
335 5037 452 5109 apostoli
467 5035 550 5094 fuerit
561 5036 711 5109 singulare,
727 5052 758 5092 er
775 5036 946 5106 necessitate,
1002 5038 1091 5093 media
1103 5041 1285 5094 Romanorum
1294 5037 1360 5090 serbe
1369 5037 1450 5089 miser
1463 5036 1509 5089 ilie
1520 5036 1663 5105 collapsus,
1677 5039 1803 5090 mortuus

153 5115 181 5161 et
202 5107 346 5162 occasione
369 5107 442 5162 illius
467 5109 628 5165 certaminis
652 5107 726 5164 Petri
749 5124 812 5165 cum
836 5107 949 5164 Simone
1003 5113 1050 5163 cst.
1069 5110 1097 5164 S.
1113 5109 1300 5178 Hieronymus
1317 5106 1344 5160 in
1361 5105 1431 5161 libro
1453 5105 1488 5161 de
1502 5106 1606 5162 Eccles.
1623 5106 1755 5176 scriptor.
1773 5104 1803 5160 in

151 5178 233 5247 Mago
245 5184 405 5246 susceptum
422 5196 429 5231 z
444 5192 476 5233 ex
491 5193 545 5249 quo
559 5178 654 5235 inferri
667 5194 724 5235 non
738 5178 835 5236 debeat
848 5180 888 5234 ier
905 5195 950 5251 ge·
1003 5181 1095 5242 Petro,
1124 5186 1239 5234 testatur
1259 5177 1391 5233 eumdem
1413 5186 1475 5247 post
1490 5177 1681 5248 episcopatum
1703 5175 1804 5232 Antio-

151 5246 306 5314 nesciinus
322 5254 449 5317 perpetua
467 5247 604 5303 institutio
614 5249 758 5320 jejunandi
776 5250 803 5304 in
822 5249 948 5306 sabbato.¹
1001 5248 1244 5305 cbensisEoolesiae
1255 5251 1375 5304 Romam
1386 5247 1534 5329 perrexisse
1544 5248 1580 5302 ad
1588 5247 1802 5319 expugnandum

151 5320 188 5373 At
212 5317 263 5371 lloc
280 5325 475 5387 argumentum
498 5317 599 5390 aliquid
618 5318 688 5375 torte
712 5320 823 5386 valeret,
848 5321 870 5375 si
891 5335 947 5376 non
1003 5321 1145 5376 Simonem
1160 5322 1282 5391 Magum.
1296 5319 1428 5390 Sulpitrus
1440 5319 1555 5375 &verus
1565 5319 1592 5374 in
1603 5318 1729 5374 eamdem
1743 5333 1807 5373 sen-

151 5386 213 5443 alirc
242 5387 389 5459 grnrimes,
420 5387 580 5461 easdemque
612 5389 751 5462 generales
782 5389 950 5446 exstitissent
1003 5392 1138 5447 tentiam:
1160 5395 1225 5448 Tum
1240 5392 1366 5452 illustris,
1384 5390 1483 5462 iuquit,
1505 5391 1556 5444 ilio
1573 5390 1703 5445 ndrtersus
1716 5391 1805 5445 Simo·

153 5472 253 5524 carisa,
266 5473 334 5528 quas
350 5474 431 5528 supra
451 5461 744 5528 commemoravimus,
755 5475 804 5516 cur
812 5459 949 5532 jejunium
1002 5478 1063 5518 rrern
1076 5465 1152 5519 Petri
1165 5468 1190 5517 et
1208 5463 1290 5518 Pauli
1299 5464 1448 5530 conpressio
1463 5462 1529 5528 sarit.
1546 5463 1599 5528 [ini
1614 5477 1673 5514 carm
1687 5462 1809 5529 magnis

151 5529 259 5585 sabbati
273 5530 307 5586 ab
321 5530 438 5584 Ecclesia
451 5532 576 5586 Romana
590 5539 761 5602 susceptum,
775 5539 858 5602 atque
867 5531 949 5586 insti·
1003 5535 1118 5597 ortibus,
1127 5538 1282 5590 utseDenm
1292 5533 1430 5602 probaret,
1443 5533 1694 5599 duobussufsnltus
1704 5532 1809 5586 demo·-

68 5642 75 5649 .
151 5607 242 5656 tutum
256 5599 484 5671 sit:quibusnon
497 5601 950 5674 repugnat,immoplusquamcre·
1001 5607 1055 5659 niis
1069 5606 1206 5667 metasset,
1220 5605 1386 5658 orationibus
1398 5604 1579 5674 apostolorum
1586 5604 1693 5672 stipatu
1702 5603 1807 5657 demo·
1909 5631 1914 5638 ·

151 5669 235 5727 dibile
250 5680 302 5738 est,
320 5672 513 5753 huncquoque
522 5672 699 5755 'occasionem
716 5671 752 5728 ab
764 5673 900 5743 exemplo,
922 5682 950 5730 et
1001 5676 1092 5744 nibus,
1106 5675 1268 5747 delapsusin
1278 5679 1389 5738 terrem,
1399 5675 1499 5745 populo
1509 5673 1805 5756 inspectantedr'srnp·

151 5740 317 5799 documento
327 5744 401 5798 Pern
412 5744 528 5814 aposloli
542 5758 697 5801 accessisse.
717 5745 803 5799 Porro
817 5759 873 5800 nou
888 5746 948 5800 llo·
1003 5751 1047 5802 ius
1060 5752 1108 5803 est.
1124 5746 1252 5818 Denique
1266 5747 1295 5802 S.
1318 5747 1487 5818 Augustinus
1502 5743 1536 5799 ud
1550 5745 1717 5802 casulanum
1729 5759 1804 5799 scrr·

150 5829 233 5871 mana
255 5820 374 5882 uatum,
400 5827 433 5870 ac
456 5813 547 5872 eidem
578 5813 738 5888 propinqua
762 5813 894 5872 Ecclenae
920 5815 948 5874 id
1004 5816 1083 5887 bens,
1099 5832 1129 5875 ea
1144 5817 1290 5876 occasione
1308 5818 1411 5874 Roma
1424 5829 1483 5874 esse
1496 5815 1651 5873 institutum
1664 5814 1804 5888 ieiunium
