3848 6158
137 306 192 361 ,53
624 299 793 360 contario
812 301 858 360 vi.
876 334 913 347 -
930 302 976 363 ne
994 304 1081 365 nece
1100 310 1316 369 emarcebit.
1742 317 1794 394 cei

131 426 842 501 impresentirmuuideturessequudii,sedmeroris5
849 435 942 501 posteo
955 437 983 498 A
995 432 1090 490 animo
1105 432 1262 504 inribondo,
1276 434 1325 493 sed
1338 437 1428 509 qualia
1442 438 1560 497 senserit
1576 441 1619 499 ille
1640 443 1688 515 qui
1709 445 1792 500 susti·

131 528 227 578 cutem
235 524 357 590 fututum
364 521 571 592 pooolissimum
585 522 684 592 bisqui
693 538 744 593 per
756 539 783 578 se
797 526 940 581 cumcitoti
993 534 1049 583 net.
1065 527 1205 600 cldeoque
1218 545 1284 587 cum
1293 531 1365 587 illata
1373 530 1454 590 luerit
1463 549 1538 592 mors
1550 536 1609 593 viro
1618 545 1726 605 sancto,
1736 554 1793 595 non

131 621 200 671 sum
218 616 311 671 reddet
326 615 446 686 justitio
462 614 550 686 (Hebe.
571 615 641 687 iiii).
657 618 720 672 Et·
743 633 822 687 quem
845 619 939 688 driipit
993 619 1017 676 ei
1035 620 1141 678 malum
1161 622 1269 681 illatum
1291 641 1351 683 esse
1364 626 1531 685 credendum
1543 637 1596 700 est,
1607 630 1655 688 sed
1668 631 1792 689 medium

131 713 272 780 Dominus,
285 713 414 782 ror·rr‘pit;
425 710 545 780 inpellet
553 715 643 766 cutem
653 726 757 767 omnem
765 713 940 784 utrumquem
992 714 1131 787 quiddam.
1140 718 1219 788 Quod
1226 734 1289 775 cum
1298 721 1433 791 peccatori
1442 723 1597 793 malumsit,
1601 725 1677 798 justo
1685 727 1792 798 requies

130 807 240 875 recipit.
261 807 326 873 Quis
339 806 412 860 euim
428 808 466 860 est
479 804 553 873 filius
567 820 646 875 quem
657 821 711 861 nou
731 809 845 879 corripit
858 810 938 864 Putes
992 810 1169 880 etjabsolntio
1182 811 1213 868 lit
1227 813 1372 872 malorum.
1393 816 1407 852 ⁴¹
1421 820 1492 874 llors
1505 821 1576 875 euim
1589 823 1647 876 uiro
1655 820 1731 890 justo
1748 837 1793 877 re-

132 901 217 968 (lbid.
240 907 265 956 et
288 901 414 957 Prorerb.
435 902 510 967 inl?
524 901 622 972 ltaque
639 900 713 958 mela
730 916 938 975 nonnumquam
991 907 1075 974 quies,
1088 907 1163 977 cuius
1173 909 1231 961 cito
1243 909 1400 965 absconditu
1413 917 1451 967 est
1465 913 1522 980 (lob
1534 914 1594 985 rii).
1613 916 1646 970 Et
1667 913 1728 971 ideo
1740 930 1791 971 nec

130 993 198 1066 poni
220 1009 272 1066 pro
285 992 483 1051 afflictionibus
504 994 604 1064 solent,
627 995 780 1053 secundum
795 995 861 1053 illud
879 1016 886 1052 ε
901 1001 937 1054 lit
990 997 1032 1053 eir
1049 999 1142 1072 justus
1162 1014 1196 1057 ex
1209 999 1259 1056 bac
1273 1001 1376 1075 aliquid
1396 1006 1547 1076 perpetitur
1561 1007 1718 1064 detrimenti
1742 1009 1790 1082 qui

129 1091 260 1158 penituit
270 1093 356 1147 Deum
365 1105 446 1161 super
455 1090 590 1144 malitium
599 1105 681 1160 quum
691 1090 793 1146 locutus
805 1095 843 1147 est
853 1095 884 1145 ut
892 1091 936 1157 (u-
990 1089 1054 1145 nibil
1071 1091 1180 1162 pertulit
1194 1093 1272 1160 nori;
1293 1095 1342 1151 sed
1362 1095 1389 1152 id
1410 1096 1484 1169 quod
1504 1098 1529 1153 ei
1543 1114 1714 1156 accessurum
1732 1099 1790 1157 lne-

130 1187 272 1248 eereter's,
287 1189 313 1239 ot
333 1201 387 1240 nore
403 1185 468 1251 fecit
488 1185 602 1251 (ierem.
626 1188 730 1250 xxii).
755 1186 791 1239 Et
810 1183 935 1241 iterum:
989 1190 1032 1238 rat
1056 1183 1216 1241 necessitate
1239 1192 1356 1251 nuturae,
1378 1188 1482 1245 inimici
1506 1173 1626 1263 nequitia
1652 1208 1708 1248 non
1732 1194 1791 1250 sinc

130 1278 257 1346 Quieto,
275 1281 395 1343 Domine,
410 1279 561 1333 misericors
575 1282 601 1332 et
621 1279 778 1341 misectur,
789 1281 897 1348 patmus
910 1282 936 1332 et
990 1277 1103 1348 praemio
1126 1277 1187 1335 ritae
1204 1279 1330 1351 perennis
1349 1283 1466 1353 excepit,
1488 1297 1521 1339 ac
1544 1282 1668 1340 debitum
1692 1286 1791 1341 inuitis

131 1370 248 1427 iuuluim
260 1372 422 1434 miseratore,
436 1375 461 1425 et
471 1371 604 1440 penitens
615 1371 646 1425 im
663 1370 777 1425 ruulitiis
790 1371 865 1437 (luel.
882 1373 932 1440 iil,
989 1367 1127 1440 humanm,
1140 1371 1214 1443 quod
1224 1371 1399 1431 inexcusabili
1411 1374 1471 1447 lege
1478 1374 1647 1433 reddendum
1661 1384 1714 1445 est,
1725 1393 1789 1433 cuin

132 1462 163 1520 id
173 1471 224 1532 est,
239 1479 323 1535 super
335 1462 560 1520 tribulationibus
579 1471 606 1520 et
622 1463 755 1520 momnis
768 1477 830 1535 quae
849 1463 933 1521 nobis
989 1463 1079 1520 fructu
1094 1465 1233 1522 uberrimo
1249 1467 1382 1539 passionis
1394 1484 1427 1524 ae
1440 1483 1548 1542 magnae
1561 1468 1790 1527 remunerationis

133 1571 185 1628 pro
202 1565 377 1628 peccatorum
394 1564 553 1613 nostrorum
566 1556 671 1613 metitis
690 1554 791 1614 inferre
808 1558 933 1631 compel-
988 1556 1116 1616 mercede
1127 1559 1272 1631 persolvit.

133 1648 209 1706 loris.
232 1653 306 1723 Quas
326 1649 417 1706 sciens
438 1648 520 1705 utiles
543 1663 602 1706 esse
623 1648 774 1717 nonnullis,
800 1649 838 1707 ita
864 1649 935 1707 alius
1286 1632 1407 1723 cgpqiq
1426 1667 1486 1722 νη,

133 1745 380 1818 prophetantium
393 1743 675 1802 noniuvidenisaluti
689 1759 797 1811 eorum,
809 1744 859 1803 reu
869 1761 935 1803 con
990 1758 1216 1827 interemtum
1235 1775 1297 1815 rem
1315 1762 1369 1825 su,
1384 1763 1434 1830 qur
1446 1761 1523 1830 suere
1545 1760 1639 1821 imuiu
1663 1766 1787 1827 moi-rem,

133 1838 226 1897 sulem
239 1839 403 1912 imprecatur
419 1858 425 1894 :
443 1831 458 1870 ¹³
474 1840 554 1897 uum
564 1840 618 1896 illis
631 1840 713 1908 mola,
727 1841 848 1904 Domum
866 1840 936 1896 addc
951 1844 975 1909 Β
1099 1830 1255 1900 minimi
1263 1831 1360 1887 leuem
1371 1831 1405 1887 (20
1418 1835 1675 1890 mmmmm?

134 1935 207 1990 muln
219 1935 342 2004 gloriosis
355 1938 443 1991 terrie.
458 1935 494 1989 Et
507 1933 566 2006 ipse
583 1934 730 2002 Dominus,
744 1937 818 1999 Rem,
835 1933 932 2007 inquit,
1023 1926 1198 1986 Germanus:
1212 1931 1286 2004 Ergo
1299 1929 1322 1987 si
1336 1931 1683 2005 iuteremptusjustusnon
1697 1933 1787 1989 solum

134 2028 261 2084 umuoom
279 2042 359 2098 seper
372 2043 413 2083 eos
431 2027 503 2083 molo
525 2026 628 2098 (ierem.
642 2027 697 2099 iii),
712 2026 741 2085 id
754 2036 806 2096 eet,
824 2025 933 2085 dotores
986 2019 1053 2077 nibil
1070 2021 1134 2078 mali
1147 2038 1291 2096 perpessus
1313 2034 1366 2094 est,
1385 2025 1530 2083 sedetiam
1553 2027 1709 2091 mercedem
1723 2043 1788 2100 pas-

134 2137 168 2178 ac
183 2120 332 2189 vastitates,
347 2119 448 2192 quibus
460 2119 488 2177 in
502 2121 629 2194 presenti
644 2119 790 2177 salubriter
806 2120 932 2193 castigati
985 2115 1071 2174 sionis
1081 2118 1242 2190 assequitur,
1251 2118 1394 2191 quomodo
1408 2119 1437 2176 in
1452 2131 1561 2179 reatum
1574 2123 1726 2185 vocabitur,
1742 2122 1788 2193 qui
1871 2200 1874 2205 .

135 2215 173 2273 ad
184 2230 241 2285 me,
255 2229 337 2287 quern
348 2213 376 2271 in
390 2213 473 2272 rebus
487 2215 621 2289 prosperis
633 2222 867 2288 contempserunt,
886 2231 932 2273 rs-
986 2224 1042 2268 non
1055 2211 1149 2269 nocuit
1160 2221 1279 2271 mortem
1291 2212 1442 2283 inserendo,
1458 2215 1509 2273 sed
1523 2215 1642 2289 profuit?

137 2309 206 2367 verti
231 2309 342 2367 tandem
360 2325 393 2366 ac
415 2308 544 2368 festinare
566 2320 708 2385 cogantur.
731 2309 852 2384 ideoque
874 2309 933 2368 baee
1266 2317 1386 2376 CAPUT
1405 2319 1482 2374 Vlll.

135 2402 291 2477 principalia
306 2418 366 2460 esse
378 2403 451 2460 mela
463 2420 522 2461 non
540 2420 684 2476 possumus
701 2403 822 2473 delinire,
837 2404 933 2461 multis
1056 2410 1198 2482 Responsio
1206 2412 1244 2468 ud
1251 2413 1441 2482 precrdmtem
1450 2416 1697 2484 iuterroqotioncm.

132 2500 207 2558 enim
218 2499 253 2557 ed
266 2500 371 2558 bonnm
382 2501 540 2574 proliciunt,
553 2511 581 2559 et
596 2516 690 2560 csusas
704 2510 874 2559 aeternorum
885 2517 931 2574 pe·
1020 2501 1182 2561 'lbeodorus
1197 2525 1204 2561 ε
1217 2508 1275 2562 Nos
1285 2504 1321 2563 de
1341 2507 1505 2579 proprietate
1517 2508 1582 2564 boni
1596 2510 1727 2584 malique,
1743 2514 1786 2570 rel

133 2595 209 2652 rinnt
221 2594 393 2668 gaudiorum.
407 2597 445 2653 Et
461 2596 563 2655 idcirco
573 2605 604 2655 ut
619 2595 653 2655 nd
666 2597 847 2670 quaestionem
867 2612 932 2669 pro·
985 2596 1044 2669 ejus
1055 2597 1130 2668 qnod
1149 2597 1269 2655 diximus
1282 2615 1340 2657 esse
1354 2600 1477 2658 medium
1488 2601 1671 2673 disputamus,
1685 2620 1742 2660 non
1752 2606 1787 2663 de

133 2688 251 2762 positum
272 2705 457 2759 recurramus,
479 2691 604 2749 universa
621 2707 683 2766 qnae
705 2699 835 2765 putantur
860 2689 932 2747 mala
985 2688 1088 2747 aliectu
1107 2706 1204 2749 eorum
1227 2692 1273 2762 qui
1286 2692 1336 2748 ista
1349 2693 1536 2752 committunt.
1558 2698 1616 2751 Neo
1631 2697 1705 2752 enim
1726 2699 1787 2769 quis
1817 2723 1819 2727 ·

134 2782 260 2841 nobisab
274 2783 392 2842 inimicis
409 2785 449 2841 rel
462 2802 477 2842 a
489 2785 704 2860 quibuscumque
725 2785 786 2843 aliis
804 2785 930 2857 irrogari,
986 2783 1087 2857 impius
1101 2786 1142 2842 vel
1157 2785 1264 2858 iniquus
1279 2786 1308 2843 id
1319 2786 1393 2843 circo
1408 2787 1558 2860 impunitus
1565 2789 1627 2858 erit,
1635 2791 1699 2864 quia
1706 2792 1789 2847 mali·

133 2893 191 2935 non
203 2887 268 2935 sunt
281 2879 416 2936 credenda
427 2879 498 2937 mala
510 2897 579 2951 esse,
591 2881 640 2940 sed
653 2881 756 2938 medin.
775 2882 838 2939 lion
855 2879 931 2936 enim
986 2878 1022 2934 tia
1041 2893 1089 2934 sua
1099 2878 1176 2951 justo
1189 2894 1289 2936 nocere
1299 2895 1354 2937 non
1376 2879 1474 2952 potuit.
1496 2883 1651 2940 'tolerantia
1666 2885 1741 2941 enim
1760 2893 1788 2941 et

132 2972 200 3030 talia
220 2972 390 3032 invenientur
413 2975 502 3049 qualia
528 2986 606 3049 putat
625 2993 685 3035 esse
706 2977 750 3034 ille
768 2976 814 3050 qui
838 2974 931 3032 intulit
985 2973 1071 3029 virtus
1080 2973 1147 3045 justi
1160 2988 1217 3030 non
1234 2973 1274 3029 illi
1285 2973 1337 3046 :qui
1349 2983 1468 3031 mortem
1481 2976 1523 3032 rel
1542 2976 1671 3049 supplicia
1685 2974 1786 3047 intulit,

678 3119 805 3175 ALlell
825 3118 937 3173 culmi
955 3113 1234 3173 COMMENTARIUS.

133 3242 242 3309 neemia,
264 3243 426 3303 vocabulum
445 3243 622 3302 deductuma
640 3259 738 3317 puero,
753 3258 808 3316 quo
825 3239 934 3324 proprie
948 3243 1069 3311 cstiqm·
1084 3241 1129 3298 nbi
1141 3257 1209 3312 quos
1222 3242 1342 3329 positum
1353 3258 1402 3365 pro
1417 3260 1606 3316 quoscumque,
1623 3262 1690 3303 nam
1703 3248 1785 3306 Grae.

136 3313 310 3388 significatur
338 3315 476 3372 institutio
496 3317 643 3388 coniuncta
669 3331 733 3371 oum
754 3314 933 3386 castigatione
987 3327 1017 3367 ce
1031 3309 1145 3368 babetur
1166 3330 1174 3366 ε
1192 3311 1245 3383 ἔγω
1264 3314 1336 3374 ὅσους

133 3400 294 3468 ῃιοζιικικο
315 3386 445 3443 vitiorum
460 3386 518 3458 ejus
539 3387 586 3461 qni
606 3386 772 3469 instituitur,
787 3385 934 3468 qualisost
986 3398 1060 3485 aergo.
1490 3427 1526 3468 .·
1647 3461 1689 3471 Η
1771 3462 1776 3472 .

133 3464 272 3513 institutio
287 3472 443 3528 puerorum.
459 3458 542 3515 Unde
554 3463 590 3514 D.
609 3459 725 3514 Basilius
741 3459 782 3527 (lu
797 3472 932 3528 prurerpm
1045 3455 1188 3538 ltaLllX.
1198 3452 1412 3538 lfnlgateautem
1422 3470 1515 3540 versio
1529 3459 1688 3514 :indulsisti
1700 3466 1784 3530 penti,

133 3529 232 3610 Danu.)
245 3546 253 3582 r
266 3530 423 3600 Disciplina,
443 3529 540 3600 inquit,
556 3535 595 3585 est
608 3530 732 3600 quodum
741 3529 862 3585 inductio
873 3528 931 3582 uli·
986 3529 1105 3608 Domum
1112 3526 1252 3581 indulsisti
1262 3531 1346 3593 penti,
1358 3529 1492 3610 mumqurd
1498 3529 1718 3599 glorificaturus?
1729 3531 1784 3589 Ubi

135 3598 184 3661 les,
198 3614 259 3682 quo
269 3615 339 3684 iope
357 3617 416 3656 mim
437 3601 526 3685 iubere
538 3604 671 3686 uitiorum⁸
688 3602 806 3657 ummlos
816 3604 928 3686 purget.
987 3598 1023 3679 l).
1036 3597 1220 3681 Hieronymus
1236 3616 1243 3652 :
1259 3597 1343 3661 nato,
1359 3608 1455 3671 inquit,
1470 3616 1530 3684 quie
1543 3603 1614 3658 LXX
1624 3608 1784 3685 posueruut,

135 3670 315 3754 Quoequtdem
327 3688 356 3726 m
362 3678 568 3742 presentiarum
577 3690 630 3730 riou
643 3671 929 3742 mdeturcssepoudu,
986 3684 1015 3723 iu
1033 3669 1161 3754 Hebraico
1179 3686 1233 3752 riom
1255 3668 1398 3755 baberetur,
1411 3672 1458 3727 sed
1469 3687 1625 3755 qumsupru
1644 3674 1753 3729 duceret
1774 3693 1783 3728 ε

131 3740 318 3824 scdmoerorrs
332 3762 341 3827 ε
360 3758 452 3798 oerum
460 3751 593 3831 postremo
606 3748 728 3828 [metum
744 3745 892 3801 solutorem
905 3746 931 3798 et
984 3739 1046 3795 ideo
1059 3742 1205 3804 mduutum
1221 3739 1407 3809 elperdesdrti.
1419 3747 1444 3797 et
1453 3744 1628 3826 inlustremur
1639 3743 1786 3799 musculum

132 3815 932 3968 murmurmurmur
984 3812 1785 3953 εκττεεττει

131 3952 933 4093 meruguelgtiffiamgspffl}petuuppsoeqsrfflrmom
984 3958 1214 4092 mmmmm
1225 4019 1271 4077 lib.
1292 4022 1350 4079 ide
1370 4023 1449 4080 Civit.
1467 4023 1531 4106 θεῖ’,
1550 4039 1611 4093 cap.
1631 4027 1660 4079 ll
1690 4025 1786 4106 :lictu
1858 4014 1871 4023 ⁴‘

130 4112 185 4151 mori
201 4098 330 4180 auditum·
353 4100 412 4165 pust
436 4095 545 4180 cerbero
564 4093 829 4177 doloresqumcelulr
840 4097 933 4175 stetim
985 4106 1057 4146 mors
1066 4093 1313 4176 pumudououest,
1324 4109 1407 4161 quum
1414 4094 1547 4175 bominem
1556 4097 1787 4177 precesseritNe·

129 4168 372 4291 mmm
382 4163 933 4292 maturassemus
985 4162 1787 4303 tltfitt'tttlltutitttnttleuitatis..

128 4254 309 4367 &siricum
321 4321 348 4361 se
358 4253 520 4377 rreglipeuier
530 4308 635 4363 nubent.
651 4252 719 4367 Nori
733 4251 877 4378 pocffr’quim
887 4306 931 4360 di·
984 4304 1326 4374 flu'secreliqiosipuuperis
1334 4307 1785 4376 mortemiuteriiupeuliumcuuum

128 4379 252 4462 sciplinu
261 4379 298 4431 eis
305 4379 408 4446 inflicto
416 4384 454 4461 est
461 4396 484 4463 'u
495 4383 557 4447 Deo,
570 4384 633 4435 tum
643 4395 705 4450 quoe
712 4381 818 4463 moleste
827 4393 932 4463 semper
985 4373 1104 4460 linquas,
1117 4391 1202 4447 quom
1215 4377 1294 4446 impii
1305 4376 1398 4459 diuitis
1409 4378 1439 4459 iu
1445 4393 1568 4462 purpura
1580 4383 1608 4434 et
1619 4380 1705 4449 bpsso,
1721 4381 1786 4465 bor·-

129 4452 190 4533 sllis
199 4449 502 4549 rucuicubuuturdiumu
507 4451 645 4536 mummio,
656 4465 799 4521 quusipum
808 4464 931 4521 primum
983 4446 1068 4502 reuda
1076 4447 1126 4531 ullu
1135 4462 1232 4557 perierit
1240 4452 1365 4529 inormem
1372 4448 1440 4530 quid
1449 4454 1561 4506 mortuis
1568 4450 1724 4532 obfuerunt,
1735 4470 1785 4524 qur

130 4522 767 4650 ‘²'i²ttiitilletlitb.⁸¹tttt“ll'·...
781 4606 858 4649 ...e
875 4607 927 4649 ...0
982 4516 1783 4648 instititutis}itittttlttitt

150 4660 201 4718 'tat
210 4663 359 4733 Apostolus
369 4662 456 4720 Hebr.
466 4679 515 4719 xii
533 4663 611 4735 juxta
619 4609 826 4720 uaniliuonem
833 4665 925 4729 Lxx,
939 4641 966 4705 Ῑ)
979 4606 1203 4731 rergmidebimuey
1201 4662 1360 4731 qualitatem
1369 4662 1428 4731 ejus
1435 4634 1646 4717 ecuuoerotieue
1656 4663 1783 4730 peredere.

129 4679 438 4806 ‹⁰1¹uaetamenaviitgata
448 4706 571 4791 versione
580 4733 847 4806 nondiscrepat,nisi
857 4733 886 4789 in
895 4749 929 4790 eo
981 4732 1050 4789 Num
1062 4735 1132 4788 simu
1143 4735 1200 4787 oitu
1212 4734 1274 4800 ipsu
1288 4732 1384 4787 bouum
1398 4735 1446 4793 est,
1456 4734 1482 4786 si
1493 4732 1782 4813 mmoiruuemuitur,

130 4801 350 4885 quodnseqnitur
365 4825 371 4860 ι
388 4807 505 4887 flagellat
518 4811 608 4861 cutem
625 4821 727 4861 omium
746 4806 832 4886 tilium
850 4820 929 4885 quem
981 4804 1083 4886 molum
1094 4805 1188 4857 sicum
1203 4801 1315 4865 scelerer
1335 4804 1375 4855 itu
1389 4805 1497 4881 elmere
1517 4803 1784 4885 ecproeterttrsmtoe

131 4878 234 4944 recipit
246 4893 254 4928 :
268 4877 382 4947 Proque
398 4879 585 4947 Hieronymus
598 4892 630 4933 cii
648 4876 764 4933 Hebraeo
775 4890 815 4931 sic
828 4882 927 4931 vertit:
975 4874 1084 4929 'actibus
1090 4871 1322 4941 ponderoudoesi.
1331 4872 1453 4937 ltufilut
1462 4874 1552 4953 stuetu
1561 4872 1785 4952 tchireltpioue

131 4948 170 5003 et
192 4948 274 5016 quusi
286 4955 365 5017 puter
387 4950 416 5003 iu
434 4949 488 5019 filio
509 4948 652 5018 complacet
672 4949 734 5003 sibi.
754 4947 822 5016 Quae
838 4953 930 5001 tamen
982 4947 1121 4999 trausacto
1133 4943 1180 5007 sit,
1192 4955 1264 4994 mors
1276 4941 1378 5022 molum
1388 4955 1442 4994 nou
1455 4944 1501 5004 stt,
1520 4956 1586 5010 quic
1598 4944 1732 4999 trorisloto
1746 4950 1785 5001 est

129 5031 247 5074 sensnm
266 5018 383 5075 reddunt
407 5035 464 5075 non
489 5018 566 5074 valde
584 5018 722 5075 diuersum
740 5018 775 5074 ub
792 5031 825 5073 eo
846 5031 930 5089 quem
983 5015 1021 5070 ud
1034 5012 1283 5097 immortalitatem
1300 5011 1443 5095 simpliter,
1456 5012 1558 5098 muium
1571 5015 1608 5097 sit
1619 5030 1721 5071 necesse
1734 5022 1783 5079 est,

131 5088 431 5215 L¹³⁰¹li⁸⁸“¹¹¹¹‘·
447 5092 548 5172 ,m
562 5086 933 5227 tttltlt‘ltttt
982 5082 1785 5227 tiitli·utilititiilll‘tilttitl.

131 5172 930 5305 liiiiilneininqiiglslibiliireirlipligeeltiidest,queiirialdeainat.
984 5169 1204 5308 annotatioieri'irus
1226 5223 1320 5308 inUJob
1343 5244 1350 5280 :
1372 5227 1459 5289 llors,
1474 5198 1578 5298 inquit,
1592 5229 1650 5283 uiro
1668 5232 1784 5300 requies,

132 5299 242 5358 Similia
248 5303 405 5359 suntverba
412 5303 630 5376 MoysisDeuter.
638 5316 708 5371 viii,
715 5302 773 5373 ubi,
783 5309 930 5374 postquam
966 5316 969 5321 ·
983 5314 1063 5382 ciuus
1070 5301 1128 5354 vitu
1138 5296 1295 5353 meandris
1304 5302 1353 5354 eu.
1367 5299 1417 5352 Vel
1426 5300 1593 5382 quii-corum
1604 5303 1785 5373 neopetqmo

134 5373 305 5430 meminisset
327 5373 507 5432 afflictionum
526 5373 617 5447 populi
640 5373 799 5441 israelitici,
815 5373 870 5430 eit:
895 5375 931 5430 tlt
980 5385 1075 5441 puceu
1087 5372 1162 5425 mia.
1176 5371 1214 5424 De
1227 5385 1259 5424 eu
1271 5384 1330 5424 vero
1347 5372 1632 5450 prorumpendum,
1644 5388 1696 5441 per
1705 5390 1785 5443 quom

135 5444 261 5510 remque
274 5448 304 5500 im
322 5446 401 5502 corde
420 5451 466 5503 tuo
479 5449 545 5517 quic
557 5449 628 5502 sicut
641 5445 731 5501 erudit
742 5446 830 5515 lilium
852 5460 931 5501 suum
983 5444 1112 5523 morimur
1122 5440 1233 5496 mundo.
1248 5440 1315 5494 llaec
1329 5444 1509 5519 augustinus.
1522 5445 1552 5496 ln
1563 5442 1680 5524 Vulgata
1692 5452 1785 5499 autem

135 5511 226 5574 bomo.
239 5518 277 5571 sic
286 5520 415 5600 Dominus
425 5521 567 5602 Derututis
577 5517 696 5579 erudivit
708 5522 743 5581 te,
753 5522 785 5571 ut
798 5517 933 5598 custodies
984 5513 1104 5569 editione
1119 5526 1173 5567 oon
1194 5511 1322 5581 leguntur
1335 5509 1379 5591 illa
1393 5510 1482 5590 verba,
1503 5526 1574 5567 mors
1594 5528 1652 5596 erro
1668 5517 1784 5599 requies,

130 5582 932 5739 ...,uire.e¹.u,u
984 5579 1434 5737 κκκέεκκεκε
1450 5582 1786 5738 irretimur.

131 5727 222 5810 mum,
244 5731 386 5813 r'rrstuuter¹
397 5731 508 5815 crudit:
527 5731 583 5790 Ubi
598 5729 706 5814 erudire
725 5745 776 5802 pro
798 5729 933 5812 castigare
953 5790 957 5796 ,
980 5730 1056 5855 {isaac
1066 5723 1295 5853 ⁹2⁸⁰³dd¹⁸iii³m’
1308 5733 1337 5780 et
1346 5722 1512 5797 legendum:
1527 5742 1603 5796 euius
1617 5742 1664 5782 uro
1679 5728 1789 5783 obseou-

131 5799 934 5950 ᾞΉῇκᾷῗόοκκκῧκςρῧοᾛᾚῶωωέ
1056 5809 1217 5874 cs‚acnvi
1244 5835 1257 5872 Α.

1368 3310 1398 3366 ἂν
1418 3313 1493 3385 φιλῶ,
1515 3332 1580 3389 ergo
1599 3332 1786 3391 quoscumque
