3848 6158
128 278 181 331 ets
662 274 829 332 COLLthO
849 276 883 331 ll.
903 305 940 317 -
959 275 1004 332 bs
1023 275 1258 333 btsuusttosa.
1736 289 1789 342 tte

128 403 154 469 (l
169 399 231 458 Gor.
244 401 308 465 xri).
323 396 430 455 Deinde
440 398 578 470 completo
590 400 665 456 omni
674 399 796 474 catalogo
808 400 933 472 spiritua·
946 403 973 468 Α
985 400 1076 457 dicens
1091 417 1099 456 r
1113 402 1217 466 Venite,
1231 402 1363 460 benedicti
1372 406 1462 476 patris
1483 408 1544 470 mei,
1557 407 1691 478 residete
1703 422 1790 479 perc-

128 493 200 552 lium
219 493 429 559 charismatum,
451 490 552 548 infert:
570 494 666 551 Omnia
684 500 775 551 actem
789 496 845 551 hoec
868 511 930 567 ope·
985 500 1043 551 tum
1062 497 1136 551 cobis
1159 512 1273 566 reqnum
1293 514 1311 553 c
1332 501 1522 558 constitutione
1546 502 1669 557 meandi:
1688 505 1791 557 esurivi

128 594 211 646 ratur
230 603 301 644 cres
326 592 410 657 utque
427 586 498 642 idem
519 587 650 658 Spiritus,
675 590 800 645 dividens
822 589 939 659 sinqulie
992 592 1074 655 enim,
1090 595 1117 646 et
1129 591 1244 647 dedistis
1263 593 1333 648 mebi
1344 595 1524 664 manducem
1536 597 1622 659 sitici,
1638 601 1663 653 et
1676 598 1790 653 dedistis

127 688 216 757 prout
225 684 285 740 ecit
303 682 414 754 (leid).
438 681 542 739 Videtis
563 698 628 756 ergo
648 700 705 742 non
730 692 870 742 terrenum
887 698 939 740 nec
992 685 1062 739 mibi
1072 683 1170 749 bibere,
1185 691 1237 741 etc.
1251 684 1357 758 (dect.
1371 688 1459 762 xrs).
1474 690 1598 762 Cumque
1610 689 1637 746 in
1650 689 1724 747 bunc
1734 703 1793 748 rno-

128 794 246 854 parrum
270 792 330 836 esse
344 775 519 835 discretionis
532 791 647 847 munus,
666 777 716 835 sed
729 777 829 835 diune
844 777 938 850 gratia
992 776 1060 835 dum
1083 778 1194 836 diversis
1207 778 1354 838 virtutibus
1369 781 1475 842 aditum
1490 783 1637 841 certiorem
1652 782 1687 840 ad
1703 786 1791 841 Deum

132 872 291 931 maximum
310 872 483 944 praemium:
507 885 592 943 quam
613 871 666 929 nisi
689 870 843 929 monachus
862 871 937 929 amni
991 873 1079 946 parari
1100 888 1179 946 posse
1204 873 1393 947 decernerent,
1423 885 1548 952 essetque
1586 877 1677 936 noctis
1704 879 1793 936 mari-

131 967 284 1028 intentione
323 963 406 1023 inerit
438 973 588 1036 assecutus,
615 974 644 1023 et
673 963 880 1023 ascendentium
909 964 936 1020 in
990 982 1069 1024 mum
1082 976 1191 1040 tempus
1209 966 1261 1025 bac
1281 968 1457 1042 inquisitione
1475 983 1687 1047 consumptum,
1702 973 1793 1032 intulit

129 1079 192 1123 sese
214 1061 362 1137 spirituum
389 1058 582 1118 discretionem
610 1067 685 1118 certa
710 1059 817 1117 ratiom
839 1073 933 1132 posse·
989 1058 1103 1116 demum
1113 1058 1210 1115 beatus
1220 1061 1371 1130 Antonium
1386 1062 1400 1098 ‘¹
1413 1062 1516 1120 Omnia
1528 1063 1640 1136 quidem
1660 1063 1720 1122 haec
1728 1079 1792 1139 quc

128 1158 215 1229 derit,
236 1171 348 1216 necess
364 1163 406 1213 est
421 1170 485 1211 cum
506 1153 580 1211 velut
604 1153 634 1210 in
655 1161 736 1212 nocte
755 1168 827 1212 caeca
842 1152 936 1210 tetris·
989 1149 1099 1206 dixistis
1118 1149 1269 1207 namstede
1284 1158 1350 1207 sunt
1373 1158 1401 1207 et
1425 1151 1501 1207 utilia
1512 1153 1679 1210 'sitientibus
1702 1156 1790 1212 iteum

130 1268 186 1327 que
199 1250 321 1310 tenebris
342 1249 529 1316 oberrantem,
550 1250 563 1280 ⁸
584 1262 641 1305 non
661 1248 752 1306 solum
769 1245 932 1322 perniciosis
989 1250 1071 1318 atquc
1090 1242 1125 1302 ad
1140 1259 1206 1302 eum
1220 1245 1392 1316 cupientibus
1407 1246 1564 1318 pervenire3
1588 1247 1636 1304 scd
1654 1246 1700 1303 bis
1716 1248 1792 1320 prin-

130 1346 220 1406 iorcis
243 1344 442 1419 preceptisque
466 1341 603 1412 incidere,
623 1341 672 1400 red
685 1341 766 1399 etiam
794 1342 822 1397 in
846 1340 934 1414 planis
988 1338 1105 1411 cipalem
1114 1338 1235 1398 tribuere
1248 1339 1365 1413 gratiam
1387 1355 1563 1414 nequaquam
1584 1355 1636 1397 nos
1650 1338 1789 1399 innumeri

132 1440 289 1501 acdirectis
301 1439 459 1514 frequenter
470 1435 620 1494 offendere.
989 1436 1144 1493 multorum
1166 1449 1245 1494 casus
1270 1443 1298 1494 et
1319 1435 1502 1510 experimenta
1525 1435 1697 1510 permittunt.
1719 1438 1791 1495 Nam

473 1538 596 1596 CAPUT
603 1539 639 1593 ll.
991 1529 1125 1603 quosdam
1136 1544 1326 1603 sepenumero
1349 1529 1482 1587 acerrime
1499 1529 1609 1617 iejuniis
1628 1545 1677 1588 seu
1697 1529 1792 1604 rip‘liis

135 1639 307 1698 medente
320 1639 428 1696 aliattes
442 1653 477 1694 ee
500 1638 681 1709 amaretne
702 1635 809 1693 eomes
823 1635 939 1693 aetus
992 1623 1170 1696 incunte,
1202 1638 1234 1681 ae
1261 1623 1596 1682 muneratorium
1621 1623 1793 1696 serentes,

337 1750 343 1763 .
437 1710 644 1766 immittitur·
993 1720 1174 1794 privationem
1186 1736 1294 1795 quoque
1314 1719 1441 1779 omnium
1456 1719 1617 1778 facultatum
1632 1721 1670 1777 ita
1684 1728 1791 1778 sectan-

170 1812 283 1872 tiemiui
303 1812 389 1886 igitur
399 1810 538 1883 quondam
561 1810 589 1868 in
602 1810 683 1868 annis
694 1809 788 1867 adbuc
812 1809 936 1883 pueritite
951 1815 976 1881 B
989 1822 1042 1884 tes,
1056 1823 1089 1872 ut
1101 1831 1133 1873 er
1144 1815 1256 1890 ipsisne
1268 1815 1348 1874 unius
1361 1814 1475 1890 quidem
1487 1815 1541 1874 diei
1555 1815 1659 1873 rictum
1681 1815 1790 1873 sibimet

136 1909 305 1967 constitutus
317 1909 344 1965 in
355 1901 728 1981 partibustt‘benaidisubt
740 1905 936 1964 beatusAnto-
988 1925 1128 1984 unumque
1149 1910 1294 1968 denarium
1312 1926 1454 1984 superesse
1473 1918 1641 1985 paterentur,
1662 1910 1792 1970 humani·

135 2003 200 2061 nius
212 2001 382 2073 morabatur,
403 2000 594 2060 tsenioresad
610 2016 674 2058 eum
695 1999 869 2075 perfectionis
891 2000 937 2058 in·
989 2005 1053 2063 tatis
1065 2005 1148 2062 etiam
1163 2004 1253 2062 studia
1265 2012 1324 2061 tota
1337 2004 1483 2061 devotione
1496 2006 1677 2078 complentes,
1693 2007 1729 2063 ita
1748 2007 1790 2062 ri·

136 2095 280 2170 quirente
306 2095 392 2169 gratia
403 2095 572 2154 convenisse.
597 2096 756 2169 Cumquca
775 2094 938 2169 vespertinis
991 2097 1082 2157 dimus
1095 2104 1206 2172 repente
1225 2097 1362 2170 deceptos,
1386 2105 1417 2154 ut
1433 2105 1574 2170 arreptum
1588 2113 1657 2171 opus
1675 2115 1732 2156 non
1744 2114 1793 2172 po·

138 2191 220 2248 boris
246 2204 333 2262 usque
355 2189 392 2249 ad
411 2191 497 2247 lucrm
519 2188 619 2249 fuisset
640 2198 777 2263 protracta
806 2190 936 2259 collatio,
990 2194 1093 2253 tuerint
1107 2208 1229 2268 congruo
1245 2192 1318 2250 exitu
1339 2191 1499 2262 terminare,
1513 2207 1710 2265 summumque
1736 2191 1791 2248 ier·

142 2283 325 2357 quaestionem
349 2282 420 2342 hanc
441 2285 592 2343 marimum
612 2284 703 2343 nodis
733 2285 852 2357 spatium
870 2287 939 2341 con·
991 2303 1085 2347 rorem
1099 2296 1128 2346 et
1146 2285 1379 2346 conversationem
1393 2284 1559 2344 laudabilem
1570 2284 1721 2343 detestabili
1736 2285 1790 2342 stne

140 2380 300 2452 sumpsisse.
328 2381 400 2437 iiam
429 2378 583 2438 diubssime
611 2379 784 2452 querebatur
811 2393 938 2453 quaenam
990 2382 1145 2442 clauserint.
1166 2381 1353 2454 Quamobrem
1373 2379 1439 2456 quid
1451 2379 1635 2454 principaliter
1660 2379 1742 2437 ducat
1756 2378 1791 2438 ad

137 2474 224 2531 virtus
241 2473 283 2530 rel
301 2472 475 2531 observantia
501 2473 669 2531 monachum
691 2474 777 2547 possit
800 2472 938 2555 adiaboil
988 2480 1083 2537 'Deum
1096 2476 1242 2536 manifeste
1257 2475 1408 2552 poterimus
1421 2489 1580 2549 agnoscere,
1602 2475 1626 2533 si
1650 2474 1736 2533 ruinae
1761 2491 1793 2532 ac

137 2567 244 2640 laqueis
263 2581 296 2625 ac
310 2566 518 2640 deceptionibus
532 2567 669 2626 custodire
688 2552 797 2641 semper
809 2566 940 2640 iliaesum,
992 2572 1158 2647 deceptionis
1171 2571 1283 2629 illorum
1303 2569 1552 2644 causardiligentius
1574 2569 1690 2627 anobis
1710 2569 1813 2627 tuerit·

138 2660 267 2718 lilim
280 2668 356 2718 “0¹⁰
380 2662 491 2719 “iiiiii
524 2661 659 2736 flim⁰tl¹¹i
678 2676 772 2735 813⁸ss
791 2660 827 2718 id
851 2659 942 2732 hirst·
991 2666 1127 2741 indagata.
1143 2665 1197 2725 lllis
1215 2679 1335 2739 namque
1359 2679 1424 2722 cum
1441 2662 1622 2721 exuberarent
1650 2663 1796 2737 praedicta·

137 2754 359 2814 ctionisculmen
374 2755 533 2828 perducere.
549 2758 675 2829 Cumque
697 2771 747 2828 pro
760 2763 840 2829 captu
855 2769 938 2812 men·
993 2777 1057 2821 ruru
1071 2776 1152 2835 uperi
1171 2759 1318 2832 virtutum,
1337 2757 1465 2817 uberem
1483 2757 1542 2816 ecla
1560 2757 1689 2816 defluens
1709 2774 1796 2832 usque

139 2850 176 2907 tis
191 2865 249 2909 sua
265 2851 450 2925 carmulaque
467 2851 630 2910 senentiam
653 2867 733 2910 mam
756 2851 941 2924 proterrere
993 2856 1027 2915 ad
1038 2856 1122 2913 finem
1139 2871 1171 2914 ea
1192 2851 1443 2913 autemnonririt.
1462 2850 1608 2910 necerim
1630 2851 1682 2908 atta
1702 2851 1794 2924 tapsus

139 2943 185 3001 alii
198 2943 313 3016 quidem
326 2944 380 3002 boc
395 2944 425 3001 in
439 2937 608 3019 ijunioru'm
628 2945 836 3020 vigiliarumque
850 2944 940 3003 studio
993 2966 1091 3010 eorum
1105 2965 1186 3008 eausa
1204 2947 1427 3022 deprehenditur,
1439 2946 1491 3003 uiri
1513 2945 1588 3020 queri
1613 2946 1706 3004 miuus
1719 2962 1736 3004 r
1750 2961 1793 3004 re.

141 3037 316 3126 collocarent,
343 3039 416 3112 quod
438 3040 481 3098 his
499 3040 625 3100 videlicet
640 3048 785 3099 extenuata
810 3056 888 3097 mens
908 3054 942 3096 ac
992 3045 1117 3105 uteribus
1144 3043 1274 3112 instituti,
1292 3056 1465 3116 nequaqnam
1488 3047 1640 3114 potuerunt
1659 3039 1794 3098 rationem

141 3133 289 3207 mutarem
311 3134 403 3191 cordis
419 3141 449 3193 et
467 3134 591 3209 corporis
606 3143 741 3200 assecuta.
762 3137 823 3192 Deo
836 3132 941 3192 facilius
995 3137 1165 3198 discretionis
1190 3135 1313 3211 adipisci,
1329 3149 1393 3209 qua
1407 3133 1618 3209 pretermittens
1646 3141 1793 3207 utramque

141 3228 290 3286 uniretur:
312 3229 357 3285 alii
384 3229 411 3284 in
435 3229 562 3289 nuditate
573 3236 601 3288 et
621 3237 783 3302 contemptu
797 3229 937 3286 universa·
953 3243 977 3309 ρ
992 3233 1172 3302 nimietatem,
1200 3230 1245 3286 ria
1261 3228 1336 3301 regia
1349 3227 1429 3287 docet
1446 3227 1614 3286 monachum
1627 3242 1738 3300 semper
1754 3227 1796 3284 iri.

140 3335 204 3380 rum
215 3336 309 3379 rerum
327 3321 428 3395 quibus
441 3337 521 3381 mens
535 3323 558 3380 si
571 3322 679 3396 penitus
699 3330 852 3394 exueretur,
866 3330 939 3380 tam
992 3327 1099 3396 cedere,
1119 3333 1147 3382 et
1169 3338 1220 3381 nec
1245 3322 1355 3380 deseca
1378 3321 1509 3381 virtutum
1530 3321 1664 3396 permittit
1689 3321 1798 3392 extolli,

144 3432 230 3492 quam
243 3416 326 3474 nullis
336 3416 465 3490 deinceps
478 3416 660 3476 refluentibus
672 3416 777 3492 laqueis
795 3417 831 3477 ad
851 3420 943 3474 Deum
995 3423 1090 3493 idest,
1117 3419 1235 3480 ferroris
1257 3433 1369 3476 excessu
1386 3417 1562 3476 continentiae
1582 3417 1666 3490 justae
1680 3416 1798 3475 modurn
1900 3430 1902 3435 ’

143 3510 292 3587 expeditior
312 3512 539 3585 perteniret3alii
564 3512 725 3586 ἀναχώρησιν
749 3513 941 3584 necessariam,
995 3516 1085 3591 inepta
1098 3510 1535 3589 praesumptionetransccnderc,
1562 3525 1612 3568 nec
1627 3509 1795 3569 oblectatum

143 3606 239 3676 idest,
257 3607 436 3665 remotionem
461 3617 489 3667 et
502 3609 588 3666 eremi
610 3616 712 3666 secreta
736 3616 889 3681 censerent,
915 3607 943 3665 in
993 3611 1156 3672 remissione
1169 3607 1317 3666 deflectere
1330 3606 1364 3664 ad
1385 3606 1450 3664 vitia
1469 3606 1579 3664 sinistra
1589 3606 1728 3676 concedit,
1742 3605 1796 3663 boc

144 3713 200 3772 qua
213 3712 390 3756 commanens
403 3698 467 3771 quis
483 3696 648 3758 familiarius
664 3700 835 3773 interpellare
851 3703 943 3758 Deum
994 3717 1046 3779 ert,
1070 3705 1122 3765 euti
1151 3709 1285 3778 praetertc
1312 3700 1480 3777 menandi
1506 3700 1630 3775 corporis
1660 3699 1798 3759 conhario

144 3794 225 3867 eique
248 3793 334 3867 possit
363 3795 524 3867 peculiarius
548 3795 681 3853 inbaerera
708 3815 717 3853 ε
745 3796 870 3853 nonnulli
900 3810 944 3854 re·
996 3801 1107 3877 epiricus
1134 3807 1230 3873 tepere
1257 3795 1416 3855 teuteeeere.
1439 3797 1508 3853 flue
1530 3809 1650 3867 numque
1675 3801 1717 3850 est
1740 3790 1801 3850 uir.

145 3887 242 3945 ctanda
269 3887 417 3959 charitatis,
441 3888 542 3957 idest,
566 3889 750 3945 humanitatis
769 3887 860 3947 cilicia
876 3888 944 3946 ded·
997 3894 1094 3961 eretie,
1118 3909 1180 3967 quae
1201 3891 1308 3962 oculus,
1323 3898 1352 3948 et
1375 3891 1486 3947 lucerna
1504 3887 1627 3962 corporis
1658 3888 1687 3944 in
1713 3889 1802 3944 Evan-

144 3982 246 4052 nirent,
266 3981 340 4055 quod
361 3981 404 4037 his
425 3995 508 4053 regna
533 3981 670 4036 coelorum
688 3979 817 4036 damtuna
834 3995 865 4036 so
886 3983 945 4037 Do·
997 3987 1261 4060 gelionuncupatur,
1275 3982 1427 4043 secundum
1439 3982 1513 4039 illam
1529 3981 1694 4039 sententiam
1714 3980 1802 4039 Salta-

99 4135 104 4143 ,
146 4077 239 4135 minus
264 4078 292 4134 in
312 4074 457 4146 Evangelio
482 4072 559 4130 velut
583 4071 729 4146 specialius
760 4073 945 4147 repromittat,
998 4076 1069 4135 toris
1082 4095 1090 4132 t
1104 4077 1375 4148 ‘ludenstorporrb
1390 4077 1481 4132 tricet
1500 4073 1805 4146 mdcsmcsrqcodsi

698 4198 827 4258 atham
846 4200 957 4259 GAZAEI
976 4200 1254 4261 COMMENTARIUS.

145 4311 228 4377 mali,
243 4322 292 4364 seu
313 4303 442 4366 facultate
463 4306 632 4367 discernendi
659 4309 730 4368 inter
749 4325 844 4367 verum
858 4318 886 4367 et
898 4308 950 4367 fal·
1003 4316 1126 4375 russum
1143 4306 1442 4381 qcosiitibr'rdiccbo.
1462 4305 1555 4365 Habes
1568 4305 1803 4369 alludsimiiecol·

145 4400 223 4447 sum,
236 4380 341 4437 bonum
354 4389 381 4436 et
398 4381 513 4449 malum,
534 4381 717 4454 appetendum
730 4389 758 4438 et
774 4380 948 4456 fugiendum,
1004 4383 1113 4440 lationis
1126 4380 1281 4453 exemplum
1293 4378 1366 4437 inira
1377 4378 1464 4451 capite
1474 4384 1517 4438 11.

146 4471 209 4528 quae
224 4451 371 4522 uibilaliud
381 4461 423 4510 est
432 4468 514 4522 quam
526 4469 590 4510 uera
602 4460 630 4510 rt
643 4454 795 4512 christiana
808 4454 950 4539 prudentia
1039 4457 1052 4491 ¹¹
1076 4453 1209 4512 Praeclara
1226 4452 1358 4510 sententia
1378 4452 1411 4507 Β.
1420 4451 1532 4509 Antonii
1543 4449 1578 4510 de
1592 4452 1733 4525 prudentia
1753 4469 1802 4512 scu

147 4523 562 4655 tetltlttttttttt'l’·
579 4539 592 4581 ¹
609 4524 942 4655 ‘'tibialibillil·
996 4523 1420 4655 tttttathtttttt·
1434 4524 1562 4652 ittet
1577 4526 1728 4652 iiiiii·
1742 4529 1804 4650 lt.

250 4613 258 4650 1
610 4640 617 4651 ,
931 4628 945 4641 -
1061 4641 1068 4654 .
1142 4642 1149 4656 .
1407 4615 1413 4651 :
1670 4613 1726 4651 secr

148 4665 422 4735 cumscientiam3et
432 4667 480 4722 lib.
489 4604 635 4724 enimn
617 4669 674 4737 QQ.
686 4683 714 4739 q.
727 4669 772 4734 80,
782 4612 944 4726 esgefflreehrhr
996 4615 1282 4727 &sufferrem
1294 4667 1445 4753 prudentia
1463 4666 1550 4721 debet.
1570 4612 1641 4723 gam
1732 4667 1804 4746 enteb

147 4741 284 4797 bonarum
298 4747 325 4820 et
339 4739 486 4820 malarum,
500 4745 527 4795 et
538 4746 699 4795 neutrarum
715 4737 865 4795 scientiam.
954 4731 986 4799 ,D
1000 4748 1102 4799 remota
1112 4742 1184 4798 cibit
1196 4739 1313 4810 edesus
1326 4739 1430 4808 pencris
1444 4741 1497 4818 est,
1508 4734 1580 4803 meod
1589 4734 1648 4816 licet
1655 4681 1804 4787 wemer-

149 4842 156 4861 .
184 4813 199 4843 ⁸
224 4811 257 4893 in
279 4808 401 4894 editione
413 4809 588 4894 Lugdunersi
599 4809 715 4894 legitur5
731 4813 790 4869 Noc
808 4811 893 4866 solum
919 4812 949 4866 in
1002 4814 1111 4877 matur,
1127 4828 1180 4867 roc
1191 4811 1333 4893 iustitium
1346 4807 1460 4888 recidat.
1472 4819 1496 4858 ar
1509 4807 1560 4858 cut
1573 4803 1660 4887 altato
1674 4808 1801 4875 tempore,

146 4883 407 5008 tinctitiis
416 4882 948 5019 autichristus.....e
1002 4880 1260 5010 caudis
1270 4874 1804 5016 dtttttddtthltttt

150 5023 229 5095 euius
243 5021 328 5079 etiam
348 5023 444 5079 crebra
458 5023 564 5079 mentio
578 5023 608 5079 in
623 5023 678 5080 rita
691 5024 766 5080 beati
787 5025 899 5081 Antonii
914 5023 950 5080 ab
1003 5019 1324 5102 deiciuntmr'rcbrieed
1337 5021 1508 5089 qucntcmec
1520 5032 1685 5082 caremusu,
1699 5023 1757 5074 tum
1772 5022 1804 5091 ir

151 5094 305 5153 Athanasio
319 5093 406 5152 deseri
425 5103 463 5150 ta.
1003 5096 1110 5158 dentes,
1124 5097 1180 5149 tum
1193 5093 1387 5161 comperies
1401 5091 1507 5158 incites
1524 5089 1657 5145 redundet
1670 5091 1753 5156 (Vide
1768 5095 1802 5147 D.

186 5174 198 5202 ⁶
222 5167 290 5227 ilaec
313 5112 443 5249 formasa
457 5163 611 5247 collationis
624 5165 711 5248 ,inter
724 5165 785 5223 illes
805 5168 901 5223 Patres
923 5172 951 5223 et
1005 5167 1098 5229 Thou.
1118 5168 1163 5219 t-2
1178 5167 1252 5245 q3ct
1272 5165 1326 5217 ιιι
1347 5166 1373 5217 et
1386 5169 1412 5229 t,
1424 5164 1545 5244 eti-tq.
1563 5164 1653 5244 laec.
1669 5161 1706 5235 7).

152 5235 331 5294 anachoretas
349 5245 444 5311 agrian
463 5236 563 5307 solem
586 5251 631 5294 cur
649 5252 705 5294 non
724 5238 813 5295 solum
835 5251 952 5310 magnus
1041 5246 1053 5273 ⁰
1073 5235 1153 5306 Quod
1170 5248 1243 5290 emm
1253 5239 1295 5290 est
1304 5232 1399 5289 oculus
1410 5230 1592 5304 corpor1,hoc
1601 5232 1752 5292 intellectus
1763 5242 1805 5292 est

153 5308 401 5391 Antoniussaepius
422 5305 518 5378 aiiuit3
543 5323 638 5367 rerum
657 5316 685 5366 et
702 5323 869 5384 magnopere
890 5323 951 5365 eam
1005 5308 1115 5378 animae,
1134 5306 1170 5363 ait
1186 5304 1409 5379 chrysostomus.
1428 5306 1466 5360 D.
1480 5303 1632 5377 Gregorius
1644 5303 1690 5362 lib.
1706 5320 1804 5363 xxvm

153 5379 367 5436 commendant.
380 5382 451 5437 Nam
465 5381 653 5449 Athanasius,
667 5382 817 5453 quamdam
832 5382 891 5453 eius
903 5395 952 5437 ex·
1006 5379 1106 5438 Moral.
1119 5394 1180 5452 cap.
1197 5383 1230 5435 tt
1246 5376 1338 5446 :Quid
1348 5391 1400 5447 per
1410 5375 1523 5440 octium,
1533 5375 1633 5448 inquit,
1642 5381 1807 5449 mmmdcc

155 5447 340 5531 hortationem
358 5451 392 5509 ad
404 5450 505 5508 iratres
524 5454 552 5508 in
567 5451 723 5525 huiusmodi
741 5461 878 5510 conventu
904 5467 953 5509 seu
1006 5454 1064 5508 risi
1074 5466 1140 5523 opus
1157 5466 1235 5507 suum
1244 5449 1411 5520 prcaeaierts
1422 5447 1806 5529 cordieirttenttbiqccprius

154 5518 299 5579 collatione
323 5521 445 5580 habitam
470 5538 704 5591 commemorans,
727 5524 764 5580 ab
790 5522 834 5581 bis
863 5523 955 5581 verbis
1009 5539 1092 5595 quum
1107 5537 1135 5579 se
1149 5525 1179 5577 r'rt
1198 5523 1304 5578 artiore
1322 5522 1453 5588 recreat,
1477 5518 1593 5590 bociam
1610 5519 1684 5589 quod
1703 5521 1808 5591 armetit

152 5604 220 5647 eum
238 5604 363 5650 exorsum
378 5594 439 5651 ait:
458 5594 506 5653 Ad
516 5612 620 5653 omrem
638 5597 747 5666 pridem
764 5596 956 5652 mccdatomm
1010 5595 1216 5666 contenplatur.
1230 5592 1348 5663 Ecquid
1367 5588 1807 5663 appellotimeoorporisdesiqao-

152 5662 328 5733 disciplinam
348 5668 505 5738 sessuras
518 5683 598 5739 posse
620 5669 768 5738 sufficere:
794 5669 842 5724 sed
860 5672 887 5723 et
909 5667 957 5722 boc
1011 5671 1072 5734 tur,
1087 5667 1143 5722 risi
1161 5679 1332 5736 unaqueque
1355 5665 1425 5719 ectio
1447 5678 1507 5735 qaae
1527 5664 1699 5719 intentionem
1717 5675 1806 5720 scam.

149 5737 957 5808 optimumiore,sirrmtuisseicciccmsrctressermonibca
1011 5736 1809 5814 quasiintuectemoerlcmseqcituribccerncithceoor·

150 5808 478 5867 remurmuremus
502 5826 573 5881 erqo,
584 5810 685 5883 inquit,
702 5815 734 5866 ct
751 5812 840 5883 putri,
859 5811 960 5878 referte
1009 5811 1132 5882 perirest
1151 5803 1808 5881 oculusqcrbperboncinteatiorisrodttqnqtt·

150 5880 960 5952 mmmmeceecercperteuomctetmeceoer·
1013 5870 1813 5938 summersioneststomtustcctsessn
