3848 6158
182 259 234 312 tat
854 245 994 305 JOANNIS
1011 248 1165 306 cusstittt
1784 251 1839 304 456

183 378 225 436 rel
239 377 412 436 rationabiles
425 391 477 433 nos
494 373 630 442 condidit,
649 372 690 429 vel
709 368 791 428 liberi
805 371 910 429 arbitrii
931 389 981 445 po-
996 377 1023 439 Α
1038 373 1096 446 ejus
1116 370 1216 430 visitati
1239 369 1418 428 saluberrime
1438 371 1613 443 castigamur,
1632 364 1735 441 ¹’quod
1749 369 1785 426 ab
1807 387 1843 429 eo

90 474 98 487 '
184 478 282 530 testate
301 471 427 538 donarit,
448 469 491 526 vel
512 465 641 540 baptismi
661 464 774 536 largitus
796 472 838 522 est
857 465 983 537 gratiam,
1036 481 1246 540 nonnumquam
1262 466 1343 522 etiam
1356 464 1433 521 inriti
1444 462 1582 520 trahimur
1590 461 1626 520 ad
1642 462 1773 533 salutern,
1788 480 1843 537 po-

183 563 225 621 vel
250 564 394 621 scientiam
421 561 487 633 legis
510 557 734 632 adjutoriumque
761 557 909 625 eoncessit;
936 557 985 615 sed
1037 568 1140 617 nmmo
1154 560 1214 633 quia
1227 560 1318 631 ipsum
1329 558 1447 616 liberum
1459 556 1602 613 arbitrium
1614 565 1753 626 nostrum,
1764 558 1844 633 quod

183 659 267 716 etiam
284 672 333 728 pro
351 655 470 726 hisquae
493 667 559 725 erga
573 666 625 708 nos
637 649 795 723 quotidiana
814 651 873 724 eJus
891 652 985 731 proil—
1040 653 1185 725 proclivius
1195 650 1281 709 lertiu
1288 650 1324 708 ad
1332 651 1406 720 vitia,
1417 649 1452 708 ad
1462 649 1605 708 meliorem
1615 648 1708 723 dirigit
1718 650 1841 727 lrugem,

183 749 274 808 denna
288 745 468 803 coniciuntur
483 763 490 800 :
506 742 580 816 quod
594 741 699 799 scilicet
712 742 746 799 ab
765 742 986 799 adversariorum
1039 753 1067 801 et
1080 745 1257 802 adrirtutum
1267 744 1339 800 riam
1350 743 1534 816 instigationis
1543 757 1600 799 suae
1610 740 1764 802 uisitatione
1774 760 1845 803 con·

183 859 233 899 nos
248 841 354 896 insidiis
367 839 487 907 liberat,¹
498 837 572 910 quod
585 845 749 910 cooperatur
760 836 838 894 nobis
856 844 888 893 ut
898 837 987 894 carnis
1041 846 1161 908 torquet.

182 933 245 990 vitia
259 948 388 1003 superare
411 931 564 1004 possimus,
585 929 689 1002 quoda
704 929 831 1003 periculis
844 946 896 988 noa
906 931 985 988 etiam
1328 928 1449 986 CAPUT
1467 929 1548 995 XIX.

182 1027 341 1100 ignorantes
352 1024 483 1099 protegit;
498 1022 573 1095 quod
587 1038 603 1078 a
616 1023 693 1095 lapsa
705 1023 808 1095 pocomi
820 1023 984 1091 communit,
1040 1033 1116 1102 Quod
1137 1033 1192 1087 hec
1206 1031 1273 1100 hdes
1292 1031 1327 1085 ab
1345 1032 1466 1099 antiqms
1489 1030 1617 1085 Patribus
1635 1031 1673 1085 sit
1685 1031 1793 1088 tradita
1810 1033 1844 1089 de

182 1118 256 1192 quod
270 1118 382 1190 adjuvat
395 1132 448 1173 iias
461 1123 490 1171 et
507 1114 656 1182 illuminat,
668 1123 698 1170 ut
712 1114 801 1187 ipsum
820 1114 985 1187 adjutorium
1356 1103 1449 1178 qratia
1463 1102 1523 1156 Dei·

182 1221 308 1269 nostrum
321 1216 349 1280 (⁸
363 1207 438 1282 quod
454 1222 509 1264 non
527 1206 601 1264 aliud
620 1206 733 1280 quidam
756 1205 928 1279 interpretari
939 1222 987 1263 ro-
1078 1209 1164 1264 ellac
1184 1215 1227 1264 est
1244 1207 1352 1279 proprie
1371 1220 1434 1278 erga
1449 1208 1540 1263 Deum
1561 1204 1711 1277 humilitas,
1721 1205 1784 1264 hacc
1796 1216 1843 1264 est

184 1303 244 1358 lunt
258 1316 340 1373 quam
354 1299 455 1372 legem)
469 1298 617 1371 intelligere
629 1306 657 1354 et
669 1312 817 1371 agnoscere
833 1298 985 1367 valeamus,
1040 1298 1293 1370 antiquissimorum
1315 1300 1427 1354 Patrum
1449 1297 1554 1355 sincera
1576 1296 1659 1366 tides,
1679 1312 1741 1371 quae
1755 1312 1845 1370 penes

184 1394 257 1467 qnod
275 1410 325 1468 pro
339 1393 510 1466 negligentiis
524 1391 685 1463 delictisque
697 1392 799 1449 nostris
820 1391 880 1463 ejus
898 1391 987 1463 iuspi-
1039 1407 1210 1449 successores
1224 1406 1320 1448 eorum
1335 1391 1498 1448 intemerata
1518 1405 1592 1447 nunc
1604 1406 1690 1463 usque
1701 1389 1842 1463 perdurat.

187 1490 291 1547 ratione
319 1488 433 1545 latenter
456 1503 519 1544 cuin
543 1487 705 1560 pungimur,
729 1485 804 1558 quod
831 1486 987 1558 dignatione
1040 1485 1091 1543 Cui
1108 1484 1171 1542 lidai
1194 1473 1209 1517 d
1231 1485 1346 1542 virtutes
1366 1482 1536 1557 apostolica,
1562 1497 1841 1557 quaepaepenumero

736 1637 864 1693 ALARDl
883 1637 994 1693 GAZAEl
1014 1634 1295 1692 COMMENTARIUS.

182 1763 277 1835 utique
291 1763 381 1830 bonis,
399 1771 426 1818 ct
441 1761 475 1818 de
493 1761 535 1817 his
552 1761 616 1817 nihil
637 1760 723 1833 excipi
741 1760 888 1831 permittit.
908 1763 982 1818 Rur·
1035 1760 1120 1817 boves
1137 1758 1207 1816 trahi
1228 1759 1326 1827 solent,
1341 1756 1400 1828 sed,
1417 1765 1449 1814 ut
1469 1756 1561 1814 atatim
1581 1757 1714 1830 explicat,
1730 1763 1762 1816 in
1775 1764 1838 1816 oin-

181 1833 387 1891 snsadColoss.
399 1848 455 1900 11¹3
470 1834 550 1889 Omne
562 1833 980 1902 quodcumquetacitisinoerbo,
1035 1832 1100 1887 culis
1124 1832 1274 1887 charitatis.
1291 1829 1373 1886 Trahi
1395 1827 1530 1901 siquidem
1553 1826 1680 1898 dcimur,
1700 1830 1786 1886 etiam
1806 1831 1836 1887 in

182 1910 231 1960 ant
253 1907 283 1959 in
298 1920 390 1975 opere,
403 1906 492 1959 omnia
513 1907 542 1958 in
559 1906 665 1959 nmnine
685 1905 794 1960 Domini
811 1905 898 1958 nostri
919 1906 982 1959 iesu
1035 1902 1175 1959 communi
1191 1916 1243 1958 usu
1258 1899 1399 1973 loquendi,
1414 1914 1469 1955 non
1483 1899 1575 1956 solum
1586 1914 1651 1955 cum
1665 1900 1789 1972 cogimur
1805 1909 1835 1957 et

182 1977 291 2039 Christi,
304 1978 408 2044 prutina
422 1979 528 2044 aperites
544 1978 597 2030 Deo
609 1979 635 2028 et
645 1975 723 2029 Patri
731 1975 879 2043 peripsum.
901 1974 1020 2042 Com-B
1036 1973 1218 2044 impellimur,
1237 1970 1286 2028 sed
1304 1970 1385 2027 etiam
1405 1985 1470 2026 cuni
1489 1969 1606 2027 dicimur
1627 1978 1655 2027 et
1677 1970 1836 2040 indmmur,

181 2047 312 2104 mendant
323 2046 440 2115 idipsam
450 2046 497 2101 SS.
509 2047 615 2100 Patres.
624 2043 835 2114 Chrysastomus
845 2043 982 2100 homilia
1036 2043 1122 2100 immo
1133 2052 1160 2100 et
1170 2058 1235 2099 cum
1246 2042 1383 2113 voluptate
1392 2041 1535 2097 allicimur.
1550 2040 1581 2097 ld
1594 2040 1779 2113 pulcherrime
1789 2041 1835 2098 do

182 2116 382 2173 inlllattbaeum
401 2115 562 2186 :Apostolus
578 2115 665 2169 dicit:
680 2115 857 2172 Gintiestote.
873 2116 982 2185 Optima
1035 2122 1079 2170 cet
1098 2118 1133 2171 D.
1149 2113 1321 2185 Augustinus
1336 2120 1416 2168 tract.
1431 2114 1467 2168 26
1487 2111 1515 2167 in
1529 2114 1680 2181 Joannem,
1698 2111 1837 2184 explicans

181 2190 281 2258 qnippe
296 2187 476 2255 beneficiorum
492 2188 577 2240 notos
592 2189 632 2240 est
645 2186 773 2239 memoria
790 2185 980 2256 beneficiorum,
1035 2183 1176 2257 quomodo
1187 2185 1266 2239 Pater
1276 2183 1367 2239 trahat
1376 2182 1500 2239 homines
1510 2181 1544 2238 ad
1556 2183 1696 2239 Christum
1710 2202 1716 2236 :
1731 2185 1836 2253 itaqua

183 2263 209 2313 et
229 2261 360 2327 perpetue
375 2258 527 2325 prunarum
545 2257 684 2324 contemto.
699 2257 845 2325 Propterea
859 2261 884 2311 et
905 2272 982 2312 reee-
1035 2259 1133 2325 prati'ae
1145 2256 1348 2317 commendatio,
1365 2253 1459 2326 inquit,
1474 2268 1551 2308 nemo
1562 2256 1712 2316 oenit,nisi
1721 2256 1835 2310 imatus

182 2329 268 2383 remla
278 2344 309 2382 ec
318 2328 455 2381 salutaria
464 2327 546 2380 illem
566 2328 650 2380 steria
661 2341 722 2396 quie
731 2328 761 2380 in
770 2329 843 2380 omni
853 2331 921 2382 certe
931 2331 981 2384 Ec·
1037 2327 1109 2395 Quid
1120 2329 1164 2381 hia
1177 2326 1301 2388 dicimus,
1312 2327 1434 2393 tratres?
1446 2327 1477 2381 Si
1485 2326 1619 2379 trahimur
1636 2325 1673 2379 ud
1686 2326 1837 2389 Christum,

181 2400 266 2453 clesi'ie
278 2400 481 2467 congregatione
498 2343 674 2458 celebramus,
694 2397 873 2461 eucharistia,
885 2397 915 2452 id
929 2403 979 2467 est,
1036 2412 1097 2466 erpo
1118 2398 1199 2451 inciti
1214 2396 1359 2458 credimus,
1381 2411 1440 2464 erqo
1461 2396 1588 2450 uiolentia
1605 2395 1760 2462 adhibetur,
1782 2411 1839 2451 non

178 2472 333 2538 pretiorum
341 2470 599 2537 actionuncupatur.
611 2466 778 2539 Augustinus
788 2467 816 2521 iii
825 2467 981 2538 soliloquiis
1034 2467 1156 2522 noluntas
1175 2469 1314 2521 circitatur.
1339 2470 1444 2522 intrare
1468 2467 1609 2535 quisquam
1627 2465 1761 2519 ecelesiam
1784 2481 1841 2536 po·

181 2555 242 2612 cap.
261 2542 318 2595 18:
340 2539 478 2601 Recolam,
493 2537 590 2608 inquit,
610 2538 771 2592 admentem
792 2542 981 2594 meamomnia
1036 2542 1087 2593 test
1113 2537 1215 2604 nolens,
1238 2537 1360 2592 accedere
1373 2537 1410 2591 ad
1431 2538 1517 2591 altare
1534 2540 1620 2608 potest
1634 2536 1744 2599 nobie,
1763 2538 1841 2592 acai-

183 2613 262 2672 bona,
282 2610 408 2672 Domine,
424 2617 484 2678 qiua
497 2609 587 2676 (canti
600 2609 670 2662 mihi
687 2624 704 2660 a
718 2607 860 2676 juventute
873 2624 932 2664 mea
952 2612 981 2663 in
1031 2623 1097 2679 pere
1116 2610 1315 2665 &damnatum
1328 2611 1416 2678 potest
1434 2609 1524 2661 nolens
1529 2609 1546 2675 ‚¹
1563 2606 1666 2662 medae
1679 2621 1733 2660 non
1748 2611 1843 2676 potest

180 2683 315 2736 omnioita
327 2695 397 2734 mea.
408 2680 467 2735 Scio
479 2693 595 2748 namque
606 2677 679 2747 quod
687 2678 856 2747 ingratitudo
865 2681 981 2735 multum
1035 2681 1090 2734 nisi
1105 2680 1204 2734 colens.
1220 2681 1255 2733 Et
1268 2676 1338 2733 intra
1353 2697 1360 2732 ε
1373 2676 1462 2735 Nolite
1476 2679 1592 2746 copitare
1604 2678 1719 2731 inuitum
1731 2677 1808 2731 trahi
1829 2696 1839 2732 r

179 2752 231 2806 tibi
243 2751 395 2820 displiceat,
407 2765 468 2819 quie
477 2753 517 2804 est
527 2749 612 2803 redi'a
626 2750 707 2803 totius
719 2748 789 2803 meli
795 2750 941 2818 spiritalis,
954 2755 980 2806 et
1036 2750 1156 2804 trahitur
1167 2750 1275 2804 enimus
1290 2754 1315 2805 et
1327 2764 1433 2817 amureg
1443 2763 1490 2803 nec
1505 2750 1605 2802 timere
1612 2747 1746 2809 debenus,
1757 2763 1791 2802 ne
1802 2749 1841 2803 eb

179 2825 272 2876 cerinis
283 2821 396 2891 quidum
408 2821 553 2883 desiccans,
569 2822 595 2874 et
609 2834 691 2874 uren
710 2834 786 2874 omne
802 2819 910 2887 bonum,
934 2821 980 2875 ob·
1035 2819 1201 2887 hominibus,
1215 2821 1265 2889 qui
1278 2820 1359 2875 uerba
1372 2818 1615 2889 perpendentem
1630 2818 1709 2872 rebus
1720 2820 1841 2875 manem

131 2957 134 2962 ¹
178 2898 285 2947 struens
298 2890 754 2959 tanteinmisericordiietuoesuper
765 2890 912 2956 hominem,·
925 2906 981 2960 qna
1036 2890 1138 2944 diuinis
1152 2892 1248 2946 remoti
1264 2895 1337 2953 sunt,
1355 2893 1384 2945 in
1398 2891 1445 2945 hoc
1463 2890 1669 2960 scripturarum
1683 2894 1842 2945 samtemm

184 2967 209 3017 et
222 2963 297 3015 mala
304 2962 366 3030 jum
383 2966 490 3015 mortue
501 2963 636 3022 emuntur,
651 2962 676 3014 et
689 2961 752 3013 vioe
761 2960 822 3029 jam
835 2976 915 3029 opere
927 2977 982 3016 mo-
1039 2962 1187 3030 manqelico
1204 2961 1282 3015 uerbo
1302 2960 1540 3031 reprehendamur,
1565 2964 1590 3014 et
1610 2959 1719 3014 dicatur
1732 2960 1809 3016 nobis
1830 2979 1840 3015 ε

186 3034 307 3086 riantur.
324 3029 415 3085 Etlib.
426 3030 460 3086 de
477 3029 579 3100 Spiritu
592 3037 619 3084 et
627 3026 731 3084 Littera
741 3044 800 3099 cap.
820 3034 849 3085 tl
868 3048 877 3114 ξ
892 3031 985 3088 Cultus
1040 3032 1173 3100 Quomodo
1195 3032 1330 3087 eeleritate
1347 3031 1438 3099 credo,
1454 3031 1603 3096 attrahor?
1620 3033 1678 3099 Epo
1700 3031 1769 3098 dico,
1787 3046 1842 3101 pa·

191 3104 237 3157 Dei
245 3103 272 3154 iii
281 3101 329 3155 hoc
340 3103 459 3155 manime
471 3101 631 3155 constitutus
640 3102 689 3166 est,
702 3103 733 3154 ut
744 3103 836 3154 anime
850 3117 873 3157 ei
886 3105 985 3158 nonsit
1039 3118 1100 3157 runi
1114 3107 1153 3158 est
1164 3103 1301 3157 uoluntate
1311 3104 1361 3166 ire,
1374 3105 1454 3157 etiam
1467 3101 1602 3170 uoluptate
1621 3101 1747 3157 traheris.
1764 3101 1841 3170 Quid

187 3174 301 3240 inprata
314 3191 322 3225 :
335 3172 444 3225 tandein
456 3173 514 3240 ipso
522 3172 659 3225 uerissime
671 3174 697 3225 et
707 3172 845 3240 singulari
856 3175 986 3243 sacrificio
1039 3175 1111 3228 enim
1122 3179 1161 3228 est
1176 3174 1250 3228 trahi
1263 3174 1416 3244 uoluptate?
1431 3173 1562 3227 Delectari
1573 3174 1602 3226 in
1613 3173 1734 3239 Domino,
1744 3175 1769 3227 et
1783 3172 1841 3227 du-

188 3244 299 3296 Damino
319 3244 370 3296 Deo
384 3245 475 3297 nostro
492 3243 599 3311 pretias
614 3255 692 3309 apere
711 3241 895 3300 admoneamur.
915 3241 986 3300 Vide
1040 3243 1078 3300 bit
1088 3245 1141 3300 tibi
1151 3246 1292 3315 petitiones
1302 3244 1390 3299 cordis
1399 3245 1450 3298 tui.
1460 3246 1495 3299 nt
1506 3242 1629 3313 mandem
1640 3244 1763 3313 uoluptas
1776 3258 1840 3298 cor·

186 3316 223 3369 D.
241 3312 409 3392 bernardum
425 3316 557 3367 sarmit
575 3310 603 3367 in
616 3310 734 3368 cauum
1039 3315 1093 3378 dis,
1109 3318 1154 3371 cni
1163 3317 1243 3386 penis
1262 3315 1348 3370 dulcis
1367 3318 1406 3370 est
1419 3314 1464 3368 itte
1477 3314 1598 3369 celestis.
1614 3315 1699 3369 Porro
1714 3316 1741 3368 si
1751 3317 1838 3384 poeta

159 3415 164 3422 =
222 3392 235 3417 ⁸
249 3384 407 3453 Pelagianos
426 3381 570 3439 haereticos
594 3389 684 3450 notat,
729 3396 829 3438 nomm
851 3383 984 3440 sententia
1002 3359 1025 3424 C
1040 3385 1232 3441 diecreliaait:
1248 3386 1342 3442 trahit
1359 3400 1410 3441 sua
1429 3384 1711 3455 quemqueuoluptesr
1724 3399 1837 3440 nonne-

186 3452 322 3534 inituim
340 3453 402 3535 ³¹³9.
414 3467 465 3508 nos
485 3453 538 3536 Dei
554 3397 798 3535 pusillanimem
821 3468 906 3534 quam
927 3454 986 3536 lege
1039 3459 1163 3520 cessitas,
1179 3457 1226 3512 sed
1237 3456 1375 3526 volupiam
1394 3470 1447 3510 non
1462 3454 1599 3524 obligatio,
1615 3455 1663 3510 sed
1678 3454 1839 3523 mianum

186 3539 234 3580 eeu
248 3523 431 3595 legisnotitia.
447 3524 574 3579 Meminit
585 3525 621 3577 D.
636 3524 823 3594 Hieronymus
842 3522 912 3580 libro
928 3540 985 3594 pri·
1038 3531 1139 3595 quanto
1157 3528 1258 3594 fartim
1271 3542 1318 3581 nos
1335 3527 1422 3581 dicein
1436 3526 1559 3582 debemus
1569 3526 1644 3580 traln
1656 3526 1787 3581 hominem
1797 3525 1839 3580 ad

185 3610 233 3651 mo
243 3602 339 3650 contra
348 3594 544 3667 Pelagianosca
566 3598 649 3661 .9,et
661 3592 687 3648 iii
697 3593 825 3649 Jeremiie
834 3607 981 3665 caputiis.
1038 3597 1186 3661 Christum,
1201 3599 1250 3666 qai
1261 3597 1469 3652 delectatursem
1495 3598 1662 3652 'teriiaaitet
1676 3597 1785 3652 Rursus
1796 3594 1839 3651 in·

185 3668 222 3721 D.
238 3680 346 3737 quoque
362 3664 532 3736 Augustinus
543 3610 592 3719 iib.
609 3661 643 3719 de
659 3663 754 3720 Gratia
770 3663 869 3720 Christi
887 3673 983 3721 contra
1037 3664 1078 3721 tra
1096 3685 1102 3721 :
1121 3671 1236 3725 Remum
1252 3667 1368 3722 uiridem
1385 3671 1426 3722 ost
1478 3670 1500 3722 is
1522 3669 1578 3731 oui,
1598 3670 1625 3722 et
1640 3668 1727 3721 trahis
1742 3667 1822 3722 illem
1828 3685 1838 3734 ς

187 3735 339 3808 Pelagium,
369 3734 440 3791 inter
469 3733 519 3790 alia
544 3754 551 3790 :
573 3737 679 3805 ipsunt,
712 3732 815 3805 inquit,
846 3736 983 3792 aemiliam
1036 3753 1113 3793 reims
1128 3754 1210 3808 puero
1224 3739 1453 3801 demonstrantur,
1470 3743 1496 3793 et
1516 3738 1640 3794 tiuhitur.
1654 3738 1840 3808 Etpastpau·

187 3807 313 3878 (gratim)
326 3822 377 3875 qua
389 3807 593 3877 possibilitatem
603 3805 757 3860 naturalem
765 3804 890 3875 perhibet
903 3807 983 3875 adju·
1036 3823 1070 3864 aa
1085 3810 1134 3866 :st
1144 3824 1204 3878 erpa
1218 3811 1282 3873 ista,
1296 3825 1357 3880 quoe
1371 3811 1442 3864 inter
1455 3808 1565 3865 delicies
1579 3807 1764 3876 etooluptates
1775 3810 1840 3862 ter-

184 3879 257 3941 suri,
274 3879 304 3931 iii
317 3878 373 3947 iege
382 3879 610 3946 constituitatque
621 3875 742 3931 doctrina
757 3891 839 3946 quem
848 3877 923 3932 nobis
935 3879 983 3945 sa·
1035 3894 1113 3935 reims
1123 3881 1277 3936 revelentur
1288 3880 1450 3947 amantibus,
1467 3880 1588 3943 trahunt,
1597 3893 1649 3934 non
1663 3878 1747 3933 trehit
1756 3892 1839 3933 reue-

186 3953 257 4002 tetur
264 3950 345 4002 etiam
354 3950 460 4018 Spiritu
468 3949 591 4002 revelari.
602 3949 637 4002 Et
645 3960 741 4002 rursus
750 3955 844 4002 contra
853 3946 980 4004 eosdem:
1036 3949 1107 4007 letus
1125 3951 1246 4009 Christus
1264 3967 1281 4006 a
1298 3954 1395 4007 Patre?
1409 3951 1480 4017 Quid
1493 3952 1564 4006 enim
1580 3951 1680 4017 toruus
1698 3947 1840 4004 deddmet

185 4021 296 4089 Legunt,
310 4018 357 4084 ait,
371 4023 397 4073 et
407 4019 569 4088 intelligant,
579 4019 738 4073 intueantur
750 4019 983 4085 etsateanturnon
1035 4024 1127 4076 anima
1140 4039 1222 4093 quam
1240 4025 1398 4078 nudatam?
1411 4024 1551 4077 Hactenus
1563 4018 1745 4093 Augustinus.

184 4091 241 4160 tepe
256 4094 338 4159 atque
354 4089 475 4145 doctrina
487 4092 629 4145 insonante
641 4090 800 4156 testamen,
815 4089 863 4144 sed
874 4092 983 4146 interm
1045 4120 1049 4124 ·
1071 4093 1248 4149 cllumilitaa
1265 4108 1329 4165 erga
1346 4094 1438 4148 Deum
1453 4099 1513 4159 est,
1532 4091 1586 4147 Dei
1601 4089 1733 4147 beneficia
1748 4103 1837 4172 agno·

184 4166 265 4230 atque
274 4163 386 4224 occulta,
400 4162 524 4217 mirabili
532 4164 613 4231 atque
624 4161 766 4227 ineffabili
776 4165 908 4231 potestate
921 4176 982 4231 ope·
1035 4176 1122 4231 scere,
1141 4170 1169 4220 et
1186 4178 1237 4236 pro
1255 4163 1295 4219 eis
1313 4162 1413 4235 gratias
1432 4177 1523 4235 agere,
1540 4160 1639 4218 dirinae
1653 4160 1786 4217 voluntati
1803 4175 1836 4217 ae

185 4234 244 4284 rari
256 4235 336 4285 Deum
347 4233 377 4284 in
386 4233 510 4288 cordibus
524 4232 677 4295 hominum,
690 4246 743 4287 non
752 4233 838 4287 solum
851 4245 928 4287 amas
942 4247 982 4286 re-
1036 4232 1183 4304 subjicerea
1206 4231 1281 4305 quod
1298 4233 1438 4305 apostolus
1455 4237 1552 4289 Petrus
1570 4229 1636 4288 dicit
1659 4251 1666 4286 ε
1686 4230 1838 4288 Domitios-i

184 4301 337 4379 relationes..
347 4301 395 4354 sed
408 4305 490 4356 etiam
499 4303 660 4356 calametis.
1035 4304 1085 4358 nib
1096 4305 1202 4373 potenti
1218 4320 1300 4358 mini
1313 4306 1364 4360 Dei
1383 4305 1501 4372 (lPetii
1514 4306 1557 4371 t),
1572 4310 1599 4359 et
1619 4309 1732 4375 propter
1743 4303 1836 4358 mum

219 4362 233 4400 ¹³
252 4370 331 4423 laviti
347 4367 495 4449 trahimur,
514 4383 569 4425 non
589 4369 662 4441 quod
681 4370 806 4428 nolentes
826 4379 874 4427 aut
894 4372 979 4428 coacti
1034 4373 1119 4429 etiam
1139 4373 1306 4442 hominibus,
1325 4374 1420 4443 idest,
1444 4373 1648 4445 superioribus,
1668 4381 1699 4430 ut
1718 4371 1768 4428 Dei
1783 4370 1835 4428 mi

183 4436 654 4518 credamus,autdiligamusDeum
666 4443 674 4504 (
685 4438 981 4512 haecenimimplicant
1032 4443 1127 4499 nistris
1145 4452 1173 4500 et
1195 4443 1397 4513 instrumentis,
1418 4451 1502 4517 caput
1519 4442 1687 4502 submittere.
1705 4443 1743 4498 D.
1766 4443 1835 4498 Ber-

184 4505 460 4587 contradictionem),
483 4507 614 4589 sed-quia
641 4511 717 4564 Deus
744 4525 777 4566 ei
809 4510 978 4579 nolentibus,
1033 4513 1134 4571 nardus
1148 4514 1175 4570 in
1194 4514 1314 4586 quodam
1327 4529 1453 4572 sermone
1477 4534 1483 4570 :
1508 4517 1608 4578 Totins,
1629 4512 1728 4585 inquit,
1743 4513 1836 4568 timei

182 4575 330 4658 rebellibus
351 4585 378 4633 et
390 4578 614 4646 contumacibus,
634 4578 755 4634 volentes
778 4588 806 4636 et
823 4579 979 4640 obedientes
1033 4585 1119 4641 litatis
1137 4601 1242 4641 summo
1259 4589 1289 4641 in
1311 4603 1340 4642 eo
1364 4586 1472 4642 ametur
1492 4588 1646 4648 consistere,
1664 4587 1690 4640 si
1706 4584 1834 4639 emunim

182 4647 272 4706 reddit
290 4655 351 4731 tum
367 4650 485 4715 externis
505 4648 634 4730 objectis,
653 4649 820 4719 terroribus,
840 4651 977 4722 periculis,
1031 4661 1123 4712 nostra
1134 4657 1233 4713 dimna
1247 4659 1256 4722 (
1269 4661 1301 4711 ut
1314 4655 1623 4727 dipnnmestisubiecta
1634 4658 1672 4711 sit
1685 4655 1833 4717 uoluntati,

183 4718 434 4802 exhertationibus3
449 4728 510 4778 tum
525 4734 663 4793 praecipue
684 4719 789 4778 interna
808 4721 932 4779 motione
951 4733 978 4781 et
993 4735 1019 4798 Β
1033 4729 1102 4783 sicet
1113 4754 1115 4760 ·
1125 4731 1164 4783 ait
1183 4729 1314 4798 Propheta
1331 4747 1339 4782 :
1357 4731 1448 4786 Neine
1465 4731 1518 4783 Deo
1532 4726 1650 4796 subjecta
1669 4728 1722 4781 erit
1738 4726 1834 4780 misnia
1887 4744 1890 4753 ·

181 4800 328 4866 gratiasua
347 4791 462 4858 efficaci,
477 4809 531 4863 qua
542 4792 624 4848 corda
636 4793 773 4847 hominum
784 4795 823 4849 sie
835 4808 979 4863 mugi-um
1033 4813 1092 4853 mea
1106 4797 1216 4870 (Psalm.
1238 4799 1325 4863 nrm?
1339 4800 1398 4855 Scio
1415 4798 1523 4868 quidem
1543 4802 1693 4852 creaturam
1711 4792 1834 4866 omnem,

181 4869 222 4918 ter
234 4865 354 4933 ipsorum
364 4865 509 4932 affectibus
518 4867 604 4919 moret
615 4879 646 4919 ec
653 4864 759 4927 suadet,
769 4869 801 4920 ut
806 4866 979 4935 possedeat,
1033 4870 1108 4937 vetit,
1127 4871 1206 4933 nolit,
1221 4869 1366 4937 subjectam
1380 4883 1435 4924 esse
1455 4868 1582 4925 Creatori.
1604 4867 1658 4924 Sed
1675 4884 1692 4921 e
1707 4871 1833 4922 creatum

182 4934 221 5013 ait
234 4936 269 4989 D.
285 4935 454 5004 Augustinus
467 4939 523 5002 (De
536 4935 692 4991 Ρνωάεεείη.
707 4936 798 4992 Sonat.
813 4951 836 4990 c.
848 4941 865 4990 8
876 4941 895 5003 ).
912 4939 980 4994 ‘l'ra-
1034 4941 1164 4995 retiariali
1175 4940 1328 4996 uoluntaria
1340 4939 1618 5009 subiectioqnem'tur,
1633 4942 1664 4993 iit
1677 4939 1832 4993 voluntarie

181 5001 278 5059 bimur
295 5018 362 5074 ergo
376 5004 452 5060 inviti
464 5021 520 5061 non
541 5005 569 5060 iii
592 5019 675 5062 sensu
690 5006 854 5078 coraposito,
871 5006 920 5063 sed
939 5008 979 5064 di·
1032 5013 1162 5080 sanificet
1185 5012 1310 5074 Domino,
1334 5015 1360 5065 et
1382 5012 1537 5080 confiteatur
1554 5011 1660 5065 nemim
1680 5008 1754 5079 epus,
1777 5024 1836 5064 non

181 5073 252 5141 riso,
267 5080 298 5156 iit
315 5072 465 5156 loquuntur
483 5074 625 5131 dialectici.
646 5076 803 5145 Qnoetiam
824 5092 905 5134 sensu
919 5086 980 5134 orat
1033 5083 1098 5150 quia
1112 5082 1234 5136 teribite
1248 5086 1274 5136 et
1292 5085 1422 5145 sanatura,
1438 5096 1490 5136 non
1508 5083 1574 5151 quie
1591 5079 1836 5151 omnipotenmied
1877 5143 1881 5149 ,

180 5144 345 5200 Ecclesiam
365 5144 484 5215 quadam
503 5151 616 5212 secreta,
633 5156 665 5202 ut
681 5150 752 5203 Deus
767 5153 875 5205 nostras
896 5151 978 5205 etiem
1032 5154 1097 5220 qnia
1114 5153 1267 5208 bonumest.
1283 5153 1322 5208 At
1334 5168 1395 5208 aare
1407 5151 1592 5221 subactionem
1603 5153 1683 5206 istam
1697 5150 1836 5221 triplicem

180 5215 372 5295 rebellesadse
385 5216 524 5295 conipetlet
535 5219 670 5287 propitius
683 5218 843 5282 uoluntates,
857 5226 885 5275 et
895 5220 978 5277 Lucae
1032 5237 1088 5279 esse
1105 5239 1205 5281 neceam
1225 5227 1273 5286 est,
1289 5227 1320 5277 iit
1339 5224 1412 5293 qnod
1429 5226 1528 5277 certmn
1547 5226 1586 5277 est
1604 5225 1688 5277 Deum
1709 5221 1787 5284 celle,
1804 5220 1837 5277 id

180 5283 975 5366 xivdisitDominusserro:canipelleintrai·e.Quaecom·
1031 5309 1078 5349 iias
1096 5295 1208 5349 uelimus
1227 5296 1348 5363 omnino;
1368 5299 1393 5350 et
1407 5293 1479 5365 quod
1501 5296 1600 5348 certum
1615 5299 1655 5349 est
1678 5308 1738 5348 eum
1751 5291 1835 5354 nolte.

179 5353 283 5425 pulsio„
307 5369 362 5409 non
385 5355 538 5411 nolentiam
561 5367 609 5413 aut
628 5358 831 5425 necessitatem,
850 5359 898 5414 sed
918 5359 978 5416 dili·
1030 5365 1157 5418 si‘mititer
1170 5369 1370 5421 casememuret
1383 5380 1430 5420 noa
1446 5363 1539 5435 :quod
1551 5366 1781 5419 enteminoerttim
1794 5366 1838 5417 est

179 5431 288 5567 erar
301 5424 553 5570 iteritatis
561 5427 976 5570 ,tilth‘iittldttldt
1030 5436 1649 5562 d..
1743 5447 1836 5503 n...

537 5538 545 5566 i
1228 5524 1262 5563 et
1327 5549 1334 5562 .
1431 5547 1438 5561 .
1612 5547 1619 5560 .

179 5581 244 5655 eum
259 5566 431 5648 veliementer
449 5584 577 5640 rogamur
597 5576 624 5626 et
639 5569 795 5625 invitamur.
812 5569 856 5626 Sic
872 5545 977 5644 Sponsii
1028 5520 1079 5612 pel
1098 5575 1128 5632 ld
1143 5585 1184 5632 est
1205 5577 1335 5634 miracula
1352 5576 1416 5634 siris
1431 5575 1588 5649 apostolicis
1607 5575 1700 5648 digna,
1714 5581 1743 5631 et
1759 5587 1833 5646 apo·

178 5651 209 5691 in
222 5638 340 5720 canticis
351 5646 411 5693 orat
424 5638 432 5710 l
447 5640 523 5697 Cant.
539 5640 569 5711 1)
583 5659 589 5694 :
608 5642 695 5696 Prehe
707 5656 749 5695 me
760 5645 821 5711 post
831 5647 865 5711 te,
885 5661 975 5701 curre·
1030 5645 1165 5703 stolorum
1179 5648 1324 5705 virtutibus
1338 5663 1370 5704 ac
1384 5647 1520 5704 miraculis
1533 5654 1726 5704 consentanea.
1745 5646 1833 5702 Para·

174 5723 236 5789 mus
251 5725 279 5789 in
291 5710 398 5764 oderem
411 5715 611 5792 uiipiieiitomni·
620 5716 746 5780 tuorum:
761 5720 788 5768 et
798 5714 860 5770 Ose.
876 5730 909 5771 iit
925 5735 931 5770 :
945 5719 976 5772 ln
1030 5717 1152 5788 phraates
1180 5721 1242 5776 aulo
1257 5719 1399 5777 dilucidius
1414 5739 1423 5774 ε
1439 5720 1504 5777 Cum
1517 5719 1583 5790 {idei
1595 5721 1696 5774 cutum
1707 5718 1833 5773 testiino-

161 5780 386 5837 ianeilanatarn
398 5783 511 5838 traham
526 5796 585 5854 eos,
601 5781 630 5842 id
643 5790 699 5855 est,
712 5798 768 5842 uon
782 5784 822 5857 ri,
835 5786 975 5860 quomodo
1028 5790 1104 5845 nium
1111 5735 1490 5863 periibentapostohbasipna
1497 5793 1660 5862 msanctos
1671 5789 1835 5861 frequenter
