3848 6158
187 201 237 254 in
659 198 662 202 “
860 145 1000 247 tonans
1017 188 1167 246 cassiani
1456 195 1458 198 ’
1785 195 1841 250 iis

187 317 455 392 loquar,iolentibas
466 312 985 386 etcurrentibusimpartiri,seeuadum
997 319 1023 381 Α
1037 315 1140 370 Praesto
1152 321 1321 384 annumque
1332 311 1534 369 occasionesibi
1548 312 1742 394 tantummodo
1757 328 1772 368 a
1785 330 1842 372 no-

187 410 254 468 illud
266 408 432 481 quodetiam
442 409 471 465 in
486 407 591 480 psalmo
601 405 871 479 octogesimooctaro
880 419 912 460 ex
924 419 985 477 per·
1040 406 1166 464 bisbouae
1176 406 1324 462 voluntatis
1335 404 1437 474 oblata,
1447 403 1650 463 adbaecomuia
1658 405 1839 467 conferenda.

190 517 260 560 sona
276 502 325 559 Dei
336 510 463 559 cantatur
480 520 486 556 :
508 504 591 557 Posui
602 500 769 569 adjutorium
790 500 818 553 in
828 496 946 569 patente,
960 503 986 553 et
1039 500 1167 573 Amplius
1179 500 1251 557 enim
1263 500 1399 573 illaquam
1413 514 1474 568 uos,
1491 498 1692 571 perfectionem
1705 500 1838 561 salutem·

193 598 314 653 exaltavi
330 598 440 651 electum
458 597 491 650 ile
503 597 582 665 plebe
601 609 660 648 neu
678 594 761 660 (Vide
783 595 980 648 annotationem
1039 609 1094 666 que
1112 601 1236 649 nostram
1250 591 1386 651 desiderat
1404 602 1432 648 et
1454 600 1599 664 exspectat.
1623 594 1658 649 Et
1681 595 1709 650 in
1730 603 1842 654 tantum

191 691 333 746 secundum
344 693 392 744 Do.
406 690 505 758 cunct.
520 690 550 742 in
562 688 631 742 calce
641 689 768 757 operiat·
779 686 902 744 Dicimus
911 686 985 742 enim
1038 687 1134 744 beatus
1147 687 1234 745 David
1249 696 1410 759 proventum
1424 686 1466 743 sui
1488 687 1580 759 operis
1602 701 1635 742 ac
1657 686 1760 744 laboris
1773 705 1843 762 pro·

189 781 495 838 seeundumSalratoris
506 779 735 838 sententiamdari
746 779 858 853 quidem
869 779 985 852 petenti·
1040 780 1098 853 pria
1115 788 1226 837 tantum
1241 779 1373 836 industria
1386 795 1442 836 non
1464 794 1545 851 posse
1565 787 1681 836 noverat
1698 780 1842 839 obtineri:

190 872 251 941 bus,
265 882 292 928 et
303 874 400 945 aperiri
411 871 592 948 pulsantibus,
603 882 658 929 eta
673 873 858 945 querentibus
868 872 982 928 inveniri
1038 881 1070 929 ut
1082 889 1098 929 a
1112 855 1226 929 Domino
1239 855 1387 945 promereri
1403 871 1582 929 directionem
1595 886 1708 929 suorum
1722 889 1842 947 operum

191 966 430 1038 (llattt.iii);scd
437 968 605 1042 petitionem,
615 965 863 1041 etinqoisitionem,
874 968 919 1024 etl
928 965 985 1039 pul·
1040 967 1136 1022 iterata
1148 980 1228 1037 prece
1245 963 1414 1036 deposceret,
1428 963 1523 1021 diceus
1537 985 1544 1020 ε
1560 967 1596 1021 nt
1611 979 1691 1034 opera
1710 983 1843 1024 manuum

189 1060 324 1118 sationem
335 1072 459 1120 nostram
470 1078 526 1119 non
541 1077 600 1119 esse
614 1061 793 1133 condignam,
807 1059 857 1116 nisi
879 1058 984 1116 miseri·
1039 1062 1193 1114 nostrorum
1206 1058 1294 1127 diripe
1305 1073 1387 1128 snper
1400 1072 1462 1120 nos,
1475 1062 1500 1113 et
1511 1072 1577 1127 opus
1591 1073 1720 1115 mannum
1734 1066 1842 1119 nostiu-

187 1151 337 1211 cordiaDei
347 1155 373 1212 id
381 1154 455 1227 quod
464 1155 582 1226 petimus
590 1152 705 1224 dederit,
717 1153 759 1210 iel
767 1151 903 1225 aperuerit
910 1149 985 1224 quod
1038 1165 1099 1205 rum
1113 1150 1293 1219 diriqeffsol.
1303 1154 1424 1215 iuris).
1442 1150 1475 1204 Et
1488 1152 1600 1205 rursum
1619 1169 1626 1205 :
1642 1151 1774 1222 courum
1790 1156 1841 1211 boc

126 1232 131 1249 '
190 1245 341 1319 pulsamus,
354 1247 396 1304 iol
408 1247 473 1306 illud
489 1230 562 1321 quod
580 1247 728 1320 quaerimus
744 1246 839 1305 fecerit
856 1244 981 1303 inveniri.
1037 1247 1111 1300 Deus
1124 1243 1197 1313 quod
1208 1248 1367 1314 speratuses
1383 1242 1706 1315 intromissurum).

736 1442 862 1498 arsinoi
882 1440 994 1497 sitm
1011 1415 1291 1496 ubnnsnranius,

196 1638 244 1687 aut
260 1629 346 1685 altero
358 1628 432 1685 bono
447 1642 528 1699 opere
549 1626 657 1693 morali,
688 1624 743 1683 uod
758 1625 872 1682 fortasse
890 1624 988 1694 faciet,
1043 1632 1147 1689 nostro,
1165 1630 1197 1681 nt
1214 1627 1418 1695 sequatnrillo,
1433 1628 1649 1696 consumimus
1667 1632 1802 1698 petentes,
1816 1635 1843 1687 et

218 1700 318 1756 lurfma
331 1706 439 1770 peccata
454 1697 562 1754 lethalia
574 1698 632 1753 siue
645 1641 814 1754 dubitatione
824 1697 988 1753 committet.
1044 1699 1192 1751 insumimus
1197 1702 1354 1766 querentes,
1362 1698 1724 1766 aperiturquepulsontibns.
1732 1702 1786 1758 Nec
1794 1716 1843 1756 oo·

197 1716 269 1828 gans
283 1771 329 1841 qui
343 1768 443 1825 docent
456 1767 599 1824 bominem
613 1767 736 1825 faciendo
760 1767 834 1839 quod
847 1767 877 1823 in
897 1781 927 1823 se
948 1776 991 1823 est
1044 1767 1104 1822 lunt
1120 1768 1271 1837 intelligere
1285 1767 1525 1822 etiamtordiami
1534 1771 1653 1824 munais
1666 1776 1765 1825 esseut
1781 1786 1841 1827 ore·

196 1840 263 1898 solis
280 1848 384 1896 natuiae
397 1839 498 1895 viribus
515 1837 550 1896 ad
561 1838 676 1914 gratiam
696 1838 852 1910 preparari,
867 1846 915 1894 aut
928 1839 990 1911 opi·
1043 1853 1120 1900 mus,
1131 1839 1178 1893 boc
1200 1842 1249 1902 est,
1260 1843 1393 1909 petamus,
1419 1853 1571 1907 queramus
1591 1843 1672 1908 atque
1687 1840 1839 1911 pulsemus.

197 1920 299 1968 nantur
311 1925 374 1967 eum
384 1910 439 1966 suis
451 1909 551 1966 viribus
565 1924 644 1981 posse
655 1907 813 1966 desiderare
831 1916 858 1964 et
872 1916 989 1980 peteres
1044 1911 1198 1978 Accipimus
1211 1911 1281 1963 enlm
1294 1910 1427 1978 mutan
1440 1909 1594 1978 adoptionis
1602 1911 1729 1978 tiliarum,
1743 1913 1773 1966 in
1788 1927 1842 1982 qua

197 1985 261 2038 Deo
310 1981 407 2047 atiani,
429 1989 457 2035 et
470 1979 529 2037 haic
547 1989 588 2036 est
601 1979 713 2037 baerrsis
733 1979 893 2051 Pelagiana,
908 1987 939 2034 ut
957 1993 991 2035 eit
1044 1979 1192 2034 clamamus
1204 1995 1214 2033 .·
1226 1980 1306 2034 Abba
1319 1981 1402 2033 Pater
1418 1979 1438 2047 (Ι
1451 1980 1510 2036 Cor.
1521 1977 1562 2049 ii).
1572 1979 1649 2046 Quod
1661 1981 1732 2036 amit
1748 1982 1842 2038 beatus

196 2053 276 2110 conci
287 2067 314 2108 ιο
328 2052 494 2107 Arausicano
506 2051 619 2127 aliisque
633 2049 798 2105 testimoniis
811 2064 892 2175 suplra
903 2049 991 2105 citatis
1045 2050 1202 2106 Ambrosius
1212 2067 1220 2114 ;
1231 2052 1271 2103 uit
1285 2051 1376 2103 enim:
1394 2051 1430 2104 nt
1442 2065 1521 2105 orare
1532 2054 1626 2114 Deum,
1640 2053 1739 2120 qratia
1755 2054 1844 2123 spiri·

199 2123 346 2194 probatum
361 2129 417 2188 est,
430 2128 476 2176 aut
490 2129 563 2177 carte
584 2120 743 2176 existimant
759 2135 839 2191 posse
869 2120 991 2175 ominem
1046 2121 1109 2174 talis
1130 2125 1179 2191 est,
1193 2121 1403 2188 sicntscriptnm
1424 2123 1463 2174 est
1479 2138 1485 2173 ι
1504 2122 1586 2177 Nenu
1606 2122 1691 2186 dicit,
1713 2125 1842 2180 nomimis

199 2190 662 2334 tttttttttlltlllttllll
684 2190 993 2317 &tillidi
1046 2190 1642 2332 luntltlsistttstttlts:ll
1655 2193 1843 2320 5ῖὲῗέἓέοέ

198 2329 340 2388 sanctitate
358 2331 455 2388 morali
475 2347 622 2403 provocare
637 2335 727 2387 Deum
739 2331 772 2387 ad
787 2302 916 2386 auxiliu'm
928 2345 993 2402 spe·
1047 2331 1093 2387 tiae
1105 2328 1313 2413 suffragantem.
1327 2332 1366 2385 Ex
1381 2331 1480 2403 quibus
1494 2338 1568 2402 patet
1580 2333 1720 2404 quomodo
1741 2334 1843 2391 intelli·

198 2403 268 2460 ciale
289 2403 341 2459 sibi
353 2402 521 2467 donandum,
533 2420 588 2475 quo
608 2401 719 2459 tandem
728 2400 763 2457 ad
774 2401 855 2458 fidem
866 2400 993 2484 gratiam-
1047 2400 1136 2473 gendo
1146 2402 1182 2458 sit
1194 2402 1240 2457 illa
1252 2401 1400 2458 salvatoris
1411 2402 1562 2470 sententia,
1575 2417 1607 2459 ex
1627 2418 1679 2475 qua
1692 2404 1845 2463 Cassianum

200 2489 256 2545 quo
268 2473 428 2545 perveniat:
451 2473 499 2530 sed
513 2473 572 2531 bac
593 2488 701 2547 quoque
714 2480 756 2528 est
779 2471 891 2529 liaeresis
914 2470 994 2528 Pela·
1047 2485 1126 2528 suam
1149 2471 1326 2528 assertionem
1345 2470 1514 2543 desumpsit:
1529 2475 1622 2540 Petite,
1635 2477 1660 2528 et
1679 2475 1845 2544 amlpietisr

202 2544 282 2617 gaon
296 2544 326 2599 iii
348 2543 417 2601 libro
437 2545 578 2616 superiore
592 2547 658 2601 satis
671 2557 804 2614 superque
819 2541 951 2610 refutata,
965 2550 996 2598 ut
1047 2544 1173 2612 querite,
1201 2547 1227 2598 et
1244 2543 1400 2611 isauricum
1424 2544 1542 2613 pulsate,
1565 2548 1590 2599 et
1609 2545 1742 2613 operietur
1764 2546 1848 2602 uobis

202 2615 329 2671 omittam
356 2615 464 2671 nullum
490 2614 627 2685 ejusmodi
654 2612 798 2670 bominem
817 2627 850 2669 ex
873 2612 996 2670 historiis
1049 2614 1156 2680 (llnttli.
1172 2627 1223 2679 vii,
1239 2615 1365 2680 Lucri),
1381 2622 1432 2671 etc.
1450 2616 1513 2669 Non
1525 2613 1600 2670 enim
1613 2613 1649 2670 ita
1662 2613 1848 2698 ’ubemurps·

220 2700 282 2742 osse
293 2686 453 2741 monstrari.
472 2686 589 2742 Catones
600 2684 693 2752 enim,
709 2685 853 2750 Socrates,
874 2683 996 2766 aliosque
1049 2691 1118 2750 tere,
1131 2697 1262 2755 quaerere.
1277 2684 1402 2755 pulsare,
1417 2684 1494 2756 quasi
1509 2684 1570 2742 haec
1587 2700 1603 2741 a
1618 2630 1773 2756 nobisipsis
1785 2701 1848 2743 sine

200 2700 302 2813 Eorum
323 2755 439 2824 similes,
480 2756 508 2811 ui
527 2757 598 2812 inter
622 2754 745 2812 ethnicos
765 2753 929 2811 sanctissimi
949 2769 996 2826 Ju-
1049 2753 1150 2810 auxilio
1162 2754 1257 2827 gratiae
1272 2762 1402 2836 praestare
1413 2755 1558 2826 possimus,
1573 2753 1663 2812 sedat
1673 2755 1848 2826 inspirationi

200 2825 283 2882 dicati
307 2834 392 2896 sunt,
416 2771 513 2882 mufftis
534 2827 605 2883 vitiis
627 2833 774 2897 coopertos
802 2823 888 2881 fuisse
918 2823 997 2881 facilc
1036 2831 1078 2892 ⁸et
1101 2825 1237 2881 vocationi
1255 2823 1357 2881 divinae
1373 2827 1588 2893 consentientes,
1602 2834 1630 2881 et
1681 2826 1742 2882 atiae
1766 2826 1846 2883 auxi·

200 2895 384 2954 demonstrari
414 2905 519 2969 posset.
546 2901 613 2954 llaec
636 2896 772 2952 illustriss.
794 2894 994 2964 Bellarminus,
1050 2893 1143 2950 fiatrici
1157 2895 1457 2967 cooperantes,idonei
1470 2895 1648 2953 reddamura
1679 2896 1829 2980 petendum

201 2967 379 3037 quibusuibil
393 2968 547 3024 aeciuatius
568 2983 600 3024 ac
621 2965 765 3022 dilucidius
782 2963 874 3020 afferri
931 2973 994 3022 test.
1070 2965 1241 3046 uaerepdum,
1262 2964 1437 3037 pulsandum,
1457 2966 1528 3024 sicut
1540 2973 1667 3038 oportet,
1677 2937 1848 3039 Juxtaillud

202 3040 240 3093 At
255 3037 292 3093 'de
312 3036 355 3093 bis
370 3053 420 3109 pro
439 3038 546 3094 rationo
564 3036 681 3092 instituti
695 3037 755 3107 plus
774 3035 851 3092 satis.
875 3037 955 3091 Pura
972 3036 997 3092 si
1050 2979 1221 3094 gaalmutae:
1243 3036 1363 3092 Audiam
1378 3037 1445 3107 qnid
1466 3038 1591 3109 loquatur
1603 3039 1633 3092 in
1647 3054 1688 3092 me
1704 3041 1847 3104 Dominus,

200 3107 327 3178 requiris,
348 3106 462 3163 consule
472 3107 607 3164 Didaeum
618 3106 733 3163 Aliarez
748 3104 793 3161 lib.
810 3121 843 3162 vr
858 3106 891 3163 dc
910 3106 997 3162 Auni·
1051 3108 1176 3176 queniam
1198 3108 1322 3178 loquetur
1340 3123 1433 3177 pacem
1447 3110 1476 3162 in
1493 3124 1535 3164 eos
1547 3111 1597 3190 qni
1608 3113 1797 3164 comertuitur
1807 3110 1848 3165 od

202 3176 246 3233 liis
263 3175 362 3232 diriuae
375 3177 471 3250 gratim
486 3177 586 3249 disput.
608 3181 653 3244 56,
675 3176 721 3233 ubi
733 3175 803 3232 banc
816 3175 997 3248 questionem
1050 3193 1094 3233 cor
1108 3179 1218 3245 (Psnlm.
1236 3178 1349 3250 cxxiii).
1366 3177 1516 3234 Fatendum
1528 3179 1613 3252 igitur
1627 3178 1774 3235 secundum
1785 3178 1849 3235 Sal·

202 3246 264 3304 fuse
276 3255 385 3316 tractat,
403 3257 431 3303 et
443 3248 562 3319 priorem
581 3247 655 3304 illam
674 3247 872 3330 expositionem
887 3245 996 3303 refellit.
1052 3247 1153 3304 satoris
1171 3249 1353 3313 sententiam,
1370 3249 1484 3321 gratiam
1506 3249 1563 3306 dari
1584 3249 1756 3321 petentibus,
1768 3263 1848 3321 quar·

238 3327 251 3354 ⁸
271 3320 373 3374 Contra
395 3318 464 3373 banc
489 3319 667 3375 assertionem
688 3317 770 3374 nimis
792 3317 906 3374 liberam
931 3317 998 3375 editi
1013 3304 1036 3370 C
1051 3317 1190 3386 rentibus,
1210 3318 1395 3391 pulsantibus3
1416 3317 1463 3376 sed
1481 3319 1622 3376 neminem
1639 3327 1750 3392 petere,
1769 3335 1848 3392 quae-

202 3396 267 3445 suut
293 3403 412 3445 canones
438 3388 543 3461 aliquot
567 3389 595 3444 in
617 3387 665 3444 illo
689 3388 805 3445 concilio
828 3388 999 3446 Arausioano
1053 3404 1124 3456 rere,
1154 3388 1847 3462 ulsare,uisipriusaDeoexcitatumetadJ’utuni:

204 3459 292 3530 (cujus
307 3474 394 3542 ¹supra
415 3460 586 3542 mentionem
608 3458 877 3542 fecimus),·quibus
900 3457 997 3541 eadem
1054 3405 1169 3530 proinde
1181 3459 1350 3532 petitionem,
1363 3460 1570 3533 iaquisitionem
1579 3501 1587 3528 ,
1589 3460 1777 3588 pulsationem
1791 3476 1850 3543 no·

202 3529 369 3601 exploditur,
383 3538 410 3587 et
424 3539 559 3587 contraria
573 3538 672 3586 veritas
695 3537 833 3586 asseritur.
853 3532 883 3584 ln
903 3544 999 3600 primis
1053 3537 1140 3585 stram
1163 3545 1220 3586 non
1236 3529 1338 3586 ’solum
1367 3546 1424 3587 non
1452 3546 1514 3588 esse
1535 3532 1715 3614 bonignam,
1744 3539 1776 3587 ut
1806 3539 1849 3589 ait

203 3615 292 3657 canon
306 3600 540 3657 tertiussicbabet
549 3603 624 3671 (Gap.
641 3603 668 3666 3)
685 3618 691 3654 :
706 3602 738 3657 Si
750 3603 812 3670 quis
826 3615 876 3670 per
890 3602 1000 3655 inuoca-
1052 3598 1196 3657 Cassianus
1207 3642 1215 3669 ,
1228 3599 1277 3657 sed
1294 3600 1407 3658 omnino
1419 3602 1522 3658 nullam
1536 3617 1551 3658 a
1571 3601 1651 3658 nobis
1674 3616 1733 3658 esse
1746 3616 1849 3674 posse,

205 3674 304 3727 tranem
323 3674 469 3727 lismonam
483 3670 518 3743 (id
538 3680 595 3736 est,
616 3669 745 3727 humanis
766 3670 869 3726 viribus
882 3668 997 3740 factam)
1052 3669 1104 3726 nisi
1118 3684 1134 3724 a
1149 3672 1207 3728 Deo
1221 3669 1377 3742 inspiretur,
1393 3671 1539 3729 inchoetur
1556 3680 1584 3728 et
1599 3671 1762 3744 perficiatur.
1780 3674 1851 3730 Haec

205 3746 323 3810 qratiam
338 3746 388 3798 Dei
397 3743 467 3798 dicit
478 3744 606 3810 conferri,
617 3757 670 3797 uon
683 3745 772 3796 antem
783 3743 999 3811 ipsampratiom
1051 3739 1192 3797 enimerat
1209 3741 1418 3799 Massiliensium
1431 3752 1458 3800 et
1471 3742 1746 3816 semipelagianorum
1764 3758 1849 3799 com·

206 3816 296 3882 [acme
320 3818 351 3868 tit
371 3817 507 3869 limaretur
527 3831 545 3868 a
559 3814 646 3876 nabis,
664 3812 825 3868 contradicit
839 3814 918 3867 fsoioe
934 3827 1001 3881 piro-
1053 3810 1145 3868 munis
1159 3811 1293 3868 sententia
1305 3813 1469 3885 alloquendi
1483 3812 1593 3880 modus,
1607 3818 1638 3870 ut
1650 3813 1776 3883 superius
1791 3829 1850 3870 no·

203 3884 302 3954 plietae,
319 3884 359 3939 rel
382 3885 508 3955 apostolo
526 3885 596 3939 idem
613 3883 714 3938 dicenti
735 3901 744 3937 :
768 3885 893 3939 inautus
904 3897 964 3937 snm
983 3898 1002 3937 o
1054 3882 1193 3939 lavimus:
1210 3883 1326 3940 emmas
1335 3887 1421 3940 nostri
1428 3887 1508 3940 irriti
1519 3890 1593 3947 sunt,
1604 3885 1658 3939 nisi
1668 3883 1851 3953 adjacentem.

206 3970 260 4009 iton
277 3956 460 4025 quarentibus
469 3972 510 4011 mr
523 3956 635 4026 :polam
646 3956 767 4025 apparui
780 3954 822 4009 liis
836 3955 886 4023 qni
897 3968 938 4009 me
949 3968 1002 4008 non
1053 3952 1154 4009 Contra
1165 3968 1235 4036 quos
1246 3954 1349 4024 optime
1362 3956 1394 4010 D.
1411 3955 1563 4012 bernardus
1576 3955 1604 4011 in
1618 3952 1709 4010 libello
1730 3953 1765 4010 de
1778 3955 1850 4011 Gra-

208 4026 462 4096 inteiropabontlls.
476 4030 628 4092 crumilum.
642 4029 684 4092 iit.
698 4025 808 4081 fanone
818 4022 1000 4095 quartodam·
1053 4023 1090 4080 tia
1106 4033 1133 4080 et
1147 4026 1248 4081 Libero
1256 4024 1389 4082 Arbitrio.
1403 4027 1502 4088 Liberi,
1513 4025 1611 4098 inquit,
1622 4025 1850 4080 aritriiconatm

207 4103 309 4168 uantur
320 4100 371 4167 qni
386 4097 510 4152 dicebaut
521 4100 604 4153 Deum
618 4101 769 4167 respectare
784 4096 947 4151 uoluntatem
957 4109 1002 4151 no·
1053 4095 1194 4151 odbonum
1202 4096 1273 4152 cossi
1284 4100 1357 4164 sunt,
1370 4099 1451 4153 sinon
1462 4097 1641 4167 adinventum
1652 4096 1784 4152 etnullisi
1794 4111 1849 4151 noia

207 4171 304 4230 stram,
319 4184 374 4237 qno
386 4170 499 4224 uelimus
508 4169 635 4240 purgari
643 4183 697 4223 nan
709 4172 798 4223 autem
808 4168 926 4222 utetiom
934 4181 1003 4236 pur·
1053 4168 1217 4224 seruentur.-
1227 4174 1259 4221 ut
1270 4165 1455 4238 intelligamus
1461 4166 1561 4223 tamad
1572 4164 1759 4239 incipiendum
1766 4180 1850 4238 quam

208 4240 632 4308 pariuelimus,perinlnsionem
641 4240 1002 4318 sonctispiritnsctopera·
1055 4235 1089 4293 ad
1102 4235 1299 4307 perficiendum
1359 4239 1428 4294 tiam
1440 4253 1500 4296 esse
1514 4237 1705 4295 neeessariam.

208 4308 309 4362 monem
328 4310 357 4360 in
380 4310 455 4363 nobis
477 4313 546 4379 seri.
571 4309 692 4391 lienique
706 4314 903 4365 canonosexto
927 4305 1002 4364 idem
1089 4307 1177 4362 l’lliic
1190 4306 1295 4363 ratione
1375 4309 1454 4365 ianus
1470 4308 1554 4365 etalii
1572 4306 1751 4364 Massilienses
1768 4315 1852 4363 erro·
1882 4371 1897 4382 ‚

209 4375 364 4445 expressius
377 4376 506 4432 definitur
521 4378 565 4434 bis
579 4378 692 4438 verbis:
714 4380 746 4434 sl
762 4380 824 4448 pais
838 4381 897 4433 sine
911 4380 1002 4446 pratili
1054 4390 1115 4432 rem
1137 4374 1235 4448 Pelagii
1257 4376 1391 4436 declinare
1412 4394 1443 4436 se
1465 4377 1674 4446 existimabant,
1696 4377 1850 4450 quodcum

210 4448 261 4499 Dei
275 4445 453 4510 credendibus,
468 4448 626 4509 uolentibus,
639 4447 863 4516 decumantibus,
882 4449 1000 4502 cononti-
1055 4445 1179 4520 Pelagius
1193 4447 1288 4503 merita
1308 4447 1387 4506 liberi
1407 4449 1512 4506 arbitrii
1532 4448 1671 4520 condigna
1682 4463 1743 4506 esse
1764 4448 1850 4520 iacta·

210 4515 1000 4588 lius,laborantibusni'pilnntibus,studmtibus,petmtibus,
1055 4523 1108 4584 ret,
1124 4528 1155 4574 ut
1166 4517 1253 4589 gratia
1264 4518 1345 4575 nobis
1358 4520 1393 4578 ad
1407 4519 1515 4578 facilius
1530 4519 1701 4592 operandum
1715 4517 1851 4576 concede·

208 4584 410 4655 quaerentibus,
431 4588 602 4657 pulsantibus
617 4587 694 4642 nobis
711 4588 923 4642 misericordium
936 4589 1002 4643 di'ait
1055 4595 1142 4655 retur,
1165 4588 1244 4644 sicuti
1273 4589 1356 4645 etiam
1378 4589 1486 4648 dicebat
1503 4606 1555 4648 iios
1594 4604 1655 4646 osse
1678 4604 1709 4646 eit
1733 4589 1853 4662 propri‘u

206 4656 1002 4801 ffi‘blliblslilltl‘eflilllt”⁶¹²''lllulf
1017 4689 1043 4752 ὓ
1056 4657 1852 4804 institutussttlsslstusntsstn

209 4804 301 4856 nunet
315 4800 824 4871 impii-attonemmncttspintusmm
849 4802 855 4812 '
878 4801 1002 4871 finiam
1055 4801 1234 4872 petratorium
1248 4774 1276 4857 e't
1289 4803 1557 4875 congruumnostris
1572 4801 1715 4859 oouadbus
1738 4808 1767 4857 et
1785 4815 1853 4874 ope·

209 4875 353 4941 statueret
364 4876 413 4927 out
426 4872 632 4929 bumilitcticnt
643 4871 797 4927 cultuum
810 4871 933 4927 bumana
941 4872 1003 4926 snb·
1055 4870 1132 4928 ribus
1143 4872 1334 4941 attribuerent,
1346 4873 1420 4946 quod
1432 4889 1463 4932 ex
1473 4888 1503 4931 sc
1514 4889 1570 4931 non
1581 4871 1720 4930 sufficeret
1734 4870 1770 4928 ad
1784 4884 1853 4943 gra·

205 4941 407 5010 jungitprotie
416 4944 598 5013 adjutoriam
607 4949 654 4998 nec
663 4947 694 4998 ut
703 4943 1003 4999 obedientesetbumiles
1055 4941 1122 4998 tiam
1145 4951 1174 4999 et
1186 4942 1304 5000 salutem
1318 4959 1350 5000 ei
1363 4943 1453 5017 rigore
1464 4944 1576 5018 justitie
1591 4942 1781 5010 obtinendam,
1794 4941 1849 4998 nisi

207 5013 316 5073 simus,
336 5012 421 5079 ipsius
436 5016 532 5082 pratia
545 5015 645 5069 danum
660 5029 715 5070 esse
732 5016 879 5078 munit,
902 5015 1003 5070 resistit
1057 5013 1104 5068 liei
1119 5012 1306 5071 misericordia
1319 5014 1486 5083 subveniret,
1501 5022 1529 5071 et
1541 5023 1651 5072 nostros
1664 5021 1781 5071 conatus
1793 5027 1855 5085 pes·

210 5081 449 5152 Apostolodicenti
461 5084 641 5151 :Quldbabes
657 5084 795 5155 puerinon
805 5101 850 5141 acc
889 5087 951 5140 'til
964 5091 1002 5150 et,
1057 5083 1160 5141 liceret.
1172 5083 1253 5158 Atqui
1272 5100 1308 5142 ex
1322 5084 1375 5142 boc
1390 5086 1449 5158 ipso
1461 5085 1637 5144 ooniicerunt
1655 5084 1855 5157 etiudirarunt

207 5154 308 5234 Gratia
320 5154 477 5234 Deisum‘i'd
492 5155 564 5235 qnod
577 5169 637 5236 snm
647 5157 742 5281 gem
752 5170 782 5212 iv
795 5101 1004 5237 etxieissuQuibus
1057 5154 1162 5237 Patres,
1180 5155 1254 5227 ipsos
1268 5155 1296 5211 in
1318 5155 1386 5213 illud
1408 5157 1586 5231 Pelagianum
1601 5157 1704 5229 dogma
1716 5152 1855 5220 incidere,

210 5222 362 5278 canonibus
392 5237 458 5293 ipsis
471 5223 590 5279 Cassiani
605 5240 651 5280 ier
670 5241 694 5281 is
707 5226 867 5298 usurpatis,
881 5224 1003 5282 excludi·
1056 5232 1187 5283 mmiium
1200 5226 1317 5298 gratiam
1327 5226 1480 5285 secundum
1496 5227 1592 5285 merita
1602 5237 1697 5284 noema
1710 5226 1782 5294 dari,
1797 5226 1857 5282 fleo

212 5296 258 5348 tur
282 5262 427 5375 manifeste
450 5293 551 5350 modus
570 5294 697 5378 loquendi
720 5301 747 5351 rt
766 5296 861 5368 opinio
883 5295 968 5378 ipsius
993 5313 1001 5352 r
1056 5295 1159 5353 scilieet
1171 5303 1264 5354 nostm
1277 5296 1391 5367 merita,
1407 5297 1496 5370 idest,
1514 5306 1668 5357 conatuset
1681 5297 1791 5354 labores
1802 5310 1858 5379 no·

211 5376 295 5433 quem
314 5370 396 5418 etiam
411 5364 526 5421 modum
546 5364 673 5438 loquendi
686 5365 798 5422 damnat
816 5367 1001 5438 Augustinus,
1056 5367 1257 5439 strosprimum
1273 5367 1394 5425 intuente
1405 5377 1433 5425 et
1444 5370 1647 5438 considerantes
1664 5376 1801 5426 eteorum
1815 5381 1859 5424 ui·

211 5439 352 5505 umquam
364 5433 581 5506 Pelagianorum,
600 5444 649 5492 aut
663 5434 873 5507 eisfaientium,
887 5435 958 5493 libro
967 5436 1002 5495 de
1055 5437 1394 5521 tuituetoontemplatlone
1401 5441 1516 5513 gratiam
1532 5455 1623 5510 suam,
1636 5433 1814 5522 nonqiiidem
1823 5452 1859 5494 ex

207 5505 288 5560 liano
302 5506 508 5575 perseverantiae
521 5522 582 5580 cap.
604 5510 638 5563 23
658 5507 685 5563 in
703 5505 764 5564 baee
779 5506 862 5563 verba
878 5524 886 5563 ε
902 5509 1007 5565 ntem:
1056 5507 1226 5580 condignoet
1236 5524 1269 5565 en
1291 5510 1393 5579 ustitia,
1403 5511 1550 5569 sedtamen
1560 5528 1593 5569 ex
1602 5527 1654 5567 con
1707 5516 1774 5566 itate
1785 5522 1859 5581 que·

210 5576 290 5659 dant,
310 5575 414 5647 inquit,
426 5579 555 5647 quamodo
577 5580 716 5647 {alluitur
737 5579 787 5649 qui
802 5582 903 5648 putant
919 5594 1003 5634 essen
1055 5578 1122 5636 dam
1132 5578 1211 5637 nobis
1228 5525 1409 5638 malensis:
1434 5582 1510 5654 quod
1524 5591 1630 5639 certes
1681 5581 1720 5637 cit
1733 5578 1769 5637 ad
1786 5593 1857 5636 eia·

212 5647 297 5710 naon,
312 5662 365 5702 non
384 5648 448 5702 dori
459 5649 535 5704 nabis
551 5655 583 5705 nt
591 5654 725 5720 petamus,
738 5665 901 5719 queramus,
914 5651 1004 5720 pulse-
1056 5648 1188 5706 cuandam
1202 5650 1339 5708 rationem
1352 5667 1436 5711 merae
1450 5661 1478 5710 et
1524 5651 1619 5710 rfeetic
1636 5651 1751 5726 madre,
1767 5647 1858 5708 utisd

210 5731 283 5782 mus,
294 5722 320 5774 et
333 5719 381 5776 luc
394 5733 450 5776 eisc
461 5719 627 5792 dicuntque
637 5721 1002 5792 pmtiapredicrturmeiito
1056 5719 1231 5779 collationem
1245 5726 1278 5780 tl
1292 5723 1410 5796 plenius,
1423 5726 1479 5783 fleo
1503 5731 1610 5796 aiente,
1624 5722 1857 5783 monstrabimm.
