3824 6164
126 203 197 259 1003
669 195 809 252 losmmls
826 194 977 250 CASSlthl
996 193 1238 250 commutamus.
1712 189 1783 242 {004

124 325 212 384 minsa
236 332 326 383 mente
350 324 472 397 corrupti
494 339 527 380 ao
551 321 660 395 reprobi
683 323 755 378 circa
777 320 873 391 iidem,
896 321 965 389 inA
1278 317 1399 375 CAPUT
1419 316 1479 371 vtl.

123 420 233 476 nomine
253 419 366 476 Domini
388 425 415 475 ee
433 416 570 475 damonia
589 415 744 489 expellunt,
765 423 793 470 u
813 413 925 471 virtutes
980 423 1432 492 amicumamicumi-irruam
1450 415 1781 477 indiminutarum

122 514 259 570 maximas
273 521 431 586 operantur.
449 514 490 567 De
504 510 682 583 quibuscum
697 509 813 582 apostoli
827 523 923 565 missa-
1228 494 1382 549 humililate
1391 491 1527 546 willim-

121 614 218 665 rentur
232 615 260 663 el
276 607 408 674 dicerent,
426 610 585 676 Praeceptor,
598 605 718 661 uidimus
732 604 874 674 quemdam
893 605 923 658 in
1014 600 1140 673 Denique
1154 600 1211 673 ipse
1226 608 1321 656 auctor
1335 597 1476 670 signorum
1490 592 1615 649 omnium
1629 601 1716 664 atque
1730 591 1788 647 vir·

122 702 230 754 stamine
244 703 288 754 tuo
301 699 449 769 ejicientem
461 698 602 761 damonia,
616 701 640 753 el
649 696 837 766 prohibuimus
851 709 922 758 cum,
978 701 1083 763 tutum,
1097 710 1162 751 eum
1174 693 1208 750 ad
1220 693 1354 750 doctrinm
1365 706 1422 749 suae
1431 687 1620 761 magisterium
1632 684 1787 757 discipulos

122 793 188 861 quia
200 805 254 846 non
266 792 387 860 sequitur
400 790 546 853 nobiscum,
563 789 627 844 licet
644 788 747 845 eisdem
760 786 927 858 adpraesens
980 786 1137 856 advocaret,
1155 785 1221 859 quid
1240 785 1274 842 ab
1294 800 1327 842 eo
1341 784 1396 841 reri
1416 791 1498 855 atque
1518 778 1676 837 electissimi
1695 786 1786 835 secta-

125 884 298 956 responderit
308 885 433 942 Christus
449 886 555 943 :Nolite
563 884 717 954 prohibere,
730 885 781 953 qui
792 884 862 937 enim
875 896 927 937 nan
980 888 1055 937 tores
1068 880 1238 953 peculiariter
1256 878 1360 937 discere
1373 877 1519 944 deberent,
1536 871 1677 928 evidenter
1690 879 1786 928 osten-

125 985 164 1036 esl
178 981 320 1036 aduersum
333 996 388 1044 uos,
400 996 452 1051 pro
465 980 538 1035 uobis
555 983 594 1033 est
604 979 678 1044 (Luc.
695 976 752 1049 rx).
767 978 873 1033 Tamen
887 975 927 1032 eis
980 972 1022 1031 dit
1032 996 1038 1032 ε
1050 977 1154 1039 Venite,
1165 974 1285 1048 inquit,a
1296 978 1321 1029 et
1331 973 1451 1028 discitea
1461 985 1513 1034 me,
1523 966 1681 1039 nonutique
1691 973 1723 1021 nt
1732 963 1788 1021 dm

124 1072 152 1128 in
166 1073 220 1129 fine
231 1073 396 1141 dicentibus,
411 1074 533 1136 Domr'ne,
547 1072 667 1134 Domine,
680 1085 764 1124 nonrte
777 1071 807 1124 ia
821 1071 927 1124 nomine
981 1085 1078 1127 mones
1101 1069 1204 1127 ooelesti
1227 1066 1358 1143 potestate
1379 1064 1497 1139 pellatis,
1523 1076 1578 1118 non
1602 1067 1632 1115 ut
1656 1058 1785 1132 leprosos

125 1170 170 1220 tuo
181 1167 408 1236 prophetanimus,
426 1168 453 1218 cl
469 1167 499 1218 in
516 1167 562 1217 tuo
576 1164 683 1217 nomine
697 1163 813 1216 uirtutes
826 1162 926 1216 multas
979 1161 1145 1234 emundetis,
1158 1178 1214 1219 non
1223 1170 1256 1219 ut
1265 1176 1352 1218 caecos
1361 1157 1533 1224 imminetis,
1545 1171 1601 1211 non
1613 1161 1645 1210 nt
1655 1161 1787 1210 mortuos

123 1260 694 1329 lecimuslresponsurumsesssetestatur,
705 1255 926 1328 quisnamquam
981 1258 1117 1315 suscitetis
1139 1276 1146 1311 :
1169 1256 1228 1314 haec
1248 1256 1322 1313 enim
1340 1252 1445 1311 etiamsi
1467 1266 1516 1323 per
1532 1246 1672 1321 quosdam
1691 1260 1790 1303 servos

123 1348 923 1421 amisos,discediteame,operariiiniquitatis(Mallium).
982 1365 1060 1407 meos
1080 1363 1188 1422 operor,
1209 1364 1268 1405 non
1286 1355 1377 1421 potest
1396 1361 1426 1403 se
1451 1345 1570 1400 inserere
1590 1339 1721 1398 laudibus
1734 1338 1787 1397 Dei

124 1447 160 1502 Et
173 1445 276 1503 idcirco
290 1445 374 1501 etiam
384 1445 452 1502 istos
465 1444 564 1516 quibus
576 1442 646 1499 hane
658 1442 773 1516 gloriam
784 1443 926 1517 signorum
981 1442 1100 1499 humana
1116 1440 1248 1509 conditio,
1269 1456 1320 1498 nec
1335 1440 1421 1497 nllnm
1434 1437 1485 1495 sibi
1501 1437 1529 1493 in
1547 1436 1601 1492 lloc
1615 1434 1745 1490 minister
1758 1440 1786 1489 ct

124 1547 206 1612 atque
225 1539 358 1595 virtutum
378 1553 427 1611 pro
449 1537 550 1595 merito
570 1537 720 1593 sanctitatis
740 1536 797 1608 ipse
817 1550 927 1594 conces·
981 1534 1102 1593 lamulus
1121 1535 1266 1609 decerpere
1286 1535 1451 1607 portionem,
1475 1530 1523 1588 ubi
1537 1530 1624 1586 solius
1639 1526 1785 1585 dantum

124 1632 172 1702 sit,
192 1647 227 1689 ne
248 1632 277 1689 in
293 1631 334 1689 liis
352 1631 528 1701 extollantur,
548 1630 683 1688 admonet
700 1630 793 1688 dicens
815 1649 821 1685 :
841 1631 929 1689 Nolite
982 1639 1024 1686 est
1034 1630 1139 1703 gloria:
1156 1632 1327 1697 vosautem,
1340 1627 1440 1699 inquit,
1453 1625 1643 1681 hoediscitea
1657 1621 1783 1692 me,quia

125 1727 245 1796 quodue
264 1729 329 1796 quia
352 1727 485 1782 damonia
503 1725 578 1782 uobis
597 1725 791 1795 subjiciuntur,
816 1724 929 1794 qoudcte
981 1726 1055 1780 mitis
1066 1739 1125 1779 sum
1138 1727 1165 1778 ct
1176 1722 1286 1777 humilis
1298 1720 1495 1785 corde(hlallh.
1509 1718 1566 1789 xil.
1581 1718 1645 1772 Hoc
1657 1715 1732 1772 enim
1744 1720 1785 1771 est

125 1828 216 1877 aulem
246 1825 312 1892 quia
341 1825 450 1878 nomilia
476 1827 567 1878 oestro
593 1822 694 1891 scripta
721 1824 785 1875 sunt
806 1822 835 1873 in
858 1819 929 1874 culis
982 1814 1057 1888 quod
1077 1815 1184 1872 cunctis
1198 1814 1358 1888 generaliter
1376 1812 1482 1870 discere
1504 1819 1532 1867 et
1552 1824 1675 1866 exercere
1692 1805 1782 1879 possi-

125 1920 199 1980 (hna.
215 1922 258 1984 x).
630 1941 632 1944 ·
983 1911 1037 1968 bile
1059 1919 1110 1979 cst,
1130 1912 1144 1946 ¹³
1165 1924 1248 1982 opera
1267 1917 1359 1966 autem
1379 1908 1522 1980 signorum
1538 1911 1616 1978 atque
1635 1902 1778 1968 virtutum,

677 2032 805 2088 sinunt
823 2031 936 2089 GAZAEI
954 2031 1235 2088 COMMENTARIUS.

124 2158 196 2209 aqua
216 2142 324 2211 impleri
339 2142 475 2210 iussisset,
494 2140 618 2195 laddum
639 2153 667 2193 eo
688 2137 814 2201 deducit,
837 2141 869 2192 ut
886 2139 931 2192 illi
982 2138 1261 2194 sibiliaetinoisibilna
1269 2130 1784 2215 crearanoninipsomundomirabilia

127 2212 281 2280 baptismum
299 2213 459 2279 impertiret.
478 2213 579 2266 Verum
591 2225 664 2279 aqua
679 2211 813 2272 uniuersa,
832 2209 929 2264 diuina
981 2213 1072 2279 facere
1086 2215 1112 2266 et
1122 2215 1240 2265 mortum
1253 2212 1393 2271 suseitam,
1403 2207 1451 2263 sed
1465 2226 1473 2261 s
1492 2207 1627 2273 thniam
1639 2207 1716 2259 melu
1728 2216 1784 2257 uum

125 2281 242 2349 quoda-m
255 2284 365 2342 uirtute,
381 2297 442 2350 qum
463 2281 544 2336 oeulis
560 2281 632 2335 cuni
643 2281 777 2349 percipies
789 2295 842 2335 nan
853 2283 929 2350 pote-
982 2285 1008 2336 et
1025 2282 1136 2335 humilis
1150 2281 1227 2336 carde
1242 2279 1310 2350 (tib.
1330 2280 1363 2335 de
1376 2280 1474 2335 Sancta
1496 2278 1631 2345 Virqinil.
1652 2290 1711 2345 cap.
1728 2275 1780 2338 ³5).

125 2355 181 2413 rat,
196 2352 487 2406 subitoeahaustaest.
501 2352 707 2420 dicamusque
717 2352 865 2420 episcopus,
879 2366 928 2405 ne-
981 2351 1053 2406 Alibi
1067 2350 1138 2406 idem
1150 2356 1192 2406 Au
1231 2349 1448 2405 stinuseamdem
1456 2347 1622 2404 sententiam
1632 2343 1783 2418 expendens

127 2437 178 2491 que
190 2423 250 2490 alii,
263 2425 312 2492 qui
324 2422 449 2485 aderunt,
464 2426 586 2476 accurate
599 2421 798 2476 mauidmarent
811 2436 867 2491 qua
880 2436 928 2475 ra·
981 2422 1021 2477 sic
1029 2421 1190 2477 admirabun
1212 2437 1244 2477 us
1254 2421 1387 2476 exclamat
1399 2438 1405 2475 :
1418 2423 1534 2476 Nuccine
1545 2419 1654 2474 redacti
1663 2419 1723 2472 sunt
1732 2430 1782 2469 oue

126 2495 198 2547 limae
216 2494 246 2548 id
262 2494 413 2557 atullisset,
430 2494 477 2548 sed
491 2509 592 2563 aquam
607 2493 794 2562 perforamen
812 2492 884 2561 quod
896 2493 927 2546 in
980 2508 1026 2547 nes
1042 2493 1164 2548 thesauri
1176 2494 1318 2563 sapiatliae
1333 2497 1359 2546 el
1372 2493 1488 2546 scientie
1499 2490 1656 2545 absconditi
1666 2490 1696 2543 ia
1706 2491 1740 2550 te,
1753 2488 1784 2541 ul

125 2566 178 2619 imo
192 2565 266 2620 alueo
284 2566 350 2631 laid,
363 2580 415 2635 per
428 2564 500 2634 quod
513 2567 596 2620 elilim
610 2564 679 2619 alias
692 2579 794 2633 aquom
807 2564 927 2618 solebant
982 2563 1030 2617 boc
1041 2579 1091 2633 pro
1102 2579 1198 2633 magno
1207 2565 1370 2618 diseamusa
1384 2567 1419 2626 le,
1433 2565 1561 2633 quoniam
1571 2563 1649 2616 mitu
1661 2575 1688 2614 es
1699 2563 1724 2614 et
1736 2558 1784 2613 bu·

125 2636 243 2700 educere,
260 2638 397 2703 eslluaissc
413 2638 611 2698 sublimarent,
626 2635 730 2689 alueum
749 2633 879 2704 baptismi
895 2633 928 2688 de
982 2635 1055 2716 milis
1072 2634 1169 2690 corde?
1180 2637 1253 2690 ltane
1264 2649 1391 2703 maqnum
1405 2640 1443 2690 est
1454 2648 1507 2688 essc
1517 2646 1650 2704 paruum,
1662 2634 1694 2685 ul
1707 2630 1760 2685 rusi
1767 2643 1784 2684 a

125 2708 243 2777 integro,
255 2708 437 2775 foraminibus
447 2707 604 2777 undiquein
614 2707 726 2775 cofirme
735 2706 877 2769 obturatis,
889 2704 928 2759 di·
984 2710 1018 2768 te,
1030 2707 1144 2774 quitum
1153 2720 1265 2775 maguus
1274 2720 1310 2769 es,
1323 2708 1407 2774 fieret,
1421 2705 1607 2759 diseiomnino
1616 2718 1672 2757 aaa
1680 2702 1784 2773 postet?
1812 2744 1816 2751 .

127 2777 240 2848 ligentur
254 2780 377 2849 implent.
394 2781 432 2835 nt
443 2795 503 2834 cum
517 2777 626 2834 sudeus
640 2782 706 2831 esset
719 2777 832 2832 seeundo
845 2779 874 2830 in
886 2776 930 2830 al·
983 2777 1027 2830 lla
1036 2778 1120 2847 plane
1135 2796 1144 2831 ε
1158 2792 1211 2832 non
1223 2777 1387 2831 animaliter
1403 2777 1542 2830 inuenitur
1553 2773 1785 2844 requiescamus

124 2863 202 2905 ceum
209 2848 928 2920 baptisteriideductus,aquarursuspenituscoanuit.
982 2848 1039 2900 misi
1056 2848 1176 2917 inquieto
1198 2851 1299 2901 tumore
1318 2847 1432 2915 digesto,
1454 2862 1506 2916 quo
1524 2862 1629 2916 moqaa
1646 2844 1699 2899 sibi
1718 2844 1782 2906 mat,

125 2921 222 2989 ltaque
230 2922 332 2975 Paulus
344 2939 352 2974 ε
366 2921 483 2981 Ohomo,
494 2921 594 2988 inquit,
606 2922 656 2972 aut
665 2917 825 2971 saluatoris
833 2920 929 2985 parles
982 2916 1092 2986 quando
1100 2917 1149 2971 tibi
1157 2932 1224 2972 sonu
1233 2933 1286 2972 non
1296 2923 1365 2980 erat,
1373 2924 1424 2972 etc.
1434 2919 1576 2974 Locusost
1585 2913 1784 2988 pulcherrimi!

126 2993 195 3056 apis,
210 2994 258 3043 aul
270 2991 432 3059 baptismum
442 2991 570 3056 ignorans
583 2988 715 3054 recepisti.
731 2986 818 3050 Quare
834 2985 883 3039 ubi
896 2987 929 3042 ob
982 2987 1091 3043 ellectu
1104 2987 1292 3057 dignissimus.

126 3055 930 3124 miraculumamultiseoconcursumerat,sortequidamlu
1018 3049 1031 3089 ὓ
1052 3060 1089 3113 D.
1112 3060 1279 3132 Arigustinus
1301 3056 1372 3115 hanc
1386 3057 1571 3129 objectionem
1586 3056 1729 3126 gentilium
1747 3053 1782 3111 its

127 3127 217 3181 wan
229 3128 262 3181 de
274 3129 347 3192 (acie
360 3129 443 3188 nmiit,
456 3142 568 3196 musque
580 3127 615 3180 ab
627 3127 717 3182 Attico
729 3128 849 3196 episcopo
863 3128 929 3185 Con·
949 3160 960 3171 .
982 3128 1068 3184 eludit
1088 3149 1094 3184 :
1112 3131 1173 3194 Gur,
1187 3131 1326 3200 inquiunt,
1340 3146 1411 3185 mune
1424 3132 1473 3184 illo
1489 3129 1626 3184 miracuta
1642 3144 1703 3199 qua

126 3199 364 3267 stuntincpolitano
379 3198 545 3267 baptizatum
562 3198 680 3251 uiderat.
696 3199 750 3252 Hoc
767 3199 928 3254 miraculum
981 3199 1078 3255 dualis
1098 3202 1173 3267 taeta
1192 3216 1255 3263 esse,
1277 3216 1331 3255 non
1344 3204 1432 3270 punt?
1451 3203 1558 3256 Possem
1574 3200 1684 3271 quidem
1720 3199 1785 3252 abac

123 3284 176 3339 per
201 3270 316 3326 Paulum
341 3270 519 3327 Nuarmnum
548 3270 700 3351 episcopum
728 3268 830 3323 editum
857 3271 924 3336 suit.
980 3272 1405 3342 neccssaaioluisse,priusquam
1417 3268 1724 3334 crederelmundur,ad
1736 3267 1783 3323 hat

128 3342 266 3397 Hactenus
281 3342 417 3408 Socrates,
436 3340 536 3412 etipse
551 3342 729 3397 Noeatranus.
749 3339 793 3395 sd
807 3340 859 3395 hoo
873 3340 926 3395 mi·
980 3337 1782 3413 urereuerumuruus.Quisqursuunuaprodrqsnuseredat.

127 3413 252 3469 taculum
265 3412 316 3468 sibi
330 3413 469 3483 objectum
482 3412 649 3483 respondens
667 3410 810 3468 cardinalis
823 3409 930 3467 Bellar·
946 3451 969 3514 c
985 3414 1112 3481 inquirit,
1124 3429 1253 3482 moqnum
1263 3419 1302 3468 cst
1315 3413 1547 3484 ipseprodiqium,
1561 3417 1612 3483 qui
1619 3411 1715 3467 munda
1724 3423 1781 3490 ore-

127 3483 232 3549 minus,
249 3482 330 3538 docet
345 3498 399 3536 non
419 3481 502 3537 luisse
517 3483 679 3539 miraculum
696 3481 839 3538 Noratiani
854 3497 929 3538 erro·
986 3483 1074 3548 dente,
1094 3499 1146 3540 non
1159 3486 1244 3539 eredit
1263 3484 1332 3554 (tib.
1355 3499 1397 3539 xx
1418 3486 1450 3540 dc
1467 3488 1546 3542 bh'uit.
1566 3501 1589 3539 e.
1612 3488 1664 3554 tlt).
1684 3479 1782 3539 Subdrt

127 3552 176 3618 ris,
194 3551 243 3605 sed
257 3552 313 3605 veri
326 3551 466 3618 baptismi,
484 3553 557 3622 quod
571 3569 632 3625 pers
652 3553 754 3618 icuum,
774 3552 872 3624 inquit,
888 3558 930 3609 est
983 3560 1085 3622 minen,
1098 3562 1125 3610 et
1137 3563 1230 3610 namet
1243 3563 1302 3610 toto
1317 3555 1406 3626 capite
1420 3556 1505 3611 multa
1519 3554 1651 3611 miracula
1662 3552 1782 3610 curado·

128 3635 160 3677 ex
184 3636 233 3686 eo,
260 3619 431 3702 quadridem
452 3623 581 3676 ,Socrates
605 3570 761 3703 subjungit,
786 3623 928 3692 cognitum
982 3640 1049 3679 num
1071 3624 1152 3681 etiarn
1173 3641 1223 3681 suo
1245 3634 1368 3696 tempore
1390 3625 1473 3695 iacta,
1491 3625 1557 3703 licet
1578 3640 1635 3681 uon
1655 3624 1782 3680 omnibns

128 3690 211 3762 paulo
234 3698 294 3760 post
311 3689 392 3746 luisse
415 3706 477 3747 eum
491 3691 617 3747 Judaeum
628 3708 688 3762 qam
705 3700 784 3747 antea
806 3692 928 3763 baptiza·
982 3703 1064 3761 nota,
1090 3711 1138 3767 per
1158 3697 1255 3750 merita
1280 3705 1307 3752 et
1331 3697 1468 3753 orationes
1488 3703 1653 3752 madenam.
1680 3698 1716 3750 Et
1732 3691 1779 3748 lib.

127 3770 188 3818 tum
202 3762 255 3818 ritu
276 3762 413 3818 catholico
427 3762 461 3818 ab
474 3762 568 3818 Attico
587 3762 713 3844 episeopo
735 3763 927 3819 Constantino·
983 3779 1102 3821 nxxxur
1113 3765 1340 3839 Quaestionnmq.
1353 3774 1400 3823 79:
1410 3769 1479 3831 ideo,
1490 3765 1644 3836 iuquit,non
1653 3764 1781 3818 omnibus

128 3833 259 3916 polliano.
272 3835 365 3905 ltaque
377 3835 452 3889 Deus
464 3834 527 3905 quia
538 3833 626 3889 noluit
640 3830 747 3889 irrideri
759 3830 927 3904 baptismum
982 3839 1081 3891 sanctis
1092 3839 1146 3892 uta
1158 3838 1327 3902 tribuuntur,
1337 3838 1595 3909 nepermieiasissirno
1606 3850 1695 3890 errore
1705 3835 1781 3890 deci·

127 3921 156 3961 rn
170 3905 288 3961 Ecclesia
301 3906 351 3960 rite
365 3912 534 3975 susceptum,
544 3920 600 3960 non
614 3903 739 3974 permisit
748 3904 928 3974 impostorem
978 3909 1096 3976 mantus
1108 3911 1219 3978 inmuni,
1231 3912 1417 3966 eaislimantes
1427 3913 1456 3966 ia
1467 3909 1564 3965 tatibus
1574 3907 1659 3975 lamis
1671 3907 1780 3976 majora

127 3976 256 4033 Judaeum
270 3976 304 4031 ab
322 3975 452 4032 lraeretico
466 3975 593 4046 episcopo
611 3975 710 4031 iterum
730 3974 871 4045 baptizari.
887 3977 927 4033 lta
982 3978 1054 4033 dona
1068 3994 1132 4044 esse,
1148 3996 1231 4050 quam
1249 3982 1279 4035 iu
1294 3983 1418 4051 operibus
1427 3981 1554 4050 justitia,
1567 3978 1667 4049 quibus
1680 3982 1780 4032 durna

128 4047 313 4104 Bellarminus
323 4049 392 4115 (Lib.
407 4048 440 4103 de
453 4049 529 4106 Notis
542 4048 639 4104 Eccles.
651 4063 673 4102 c.
689 4051 744 4113 tl).
758 4046 826 4103 Vide
839 4046 926 4118 plura,
980 4051 1038 4104 uita
1047 4056 1230 4122 comparatur.
1240 4053 1274 4106 D.
1286 4053 1435 4124 Gregorius
1443 4051 1539 4108 homil.
1548 4056 1584 4107 29
1594 4051 1621 4105 in
1627 4047 1778 4122 Evangelia,

128 4120 151 4176 si
174 4118 259 4183 lubet,
283 4119 355 4189 apud
376 4120 524 4175 Baromum
540 4126 628 4175 <tomo
653 4124 751 4189 quana
777 4117 927 4174 Annalium
980 4134 1119 4191 exponens
1140 4122 1186 4178 ills
1206 4121 1289 4178 verba
1310 4122 1411 4179 Christi
1434 4143 1440 4178 :
1463 4123 1547 4191 Simia
1566 4126 1658 4176 autem
1677 4136 1720 4176 eos
1735 4119 1778 4190 qui

130 4191 219 4261 (Arina
238 4192 339 4247 Christi
352 4193 417 4254 itu,
429 4193 460 4245 in
471 4190 543 4260 finci,
558 4191 604 4245 ubi
616 4189 696 4247 docel
710 4189 779 4245 lianc
792 4189 928 4246 namatio·
982 4192 1149 4249 crediderint
1160 4194 1214 4248 haec
1227 4198 1381 4264 sequentur,
1393 4203 1445 4249 etc.
1457 4193 1608 4263 Numquid,
1621 4191 1670 4257 ait,
1684 4193 1779 4258 {romu

128 4277 193 4317 nem
205 4261 339 4327 Socratis,
359 4261 479 4316 hominis
496 4261 652 4326 Nosatiani,
665 4276 722 4316 non
736 4275 828 4316 carere
841 4259 928 4330 suspi·
981 4265 1043 4327 mei,
1059 4267 1125 4333 quia
1136 4267 1191 4319 esta
1203 4280 1256 4319 non
1270 4266 1374 4331 lacius,
1391 4267 1503 4319 minime
1514 4264 1644 4319 creditis?
1664 4262 1717 4320 Sed
1729 4263 1777 4316 hut

129 4331 207 4386 cione
219 4330 344 4386 salsitatis
358 4352 365 4385 :
378 4348 410 4385 ac
419 4331 530 4387 demum
542 4331 680 4386 concludit
691 4331 852 4386 miraculum
862 4330 929 4387 illud
982 4336 1131 4389 necessaria
1146 4337 1175 4389 in
1188 4336 1297 4390 suardio
1313 4337 1437 4393 Ecclesia
1455 4338 1580 4404 meunt.
1600 4337 1635 4391 Ut
1652 4329 1778 4389 etiamad

130 4407 172 4466 (ut
192 4414 286 4453 verum
308 4398 390 4455 luisse
411 4400 546 4472 credatur)
561 4402 675 4457 cessisse
695 4402 723 4458 in
739 4401 929 4458 confirmatio·
981 4403 1060 4474 idem
1070 4404 1777 4472 mesoerctmulliludocrcdentium,mirauslisliuml

129 4484 196 4524 nem
208 4469 449 4539 potinscatlrolicm
462 4471 592 4537 veritatis,
602 4487 684 4542 quam
698 4474 732 4527 ad
746 4472 821 4528 Pauli
832 4472 929 4529 merita
981 4475 1146 4541 mulmenda3
1159 4479 1225 4545 quia
1239 4481 1265 4532 el
1278 4493 1324 4533 nos
1337 4494 1396 4534 cum
1408 4479 1522 4534 arbusta
1533 4479 1705 4548 plantamus,
1716 4481 1777 4530 tarn·

129 4539 300 4607 illustranda,
315 4555 396 4610 quem
411 4543 537 4598 Socrates
556 4541 682 4596 laudibus
695 4549 784 4597 ornat.
799 4545 866 4598 Haec
878 4543 927 4599 illi.
982 4545 1032 4600 diu
1046 4547 1083 4600 eis
1096 4562 1196 4616 aquam
1209 4549 1390 4615 infundimus,
1403 4564 1488 4619 quous
1508 4565 1541 4604 ue
1554 4564 1587 4603 ea
1599 4551 1629 4603 in
1643 4545 1776 4615 turaias»

129 4611 185 4671 Sed
204 4611 278 4684 quod
296 4611 397 4668 abillis
416 4610 643 4684 pretermissum,
658 4611 702 4668 liic
722 4627 754 4667 en
773 4613 928 4685 Nicephoro
982 4616 1110 4672 coaluisse
1120 4618 1260 4674 uideamus
1274 4625 1319 4676 :et
1330 4619 1467 4677 sisemelr
1506 4623 1573 4674 icem
1581 4615 1776 4690 lacrumirri

129 4683 314 4767 adjiciendum
328 4683 478 4740 existimavi
496 4682 558 4738 huie
572 4682 632 4738 loao
646 4691 870 4740 consentaneum.
885 4685 929 4741 Sic
983 4689 1057 4756 patio
1068 4690 1187 4744 cessabit.
1200 4693 1268 4746 Hinc
1282 4695 1401 4748 estasim
1412 4692 1483 4763 quad
1496 4692 1600 4747 Paulus
1613 4692 1696 4745 dicti:
1709 4686 1776 4742 hin·

129 4772 203 4812 enim
225 4757 270 4812 illc
292 4764 436 4827 postquam
455 4753 580 4812 eamdem
597 4754 738 4811 historiam
759 4755 896 4812 enarravit
920 4775 927 4812 :
983 4774 1044 4827 qua
1064 4761 1093 4813 in
1112 4763 1219 4830 mgnum
1237 4766 1310 4826 sunt,
1332 4780 1385 4820 non
1404 4763 1538 4833 lidetibus,
1562 4763 1610 4818 sed
1628 4757 1777 4830 infidelibus

129 4831 188 4885 Non
206 4829 301 4891 older,
321 4828 417 4899 inquit,
439 4829 486 4884 boc
504 4826 614 4899 quidem
626 4829 747 4882 recensui
765 4846 773 4883 :
790 4843 882 4884 uuum
896 4832 928 4883 ut
941 4834 967 4899 Ι)
982 4829 1777 4904 (1cminsh.xivlmuoemusdenmuqaisutqueoumtibur,

129 4900 198 4952 scire
205 4901 338 4965 possimus
347 4902 464 4966 qratiam
474 4900 594 4955 diuinam
600 4915 719 4971 persepe
728 4901 809 4955 eliam
817 4915 845 4956 se
853 4899 928 4971 apud
975 4917 1044 4971 quse
1062 4903 1150 4958 adhue
1172 4904 1297 4960 subtilius
1316 4906 1486 4961 masidmare
1509 4904 1665 4960 debeamus.
1687 4902 1778 4959 Saum

131 4968 256 5036 indignos
276 4969 411 5032 exhibere,
432 4971 507 5024 nullo
527 4973 590 5026 inde
608 4975 741 5027 oorttracto
758 4971 926 5027 detrimento.
982 4975 1080 5043 quippe
1096 4974 1215 5030 Ecclesia
1228 4976 1346 5045 quotidie
1359 4976 1524 5047 spiritaliter
1536 4977 1618 5042 lacit,
1638 4973 1778 5045 quadllllw

129 5040 318 5095 Maaimeuero
329 5039 378 5093 illa
389 5040 568 5097 admiratione
580 5043 663 5111 digna
675 5048 724 5106 est,
737 5044 929 5114 quoesicuarie
979 5059 1030 5114 per
1051 5046 1181 5115 apostolos
1202 5046 1376 5117 corporaliter
1395 5048 1524 5115 faciebat.
1546 5049 1618 5103 Nam
1635 5042 1779 5101 meudula

129 5112 208 5167 rebus
221 5114 296 5167 nouis
309 5127 336 5167 sc
348 5112 463 5168 ostendit
473 5114 629 5183 perdiqnos
642 5116 732 5178 simul,
745 5121 770 5170 et
783 5114 929 5184 aliquarido
982 5115 1050 5185 ejus,
1064 5132 1124 5171 eum
1133 5133 1183 5188 per
1197 5119 1338 5173 ecmmsmi
1350 5121 1471 5189 qratiam
1489 5133 1604 5173 manum
1619 5112 1780 5174 indutibus

129 5186 317 5249 etiamsinon
333 5200 398 5241 umis
412 5185 539 5256 postulet,
551 5201 600 5257 per
612 5187 747 5255 indignos.
765 5187 833 5241 Haec
847 5185 929 5241 Nice·
958 5186 960 5190 ‘
982 5187 1134 5257 imponunt,
1142 5194 1167 5244 et
1175 5190 1297 5245 habitare
1304 5191 1435 5260 malignos
1442 5191 1557 5260 spiritus
1566 5186 1781 5245 incorummentl

129 5255 232 5382 phoras
247 5274 253 5312 :
269 5273 331 5340 quae
347 5266 482 5329 quatenus
496 5273 558 5313 vera
571 5256 636 5322 sint,
649 5264 696 5311 aut
708 5257 785 5323 laisa,
800 5270 832 5310 en
849 5255 929 5313 dictis
982 5255 1781 5331 contradicunt,quidaliudsaciuntnisidlemouiaejiciunt?

141 5328 208 5384 acile
221 5329 310 5401 colligi
330 5337 418 5400 potest
432 5347 438 5383 :
452 5327 576 5400 indignos
592 5327 666 5382 enim
681 5325 726 5382 hie
739 5340 837 5381 vocare
851 5325 928 5383 vide·
982 5331 1018 5384 Et
1025 5330 1116 5398 maiales
1127 5334 1236 5401 quique,
1248 5332 1465 5402 quijamoeteris
1475 5334 1539 5386 odie
1548 5333 1693 5387 semiusta
1704 5325 1782 5384 uerbo

128 5404 184 5466 tur,
207 5415 276 5472 qnos
296 5399 422 5471 superius
441 5397 584 5472 improbos
606 5406 633 5453 et
653 5396 774 5454 inlideles
793 5397 926 5456 diximus.
982 5399 1180 5470 derelinquunt,
1192 5409 1382 5459 sanclaaulem
1395 5396 1786 5472 mpsrmuinsanant,coadi·

129 5468 250 5526 Gratiam
270 5488 335 5529 vero
355 5470 475 5528 divinam
497 5469 626 5544 intelligit
646 5469 762 5543 matiam
780 5470 929 5528 miraculo·
982 5474 1049 5528 toris
1061 5474 1106 5527 sui
1118 5473 1209 5528 laudes
1221 5480 1247 5529 el
1258 5478 1407 5545 potentiam
1418 5480 1553 5545 quantum
1561 5472 1709 5546 prandent
1720 5483 1786 5524 aar

128 5552 204 5602 rum,
219 5550 249 5597 ut
263 5558 299 5598 ex
309 5542 534 5600 antecedentibus
548 5543 643 5616 liquet.
983 5547 1056 5607 rant,
1067 5545 1136 5615 quid
1144 5545 1221 5600 aliud
1231 5548 1346 5613 socium,
1356 5548 1413 5601 nisi
1423 5548 1526 5616 linquis
1535 5548 1610 5602 noor’s
1620 5539 1793 5613 loquunlmt·

164 5617 177 5644 ⁸
196 5611 308 5681 Vulgata
323 5622 364 5668 est
381 5622 408 5669 et
420 5615 660 5673 concionatoribus
675 5614 816 5673 decantata
831 5613 927 5670 similis
982 5616 1035 5682 Qui
1043 5616 1108 5670 dum
1117 5617 1254 5672 bonissuis
1264 5618 1494 5674 salutationibus
1502 5611 1786 5673 malitiamdeulient't

128 5681 471 5753 camaldunensis
486 5702 568 5742 serm.
586 5694 619 5743 to
633 5687 667 5742 de
682 5686 776 5742 Verbis
791 5683 924 5739 Domini:
982 5687 1276 5755 cordibusuuserunt,s
1326 5695 1397 5746 entes
1406 5690 1513 5745 tollunt.
1524 5689 1636 5746 Eldurn
1642 5686 1785 5759 pestiferat

117 5755 226 5813 Diserte
239 5770 259 5813 a
271 5769 316 5812 mc
330 5769 383 5812 nan
397 5755 527 5812 mundum
542 5757 692 5826 fabricare,
709 5771 764 5812 nan
777 5759 871 5812 mnata
883 5757 928 5811 ui·
982 5760 1119 5815 sumiones
1131 5759 1257 5825 audiunt,
1270 5775 1297 5818 se
1330 5766 1418 5819 tamen
1431 5761 1469 5817 ad
1480 5763 1664 5832 mentionem
1673 5766 1783 5831 praem
