3848 6158
154 318 203 371 123
822 312 962 370 JOANNIS
981 313 1132 370 cessisti}
1759 311 1810 366 {24

152 443 220 500 dum
238 452 295 512 est,
311 457 372 514 qnae
384 441 486 516 jugiter
499 441 592 499 oiierri
614 441 697 497 etiam
716 441 743 496 iu
758 440 841 496 veteri
854 442 951 497 Testa-
965 447 992 509 Α
1008 457 1025 496 ι
1039 437 1130 496 David
1141 439 1251 495 canitur
1263 457 1269 492 :
1281 439 1423 506 humatae
1434 437 1521 491 aretio
1529 450 1588 489 mea
1597 437 1667 489 sictut
1676 436 1812 490 incernam

152 545 245 593 mento
265 537 323 610 lege
340 536 458 592 hesaiae
484 536 664 593 sanciuntur?
692 533 860 590 Holocausta
879 535 954 590 enim
1009 538 1263 606 acommodatum
1278 533 1389 591 elebatio
1406 546 1534 585 manuum
1549 544 1678 593 mearum
1702 532 1811 598 sanm-

153 631 288 688 matutina
305 639 334 686 et
354 630 490 686 sacrificia
508 628 661 701 vespertina
680 626 786 685 cunctis
808 625 910 685 diebus
927 627 955 684 in
1007 631 1079 684 cium
1098 626 1405 699 uespertinumtl’snlm.
1422 625 1500 692 css).
1512 625 1573 695 Quo
1591 622 1620 677 in
1640 621 1746 678 locode
1761 622 1811 678 illo

151 723 265 797 templm
278 724 341 780 licet
358 721 518 795 figuralibus
533 720 641 789 hostiis,
652 720 736 777 etiam
750 734 783 776 ex
795 735 828 778 eo
837 720 955 793 probare
1008 736 1119 793 quoquc
1133 736 1198 777 vcro
1223 719 1358 776 sacritlcio
1371 717 1526 790 vespertino
1547 717 1681 773 sacratius
1695 716 1813 789 intelligi

153 833 300 890 possumus
318 817 502 874 indesinenter
521 815 614 873 oblata
626 818 723 884 (Num.
739 819 864 884 xxviii),
880 814 955 887 quod
1008 822 1109 886 potest,
1121 813 1197 886 quod
1210 813 1252 870 rel
1262 827 1373 884 respue
1384 810 1538 869 eDomino
1550 810 1690 888 seductore
1701 824 1815 867 coenm-

702 938 830 994 Annam
849 938 961 994 ntzel
980 935 1260 994 COMMENTARIUS.

156 1053 301 1111 Psalmista
312 1067 392 1107 versu
404 1052 451 1108 illo
464 1052 606 1119 citato;‘et
619 1051 771 1109 secundum
785 1068 849 1108 cum
860 1052 958 1109 isodo-
1011 1061 1072 1111 ctus
1086 1069 1117 1119 ca
1141 1097 1147 1108 .
1167 1052 1329 1126 taliegulae,
1344 1048 1390 1107 ubi
1405 1055 1510 1121 septem
1521 1049 1604 1107 horas
1616 1048 1743 1119 diurnas,
1754 1049 1813 1106 sivo

156 1140 211 1180 rus.
223 1125 277 1179 Cur
289 1130 380 1178 autem
392 1122 612 1205 prophetqoptet
620 1121 776 1178 orationem
789 1139 869 1179 suam
878 1122 959 1179 simi·
1012 1122 1104 1181 officia
1118 1069 1219 1180 Storna
1232 1130 1448 1180 commemorat.

156 1195 212 1250 lem
227 1209 286 1250 esse
295 1194 430 1250 sacrificio
441 1193 595 1266 vespertino
605 1194 697 1265 potius
711 1208 794 1264 quam
808 1194 956 1260 matutino,
971 1219 974 1222 ⁴
1046 1194 1194 1266 Jamquod
1204 1194 1239 1250 ad
1249 1194 1399 1261 rationem,
1411 1210 1461 1252 seu
1471 1192 1683 1254 formamollicii
1697 1194 1815 1261 Vesper-

157 1280 221 1322 cum
236 1273 295 1321 min
316 1265 420 1320 oblatio
430 1264 622 1336 thymiamatis
637 1280 720 1334 quam
738 1265 803 1336 agni
824 1265 957 1321 mactatio
1012 1265 1064 1323 tini
1077 1265 1187 1333 attinet,
1203 1265 1277 1338 quod
1292 1273 1391 1336 quarto
1401 1265 1462 1322 loco
1473 1264 1657 1340 quaerebatur,
1671 1263 1700 1318 in
1715 1261 1815 1334 primis

158 1335 236 1392 fieret
254 1350 334 1390 mane
348 1343 376 1391 ct
397 1335 502 1406 uesperi
517 1335 604 1403 (uude
621 1334 667 1390 hic
680 1338 764 1391 etiam
778 1335 914 1392 matutina
931 1342 958 1390 et
1012 1335 1370 1407 meminisseoportetquod
1379 1338 1520 1408 superiore
1528 1337 1599 1393 libro
1609 1333 1814 1390 retulitAnctor

158 1405 310 1477 vespertina
329 1405 461 1462 sacrificia
476 1406 582 1462 curretis
596 1405 692 1462 diebus
705 1405 797 1461 oblata
811 1405 957 1473 perhiben·
1013 1407 1076 1474 (lib.
1093 1420 1130 1476 11,
1141 1424 1164 1462 a.
1179 1412 1235 1463 iet
1246 1410 1290 1474 5),
1301 1422 1360 1462 non
1374 1405 1495 1465 hunrana
1510 1406 1677 1471 inventione,
1694 1403 1742 1460 sed
1754 1418 1815 1460 coe-

157 1476 365 1544 turirationem
375 1476 465 1533 reddit
476 1477 671 1543 bellarminus,
683 1477 726 1533 vel
735 1476 878 1549 quiahunc
888 1476 959 1548 psal·
1013 1477 1078 1534 litus
1092 1478 1214 1550 angelico
1228 1477 1389 1547 magisterio
1404 1480 1477 1549 apud
1500 1481 1593 1535 Patres
1612 1475 1755 1548 AEgyptios
1769 1475 1815 1529 in-

158 1563 237 1603 mum
265 1548 363 1602 cecinit
384 1547 473 1603 David
491 1548 526 1603 ad
555 1562 714 1615 vesperam,
738 1556 770 1603 ut
789 1548 860 1603 solet
874 1548 959 1603 ctiam
1012 1548 1152 1614 stitutum,
1171 1557 1201 1604 ut
1218 1549 1246 1604 in
1265 1548 1391 1619 i'esperis
1404 1547 1551 1605 duodecim
1567 1547 1666 1619 psalmi
1681 1561 1815 1602 caneren-

159 1618 280 1675 Ecclcsia
306 1617 434 1674 eumdem
449 1619 585 1689 psalmum
600 1618 692 1673 iuves
711 1618 766 1674 eris
784 1632 902 1674 canere:
917 1617 960 1673 vel
1014 1627 1069 1677 tur.
1092 1619 1177 1691 Cujus
1197 1619 1382 1675 institutionis
1406 1620 1537 1676 meminit
1555 1619 1639 1674 etiam
1663 1616 1815 1673 concilium

159 1690 224 1761 quia
243 1688 406 1744 sacrificium
427 1689 613 1760 vespertinum
627 1634 747 1745 nabibus
765 1697 834 1755 erat,
849 1688 913 1758 quia
930 1688 961 1742 li·
1015 1690 1187 1746 Turonicum
1204 1690 1281 1761 (dap.
1299 1693 1349 1758 te)
1363 1698 1427 1745 ante
1441 1707 1531 1747 annos
1544 1690 1620 1745 mille
1634 1688 1813 1744 celebratum.

159 1776 227 1832 gnra
241 1767 301 1815 erat
313 1759 442 1816 sacrificii
453 1759 561 1824 Crucis,
574 1757 648 1830 quod
659 1758 694 1815 ad
706 1775 846 1829 vesperam
858 1758 961 1814 lactum
1016 1761 1073 1817 Cur
1086 1769 1181 1817 autem
1195 1777 1211 1817 a
1226 1764 1264 1817 D.
1282 1760 1441 1831 Benedicta,
1456 1770 1484 1817 et
1497 1761 1569 1828 aliis,
1584 1775 1643 1816 non
1656 1757 1816 1826 duodecim,

159 1839 210 1887 est.
223 1831 318 1885 Altera
329 1831 467 1896 ratio,cur
477 1830 660 1900 vespertinam
671 1830 766 1885 orandi
779 1829 877 1884 horam
889 1830 999 1915 colatB
1017 1831 1065 1887 sed
1091 1831 1181 1887 multo
1205 1832 1363 1903 pauciores,
1386 1840 1451 1902 puta
1474 1841 1603 1913 quatuor,
1629 1829 1672 1885 vel
1693 1830 1818 1954 quinque

160 1900 296 1966 Ecclesia,
319 1901 365 1956 hic
386 1900 551 1966 insinuatur,
571 1899 706 1956 memoria
726 1899 852 1955 videlicet
874 1915 962 1956 ooenae
1017 1903 1173 1970 dumtaxat,
1194 1902 1224 1956 in
1241 1901 1404 1972 vespertino
1419 1901 1512 1959 otlicro
1528 1900 1680 1974 prescripti
1710 1899 1816 1966 aerini,

160 1971 535 2042 Dominicae,quamvesperc
545 1971 683 2026 Dominus
694 1970 961 2027 nosterJesusChri·
1016 1989 1128 2028 causam
1144 1973 1228 2029 fuisse
1242 1973 1346 2029 ibidem
1361 1973 1521 2030 notavimus
1535 1975 1570 2039 (l.
1586 1988 1620 2038 ιι,
1635 1988 1657 2026 c.
1674 1975 1726 2041 o),
1742 1967 1817 2042 quod

159 2050 218 2100 stus
230 2041 548 2113 cumsanctisapostolis
558 2040 715 2109 celebravit,
727 2057 759 2098 cx
770 2056 961 2112 pauccarnem
1015 2043 1168 2110 inlocum,
1191 2052 1219 2098 et
1238 2044 1325 2100 veluti
1342 2045 1596 2115 compensationem
1612 2042 1678 2099 dicti
1691 2041 1817 2108 numeri,

161 2122 293 2180 suamet
308 2128 341 2168 ex
357 2113 419 2169 sino
436 2112 598 2184 sanguinem
619 2126 702 2167 suum
717 2109 882 2171 mirabiliter
895 2127 964 2168 con·
1016 2114 1237 2184 completorium
1270 2123 1344 2170 ostea
1359 2113 1444 2170 tuerit
1457 2114 1627 2184 institutum,
1642 2121 1669 2169 et
1683 2113 1760 2168 horis
1773 2127 1816 2167 ca·

160 2184 267 2250 ficiens,
286 2191 313 2238 et
329 2183 356 2238 in
372 2188 534 2254 perpetuum
554 2199 586 2238 ac
601 2182 721 2239 solemne
736 2183 870 2239 Ecclesiae
877 2182 962 2238 sacri·
1017 2185 1125 2242 nnnicis
1136 2200 1237 2256 supera
1258 2184 1357 2251 ditum,
1368 2194 1399 2241 ut
1408 2194 1488 2242 notat
1498 2184 1661 2255 iladulphus
1674 2185 1818 2255 Tungren·

162 2255 256 2311 licium
269 2253 426 2309 instituens.
444 2253 526 2309 Unde
547 2253 670 2309 isidorus
682 2252 729 2308 ubi
742 2269 824 2324 supra
838 2257 887 2309 :ln
898 2269 963 2308 noco
1017 2255 1056 2311 sis
1068 2254 1103 2311 de
1117 2257 1204 2312 Cano.
1221 2256 1327 2312 observ.
1349 2271 1463 2327 propos.
1484 2260 1528 2325 lt,
1548 2254 1716 2311 Bellarmino
1731 2254 1816 2309 etiarn

160 2325 964 2395 quaqueTestununtaoespercliorninusresoluatur,caemra-
1017 2325 1200 2397 approbante.
1224 2326 1351 2383 Secmdo
1366 2329 1489 2384 notanda
1511 2331 1542 2383 Ι).
1560 2325 1701 2383 Benedicti
1714 2323 1820 2380 consti·

162 2398 233 2450 tibus
255 2397 400 2463 Aposteiis,
414 2397 573 2463 sanctorium
586 2397 630 2450 sui
651 2397 766 2464 carparis
785 2399 810 2448 et
823 2397 963 2463 sarmaticis
1017 2397 1089 2453 tutio
1103 2396 1137 2453 de
1148 2396 1242 2453 atheio
1256 2401 1449 2469 vesperarum.
1470 2400 1638 2468 vespertina,
1655 2396 1756 2466 inquit,
1770 2411 1818 2463 sy-

163 2466 294 2527 tradidit,
313 2471 344 2520 ut
364 2468 494 2535 lampasi
512 2481 572 2521 sum
586 2467 714 2534 sancrificii
725 2481 863 2535 uesperum
876 2469 963 2521 ostent·
1017 2470 1100 2522 nauis
1107 2470 1339 2537 quatuorpsalmis
1348 2484 1407 2522 cum
1414 2470 1570 2539 antiphonis
1580 2470 1746 2522 terminetur.
1755 2467 1819 2521 Post

162 2537 235 2593 deret
256 2538 354 2590 secali.
377 2534 470 2592 'sertia
501 2538 600 2608 cuique
616 2535 687 2591 ratio
707 2544 749 2592 cst
767 2536 918 2605 memoria,
936 2544 964 2590 et
1017 2555 1081 2608 quos
1093 2540 1210 2608 psalmes
1226 2540 1302 2593 tectio
1317 2539 1456 2593 recitanda
1469 2543 1518 2594 est.
1540 2538 1604 2594 hade
1622 2537 1819 2607 responsoriam

162 2607 316 2664 recordatio
326 2605 452 2663 sacrificii
465 2608 585 2671 cruenti,
600 2604 653 2663 hoc
663 2613 715 2672 cst,
731 2607 887 2663 Dominicae
900 2622 962 2678 pas·
1017 2611 1237 2672 Ambrosianum,
1247 2625 1347 2672 uersus,
1358 2610 1532 2664 anaeticumde
1542 2610 1699 2677 Euaaqelio,
1708 2608 1817 2669 ldarria,

72 2727 76 2734 .
161 2678 258 2743 sionis,
274 2692 335 2747 quas
349 2686 459 2750 postero
474 2677 530 2745 die,
545 2686 576 2734 ut
589 2676 634 2733 hic
648 2677 760 2747 dicitur,
776 2678 810 2733 ad
822 2692 962 2749 vesperam
1018 2682 1143 2735 ctorirtio
1156 2682 1304 2743 Dominum
1319 2683 1422 2749 atiani
1437 2681 1618 2749 Missa(dap.
1636 2684 1666 2733 17
1682 2674 1819 2748 maula).

164 2749 235 2805 lacta
249 2757 304 2817 cst,
320 2749 414 2819 inqua
437 2749 574 2805 Dominus
587 2751 666 2805 Jesus
678 2763 806 2805 summus
818 2747 961 2815 sacerdos,
1018 2752 1054 2805 Et
1070 2766 1130 2821 cap.
1147 2751 1272 2821 sequenti
1289 2770 1295 2805 ι
1314 2753 1432 2821 Vespero
1456 2756 1544 2806 autern
1565 2750 1686 2819 qnotidie
1703 2752 1821 2818 quatuor

164 2821 291 2888 idemque
312 2835 392 2875 verus
412 2835 499 2890 agnus
516 2819 709 2876 immaculatus
722 2820 843 2892 seipsum
863 2818 964 2875 obtulit
1015 2823 1181 2892 psalmarum
1201 2822 1383 2876 modulatione
1406 2827 1531 2886 curuum,
1551 2830 1604 2876 etc.
1630 2819 1738 2889 Quibus
1751 2817 1819 2875 locis

165 2897 224 2948 Deo
238 2891 314 2946 Patri
327 2890 552 2962 propitiationem
567 2906 616 2962 pro
627 2890 864 2961 peccatisnostris,
876 2891 923 2962 qui
936 2897 964 2945 et
1018 2900 1111 2964 partes
1122 2891 1206 2948 cilicii
1221 2891 1377 2963 vespertini
1390 2892 1493 2949 diserte
1503 2892 1708 2963 exprimuntur,
1718 2904 1821 2960 nempe

164 2963 193 3019 in
205 2978 286 3019 cruce
301 2960 430 3034 pependit
450 2978 536 3034 usque
554 2962 590 3020 ad
609 2977 767 3031 vesperam,
780 2977 833 3032 qua
849 2960 916 3016 hora
930 2958 964 3015 de

164 3049 244 3089 cruce
263 3031 404 3101 depositus
423 3031 486 3103 tuit,
505 3042 535 3089 ut
546 3041 623 3089 notat
635 3032 725 3104 glossa
737 3032 765 3088 in
776 3047 836 3102 cap.
850 3046 858 3086 r
870 3030 903 3087 de
915 3033 965 3087 Ce-

163 3105 261 3161 lebrat.
279 3105 356 3159 hliss.
373 3107 408 3159 Et
422 3104 450 3158 in
465 3102 557 3160 cilicio
577 3102 672 3160 &ucis
686 3103 760 3158 canit
773 3102 893 3158 Ecclesia
906 3122 913 3156 ·.
927 3106 965 3158 De

164 3192 238 3231 cruce
246 3176 390 3243 depo-intur
400 3175 467 3228 horu
476 3176 637 3244 uespertina.
647 3176 683 3228 Ι).
691 3173 838 3244 Gregorius
847 3173 965 3229 Nazian-

165 3263 225 3301 zen.
240 3253 310 3300 orat.
325 3250 361 3301 ιι
377 3244 405 3298 in
417 3243 536 3315 Pascha,
557 3253 706 3314 utrumque
720 3243 887 3300 sacrificium
903 3259 964 3314 spe·

166 3325 244 3372 ctans
255 3333 262 3368 ε
274 3319 305 3371 ln
319 3315 475 3370 seculorum
486 3318 548 3384 fiac,
563 3315 663 3385 inquit,
675 3317 776 3372 Christi
784 3318 876 3385 passio
886 3317 966 3369 cardi

165 3391 207 3456 qit
221 3406 229 3440 ε
243 3402 349 3455 uespere
361 3401 464 3455 quaque
475 3389 578 3457 pemati
592 3387 715 3442 eutelicet
728 3387 869 3456 culminata
881 3386 967 3441 discu-

169 3461 249 3520 tieus‚
263 3458 406 3527 discipulis
421 3459 621 3513 &mamertium
633 3460 773 3528 t'rnpertiit.
785 3457 870 3514 Addit
880 3456 968 3513 isido-

167 3544 216 3585 rus
234 3543 317 3598 supra
329 3547 335 3582 :
349 3528 464 3584 Proinde
477 3531 506 3583 in
519 3530 653 3593 laterem,
666 3545 697 3584 ac
708 3531 863 3584 menmium
877 3532 969 3583 tanto·

166 3616 227 3655 ram
237 3604 460 3653 sacramentorum
472 3602 500 3653 in
511 3601 553 3654 leis
565 3601 725 3670 temporibus
736 3599 828 3654 adesse
840 3615 886 3654 nos
896 3599 969 3653 dccet

168 3673 218 3727 hei
227 3670 417 3739 conspectibus,
433 3675 458 3724 et
467 3686 612 3740 persensere
624 3673 652 3724 in
662 3671 719 3740 ejus
729 3671 854 3734 cultibus,
865 3671 969 3725 oratio-

167 3746 392 3796 nnmnostrararn
400 3742 444 3796 illi
453 3743 614 3811 sacrificium
625 3743 779 3810 astacades,
790 3746 870 3811 etque
878 3739 969 3809 ireejus

169 3813 297 3866 inualidus
319 3813 425 3882 pariter
443 3813 617 3868 exsultantes.
631 3813 694 3869 Jam
710 3827 774 3868 vero
789 3811 823 3868 de
841 3819 970 3936 temgorc

169 3883 319 3948 canonico,
334 3882 391 3937 sive
403 3882 527 3953 legitimo
542 3884 737 3954 vesperarum,
758 3883 815 3939 sive
829 3898 882 3953 qua
921 3896 970 3937 ora

169 3956 300 4025 Vesperae
309 3952 488 4009 decantandae
502 3954 568 4020 sint,
582 3969 639 4009 non
650 3953 768 4009 minima
783 3952 971 4008 controversia

170 4034 222 4082 est.
238 4028 280 4081 De
297 4040 351 4095 qua
366 4023 498 4080 videndus
512 4025 585 4080 inter
597 4024 666 4081 alios
677 4029 797 4079 ioannes
817 4026 970 4091 Durantus,

169 4096 215 4167 qui
228 4094 262 4152 dc
274 4095 316 4151 his
330 4103 455 4151 accurate
468 4096 578 4168 scripsit
590 4098 600 4163 (
607 4098 636 4152 L.
649 4111 687 4151 ιιι
697 4096 731 4150 de
742 4095 829 4153 Ritib.
841 4096 939 4150 Eccles.
949 4097 969 4159 ),

168 4166 419 4224 Porrocommunis
430 4175 471 4223 est
482 4167 630 4234 sententia,
642 4167 836 4239 vespertinum
846 4163 971 4221 osticium

171 4247 236 4294 ante
250 4239 317 4294 solis
327 4253 458 4295 oceasum
470 4237 666 4295 celebrandum
675 4253 745 4304 esse,
757 4237 838 4293 sicuti
850 4235 972 4292 Ecclesia

172 4312 299 4364 Romana
314 4310 452 4367 celebrare
469 4310 623 4366 consucvit,
642 4308 723 4381 Quod
736 4317 793 4365 tam
809 4308 972 4364 auctoritate

172 4387 200 4434 ct
214 4379 389 4447 antiquitate,
424 4396 489 4434 uam
501 4382 608 4436 ratione
626 4380 736 4452 probari
751 4388 850 4452 potest.
871 4383 973 4434 Aucta·

172 4449 254 4503 ritate
272 4456 332 4501 tum
354 4450 386 4500 B.
404 4397 615 4518 {hrysostomh
638 4451 685 4520 qui
704 4451 764 4505 loco
784 4466 868 4520 supra
887 4449 972 4504 citano

173 4518 270 4574 scribit
288 4515 441 4573 monachos
452 4527 571 4588 quatuor
585 4519 613 4573 in
627 4527 718 4589 partes
730 4519 806 4573 diem
818 4517 972 4588 dispartiri,

1019 2970 1136 3034 quatuor
1156 2962 1269 3033 psalmi,
1285 2966 1390 3025 Lede,
1411 2963 1432 3017 i.
1452 2979 1476 3018 e.
1497 2962 1667 3034 capitulum,
1683 2976 1821 3030 respano·

1017 3037 1102 3098 rium,
1114 3033 1171 3090 siue
1200 3048 1297 3089 arvum
1306 3033 1363 3089 sive
1371 3048 1521 3104 magnum,
1533 3033 1754 3094 Ambrosianum,
1764 3031 1782 3085 i.
1794 3046 1821 3087 e.

1020 3103 1141 3176 hymnus
1160 3050 1198 3160 ab
1215 3102 1381 3171 Ambrosio,
1401 3104 1441 3158 vel
1456 3104 1491 3160 ab
1506 3104 1560 3159 alio
1579 3102 1615 3159 ad
1634 3103 1821 3158 imitationem

1022 3174 1165 3231 Ambrosii
1188 3174 1359 3245 compositus
1376 3180 1443 3245 (qua
1463 3173 1498 3231 de
1517 3173 1625 3230 reside
1642 3172 1821 3242 hadulphum

1021 3247 1212 3317 Tungrensem
1224 3260 1337 3316 propos.
1357 3249 1426 3301 lact
1443 3248 1494 3314 ll)
1510 3260 1628 3307 :uersam
1646 3244 1664 3298 i.
1679 3259 1703 3298 e.
1721 3259 1823 3312 parens

1020 3315 1172 3373 versiculus
1181 3316 1228 3388 qui
1242 3324 1302 3387 post
1315 3316 1451 3387 hymnum
1465 3316 1587 3379 canitur,
1603 3323 1630 3370 et
1643 3316 1772 3368 cantiunn
1789 3315 1823 3369 dc

1020 3389 1182 3457 Eeanqclio‚
1202 3388 1221 3443 i.
1246 3402 1271 3442 e.
1290 3387 1430 3445 canticum
1451 3390 1483 3442 Β,
1510 3386 1624 3453 lilariae,
1643 3387 1819 3453 Maqniilatt,

1021 3460 1096 3528 quod
1106 3460 1137 3513 in
1147 3457 1295 3529 Evangelio
1305 3459 1464 3514 continetur
1474 3461 1551 3524 (hau.
1564 3472 1588 3524 ι,
1599 3461 1666 3521 46);
1678 3463 1705 3510 et
1713 3456 1820 3519 litania,

1022 3529 1041 3584 i.
1058 3544 1082 3585 e.
1099 3532 1181 3597 Kyrie
1194 3530 1301 3592 cleison,
1317 3537 1344 3584 et
1359 3530 1451 3585 Oratio
1465 3529 1614 3591 Dmninmo,
1629 3530 1711 3583 Pater
1724 3530 1822 3591 aestu,

1023 3604 1048 3655 et
1061 3603 1131 3670 piant
1143 3601 1247 3661 Musae,
1265 3597 1285 3653 i.
1300 3613 1325 3654 e.
1341 3600 1503 3666 Orationes,
1519 3598 1822 3666 ait·Turrecrematus,

1021 3684 1123 3741 nempe
1137 3668 1274 3726 collectae.
1292 3668 1377 3725 Addit
1394 3685 1458 3725 vero
1472 3667 1657 3740 Snaaragdus:
1674 3668 1823 3734 modultu

1023 3745 1053 3796 in
1068 3742 1130 3796 loet's
1146 3741 1214 3795 dicit
1230 3744 1284 3796 :lit
1296 3741 1453 3811 completum
1465 3745 1521 3805 est;
1539 3740 1589 3794 hac
1604 3742 1632 3793 in
1643 3738 1772 3802 claruulo,
1788 3741 1824 3793 st

1023 3815 1113 3869 Missae
1123 3814 1189 3873 seret,
1205 3811 1283 3866 dicit.
1299 3811 1438 3867 marines
1452 3814 1521 3865 enim
1532 3811 1627 3878 officii,
1644 3826 1703 3878 qteae
1717 3826 1734 3863 a
1747 3810 1824 3863 nobis

1024 3884 1240 3953 ceraptatcesunt,
1252 3886 1305 3937 Deo
1314 3885 1483 3946 suutmissee,
1497 3883 1564 3951 quia
1574 3884 1602 3934 in
1616 3882 1691 3934 illius
1700 3882 1824 3934 honorem

1023 3959 1086 4011 suaet
1101 3954 1246 4008 celebratae.
1262 3954 1352 4009 Aliter
1364 3955 1506 4017 mathaee,
1518 3954 1572 4006 sine
1584 3953 1712 4013 Collectoe,
1724 3966 1784 4019 quae
1797 3952 1826 4005 in

1024 4029 1175 4095 percursus
1185 4040 1203 4077 a
1211 4023 1347 4079 sacudote
1358 4025 1495 4087 dicuntur,
1503 4025 1602 4085 missae,
1611 4021 1630 4075 i.
1641 4038 1665 4077 e.
1674 4026 1728 4078 lico
1738 4026 1826 4077 truens·

1024 4099 1114 4152 rnissoe
1122 4100 1261 4150 vocaretur.
1274 4097 1300 4150 A
1310 4096 1522 4150 sacadoteeaim
1529 4096 1685 4153 mittuntur,
1694 4092 1826 4148 seduliae

1025 4170 1206 4237 accipiuntur.
1224 4169 1293 4222 Hinc
1306 4171 1332 4221 ct
1342 4166 1429 4221 levitae
1438 4165 1473 4230 (i.
1490 4182 1513 4221 e.
1526 4165 1650 4227 ducati)
1660 4165 1827 4218 solemnitate

1025 4240 1121 4308 aliquan
1137 4241 1166 4291 in
1178 4239 1296 4293 Ecclesia
1310 4237 1449 4299 celebrata,
1463 4236 1565 4293 eleuata
1576 4250 1636 4289 uoce
1653 4253 1660 4287 :
1679 4238 1727 4297 lte,
1742 4237 1827 4289 Missa

1024 4308 1065 4364 est
1076 4309 1192 4378 :populo
1205 4308 1332 4368 clement,
1348 4308 1395 4361 lucc
1405 4310 1453 4369 est,
1462 4308 1621 4364 solemnitas
1634 4309 1673 4359 est
1686 4306 1825 4373 completa,

1026 4385 1050 4433 et
1060 4395 1111 4448 per
1123 4377 1267 4432 sacerdotis
1280 4379 1462 4432 ministerium
1472 4377 1533 4446 jam
1549 4381 1602 4433 lieo
1619 4381 1657 4430 est
1669 4378 1763 4430 missa.
1782 4376 1827 4432 Sic

1027 4450 1096 4520 ipsc.
1108 4446 1203 4502 Tertio
1216 4446 1388 4502 observanda
1402 4455 1444 4502 est
1454 4447 1613 4503 differentia
1628 4447 1700 4502 inter
1709 4446 1826 4502 saecula·

1026 4535 1070 4575 res
1089 4526 1116 4573 et
1138 4516 1297 4588 religiosos,
1322 4519 1476 4588 praesertim
1501 4518 1711 4583 Benedictinos,
1734 4516 1827 4588 quoad

173 4598 199 4645 et
213 4587 390 4656 vespertinas
401 4588 511 4644 Laudes
524 4597 621 4659 quarta
636 4597 663 4643 et
675 4597 815 4659 postrema
829 4595 908 4659 parte
916 4586 1009 4649 dieii)
1026 4603 1177 4645 numerum
1196 4587 1367 4658 psalmorum
1392 4588 1422 4644 in
1440 4589 1580 4661 vesperis,
1601 4605 1663 4660 quae
1685 4588 1769 4644 etiam
1791 4588 1828 4645 ad
1879 4623 1882 4630 ·

174 4658 326 4721 celebrare,
340 4673 403 4728 quas
421 4658 534 4740 quidem
550 4667 690 4729 postrema
706 4674 770 4739 pars
789 4665 900 4714 nonest
915 4658 974 4783 ipse

174 4729 312 4786 trrtninus
327 4728 503 4785 indivisibilis
513 4728 581 4798 diei,
595 4730 643 4800 qui
652 4737 693 4784 est
704 4745 762 4800 ipse
773 4743 886 4785 occasus
895 4743 926 4784 so
938 4729 973 4797 is,

175 4800 223 4857 sed
239 4809 280 4856 est
293 4800 413 4869 spatium
426 4800 512 4856 trium
527 4799 669 4865 horarum,
680 4799 715 4855 ab
728 4800 796 4855 hora
807 4815 883 4856 nona
898 4800 974 4872 (quae

175 4872 257 4929 nobis
269 4879 311 4927 est
324 4872 405 4927 tortia
414 4870 620 4943 pomeridiana)
631 4886 715 4943 usque
729 4871 764 4928 ad
779 4871 864 4927 finem
876 4870 976 4927 duode-

174 4945 273 5007 cimae,
289 4950 317 4998 et
341 4943 408 4999 solis
423 4958 571 5014 occasum,
598 4941 750 4999 secundum
774 4951 895 4998 veterem
917 4942 973 4999 diei

176 5015 365 5087 partitionem,
391 5016 471 5071 sicuti
491 5014 552 5071 aliae
569 5022 660 5085 partes
675 5014 764 5070 tribus
784 5013 880 5070 itidem
899 5013 975 5071 horis

176 5084 357 5151 constabant,
369 5094 399 5139 ut
413 5103 486 5158 sape
497 5086 602 5143 dimum
616 5094 665 5143 est.
677 5084 796 5142 Proinde
805 5094 897 5142 totum
908 5084 975 5142 illud

174 5157 298 5236 spatium
313 5156 399 5210 trium
414 5157 549 5212 horarum
564 5165 626 5229 post
640 5173 745 5213 nonam
761 5156 832 5224 (sive
846 5158 974 5225 tertiam)

178 5240 264 5296 usque
279 5223 314 5279 ad
328 5225 395 5280 solis
409 5227 584 5296 occubitum,
600 5236 643 5284 est
662 5236 772 5299 tempus
785 5228 932 5299 antiquum
949 5236 976 5285 ct

178 5294 346 5352 canonicum
361 5298 545 5368 vesperarum
564 5315 571 5350 :
589 5299 662 5354 Tum
678 5297 861 5366 Theodoreti,
878 5299 927 5370 qui
946 5298 976 5353 in

177 5364 300 5423 Historia
313 5376 473 5423 sanctorum
488 5371 600 5424 Patrum
612 5384 673 5439 cap.
687 5372 705 5425 2
719 5368 753 5425 de
764 5369 779 5423 J
783 5369 886 5433 uliano,
901 5370 976 5440 ejus-

178 5453 231 5510 que
239 5435 321 5492 sociis
336 5436 394 5493 haec
405 5438 501 5494 scribit
514 5459 519 5494 :
532 5441 602 5496 Ante
615 5455 734 5494 commen
746 5444 835 5494 aretem
847 5440 910 5494 salis
920 5455 976 5494 orn-

177 5506 367 5564 insertabam
375 5511 572 5573 consentiebant,
581 5515 606 5565 ct
614 5511 977 5580 hamnoscespcrttnossimut

178 5581 288 5637 boniac
304 5581 463 5648 asserebant.
479 5583 550 5636 'l'um
565 5581 690 5649 demum,
705 5589 737 5637 ut
751 5581 819 5636 alios
832 5582 975 5648 omittam,

180 5649 268 5706 nostri
282 5650 418 5718 Cassiani,
438 5650 484 5720 qui
500 5650 552 5707 hoc
567 5652 656 5718 libro,
672 5660 700 5706 et
714 5652 859 5720 speciatim
877 5653 906 5707 in
925 5652 977 5708 hoc

178 5737 239 5791 cap.
249 5720 282 5777 de
294 5721 409 5778 Diurnis
421 5722 516 5790 lloris,
529 5722 586 5778 sire
594 5731 623 5778 ut
637 5722 718 5779 habet
729 5722 837 5789 titulus,
846 5721 881 5779 de
891 5725 978 5780 Cano·

177 5792 241 5848 nico
256 5791 419 5849 diurnarum
434 5791 566 5849 horarum
583 5792 679 5861 modo,
697 5808 730 5847 ex
745 5791 869 5863 professo
880 5809 976 5866 egens,

179 5863 374 5936 vespertinam
389 5863 461 5921 inter
473 5877 520 5920 eas
533 5870 669 5933 mmnset,
684 5862 757 5921 sicut
769 5871 797 5921 et
808 5867 843 5922 D.
861 5864 978 5922 Benedi-

1028 4675 1141 4716 morum
1153 4658 1365 4715 instructionem
1381 4660 1512 4730 pertinet,
1525 4676 1609 4731 quam
1621 4665 1742 4716 loannes
1751 4660 1830 4715 Bele-

1028 4731 1093 4787 thus
1105 4729 1231 4787 Durandi
1245 4729 1419 4787 abbreviator
1430 4732 1466 4788 ita
1482 4733 1596 4802 exponit
1611 4735 1659 4788 :ln
1672 4733 1797 4800 Vesperis
1811 4747 1830 4785 a

1028 4803 1103 4858 nobis
1112 4806 1255 4857 cantantur
1263 4806 1381 4873 quinque
1388 4805 1499 4873 psalmi,
1507 4806 1556 4872 qui
1564 4818 1656 4858 sumtus
1664 4802 1827 4871 imperfecti,

1025 4878 1137 4945 propter
1150 4875 1270 4943 quiesque
1280 4888 1372 4929 sensus
1384 4893 1392 4928 ε
1403 4880 1433 4929 ut
1442 4875 1567 4929 adelart
1576 4875 1830 4943 quodperquinque

1028 4960 1118 5002 sanas
1137 4960 1271 5014 corporeos
1285 4948 1452 5000 commissum
1462 4949 1510 5007 est,
1522 4961 1573 5015 per
1582 4948 1699 5014 quinque
1708 4946 1830 5014 psalmo-

1027 5033 1087 5072 rum
1094 5018 1354 5085 mretioncmpenitns
1361 5017 1528 5071 dimittatur.
1540 5017 1663 5071 Monacbi
1669 5031 1728 5069 nero
1739 5018 1768 5068 in
1778 5030 1830 5084 qaia

1027 5104 1055 5144 se
1062 5090 1235 5158 perfectiores
1242 5089 1394 5151 ostendunt,
1403 5087 1739 5156 tantumquntuordicunt.
1750 5086 1831 5153 Qteid

1030 5159 1098 5229 quid
1121 5160 1191 5212 enirn
1210 5158 1375 5227 quadratum
1396 5163 1445 5221 cst,
1467 5161 1496 5212 in
1513 5174 1705 5227 querimurque
1722 5163 1829 5228 partem

1028 5234 1160 5292 vertatur,
1174 5245 1276 5299 semper
1290 5235 1378 5284 manet
1392 5230 1473 5293 ideae,
1486 5232 1592 5298 firmum
1607 5246 1639 5284 ac
1648 5229 1774 5283 solidum.
1784 5228 1831 5285 Ad

1029 5301 1149 5356 urendae
1163 5314 1226 5355 sona
1242 5300 1351 5356 raedam
1371 5302 1506 5371 patratus
1521 5316 1682 5371 quocumque
1697 5301 1768 5362 loco,
1784 5304 1833 5355 aut

1029 5388 1195 5442 quocumque
1215 5376 1339 5442 ternpore,
1364 5388 1466 5442 semper
1482 5373 1567 5437 idern
1591 5378 1672 5442 etque
1687 5372 1833 5426 immobilis

1029 5447 1177 5513 perimeret.
1196 5442 1263 5498 Hanc
1278 5444 1335 5498 ille.
1348 5446 1384 5498 Et
1402 5443 1534 5499 hactenus
1554 5443 1588 5499 de
1602 5443 1743 5513 vesperis,
1764 5442 1833 5498 satis

1031 5514 1136 5585 prolixe
1149 5512 1273 5582 quidem,
1288 5515 1443 5571 necessario
1458 5523 1552 5571 tamen
1568 5529 1617 5584 pro
1630 5514 1737 5570 ratione
1747 5529 1832 5584 argu·

1031 5584 1129 5645 menti,
1141 5598 1173 5638 es
1185 5599 1240 5652 quo
1255 5592 1313 5640 tota
1330 5585 1414 5640 oiticii
1429 5585 1618 5653 ecclesiastici,
1635 5602 1683 5641 seu
1698 5584 1832 5640 horarum

1031 5653 1230 5711 canonicarum
1244 5656 1315 5711 ratio
1328 5665 1355 5712 et
1370 5656 1551 5726 intelligentia
1561 5657 1714 5728 dependet:
1731 5671 1832 5726 quam·

1030 5725 1127 5854 pbrem
1148 5725 1242 5855 ¹33ss
1262 5727 1379 5784 minime
1398 5728 1543 5786 molestam
1559 5728 1630 5785 hanc
1644 5727 1832 5801 prolixitatem

1043 5811 1157 5853 arecon
1218 5835 1225 5853 .
