3848 6158
131 230 178 289 tbi

648 226 819 285 cotthtto
837 227 882 283 ltt.
901 254 938 269 ·-
956 226 1001 283 DE
1019 222 1271 283 rennuentottn.

1736 234 1790 291 tot

131 350 310 410 tisnltectum
334 358 363 407 et
390 350 572 408 imitationem
592 352 644 409 Dei
668 351 751 409 fuerit
772 359 930 421 assectnus,
947 349 1151 423 Aimperfecta
1165 363 1225 407 esse
1240 346 1339 417 dixisti,
1353 363 1417 405 cum
1437 348 1532 421 utique
1547 350 1635 407 multo
1650 332 1725 411 aliud
1748 356 1790 413 ri·

132 455 200 505 tunc
209 443 355 503 cusoribus
365 446 517 503 nominteae
526 445 741 519 longanimitatis
749 446 871 514 indutus,
882 460 933 517 pro

132 540 353 615 persecutoribus
366 556 477 613 quoquc
493 539 550 597 suis
563 540 652 597 orabit
664 539 801 609 similiter,
814 539 908 597 dicens
923 561 931 597 ι

131 638 221 699 Pater,
235 637 340 704 iqrtosce
349 637 397 697 cis,
409 650 461 690 non
474 636 546 691 euim
556 636 646 691 suunt
654 634 722 705 quid
735 636 846 705 fuciunt
856 632 931 707 (Luc.

131 731 234 796 xnus).
248 728 409 784 Caeterum·
427 728 535 785 evidens
547 727 678 786 indicium
698 736 742 786 est
754 728 854 787 animer
865 744 932 785 uec-

130 820 200 879 dum
212 821 343 879 vitiorum
355 820 467 879 faecibus
479 822 613 895 eliquatae,
624 823 652 879 in
662 822 825 881 criminibus
836 822 933 881 olienis

132 912 233 971 alscctn
245 914 440 973 misericordia·
457 931 515 972 non
530 916 687 986 condolere,
702 916 751 975 sed
763 917 880 991 rigidam
890 916 932 989 ju·

131 1006 248 1063 dicentis
258 1015 351 1064 tenere
364 1024 518 1066 censuram.
540 1012 611 1067 Nam
625 1009 861 1082 quemadmodum
872 1025 932 1081 per-

132 1098 279 1157 lectionem
292 1100 382 1158 cordis
401 1101 503 1172 poterit
521 1102 649 1159 obtinere
671 1103 694 1159 is
708 1102 757 1176 qni
778 1102 932 1160 nonhabet

132 1190 201 1250 illud
224 1192 298 1265 qnod
323 1196 473 1266 Apostolus
496 1195 693 1268 plenitudinem
712 1197 779 1270 legis
802 1212 931 1253 consum·

130 1299 209 1342 mare
224 1300 303 1358 posse
313 1285 445 1359 signavit?
460 1288 630 1344 Alterutrum
643 1289 778 1362 inquiens,
792 1305 873 1345 onera
886 1306 933 1345 cc-

130 1384 189 1435 stre
195 1383 311 1449 portate,
322 1384 347 1433 et
358 1382 396 1435 sic
407 1376 552 1450 irnplebitis
559 1382 643 1451 legem
652 1383 754 1439 Christi
761 1384 862 1449 (dulcet.
876 1382 930 1455 vt).

130 1471 184 1529 Sed
196 1487 247 1527 nec
261 1471 336 1527 illam
356 1472 486 1529 virtutem
499 1472 617 1544 possidet
631 1474 780 1543 alteritatis,
797 1490 860 1547 quae
876 1493 930 1533 non

132 1567 269 1628 irritatur,
280 1583 333 1620 rien
344 1569 464 1635 instatur,
475 1584 527 1622 etun
537 1571 638 1638 coqitut
647 1570 760 1637 malurn
770 1586 833 1643 quse
841 1574 933 1626 omrtiu

128 1660 239 1725 stetten-t,
256 1662 347 1713 airrrnio
358 1663 475 1715 sustinet
496 1662 590 1729 (lt-or.
611 1658 722 1731 xttr).¹’
738 1666 831 1720 iustus
858 1664 933 1721 euim

987 446 1085 503 dentur
1096 444 1131 501 de
1144 444 1182 501 eis
1194 443 1329 517 Propheta
1340 443 1470 513 sensisse,
1494 444 1586 502 diceus
1602 465 1610 500 r
1627 448 1726 503 Timete
1741 452 1791 507 lle·

986 543 1100 603 mistum,
1114 554 1202 596 emtus
1211 540 1375 611 metetieins,
1387 541 1454 611 quio
1463 540 1533 595 nihil
1544 540 1616 597 deest
1630 543 1788 601 timentibus

987 634 1166 702 euthsahn.
1186 632 1307 705 xxxnr).
1320 634 1356 688 lit
1369 632 1471 689 iterum
1484 632 1513 690 in
1527 634 1703 693 observandis
1713 636 1791 709 justi·

987 727 1235 797 lieotionibusDei,
1252 726 1442 785 retributionis
1453 742 1483 785 so
1497 728 1730 801 contemplatione
1751 728 1788 789 ia

985 828 1075 879 teetur
1088 822 1267 878 exercitatum
1282 840 1288 877 :
1301 822 1442 889 inclina-ei,
1454 820 1589 892 inquiens,
1601 837 1741 877 cormeum
1750 823 1789 879 ml

985 916 1336 985 sumendasjnstificotiunes
1350 919 1412 971 tues
1422 918 1450 970 in
1464 915 1616 971 utarnnmt
1626 920 1740 989 propter
1750 932 1790 973 re·

988 1012 1160 1066 tributionem
1176 1008 1287 1081 (Psulrn.
1300 1008 1423 1079 cxvttt).
1436 1010 1471 1063 Et
1482 1008 1629 1081 Apostolus
1643 1030 1650 1065 :
1664 1010 1741 1080 Fide,
1753 1010 1792 1067 in·

987 1103 1057 1171 quit,
1076 1106 1203 1172 ⁰ilienses
1216 1102 1329 1171 preteritis
1344 1102 1447 1169 sactus,
1458 1104 1567 1171 ruperit
1579 1117 1607 1157 se
1623 1118 1679 1158 csse
1701 1105 1790 1174 tilium

985 1198 1049 1265 filiu
1062 1197 1222 1259 Pharaonis,
1237 1196 1322 1263 nrrrqis
1336 1194 1435 1261 eligens
1448 1196 1542 1263 astliqi
1551 1210 1608 1249 curn
1617 1198 1717 1266 propicio
1729 1198 1788 1261 Dei,

987 1306 1067 1359 quarn
1075 1289 1228 1359 temporalis
1238 1288 1343 1357 pcccati
1351 1286 1664 1356 huhercjucnrulitntem,
1674 1288 1790 1358 majores

987 1386 1098 1440 dicitius
1114 1385 1273 1439 existimans
1293 1382 1424 1437 thesauris
1439 1384 1642 1452 AEpqptiorum,
1657 1384 1790 1455 irnpmpe-

986 1482 1057 1533 n'nm
1067 1477 1167 1533 Christi
1175 1475 1266 1541 (llelr.
1277 1474 1332 1542 xt).
1344 1472 1500 1544 aspiciebat
1508 1474 1582 1529 euim
1594 1474 1623 1530 iu
1632 1490 1790 1533 remunera-

985 1571 1100 1627 tionem.
1113 1566 1260 1637 Quomodo
1271 1582 1335 1639 ergo
1347 1564 1509 1638 imperfecta
1521 1582 1580 1624 esse
1592 1566 1726 1625 credendo
1737 1578 1789 1639 est,

987 1678 1051 1720 cum
1063 1670 1091 1718 et
1107 1661 1205 1717 beatus
1222 1659 1311 1716 David
1323 1658 1512 1716 retributionis
1530 1660 1644 1716 obtentu
1653 1661 1791 1733 justilica-

130 1752 270 1807 misr-utin·
289 1754 396 1809 currimus
410 1770 534 1823 pecorum
548 1757 634 1822 [bins.
650 1758 680 1811 in
701 1772 789 1827 ruem.
806 1765 931 1829 peccato·
947 1750 972 1813 B
987 1758 1078 1814 tiones
1097 1755 1210 1813 Domini
1222 1770 1251 1811 se
1265 1753 1360 1811 iecisse
1374 1754 1515 1826 glorietur,
1529 1762 1557 1811 et
1569 1754 1707 1827 legislator
1718 1770 1790 1828 prae·

130 1849 202 1913 rum]
214 1862 323 1900 snorurn
330 1864 339 1913 3
350 1849 451 1901 uiscera
460 1852 549 1903 autem
562 1852 705 1919 impiorum
715 1854 773 1905 sinc
781 1854 932 1907 misericor-

131 1938 177 1993 dia
205 1942 301 2004 (Pron.
318 1944 390 2005 xn).
417 1939 538 2011 ideoque
563 1941 658 1998 iisdem
679 1943 752 2000 vitiis
767 1945 933 2001 monachum

131 2030 272 2102 subjacere
291 2032 476 2088 certissimum
494 2042 550 2103 ost,
578 2034 759 2106 quirinalia,
778 2036 932 2094 inclementi

131 2131 214 2196 atque
227 2123 376 2179 inhumane
386 2126 540 2195 severitate,
555 2127 731 2184 condemnat.
745 2130 803 2185 Rex
815 2130 888 2186 enim
898 2131 934 2185 ri·

132 2216 212 2290 gidus
225 2217 336 2273 incurrit
351 2218 441 2287 mala3
459 2228 470 2255 t
486 2228 513 2275 et
525 2221 579 2288 Qui
596 2222 707 2277 obturat
719 2238 797 2278 aures
816 2239 880 2279 sues
902 2240 934 2281 ne

131 2312 227 2365 urediut
235 2313 414 2380 inhrurum‚et
421 2314 479 2382 ipse
487 2315 635 2383 invocabit,
644 2320 670 2371 et
677 2331 729 2371 nort
739 2318 791 2371 erit
798 2320 933 2386 quieran-

131 2402 191 2457 ‹h'ot
206 2419 268 2458 eum
281 2406 373 2469 (Pron.
385 2408 460 2471 sixt).

435 2508 564 2563 CAPUT
576 2510 628 2564 xl.

132 2602 380 2669 interrogationum·
393 2604 527 2675 (effectum
537 2606 639 2661 thuoris
653 2610 679 2661 et
692 2608 753 2679 spei
764 2607 869 2665 eliserit
882 2610 934 2665 im-

449 2677 610 2744 pmfcctum.

166 2776 320 2832 Germanus
340 2793 346 2832 ε
363 2778 493 2833 Potentcr
504 2778 616 2849 quidem
640 2788 721 2851 atque
736 2780 880 2853 magnifiee
898 2782 933 2840 de

986 1852 1042 1907 mio
1055 1849 1147 1906 lutura
1165 1848 1346 1920 prospiciens,
1360 1848 1493 1920 spreuisse
1511 1847 1689 1921 adoptionem
1707 1850 1791 1923 regiae

986 1943 1136 2018 dignitatis,
1163 1952 1192 1999 et
1213 1942 1393 1999 alllictionem
1412 1942 1580 1999 dirissimam
1597 1943 1790 2017 AEgyptiorum

988 2037 1123 2094 thesauris
1138 2035 1294 2109 praetulisse
1311 2034 1433 2091 dicatur?

1292 2130 1413 2185 CAPUT
1421 2129 1485 2183 xtt.

1094 2224 1238 2294 Responsio
1256 2221 1289 2277 dc
1309 2222 1467 2276 diversitate
1476 2223 1681 2291 perfectionum.

1023 2315 1187 2374 Clraerernou
1202 2334 1210 2371 :
1227 2315 1236 2351 ¹
1261 2317 1314 2372 Pro
1335 2322 1502 2386 statuatque
1517 2330 1647 2373 mensura
1663 2316 1792 2373 uniuscu-

982 2410 1082 2482 jusque
1097 2410 1198 2466 mentis
1212 2408 1354 2481 Scriptura
1369 2407 1459 2464 divina
1473 2406 1507 2463 od
1517 2407 1637 2466 diuersos
1648 2408 1790 2481 perfectio·

985 2519 1053 2559 num
1072 2503 1171 2577 gradm
1183 2502 1290 2559 arbitrii
1306 2500 1392 2558 nostri
1408 2509 1540 2573 provocat
1553 2500 1718 2559 libertatem.
1730 2506 1790 2563 Nee

986 2599 1060 2657 enim
1074 2606 1184 2671 poterat
1196 2596 1342 2654 uniformis
1356 2594 1485 2653 omnibus
1499 2594 1676 2668 perfectionis
1688 2612 1790 2655 corona

987 2690 1118 2765 proponi,
1133 2689 1199 2761 qnia
1213 2704 1265 2745 uec
1278 2686 1406 2744 omnium
1420 2687 1584 2757 unanimus,
1600 2694 1648 2743 aut
1665 2688 1790 2747 voluntas

987 2793 1035 2840 aut
1050 2783 1201 2845 terrorest,
1215 2781 1361 2838 etidcirco
1378 2780 1500 2852 ipsarum
1512 2779 1720 2851 quodammodo
1730 2796 1791 2854 per-

133 2868 250 2941 perfecta
276 2868 326 2924 Dei
352 2868 482 2925 charitate
505 2870 655 2927 dissertum
672 2880 728 2942 est3
745 2882 933 2933 cerumtamen
988 2877 1137 2934 lectionum
1161 2876 1283 2933 diversos
1311 2873 1423 2931 ordines
1447 2873 1624 2944 diversasque
1646 2890 1789 2933 mensuras

132 2961 200 3017 illud
210 2977 260 3017 nos
274 2971 423 3031 permovet,
439 2963 512 3035 quod
527 2979 591 3019 cum
601 2980 664 3021 corn
676 2972 752 3021 tanta
768 2966 847 3024 laude
862 2984 931 3039 prae-
987 2984 1077 3026 sermo
1092 2968 1199 3025 divinus
1218 2966 1349 3023 instituit.
1363 2965 1444 3035 Quod
1462 2966 1500 3021 ita
1519 2980 1578 3021 esse
1590 2974 1604 3009 ⁸
1618 2968 1789 3039 evangelica·

133 3055 243 3125 tuleris,
260 3055 385 3113 timorem
407 3057 457 3112 Dei
479 3065 505 3113 et
518 3074 595 3130 spent
610 3042 804 3117 ¹retributionis
822 3070 933 3120 aeternae
987 3077 1049 3117 rum
1062 3076 1171 3133 quoqne
1191 3059 1396 3117 beatitudinum
1413 3058 1528 3115 varietas
1545 3058 1682 3116 evidenter
1695 3070 1788 3118 osten·

680 3186 807 3241 ALAltlll
826 3188 939 3244 GAZAEl
958 3188 1237 3245 COllllENTAllll'S.

167 3294 328 3351 ‘Sententia
341 3303 383 3349 est
398 3296 429 3349 [l.
444 3294 605 3367 llieronymi
617 3310 682 3351 ntor
693 3296 812 3367 citanda,
828 3298 932 3356 eisdem
949 3299 1097 3372 cgmndis
1107 3298 1210 3365 iaetus,
1225 3297 1252 3353 id
1272 3304 1328 3362 est,
1350 3294 1474 3359 adultus,
1491 3303 1517 3352 et
1531 3306 1667 3365 provectu
1682 3298 1787 3367 aetatis,

132 3364 188 3423 lere
203 3366 293 3421 serbis
306 3376 446 3437 concepta.

167 3438 181 3471 ¹³
193 3436 236 3492 Sic
252 3436 390 3509 Crryclrins
404 3446 432 3493 et
446 3436 594 3493 Ciaennius
608 3451 673 3494 cum
695 3438 764 3494 aliis.
781 3440 933 3512 Dionysius

132 3522 198 3563 reru
208 3516 233 3562 et
243 3508 289 3563 alii
303 3529 308 3563 τ
321 3510 472 3565 ,lninmlms
479 3512 646 3577 preccertorrnn
657 3526 775 3578 suermn,
790 3512 931 3580 mendose,

134 3587 166 3634 ut
190 3586 263 3649 puto.
287 3579 339 3636 Alii
368 3578 486 3650 deniqne
505 3596 512 3633 :
534 3583 699 3636 Aninternm
717 3598 844 3651 peccorum
869 3600 932 3638 sno-

135 3666 207 3711 rum,
221 3658 272 3705 etc.
288 3651 405 3718 l'rrlgata
428 3658 521 3707 autem
542 3652 626 3709 editio
646 3651 728 3708 habet
744 3654 822 3723 (Pro.
841 3659 929 3717 xtrl:

132 3723 210 3777 h’orr't
221 3721 313 3790 justus
320 3723 504 3791 Jrrrrrenlurum
518 3738 627 3779 suermn
638 3728 753 3793 ursinus·
765 3729 865 3783 risccru
880 3742 931 3781 uu-

134 3798 185 3848 tern
202 3795 342 3863 impimnm
355 3794 484 3849 ciuiuus.

168 3873 179 3899 ⁰
192 3866 273 3936 l'nlg.
285 3873 377 3919 tentus
391 3886 397 3921 :
414 3866 467 3929 Oui
475 3866 581 3917 obturet
592 3880 684 3918 ererum
695 3881 773 3919 sumn
785 3867 823 3919 ml
837 3868 934 3921 clermo-

134 3950 188 3989 rctn
194 3938 335 4005 paemene,
347 3940 372 3988 ct
385 3938 440 4003 ipse
450 3934 587 3993 elerrrmht't,
597 3938 622 3985 et
632 3948 686 3985 non
697 3936 868 3988 eruudietmn
877 3936 932 3989 ubi

132 4006 168 4060 D.
186 4007 370 4077 llieruuytnus
382 4022 389 4056 ι
403 4002 580 4063 Gerurulitcr,
592 4000 638 4065 cit,
650 4001 704 4055 licec
714 4004 869 4071 uccipierulu
878 4018 934 4058 serr·

133 4080 235 4137 teretur,
249 4080 274 4130 et
289 4090 340 4127 reon
354 4087 435 4140 eqrmo
451 4071 619 4135 territamur
632 4073 806 4141 eurpeuntr'ter
817 4076 932 4141 inherere.

131 4150 202 4203 ,term
218 4152 241 4201 et
252 4147 301 4213 qui
309 4143 466 4196 erirrrinihns
477 4141 589 4195 ulturus
603 4156 654 4195 nen
665 4144 770 4209 suffectu
785 4146 934 4198 miseriror-

131 4219 185 4272 <lire
200 4215 347 4274 conelolcrc,
361 4212 407 4266 sert
411 4212 563 4280 indiceretis
575 4214 677 4267 triennit
688 4218 773 4269 terrere
783 4230 933 4279 corrnerunt,

133 4286 250 4341 osternlit
264 4300 292 4338 se
302 4284 412 4338 stenelum
426 4286 549 4338 citiorum
557 4284 669 4350 faecibus
680 4286 840 4355 eliquntrun,
851 4302 935 4355 raeque

135 4357 234 4411 ‹rerelitu
249 4356 350 4409 <titium
364 4356 547 4410 ririsenrtienis
561 4358 675 4411 aristere
690 4357 810 4427 siegrium.

171 4415 184 4457 ἀ
200 4429 231 4480 l).
248 4426 429 4498 llierouymus
441 4442 472 4482 er
489 4425 606 4483 ilebraeo
617 4427 718 4482 vertit:
734 4431 845 4500 Propter
857 4434 933 4484 uter·

131 4514 194 4551 ereren
211 4499 419 4553 retributionem.
443 4498 530 4553 Causa
549 4497 659 4569 quidem
683 4498 772 4571 prima
793 4516 841 4571 per
860 4516 889 4555 se
906 4508 933 4556 et

77 4620 80 4625 .
133 4568 255 4639 proprie,
271 4586 320 4625 cur
334 4568 509 4640 applicandus
528 4567 565 4623 sit
584 4569 693 4624 animus
707 4569 742 4627 ad
759 4570 929 4642 exsequenda

985 3371 1142 3443 negaverit,
1157 3370 1214 3433 rel,
1233 3375 1264 3422 ut
1289 3366 1317 3421 in
1332 3366 1431 3423 Graeco
1444 3373 1499 3431 est,
1513 3365 1664 3433 horruerit,
1678 3383 1788 3425 aversa-

988 3451 1032 3498 tus
1050 3442 1087 3497 sit
1103 3455 1133 3496 se
1150 3438 1204 3494 diei
1225 3436 1314 3492 filium
1337 3434 1399 3491 liliae
1419 3435 1584 3502 Pharaonis,
1604 3436 1630 3492 id
1652 3452 1740 3509 neque
1760 3439 1788 3495 in

990 3512 1083 3569 Exodo
1094 3510 1218 3593 legimus,
1228 3520 1316 3579 neque
1326 3506 1397 3577 apud
1406 3504 1565 3577 losephum.
1579 3506 1661 3563 Unde
1673 3510 1703 3563 S·
1716 3508 1787 3565 Tho·

988 3598 1048 3640 mas
1070 3584 1108 3639 sic
1123 3586 1334 3651 interpretatur:
1351 3580 1463 3647 Peperit
1487 3592 1515 3632 se
1538 3593 1592 3633 esse
1608 3580 1695 3649 tithan
1711 3581 1786 3649 ejus,

987 3672 1039 3711 reon
1051 3656 1159 3725 quietern
1173 3652 1261 3714 recha
1277 3650 1323 3705 sed
1342 3652 1425 3717 screto,
1442 3652 1507 3721 quin
1518 3654 1611 3705 (turrira
1624 3652 1788 3708 rulurrtutem

987 3728 1137 3783 Pharaonis
1157 3724 1291 3792 interserit
1302 3724 1472 3791 eliqpptinm,
1491 3722 1540 3790 qni
1547 3724 1720 3841 'percutiebat
1734 3727 1788 3779 lle·

988 3800 1105 3863 ln·u·um;
1125 3802 1150 3852 et
1173 3796 1344 3851 tteluueuan
1356 3794 1454 3861 peqrnlo
1469 3807 1496 3845 sc
1520 3794 1660 3859 resperserit.
1686 3793 1728 3847 ste
1756 3794 1786 3851 S.

986 3870 1118 3925 Thomas.
1133 3869 1237 3923 Verum
1251 3864 1296 3918 alii
1308 3870 1420 3917 censent
1438 3862 1554 3933 Moysen
1567 3874 1624 3914 non
1638 3860 1728 3916 solum
1743 3860 1789 3919 ta-

987 3948 1050 4006 cto,
1064 3940 1113 3995 sed
1127 3938 1210 3994 etiam
1232 3934 1320 3990 verbis
1334 3948 1456 4005 negasse,
1469 3940 1497 3987 et
1519 3944 1548 3985 sc
1559 3930 1614 3985 reri
1628 3929 1679 3985 Del
1697 3931 1786 3987 culto·

987 4023 1046 4061 rem
1059 4010 1129 4063 etde
1142 4014 1223 4077 gente
1241 4013 1269 4061 et
1282 4004 1410 4074 religione
1422 4003 1605 4058 llebraeorum
1619 4000 1710 4071 palam
1725 4018 1787 4127 qro-

988 4076 1088 4131 lessum
1107 4092 1175 4132 esse.
1197 4072 1343 4143 Quomodo
1368 4082 1461 4128 autem
1476 4072 1551 4126 idem
1575 4072 1788 4143 llloysesadtuc

987 4146 1077 4202 inians
1093 4144 1229 4200 Pharaoni
1242 4143 1378 4197 oblutusa
1394 4142 1459 4203 lilio,
1473 4139 1636 4211 impositum
1648 4140 1699 4197 sibi
1708 4142 1742 4198 ab
1754 4158 1787 4201 eo

987 4216 1114 4273 diadema
1139 4211 1284 4287 abjecerit,
1310 4210 1480 4283 pedibusque
1500 4210 1685 4283 conculcarit,
1707 4221 1788 4287 atque

986 4288 1067 4343 etiam
1078 4288 1130 4343 hoc
1142 4288 1214 4342 tacto
1229 4281 1368 4356 negaverit
1380 4296 1429 4337 seu
1447 4281 1573 4337 abnuerit
1594 4297 1623 4338 se
1635 4282 1688 4340 dici
1699 4284 1787 4342 hlium

989 4357 1053 4415 titire
1069 4355 1233 4423 Pharaonis,
1252 4354 1382 4425 regnique
1403 4352 1540 4410 haeredem
1554 4355 1639 4425 (quod
1658 4370 1716 4412 non
1729 4356 1787 4413 sine

986 4430 1078 4487 divino
1094 4438 1170 4486 motu
1180 4435 1209 4511 et
1222 4426 1350 4509 instinctu
1365 4423 1470 4482 tactum
1484 4424 1557 4481 credi
1570 4440 1618 4498 par
1627 4426 1690 4499 est),
1703 4426 1786 4485 relert

985 4501 1351 4630 Ιοξᾛῗῗῗιιὲἓὲιιξὲἰξεειξῗεέ
1364 4502 1555 4641 ιδ’ρπειρὴηεὶε
1569 4568 1693 4643 Dionysii
1703 4570 1785 4640 paulo

131 4642 183 4695 Dei
198 4641 336 4707 inlaudata,
352 4648 393 4695 est
404 4640 461 4711 ipse
475 4640 560 4706 Dens,
577 4638 632 4693 sire
646 4639 692 4695 llei
705 4642 830 4697 voluntas
844 4651 871 4697 et
881 4641 930 4697 im·
986 4644 1095 4714 clarior,
1108 4659 1169 4716 queo
1183 4642 1224 4699 sic
1241 4640 1324 4697 habet
1339 4660 1345 4695 :
1364 4640 1511 4709 scriptino
1530 4640 1622 4693 ‹licirm
1636 4643 1739 4693 enatet
1759 4644 1786 4697 et

133 4711 250 4781 perium,
266 4727 364 4783 nempe
377 4726 430 4782 qua
448 4709 487 4765 sic
499 4708 556 4764 rull
574 4718 600 4765 et
609 4708 702 4781 jubet3
715 4711 785 4767 sicut
798 4712 929 4783 primaria
943 4692 969 4753 D
983 4716 1201 4772 hurtutnrnoslri
1214 4714 1330 4769 arbitrii
1338 4710 1531 4765 liber-tutunus!
1540 4709 1787 4777 prrrrlusperfectiu

132 4797 214 4837 carisa
232 4798 280 4837 cnr
301 4783 347 4838 dili
368 4781 454 4838 curlus
476 4780 512 4835 sit
529 4782 617 4849 Deus,
632 4788 674 4836 cst
689 4780 745 4853 ipse
769 4784 857 4853 Deus,
873 4784 929 4839 sire

133 4852 221 4933 ipsius
233 4867 339 4908 sunrma
350 4798 458 4908 {onitas
474 4869 481 4905 :
498 4851 610 4907 undeet
624 4852 865 4925 propterseipsum
885 4854 929 4911 di-

131 4920 180 4994 lrgi
203 4921 324 4993 jubetur.
348 4923 471 4979 Socrrnda
490 4929 583 4978 orrtem
604 4938 686 4979 causa
708 4930 749 4978 est
774 4923 928 4987 retributio.

132 4994 191 5049 sire
206 5008 267 5063 spes
279 4992 465 5050 retributionis
475 5001 596 5061 aeterum,
610 5009 694 5066 quam
704 4992 748 5049 hic
757 4994 840 5051 obbas
852 5005 930 5051 vocat

131 5064 348 5129 mercennariam,
362 5066 424 5136 qnia
441 5063 596 5120 mercedem
612 5073 717 5134 spectat
737 5072 765 5121 et
788 5066 929 5138 proprium

130 5136 330 5201 commodnm3
347 5151 403 5191 uon
426 5135 610 5216 quodvitiosa
624 5134 670 5204 sit,
686 5135 734 5192 sed
759 5137 823 5209 qnia
837 5137 929 5195 minus

131 5205 252 5287 perfecta
266 5222 350 5277 quam
363 5206 489 5271 charnas,
503 5221 556 5278 qua
570 5208 646 5263 Deus
660 5214 772 5279 propter
782 5222 813 5263 se
825 5206 928 5279 absque

130 5277 235 5357 intuitu
253 5277 384 5335 mercedis
402 5276 534 5349 diligitur,
548 5285 580 5335 ut
599 5276 721 5334 declarat
740 5279 866 5351 sequenti
881 5295 928 5335 ca-

150 5356 196 5402 tle.

131 5363 286 5475 peVerba
306 5428 371 5475 sunt
392 5419 588 5493 Apostolorum
613 5419 647 5477 ad
671 5420 755 5479 Hebr.
778 5437 821 5479 rt.
841 5423 928 5479 Porro

131 5488 246 5561 Moysen
263 5508 280 5547 a
299 5490 354 5545 iiiia
370 5491 518 5547 Pharaonis
530 5499 700 5561 susceptum,
724 5492 885 5565 adoptatum
902 5502 929 5549 et

129 5559 279 5616 educatum
295 5561 381 5617 tuisse
394 5577 425 5617 er
445 5561 556 5619 historia
574 5563 658 5619 Exodi
673 5571 770 5619 notum
784 5572 835 5619 est.
850 5562 929 5633 Quod

129 5637 157 5686 et
167 5632 313 5689 confirmat
327 5634 355 5689 S.
370 5631 523 5705 Stephanus
534 5638 594 5689 Aet.
609 5649 657 5690 vtt
670 5633 782 5691 dicens:
798 5636 929 5703 Enqnsito

128 5707 221 5758 eutem
241 5705 299 5770 ille,
315 5705 427 5759 sustulit
440 5706 569 5831 cumsliu
583 5706 751 5768 Pheretnouis,
776 5710 802 5761 et
813 5708 929 5762 sintricit

129 5787 189 5827 euin
204 5775 258 5829 siti
270 5778 298 5829 in
308 5776 405 5845 felium.
422 5776 502 5849 Quon
522 5784 643 5832 cautem
665 5784 694 5833 et
716 5776 856 5849 quomodo
866 5777 928 5849 jnm

982 4804 1047 4842 rrum
1061 4790 1181 4841 dirersos
1192 4785 1278 4854 triete
1292 4795 1461 4845 mensur-nen,
1477 4778 1678 4846 dispositionem
1689 4782 1715 4833 et
1727 4785 1787 4835 sto·-

982 4862 1038 4911 turn
1054 4858 1196 4925 utriuslibet
1208 4854 1316 4915 meretis,
1329 4858 1381 4905 etc.

1017 4926 1144 5007 ssTougit
1164 4922 1352 4981 differentiam
1376 4918 1446 4973 inter
1463 4915 1645 4979 beatitudines
1668 4937 1735 4979 eran
1754 4938 1783 4981 e·

984 4997 1067 5064 licus,
1093 5011 1150 5052 sne
1164 4994 1192 5049 iu
1212 4991 1358 5074 Evangelio
1381 5000 1613 5071 commemoratos
1628 5002 1656 5049 et
1683 5010 1739 5067 prae
1760 4997 1784 5041 '-

982 5076 1069 5135 colas,
1080 5076 1108 5123 et
1117 5066 1189 5121 inter
1218 5061 1534 5133 raemraeisrepromtssa
1546 5062 1781 5125 intersccollata:

984 5154 1047 5211 qum
1062 5147 1154 5195 tamen
1173 5081 1325 5193 differentia
1348 5132 1529 5206 praemiorum
1553 5149 1607 5190 non
1622 5141 1680 5189 tam
1705 5136 1733 5190 in
1756 5154 1784 5197 re

982 5226 1065 5281 qnam
1080 5210 1108 5265 in
1123 5207 1214 5265 serbis
1231 5206 1365 5263 consistit.
1380 5204 1443 5261 Sive
1456 5204 1528 5260 enim
1544 5202 1604 5261 haec
1618 5204 1652 5259 atl
1667 5220 1784 5277 prusen-

982 5290 1039 5337 tem
1054 5282 1138 5337 sitam
1151 5278 1315 5347 referantur,
1331 5276 1388 5333 sive
1401 5274 1435 5332 ad
1454 5273 1588 5345 futuram,
1612 5277 1706 5333 omina
1719 5294 1784 5337 con·

983 5358 1098 5410 eumont
1111 5362 1138 5409 et
1151 5368 1181 5409 se
1204 5358 1299 5407 mutuo
1315 5347 1535 5419 complectuntur
1547 5354 1595 5403 aut
1613 5362 1785 5422 consequun-

984 5432 1041 5480 tur.
1062 5424 1113 5482 Serl
1139 5424 1162 5479 si
1186 5422 1334 5478 verborum
1347 5418 1405 5475 vim
1430 5432 1479 5475 seu
1493 5418 1649 5490 emphasim
1667 5428 1784 5496 spectes,

984 5495 1073 5565 majus
1087 5494 1231 5567 prumiam
1244 5499 1325 5550 sonat
1334 5504 1450 5562 regnum
1465 5489 1603 5545 coelorum
1618 5491 1702 5563 (quod
1716 5492 1786 5551 duo·

983 5563 1035 5621 bus
1047 5564 1274 5633 beatitudinibus,
1287 5562 1384 5645 primes
1397 5568 1425 5616 et
1434 5567 1551 5627 octavu,
1569 5562 1782 5645 repromittitur)

982 5653 1065 5709 qnam
1099 5636 1216 5693 ossessio
1231 5643 1323 5704 terra,
1345 5648 1403 5689 stre
1423 5636 1550 5701 terrenae,
1570 5648 1627 5692 stre
1645 5635 1782 5705 coelestis,

982 5710 1059 5765 etsie
1073 5654 1107 5766 (fe
1118 5707 1236 5777 catoris,
1252 5714 1332 5780 prout
1347 5704 1393 5763 hic
1401 5702 1564 5787 declaratur.
1578 5709 1675 5781 Neque
1687 5704 1813 5752 a*

981 5777 1118 5852 inquirere
1130 5797 1179 5839 cnr
1189 5794 1237 5839 ser
1249 5775 1443 5837 tantummodo
1456 5774 1635 5837 beatitudines
1648 5792 1663 5837 e
