3848 6158
133 251 185 305 613
532 242 701 300 cottana
720 246 758 333 V.¹
773 273 810 286 -
828 246 873 300 ut:
891 244 982 301 OCTO
1001 245 1258 303 entncteltttttus
1277 247 1388 304 vtatts.
1735 259 1788 316 dii

128 387 187 428 non
210 377 338 443 poterunt
358 371 480 438 (dieque.
506 367 552 422 lib.
576 382 651 423 xxxi
672 369 769 423 Merui.
791 385 852 439 cap.
875 368 928 439 tt).
945 369 1096 440 Apuritati
1109 368 1280 426 studentibus
1295 371 1442 443 plurimum
1457 373 1567 430 confert
1581 382 1611 430 ut
1622 374 1719 434 harum
1732 396 1788 436 car·

128 475 141 502 ⁸
152 466 219 523 licet
230 464 325 520 beatus
338 460 486 533 Apostolus
498 460 590 516 amnia
606 460 673 515 vitia
694 459 856 533 generaliter
869 476 934 533 pro·
988 464 1093 519 natium
1111 465 1270 534 passionum
1285 465 1356 536 ipsas
1370 466 1500 523 mannas
1518 467 1568 524 sihi
1581 469 1708 540 primitus
1721 473 1786 528 sith·

128 558 294 618 nuntiaverit
323 571 382 612 esse
409 555 539 622 carnalia,
561 552 697 625 siquidem
724 552 881 610 inimicitias
909 563 936 612 et
987 556 1108 624 trahant,
1129 558 1229 628 quihus
1255 566 1344 630 potest
1364 554 1406 615 vel
1426 561 1531 616 οιιιιίο
1563 562 1604 619 rel
1632 563 1786 621 recordatio
1877 559 1882 571 '

128 655 185 712 iras
199 662 279 725 atque
300 650 418 707 haereses
431 647 501 704 inter
514 656 612 704 caetera
626 647 716 704 caruis
731 661 814 720 opera
836 663 935 704 nume·
988 649 1151 707 earumdem
1164 652 1320 722 passionum
1339 654 1482 725 egrotanti
1495 653 1583 711 adhuc
1594 656 1693 714 animae
1707 673 1788 730 gene·

129 749 344 818 raverit·(Golat.
361 751 408 813 v);
429 757 481 799 nos
498 751 590 798 nmen
604 742 638 799 ad
654 742 766 799 illoram
781 743 936 799 curationes
988 745 1056 802 rari.
1066 748 1185 802 Necesse
1198 754 1239 801 est
1253 747 1328 802 enirn
1342 756 1373 804 ut
1391 747 1488 804 morho
1506 748 1606 820 duplici
1625 749 1724 823 duplex
1740 752 1789 809 ad·

128 851 212 916 atque
232 849 344 897 naturas
358 834 513 910 diligentius
533 835 703 908 colligendas
724 834 824 907 duplici
846 851 879 892 ea
892 834 936 891 di·
974 838 1113 897 ,hiheatur
1125 841 1240 896 curatio.
1263 843 1334 897 Nam
1351 843 1457 915 corpori
1477 857 1512 898 ne
1529 845 1746 916 concupiscentia
1760 846 1789 902 in

130 935 234 993 chione
253 932 457 1005 distinguimus.
476 931 550 986 Nam
576 944 614 986 ex
628 928 675 987 his
692 923 843 1002 bquaedam
864 928 935 986 dici·
988 930 1122 990 effectum
1146 942 1236 990 tentet
1257 944 1446 1006 prorumpere,
1469 939 1624 994 necessario
1642 937 1745 1011 effigies
1763 948 1792 996 et

129 1044 193 1086 mus
207 1045 266 1085 esse
286 1027 413 1091 earnalia,
441 1024 569 1097 quaedam
591 1040 655 1081 rero
676 1024 817 1097 spiritalia.
832 1025 868 1080 Et
890 1024 935 1081 illa
989 1026 1104 1081 materia
1122 1025 1233 1081 illiciens
1255 1025 1440 1083 subtrahenda
1455 1036 1516 1095 est;
1533 1038 1561 1085 et
1577 1031 1676 1087 animae
1691 1031 1790 1088 nihilo-

128 1122 245 1197 quidem
259 1122 387 1187 earnalia,
404 1134 466 1194 quae
483 1117 637 1188 specialiter
654 1118 690 1175 ad
711 1117 837 1175 tomitem
855 1126 883 1174 et
900 1117 936 1174 ad
989 1116 1092 1185 minus,
1115 1132 1150 1171 ne
1168 1131 1230 1172 eam
1253 1115 1294 1171 val
1314 1116 1478 1189 cogitatione
1495 1120 1641 1190 concipiat,
1662 1125 1791 1180 attentior

128 1231 245 1274 sensum
268 1217 403 1288 pertinent
422 1212 525 1279 carnis,
545 1213 646 1284 quibus
660 1213 704 1269 illa
727 1213 764 1269 ita
787 1212 937 1270 delectatur
988 1207 1129 1265 meditatio
1144 1209 1347 1279 Scripturarum
1365 1217 1392 1263 et
1412 1208 1564 1267 sollicitudo
1579 1212 1686 1285 pervigil
1702 1230 1734 1270 ιι
1747 1231 1790 1271 re·

128 1311 305 1382 depascitur,
321 1310 445 1365 utetiam
460 1305 804 1380 quietaincitetmentes,
822 1307 937 1362 inritas·
990 1300 1079 1357 motio
1112 1300 1264 1356 solitudinis
1288 1300 1389 1356 utiliter
1418 1301 1610 1371 ιρροιιιιιιιι.ο
1632 1304 1664 1356 ln
1687 1305 1792 1361 ceteris

129 1420 185 1481 que
202 1419 249 1459 eas
271 1417 485 1475 nonnumquam
506 1400 648 1473 pertrahat
660 1399 694 1455 ad
718 1415 776 1457 suae
790 1400 937 1457 voluntatis
990 1403 1084 1452 autem
1104 1393 1178 1451 vitiis
1197 1393 1317 1450 humana
1339 1394 1475 1449 consortia
1492 1395 1558 1450 nihil
1579 1395 1699 1463 ohsuut;
1715 1398 1794 1468 quin-

128 1513 283 1557 assensuni.
300 1500 342 1552 De
354 1495 453 1568 quihus
465 1494 563 1550 beatus
573 1493 754 1564 apostotolus
771 1493 935 1566 quibusdam
988 1488 1075 1545 immo
1096 1489 1180 1545 etiam
1194 1488 1342 1561 plurimum
1357 1487 1504 1546 contemni
1516 1488 1559 1545 his
1580 1491 1625 1562 qui
1640 1506 1733 1547 cerere
1752 1492 1793 1549 eis

131 1592 191 1650 ait:
208 1595 404 1648 Etreasomnes
417 1588 567 1659 aliquando
581 1591 732 1644 moerenti
744 1603 836 1644 sumus
850 1591 880 1643 in
894 1590 936 1645 de
989 1583 1018 1639 itt
1047 1583 1161 1640 veritate
1186 1582 1349 1665 desiderant,
1375 1583 1439 1655 quia
1468 1582 1621 1655 frequentia
1648 1584 1793 1642 hominum

130 1687 465 1745 domininationem,
479 1683 795 1751 facientes'valuntatem
811 1685 936 1739 meismet
991 1677 1076 1751 tnagis
1097 1684 1268 1749 arguuntur;
1283 1683 1313 1732 et
1332 1675 1400 1732 dum
1416 1676 1540 1733 lacessita
1564 1677 1687 1733 crehrius
1701 1679 1792 1735 mani-

130 1782 335 1850 caqitotionum,
350 1782 375 1833 et
388 1791 495 1832 mamus
505 1777 673 1845 naturantis·
686 1778 746 1840 ire,
761 1778 831 1832 sicut
849 1779 874 1832 et
888 1792 937 1832 ce·
950 1794 975 1857 B
990 1770 1135 1841 testantur,
1146 1770 1229 1828 celeri
1244 1771 1377 1828 medicina
1392 1772 1551 1844 perveniunt
1564 1771 1599 1833 ad
1613 1771 1738 1829 salutern.

130 1874 183 1928 teri
200 1872 308 1943 (Ephes.
323 1871 368 1942 ιι).
383 1869 516 1942 spiritalia
539 1885 602 1925 vero
615 1856 730 1925 dicimus
745 1884 822 1941 quae,
836 1869 934 1926 instin—

131 1972 179 2021 ctu
199 1966 299 2020 animm
320 1964 402 2020 solius
420 1972 491 2031 orto,
513 1978 569 2018 non
590 1962 679 2019 salum
700 1963 769 2019 nihil
788 1963 934 2037 voluptatis

130 2056 279 2115 conferunt
293 2057 379 2123 carni,
391 2056 440 2112 sed
457 2056 539 2112 etiarn
552 2055 719 2128 gravissimis
738 2072 799 2113 eam
816 2056 934 2130 languo-

131 2151 211 2208 ribus
227 2149 382 2215 attolentia,
403 2150 565 2208 miserrimae
574 2150 757 2224 jocunditatis
778 2161 859 2224 pastu
876 2151 937 2207 ani·

1303 1916 1422 1971 CAPUT
1442 1917 1476 1970 V.

1042 2043 1176 2112 Quomodo
1190 2047 1318 2170 Dominnts
1332 2049 1423 2170 nm
1436 2046 1507 2170 ιιιΐιιι
1523 2047 1623 2117 absque
1633 2054 1741 2118 peceato

1313 2131 1376 2171 ena
1444 2131 1468 2170 si
1483 2159 1490 2173 .

133 2259 213 2300 mam
232 2251 337 2300 tantum
352 2244 476 2302 nutriunt
490 2254 679 2318 egrotantem.
696 2247 732 2300 Et
755 2245 856 2301 idcireo
876 2243 937 2302 haec
1028 2238 1148 2313 ideoque
1160 2240 1296 2298 Dominus
1310 2250 1404 2298 noster
1414 2245 1493 2299 Jesus
1504 2243 1637 2313 Christus,
1649 2261 1712 2302 oum
1723 2250 1796 2319 Apo-

134 2335 245 2408 quidem
258 2337 373 2409 simplici
387 2338 477 2394 cordis
497 2337 620 2409 indigent
634 2337 789 2405 medicina,
809 2352 870 2410 quae
887 2353 936 2394 au·
991 2335 1054 2392 stoh
1074 2336 1268 2407 pronuntietur
1291 2338 1425 2393 sententia
1442 2342 1560 2393 testatus
1578 2338 1663 2395 fuisse
1680 2357 1730 2411 per
1741 2358 1795 2397 an-

133 2437 189 2485 tent
209 2429 323 2485 carnalia
343 2439 418 2497 sunt,
437 2446 493 2486 nun
507 2431 560 2486 nisi
574 2423 688 2502 duplici,
702 2430 938 2503 quemadmodum
991 2430 1041 2485 niu
1054 2431 1197 2486 secundnm
1210 2432 1415 2487 similitudinem
1437 2442 1571 2498 nostram,
1590 2432 1689 2490 dicitur
1703 2444 1794 2492 tamen

130 2520 260 2592 diximus,
281 2522 316 2580 ad
335 2523 479 2580 sanitatem
502 2524 643 2581 curatione
662 2525 831 2596 perveniunt.
855 2521 937 2580 Unde
991 2522 1115 2594 talasque
1127 2529 1233 2594 pamm
1246 2525 1335 2596 (neor.
1348 2533 1405 2592 tv),
1421 2524 1450 2581 id
1461 2533 1513 2593 est,
1524 2526 1627 2598 ahsque
1639 2527 1719 2600 hujus
1732 2544 1795 2601 pas-¹

533 2654 547 2681 ι
681 2639 814 2694 attunt
832 2637 945 2693 caint
964 2635 1246 2693 COdihiENTthUS.

166 2752 179 2779 ⁸
189 2744 259 2800 Cum
275 2744 421 2816 apostotus
435 2744 469 2801 ad
484 2745 593 2802 Galatas
604 2753 702 2817 quarto
715 2760 773 2816 cap.
792 2742 875 2816 (quod
893 2742 938 2799 hic
990 2743 1066 2815 piunt
1078 2742 1204 2799 omniurn
1266 2753 1400 2798 catorum.
1415 2745 1455 2799 lta
1468 2753 1578 2800 sanctus
1591 2744 1723 2802 Thomas.

131 2813 263 2886 signatur)
284 2813 440 2885 quindecim
459 2818 653 2873 tantummodo
671 2824 719 2872 aut
742 2814 937 2889 septemdecim
1027 2813 1191 2869 bFamdem
1234 2814 1418 2870 intinctionem
1441 2814 1542 2871 indicat
1568 2817 1603 2871 D.
1625 2818 1797 2888 Augustinus

131 2900 214 2958 opera
233 2888 322 2940 carnis
344 2896 496 2956 enumeret,
516 2887 654 2962 quomodo
678 2902 777 2943 verum
799 2894 841 2942 est
864 2884 937 2956 quod
991 2884 1037 2943 ubi
1052 2900 1133 2956 supra
1147 2899 1205 2954 cap.
1221 2893 1248 2938 4.

131 2957 224 3014 omnia
240 2956 302 3011 vitia
319 2959 477 3027 generaliter
492 2958 710 3029 pronuntiaverit
723 2972 781 3014 esse
797 2957 935 3013 earnalia?
1025 2955 1093 3012 ⁸Sic
1113 2964 1140 3010 et
1158 2955 1222 3009 alibi
1243 2955 1389 3011 Cassianus
1408 2956 1476 3026 (Lib.
1501 2971 1534 3012 vr
1555 2959 1645 3012 instit.
1666 2974 1725 3029 cap.
1745 2958 1792 3030 3);

129 3027 302 3153 Responderi
315 3038 404 3098 potest
415 3029 522 3085 duobus
535 3029 633 3085 modis.
653 3029 745 3085 Primo
763 3044 811 3101 per
825 3043 936 3084 carnem
991 3029 1093 3086 detera
1106 3028 1176 3081 uitia
1193 3029 1275 3081 eciam
1285 3043 1336 3082 usu
1348 3028 1485 3082 hominum
1499 3034 1525 3083 et
1536 3031 1663 3084 coercitio
1676 3034 1796 3100 purgari

130 3097 188 3154 inte
200 3097 245 3169 ligi
259 3098 936 3171 hominemcarnalem3proindeoperacarnisdici
989 3101 1082 3162 solent,
1103 3103 1129 3153 et
1151 3099 1344 3168 quodammodo
1364 3100 1449 3169 ipsius
1468 3100 1559 3170 lapsus
1580 3102 1729 3168 offensione
1749 3118 1794 3156 eu·

130 3181 311 3242 quaecumque
325 3169 418 3231 homo,
434 3178 567 3242 quatenus
577 3171 701 3237 carnatis,
713 3179 860 3241 operatura
877 3184 937 3224 car·
953 3150 976 3214 C
990 3173 1050 3226 rori
1062 3189 1069 3224 ε
1081 3173 1112 3224 ut
1123 3173 1192 3239 putu
1203 3171 1264 3236 ire,
1280 3171 1409 3237 tristitie,
1423 3173 1608 3240 impatientiae,
1621 3172 1795 3229 meditatione

131 3237 224 3295 nalem
240 3255 303 3295 vero
318 3239 458 3296 hominem
474 3241 680 3311 intelligendum
695 3256 763 3306 esse,
780 3241 825 3310 qui
838 3255 938 3295 secun·
992 3242 1078 3297 cordis
1091 3256 1123 3294 aa
1141 3241 1271 3309 pemiqili
1284 3238 1474 3303 sollieitudine,
1492 3244 1614 3309 fratrum
1632 3245 1715 3297 etiam
1732 3245 1794 3311 fre-

132 3308 199 3367 dum
218 3311 348 3381 seipsum,
365 3310 391 3366 id
407 3321 459 3378 est,
479 3311 631 3367 secundum
645 3326 768 3385 amorem
787 3311 936 3381 suiipsius,
992 3313 1087 3382 quenti
1098 3315 1124 3364 et
1132 3311 1245 3363 assidam
1250 3313 1438 3380 prouocatione
1446 3314 1721 3383 sonanturrdumque
1730 3331 1795 3368 cam-

131 3380 634 3455 vivitltluoddiligenteraunotavitl).
654 3380 937 3453 Augustinuslih.xtn
991 3386 1065 3437 mato
1085 3383 1302 3447 manifestantur
1319 3383 1428 3450 sepius,
1448 3386 1473 3436 et
1491 3384 1608 3436 eretriae
1628 3391 1793 3452 aequantur,

131 3449 169 3508 de
186 3452 266 3509 Civit.
286 3468 345 3524 cap.
363 3463 378 3507 a
398 3462 426 3509 et
440 3460 467 3518 3,
486 3462 514 3509 et
529 3452 628 3525 prohat
648 3452 692 3509 his
706 3452 855 3508 rationibus
874 3450 937 3507 huic
992 3454 1063 3508 acius
1081 3453 1242 3523 perueniunt
1261 3452 1299 3506 ad
1310 3451 1438 3517 sulutem3
1460 3453 1506 3507 hoc
1526 3469 1585 3507 nero
1601 3470 1661 3508 enm
1680 3458 1795 3526 commis

132 3521 196 3579 loco
216 3524 423 3579 consentaneis:
443 3528 474 3581 ln
490 3526 612 3595 operibus
628 3541 746 3594 numque
762 3527 861 3587 mines,
876 3538 937 3594 que
991 3525 1139 3593 astutiam
1161 3527 1187 3578 et
1204 3525 1362 3577 contritione
1375 3524 1463 3578 cordis
1478 3523 1623 3579 solitudine
1641 3541 1745 3596 quoque
1763 3543 1795 3582 ac

132 3594 358 3659 manifestudiait
365 3597 518 3666 Apostolus,
527 3613 609 3668 euque
615 3601 819 3652 commemorato
825 3597 937 3650 damna·
989 3597 1134 3650 metatione
1149 3594 1263 3663 indiget,
1279 3603 1329 3649 etc.

134 3665 177 3718 nit
187 3665 255 3729 (oet.
270 3673 309 3730 v),
323 3683 375 3721 non
388 3669 436 3721 illu
450 3673 557 3725 tantum
571 3671 722 3723 invenimus
737 3684 796 3739 que
809 3668 847 3721 od
859 3667 937 3721 uolu-
1026 3667 1040 3702 ⁶
1056 3668 1143 3722 Verba
1158 3665 1280 3735 Apostoli
1298 3664 1332 3720 ad
1347 3664 1433 3721 Hebr.
1446 3680 1499 3722 tv:
1515 3669 1572 3722 Non
1585 3671 1654 3723 enim
1670 3669 1794 3724 hatenus

130 3738 237 3807 ptatem
248 3740 384 3806 pertinent
395 3742 494 3802 carun,
504 3741 587 3795 sicuti
598 3745 662 3795 sunt
675 3741 876 3807 samnaticum,
887 3740 938 3791 im·
991 3739 1146 3807 Pontificem
1166 3739 1215 3807 qui
1226 3752 1279 3791 rien
1298 3741 1386 3808 possit
1400 3740 1517 3808 cmnputi
1529 3741 1733 3806 irttrmitutihus
1744 3757 1796 3795 no-

131 3807 287 3871 munditie,
303 3810 430 3873 incuriae,
447 3811 598 3878 ebrietates,
615 3813 832 3876 comessationem
846 3824 937 3863 unum
984 3810 1070 3876 'stris3
1082 3813 1213 3864 tentatum
1224 3814 1314 3863 nutem
1322 3824 1371 3879 per
1379 3812 1468 3862 omnia
1475 3823 1527 3877 pro
1535 3811 1723 3872 similitudine,
1733 3812 1795 3866 als·

132 3878 216 3932 mam
230 3879 279 3933 illu
294 3882 389 3949 quihus
407 3884 492 3935 animi
503 3883 571 3933 uitia
590 3881 810 3933 demonstrantur
827 3895 845 3932 u
859 3881 937 3932 uolu-
992 3896 1044 3950 que
1052 3884 1159 3951 peccota
1169 3879 1254 4003 §Vide
1271 3880 1360 3933 collat.
1376 3882 1422 3942 22,
1433 3894 1457 3933 ι.
1477 3887 1507 3932 ιιι
1522 3883 1547 3932 et
1564 3884 1641 3947 seq).
1657 3878 1712 3933 Ubi
1728 3879 1795 3934 illud

127 3951 307 4019 ptatecumis
326 3953 423 4005 aliena.
441 3953 507 4017 Quis
527 3951 597 4002 enim
616 3949 845 4016 servitutemque
858 3948 938 4002 idolis
989 3966 1040 4020 pra
1052 3952 1168 4009 similitu
1189 3952 1241 4011 irie,
1257 3949 1283 4003 id
1298 3959 1349 4016 est,
1366 3950 1399 4004 od
1412 3947 1628 4012 similitudinem,
1646 3948 1685 4002 vel
1705 3949 1738 4003 ad
1752 3949 1795 4004 in·

131 4019 286 4087 exhibetur,
301 4024 434 4087 venetianis,
446 4019 615 4079 inimicitias,
633 4018 820 4079 contentiones,
833 4018 939 4071 oemulo-
993 4029 1050 4075 star
1067 4020 1153 4073 nostri
1167 4029 1196 4078 et
1216 4018 1328 4091 perinde
1340 4027 1424 4088 atique
1440 4034 1507 4083 nos3
1525 4020 1625 4090 absque
1635 4024 1750 4088 peccato,
1768 4019 1797 4076 id

131 4091 227 4154 tiones,
248 4093 442 4149 animositates,
460 4089 646 4155 dissentanes,
662 4086 782 4149 hereses,
807 4087 938 4150 inuidiae,
994 4097 1047 4155 eat,
1074 4098 1188 4157 excepto
1209 4100 1332 4159 peecata,
1352 4090 1410 4144 sine
1434 4089 1541 4158 proprie
1557 4089 1640 4150 dieto,
1655 4092 1721 4158 quia
1739 4106 1796 4160 pec-

130 4175 186 4216 non
205 4165 297 4231 potius
319 4160 453 4227 intelligat
477 4159 563 4212 antimi
576 4160 645 4212 uitiis
659 4171 714 4212 esse
733 4173 813 4228 quam
836 4159 938 4220 aaran,
994 4164 1084 4215 cutum
1102 4160 1244 4226 manserit,
1265 4175 1312 4212 neo
1336 4161 1459 4212 inuentus
1473 4164 1512 4212 est
1533 4159 1608 4214 dolus
1622 4162 1651 4213 in
1663 4176 1708 4214 ore
1726 4161 1795 4230 enus.

191 4230 355 4298 ndoquidem
367 4231 427 4297 iteri
436 4234 524 4300 potest
536 4233 567 4284 nt
574 4233 688 4354 propter
702 4229 887 4284 idololatriam
898 4229 940 4282 eel
994 4230 1007 4285 1
1021 4230 1093 4285 Petri
1108 4243 1138 4284 ιι.
1158 4231 1191 4282 Et
1204 4228 1240 4282 ita
1254 4228 1354 4283 tentari
1371 4228 1466 4295 voluit,
1480 4237 1510 4283 ut
1527 4237 1617 4286 tamen
1637 4238 1757 4287 tentatus
1769 4232 1796 4287 in

130 4246 245 4357 masis
262 4299 377 4368 alicujus
391 4316 503 4356 ararem
517 4317 576 4355 ovo
587 4301 727 4371 optutibus
742 4303 831 4355 carnis
844 4305 941 4369 ternpe·
994 4300 1103 4355 nullum
1119 4299 1289 4355 induceretur
1311 4308 1469 4370 peccatum:
1489 4296 1544 4357 sive
1563 4311 1672 4367 peccato
1690 4303 1797 4374 impro-

128 4376 222 4434 retur‚
237 4375 261 4423 et
276 4375 363 4425 tamen
377 4374 458 4426 etiam
468 4376 530 4427 tune
542 4373 628 4435 tamn
641 4374 764 4443 quanam
776 4374 867 4427 mnte's
878 4372 940 4425 libi-
993 4371 1051 4497 ftis
1063 4370 1148 4436 dicto,
1164 4370 1191 4427 id
1206 4379 1256 4433 est,
1276 4371 1506 4439 concupiscentia,
1519 4388 1567 4430 seu
1580 4371 1676 4429 fomite
1689 4384 1716 4430 et
1729 4391 1795 4432 acu·

131 4443 225 4498 &nem
245 4444 377 4497 eaietinerc
396 4450 476 4513 atque
497 4445 616 4499 cohihere
638 4443 777 4507 uideatur,
794 4442 938 4498 secundum
1003 4458 1036 4499 eo
1058 4442 1173 4512 peecati;
1199 4443 1239 4496 vei
1252 4451 1282 4497 ut
1299 4445 1327 4499 S.
1343 4441 1462 4498 Thomas
1483 4446 1602 4512 exponit.
1618 4446 1721 4517 absque
1743 4446 1795 4502 mi·

132 4529 242 4596 caniem
259 4516 346 4568 ttinere
360 4516 410 4598 leae
424 4516 569 4586 apostolico
586 4517 746 4598 auctoritate
757 4516 935 4598 'mnuinmtun
952 4537 977 4600 D
992 4513 1068 4570 nimo
1081 4523 1155 4598 motu
1172 4515 1282 4598 peccanti.
1302 4517 1361 4573 Non
1380 4517 1452 4570 enim
1466 4514 1563 4598 latmi
1575 4518 1651 4572 illam
1666 4520 1747 4587 leqem
1766 4521 1795 4573 in

133 4590 160 4640 et
171 4601 199 4638 m
211 4601 240 4638 eo
255 4586 327 4654 quael
337 4586 477 4653 castaneta
488 4587 672 4655 uoluptatibus
684 4601 785 4648 caran,
797 4587 937 4641 dannati-
992 4585 1118 4641 memhras
1137 4601 1194 4641 suas
1215 4591 1407 4657 repuqitontem
1418 4587 1471 4655 lcqt
1481 4591 1577 4642 mentis
1590 4604 1656 4651 auce,
1672 4597 1698 4644 et
1708 4591 1796 4658 copti·

135 4656 173 4710 leit
186 4671 265 4725 optera
279 4659 368 4713 armen
387 4673 464 4725 apere
477 4657 697 4711 demonstratur?
712 4658 748 4710 tn
762 4657 841 4726 paulo
855 4665 936 4727 post:

134 4726 191 4783 Gur
203 4742 264 4794 erqo
278 4728 332 4781 tae
346 4731 437 4782 omniu
449 4733 474 4783 et
485 4729 526 4782 his
540 4729 642 4782 similia
657 4731 753 4783 Ductor
767 4730 886 4796 nentium
908 4730 938 4782 in

133 4797 189 4866 tide
203 4807 228 4850 et
239 4801 351 4852 ueritate
362 4815 443 4867 opera
457 4800 546 4853 camis
559 4799 702 4868 appellat?
715 4799 770 4851 nesi
782 4800 848 4867 quia
860 4813 888 4852 eo
900 4799 939 4853 io-

134 4869 250 4924 cutionis
265 4870 351 4931 nudo,
365 4886 416 4938 quo
435 4875 520 4924 totum
534 4872 707 4939 significatur
721 4872 837 4938 aparte,
851 4871 940 4939 ipsam

134 4939 269 4994 hominem
281 4942 340 4994 uult
354 4943 458 4995 stamine
468 4943 555 4995 carreis
573 4941 711 5008 intelligi?
724 4941 861 4994 Hactenus
879 4948 940 4996 nu-

172 5009 269 5065 stinus.
298 5011 424 5066 Secundo
456 5011 606 5082 respondeo
633 5027 669 5067 ex
700 5012 728 5066 S.
760 5009 864 5066 tnoma
898 5009 940 5082 (ln

133 5024 235 5140 gmm.
253 5082 343 5138 Galat.
360 5088 402 5148 v),
419 5082 491 5154 quod
506 5092 648 5154 peccatum
662 5080 717 5137 dici
732 5088 821 5152 potest
836 5082 940 5137 carnale

135 5152 289 5224 dupliciter,
316 5154 421 5209 seilicet
445 5163 579 5224 qnantum
606 5152 641 5209 ad
663 5152 939 5220 consummationem,

135 5230 164 5279 et
187 5223 226 5278 sic
247 5226 374 5280 dicuntur
393 5226 509 5281 maritalia
535 5225 579 5280 ilia
602 5229 711 5281 tanturn
731 5239 793 5295 quae
813 5238 940 5277 consum·

135 5302 248 5350 mantur
275 5296 302 5350 in
327 5296 507 5353 delectatione
534 5295 633 5363 caruis,
659 5296 762 5352 scilieet
786 5293 889 5349 luxuria
914 5301 943 5349 et

135 5366 220 5491 gula3
238 5376 265 5421 et
279 5379 412 5436 quantum
427 5370 461 5424 ad
480 5368 612 5429 radicem,
627 5375 654 5422 et
667 5367 706 5422 sic
720 5365 812 5422 omnia
833 5374 940 5435 peccata

157 5434 266 5493 iountur
282 5440 412 5499 carnalia,
428 5441 454 5495 iu
468 5450 600 5511 quantum
613 5454 649 5494 ex
663 5438 839 5507 corruptione
852 5437 941 5492 carnis

138 5505 229 5563 anima
244 5520 416 5582 aggravatur,
430 5519 460 5565 ut
479 5511 577 5566 dicitur
592 5513 655 5582 Sap.
673 5526 716 5566 nt.
732 5511 770 5565 Et
789 5524 843 5580 qno
861 5508 942 5563 intel-

138 5575 225 5633 lectus
238 5581 392 5638 detrititntus
408 5581 512 5638 lucilius
530 5582 616 5652 decipi
637 5589 735 5653 potest,
749 5589 777 5636 ct
795 5579 943 5650 impeditur

136 5664 153 5705 ι
169 5663 218 5706 sua
236 5653 351 5721 perlaeta
370 5654 538 5716 ueneratione.
558 5653 640 5710 Unde
654 5662 681 5708 et
698 5668 732 5708 ex
752 5651 805 5707 hoe
823 5666 943 5717 sequun-

121 5729 184 5777 .tur
213 5725 286 5788 vitia,
316 5725 419 5779 seilicet
450 5725 578 5792 itaereses,
608 5733 689 5780 sectae
720 5733 748 5779 et
772 5722 827 5781 alia
854 5720 947 5794 hujus-

132 5792 233 5850 modi:
249 5803 277 5851 et
288 5796 340 5851 hoc
360 5794 444 5851 modo
466 5796 570 5852 dicitur
586 5794 660 5866 quad
676 5795 764 5853 lomes
785 5802 827 5850 est
847 5792 946 5865 princi·

992 4662 1099 4712 nantem
1113 4660 1141 4713 in
1156 4658 1213 4727 lepe
1228 4658 1425 4728 peecatifflom.
1440 4656 1497 4728 vt),
1511 4674 1593 4727 quarn
1607 4669 1635 4711 et
1650 4660 1795 4726 apostulus

992 4727 1109 4783 subinde
1124 4736 1202 4783 vorot
1222 4739 1361 4797 peccatum
1376 4731 1462 4794 (Rem.
1475 4734 1538 4791 nn),
1557 4727 1619 4796 quia
1633 4743 1664 4779 ex
1686 4739 1796 4792 peceato

995 4808 1046 4862 est,
1063 4807 1091 4853 et
1111 4799 1145 4853 ad
1169 4808 1310 4869 peecatum
1335 4797 1457 4858 inclinat,
1474 4804 1503 4848 ut
1517 4795 1642 4863 superius
1661 4796 1794 4859 [Collati

993 4885 1054 4940 cop.
1076 4873 1104 4934 7)
1126 4883 1158 4922 ιιι
1175 4867 1291 4922 coercitio
1312 4867 1433 4921 Trident.
1449 4863 1551 4919 dictum
1572 4873 1623 4919 est.
1650 4865 1796 4934 Quomodo

994 4954 1023 4994 ar
1043 4954 1068 4996 o,
1093 4937 1209 5005 inquies,
1234 4936 1334 4991 dicitur
1355 4934 1480 4991 Christus
1497 4942 1617 4990 tentatus
1637 4953 1683 5007 per
1705 4939 1796 4994 ontuia

994 5025 1009 5064 a
1044 5007 1251 5063 similitudinem
1266 5005 1375 5062 nostrii
1392 5009 1487 5076 tlesp,
1504 5010 1542 5072 1⁰,
1557 5007 1707 5063 secundum
1723 5013 1795 5065 mul·

994 5089 1088 5136 torum
1114 5077 1324 5149 expositionem,
1348 5077 1485 5133 Christum
1510 5077 1563 5132 diei
1589 5087 1722 5134 tentatum
1749 5095 1797 5151 per

995 5150 1098 5216 omnia,
1114 5149 1142 5205 id
1165 5157 1216 5215 est,
1241 5149 1329 5204 modis
1343 5148 1473 5204 omnihus
1486 5149 1618 5204 aitiietum
1634 5150 1732 5221 quihus
1746 5167 1796 5208 nos

995 5221 1119 5278 homines
1140 5218 1224 5292 afiligi
1238 5220 1367 5276 solemus.
1388 5221 1513 5275 Tentatio
1528 5220 1602 5275 eninr
1618 5221 1643 5274 in
1659 5221 1796 5292 Scriptura

995 5308 1067 5365 saepe
1081 5291 1210 5362 accipitur
1227 5308 1275 5362 pro
1296 5292 1466 5362 perpessione
1482 5294 1616 5347 malorum
1632 5293 1730 5364 quihus
1745 5297 1796 5349 lio-

996 5364 1079 5419 minis
1087 5363 1238 5420 constantia
1247 5372 1273 5419 et
1282 5364 1407 5434 patientia
1417 5361 1556 5431 probatur.
1569 5364 1669 5419 Eecles.
1681 5381 1794 5421 xxxiv:

997 5437 1051 5505 Qui
1061 5452 1113 5491 non
1128 5440 1167 5491 est
1179 5439 1308 5497 tentatus,
1321 5435 1389 5504 qnid
1397 5436 1468 5490 scit?
1489 5434 1583 5490 Jacob.
1598 5451 1607 5490 ι
1621 5455 1626 5490 :
1639 5437 1720 5491 anne
1734 5454 1798 5505 qau-

996 5507 1073 5563 dinm
1081 5509 1242 5569 existimate,
1256 5508 1369 5574 fratres,
1380 5522 1439 5560 cum
1448 5508 1477 5560 in
1489 5508 1581 5561 varim
1592 5509 1747 5562 tentationes
1760 5510 1797 5562 in·

997 5578 1129 5646 sideritis,
1144 5587 1195 5632 ete.
1212 5579 1246 5632 Et
1260 5592 1367 5632 rursum
1381 5594 1387 5631 :
1405 5580 1503 5633 Beatus
1515 5580 1559 5631 uir
1570 5580 1620 5647 qui
1629 5579 1733 5643 suffert
1745 5584 1798 5634 ten·

998 5650 1135 5712 tationem,
1150 5651 1276 5720 quonium
1290 5665 1348 5703 eum
1357 5648 1489 5718 probatus
1504 5651 1598 5714 fuerit,
1611 5659 1654 5705 etc
1676 5650 1798 5706 Citristus

997 5735 1062 5793 ergo
1077 5730 1195 5776 tentatus
1210 5736 1256 5793 per
1272 5721 1375 5784 oitrnia,
1388 5719 1449 5790 quia
1465 5721 1556 5774 omitia
1574 5722 1643 5776 naula
1660 5721 1739 5791 hujus
1757 5721 1797 5772 vi-

997 5799 1034 5848 tta
1055 5799 1191 5864 expertus,
1208 5806 1270 5863 quac
1286 5791 1389 5848 scilicet
1405 5790 1456 5847 toti
1473 5790 1616 5847 hominum
1631 5791 1722 5863 generi
1734 5794 1799 5843 sunt
