3848 6158
128 228 180 285 953
584 214 754 275 COLLthO
774 215 843 272 tw.
862 244 899 257 -
917 216 962 271 DE
981 214 1149 273 salutasti
1167 215 1335 273 SClENTlh.
1736 218 1791 277 eet

128 346 241 405 riuales
262 344 404 419 acquisitae
417 349 621 416 perseveranter
642 348 796 409 terrentur,
816 338 865 397 sed
878 338 930 410 ita,
944 344 970 407 Α
985 339 1151 398 νοωιιᾶυιη.
1168 341 1230 398 lion
1243 340 1317 397 onim
1336 354 1477 398 meremur
1491 340 1575 400 tidem
1591 357 1625 397 ox
1638 342 1788 411 intellectu,

129 447 160 496 ut
174 438 284 497 libertas
293 438 477 511 captivitatem
497 450 554 493 non
568 435 674 493 sentiat.
687 434 730 493 Sic
738 434 842 492 etenim
856 436 933 491 Deus
984 433 1033 491 scd
1055 433 1223 492 intellectum
1251 450 1285 491 ax
1308 434 1373 504 lide,
1400 434 1634 508 quemadmodum
1655 436 1789 506 scriptum

129 533 319 591 universorum
332 529 485 589 credendus
501 538 542 586 est
553 529 647 586 omnia
662 528 691 585 in
713 528 843 585 omnibus
865 543 931 601 ope·
984 535 1027 584 est
1042 546 1049 579 ε
1062 529 1124 585 Nisi
1137 528 1309 585 credideritis
1327 545 1381 584 riou
1393 529 1568 599 iatelh'qeto'se
1581 528 1653 601 quia,
1668 536 1698 585 ut
1711 527 1788 585 arbi-

129 626 194 696 rari,
210 633 241 683 ut
256 626 359 695 incitet,
375 631 501 698 protegat
515 631 543 679 et
561 622 719 692 confirmet,
730 636 787 679 non
809 628 842 678 ut
856 618 932 677 aule·
984 629 1053 690 tror,
1069 620 1146 693 plene
1158 619 1353 695 comprehendi
1372 637 1429 677 non
1442 628 1534 695 potest
1546 621 1652 678 ratione
1667 619 1788 677 humana

128 728 172 779 rat
188 720 342 777 libertatem
356 734 438 792 quam
456 715 541 775 mmet
564 714 686 773 donarit.
707 716 804 782 Porro,
829 712 932 787 siquid
985 714 1099 787 qualiter
1109 718 1185 772 Deus
1202 716 1294 772 omnia
1308 724 1435 789 operetur
1455 716 1483 771 in
1496 716 1588 784 notris,
1602 723 1629 772 et
1649 713 1789 770 nibilomi-

127 813 249 871 bumana
270 811 506 885 argumentatione
525 818 552 867 et
573 809 680 868 rationo
707 816 849 865 romulum
874 807 932 864 col-
986 814 1141 865 nustotum
1162 808 1313 865 ascribatur
1327 808 1413 866 libero
1428 808 1549 876 arbitrio,
1567 823 1631 865 oum
1651 805 1788 863 Dominus

129 905 232 963 lectum
253 906 376 963 rideatur
394 903 436 961 his
457 903 597 978 derogare,
621 900 766 960 vitandum
780 910 822 959 est
843 900 933 973 potius
986 900 1107 973 loquitur
1124 904 1177 959 :Si
1199 904 1337 959 uolueritis
1357 909 1383 959 et
1394 904 1538 960 audieritis
1561 920 1612 972 mor,
1636 918 1697 973 quaa
1721 901 1787 956 borsa

130 1013 214 1071 quom
233 997 267 1056 ad
279 997 493 1056 destructionem
508 996 569 1054 lidci
584 996 793 1069 proponendum
805 1004 853 1051 aut
869 1010 932 1067 pro·
987 1000 1050 1050 suxit
1063 999 1140 1050 terra
1155 997 1294 1051 corracdah's
1308 997 1375 1062 (lca.
1393 1002 1412 1063 r)
1429 1005 1450 1052 ⁸.

679 1122 805 1178 stshht
824 1120 935 1177 GAZAEl
954 1118 1234 1177 COMMENTARIUS.

167 1238 180 1265 ⁸
199 1230 347 1299 Hucusque
365 1228 523 1301 Dionysius,
549 1228 624 1284 velut
644 1242 676 1283 ex
725 1243 806 1283 rsona
823 1226 934 1283 cnara-
987 1224 1138 1282 loudandus
1152 1225 1225 1296 quod
1244 1223 1356 1281 dubiam
1371 1233 1418 1281 aut
1435 1224 1617 1296 periculosam
1638 1222 1790 1281 doctrinam

130 1301 222 1357 monis
235 1300 351 1363 abbatis,
366 1300 437 1356 lianc
458 1298 633 1356 collationem
645 1308 688 1354 cat
709 1299 780 1354 olice
802 1312 933 1368 prosecu-
985 1296 1099 1354 rudibus
1111 1304 1158 1351 aut
1171 1295 1287 1352 inhrmis
1301 1295 1440 1352 mentibus
1454 1295 1541 1369 patrio
1553 1308 1678 1351 sermone
1692 1293 1791 1350 nolue-

131 1378 187 1437 tus,
203 1374 256 1427 hoo
275 1371 387 1427 nomine
410 1379 484 1427 certe
499 1384 665 1442 magnopere
688 1367 931 1434 commendandus,
984 1368 1023 1423 rit
1034 1367 1170 1423 exhihere.

131 1441 205 1511 quod
219 1441 259 1497 rel
272 1458 287 1497 e
300 1449 420 1497 stercore
433 1456 565 1514 gemmas,
582 1440 622 1496 vel
636 1454 668 1495 ex
689 1438 746 1495 luto
763 1454 863 1495 aurum
882 1455 932 1509 pu·
1019 1438 1144 1494 Tandem
1159 1451 1224 1493 vero
1236 1436 1382 1493 &selanus
1395 1435 1479 1509 bajus
1490 1435 1641 1494 collationis
1656 1444 1687 1491 ut
1706 1442 1790 1491 cute-

129 1526 192 1567 rum
231 1518 320 1579 utum,
341 1513 394 1567 hoc
416 1520 468 1579 est,
487 1528 520 1567 ex
532 1510 599 1567 falsa
619 1518 646 1566 et
669 1524 783 1566 erronea
798 1524 890 1565 veram
905 1518 932 1565 ct
985 1523 1079 1564 rarum
1094 1516 1246 1573 enarrator,
1267 1507 1295 1563 in
1310 1506 1362 1563 line
1378 1523 1439 1579 cap.
1455 1511 1559 1564 iteam
1572 1508 1610 1562 ita
1627 1506 1765 1563 concludit
1782 1526 1788 1561 :

131 1527 293 1638 aurbum
303 1582 459 1639 doctrinam
470 1581 595 1637 elicuerit
604 1581 836 1653 expresseritque;
849 1594 931 1651 quam
986 1584 1042 1634 lloc
1059 1594 1107 1634 uos
1119 1581 1149 1633 Β.
1166 1580 1319 1636 Charoaon
1337 1582 1506 1648 confirmatos
1520 1580 1576 1634 cibo
1590 1576 1708 1658 laborem¹
1724 1578 1790 1657 fecit

130 1660 159 1708 et
171 1653 250 1709 Joan.
264 1653 433 1709 Laxardinas
447 1653 474 1707 in
488 1667 537 1709 sua
552 1651 656 1709 Gallica
674 1650 861 1717 translatione,
875 1665 929 1707 cao·
985 1654 1040 1704 tara
1052 1652 1296 1705 iuaiiitiuera'saou
1306 1651 1414 1705 sortire.
1423 1649 1491 1706 Cibo
1503 1648 1634 1705 nimirum
1644 1647 1788 1719 spirituali,

131 1724 198 1780 teris
210 1724 329 1793 omissis,
348 1721 525 1780 solummodo
542 1720 714 1778 retinendam
738 1730 764 1777 et
778 1721 929 1791 exprimen-
983 1736 1039 1776 non
1053 1720 1200 1791 corporali.

130 1792 193 1850 dam
209 1793 319 1867 provide
332 1792 533 1867 prudenterque
543 1792 686 1866 judicavit;
708 1792 807 1849 merito
821 1800 848 1847 et
870 1792 928 1863 ipse

395 2004 786 2107 COLLATIO
822 2002 1136 2103 DECIMA
1176 2003 1523 2149 Quarum,

641 2174 720 2247 Quae
739 2172 790 2235 est
807 2168 920 2257 prima
940 2166 1073 2235 abbatis
1093 2170 1284 2235 Nosterclis.

766 2291 1161 2345 mfflmfflmmm.

852 2404 1075 2418 Μ

385 2497 506 2554 CAPUT
528 2497 691 2553 Pltllthl.
952 2500 1132 2571 Bpraesentis
1146 2507 1254 2555 tautum
1271 2497 1334 2557 vitos
1354 2498 1508 2556 commodis
1526 2500 1641 2573 prosint,
1663 2496 1737 2555 nulla
1752 2507 1794 2555 ost

170 2588 331 2661 sponsionis
343 2592 355 2621 ³
367 2598 469 2647 nostrae
491 2598 519 2647 et
541 2589 646 2647 itineris
660 2589 729 2646 ordo
743 2590 894 2662 compellit,
910 2599 940 2646 ut
992 2599 1086 2648 tamen
1100 2606 1162 2665 quae
1175 2607 1231 2648 non
1245 2590 1343 2647 habeat
1354 2591 1497 2666 proprium
1508 2591 1707 2649 doctrinaasuae
1717 2592 1792 2648 ordi-

137 2681 246 2741 abbatis
260 2676 436 2739 lhostarotis
448 2684 571 2755 praeclari
584 2684 752 2740 inomnibus
769 2698 940 2756 summaeque
994 2698 1058 2739 nem
1082 2690 1163 2756 atque
1191 2682 1337 2753 rationem,
1366 2699 1519 2756 perquam
1549 2682 1584 2739 ab
1608 2682 1794 2756 expetentibus

134 2774 255 2832 scientias
274 2776 325 2831 riri
342 2777 477 2834 institutio
492 2776 686 2849 subsequatur.
701 2777 754 2847 Qui
769 2792 832 2834 cum
848 2793 940 2833 sacra-
995 2776 1083 2853 possit
1100 2776 1209 2849 attingi.
1229 2775 1257 2832 Si
1278 2791 1343 2849 ergo
1362 2776 1416 2832 illae
1433 2784 1506 2832 artes
1532 2774 1568 2833 ad
1582 2772 1793 2831 insinuationem

135 2883 200 2925 nrm
223 2869 425 2940 Scripturarum
446 2885 497 2926 nos
518 2869 609 2943 aliqua
633 2870 778 2928 memoriae
797 2886 941 2927 commcn-
993 2871 1035 2929 sui
1045 2871 1172 2928 certisac
1185 2870 1301 2943 propriis
1316 2868 1575 2943 iineisdiriguntur,
1589 2876 1692 2942 quanto
1705 2869 1801 2941 magis-

137 2960 217 3019 dasse
231 2969 259 3016 et
282 2975 378 3017 eorum
401 2962 605 3035 intelligentiam
623 2964 777 3021 desiderare
801 2964 939 3029 sensisset,
992 2964 1127 3039 religionis
1148 2972 1250 3021 nostrae
1268 2962 1409 3035 disciplina
1428 2971 1509 3035 atque
1526 2962 1669 3035 professio,
1683 2978 1746 3035 quae
1759 2960 1795 3020 ad

141 3050 244 3107 talibus
257 3065 308 3106 nos
320 3050 435 3107 adorsus
446 3059 488 3107 est
504 3053 593 3109 verbis
609 3072 615 3108 :
632 3055 718 3110 blulta
732 3055 842 3126 quidem
853 3056 941 3112 scien·
994 3056 1203 3132 contemplanda
1234 3055 1412 3114 invisibilium
1440 3064 1675 3114 sacramentorum
1707 3054 1794 3112 tendit

137 3144 240 3201 tiaram
264 3143 290 3199 in
313 3144 365 3201 hoc
378 3144 483 3201 mundo
502 3154 565 3202 suut
586 3160 693 3219 genera,
707 3156 783 3204 tanta
805 3148 941 3221 siquidem
993 3164 1101 3217 arcana,
1114 3165 1164 3207 nec
1181 3150 1323 3222 praesentis
1344 3157 1476 3224 quaeum,
1498 3150 1546 3208 sed
1565 3158 1731 3207 aeternorum
1747 3164 1794 3205 re·

137 3254 235 3296 earum
256 3247 356 3309 quanta
379 3247 405 3294 et
430 3238 530 3295 artium
551 3238 805 3313 disciplinarumque
828 3242 942 3298 uarietas
994 3241 1171 3321 tributionem
1190 3244 1292 3316 expetit
1316 3243 1513 3314 praemiorum,
1546 3250 1621 3299 certo
1642 3241 1739 3298 ordine
1763 3257 1793 3298 ac

137 3340 190 3391 ost.
210 3332 264 3391 Sed
278 3348 343 3389 cum
365 3348 463 3390 omnes
485 3342 532 3389 aut
550 3333 664 3392 omnino
688 3332 798 3391 inutiles
817 3334 881 3403 sint,
895 3341 943 3391 aut
995 3336 1101 3393 ratione
1121 3335 1257 3393 subsistit!
1274 3346 1284 3373 ι
1307 3336 1391 3407 Cujus
1407 3335 1518 3408 quidem
1535 3335 1633 3408 duples
1650 3344 1691 3391 cst
1703 3334 1795 3391 scien-

687 3464 816 3520 hhhhbt
834 3464 947 3521 GAZAEl
966 3463 1246 3521 COMMENTARIUS.

175 3577 188 3605 ⁸
206 3566 239 3625 ld
260 3575 312 3634 est,
326 3568 518 3642 promissionis
532 3586 618 3641 nuper
639 3570 667 3627 iu
693 3571 828 3641 prooemio
843 3570 942 3629 harum
995 3572 1098 3642 psalmo
1113 3573 1235 3643 lapitas:
1252 3574 1286 3628 Ut
1296 3572 1449 3641 jumentam
1459 3573 1550 3639 suetus
1562 3585 1620 3625 sum
1635 3570 1709 3641 upatd
1724 3574 1758 3640 le,
1769 3574 1796 3627 et

140 3638 322 3697 collationum
347 3640 389 3696 his
406 3641 494 3697 verbis
515 3641 596 3698 editae
615 3640 739 3713 (Prasat.
755 3644 847 3698 collat.
869 3647 911 3709 tl)
932 3660 940 3698 r
996 3648 1255 3726 eposerupcrtecum
1274 3641 1623 3725 (praesumpissent.

140 3712 217 3767 Nunc
225 3715 256 3765 ut
264 3714 344 3767 ctrirm
354 3713 457 3767 itineris
470 3715 559 3768 nostri
570 3716 833 3783 concupiscuntur,
857 3716 941 3769 trr'am
1032 3714 1156 3786 tenpus,
1178 3714 1314 3786 religiosor
1333 3713 1390 3769 soil.
1411 3713 1547 3785 diciplinae
1568 3719 1597 3769 ct
1616 3711 1795 3792 professionis

140 3783 170 3836 iu
192 3781 248 3836 alia
268 3798 352 3837 ereum
376 3786 587 3851 corasisteutr'am,
606 3799 672 3853 quos
690 3788 795 3854 primos
812 3785 941 3848 uidimus,
995 3792 1074 3841 antea
1087 3792 1257 3842 memoratae.
1276 3784 1402 3857 Vulgaris
1421 3791 1515 3840 autem
1536 3790 1577 3838 est
1597 3781 1692 3837 drrhio
1704 3783 1796 3837 seien-

141 3854 252 3909 l'abum
262 3860 360 3924 septem
370 3854 529 3915 collationes,
539 3856 858 3977 puricorrscrztosstplo,
868 3857 944 3910 robis
995 3854 1042 3911 tiae
1060 3856 1088 3910 in
1101 3855 1293 3929 speculativam
1309 3863 1337 3911 et
1350 3854 1494 3997 graeticonr
1516 3851 1551 3908 ab
1572 3851 1721 3907 Aristotele
1735 3859 1795 3907 tra-

142 3922 246 3978 credidi
256 3922 462 3989 onsecrandum
475 3924 573 3990 quibas
582 3937 612 3975 eo
623 3937 684 3989 qaeu
737 3926 900 3991 perfectione
914 3928 944 3978 iu
996 3922 1052 3980 dita
1064 3926 1192 3997 (llatuph.
1205 3926 1250 3982 lib.
1262 3940 1273 3980 r
1284 3931 1310 3982 et
1321 3941 1352 3981 vr
1378 3925 1475 3997 :quus
1487 3922 1568 3979 etiam
1579 3919 1795 3979 comideratione

138 3996 288 4065 preteritis
309 3992 441 4063 opusculis
460 3992 561 4072 rustris
577 3990 713 4045 obscurius
732 3993 850 4056 forsitan
879 3998 943 4048 suut
960 3975 1175 4067 Cdianngutrur
1196 4011 1212 4051 a
1228 3995 1355 4052 Patribus
1365 3996 1465 4066 duplex
1485 3994 1552 4060 rita,
1574 3994 1661 4049 actim
1678 3999 1706 4048 et
1726 4007 1795 4049 con-

140 4065 327 4135 comprehcusa
344 4063 385 4115 acl
397 4065 580 4131 praetermissa
593 4059 782 4130 suppleantur.
995 4061 1151 4134 templatim
1163 4067 1283 4130 (llierou.
1301 4066 1349 4119 lib.
1363 4067 1426 4120 uin
1441 4068 1517 4121 Lam
1534 4062 1655 4133 ierem).
1671 4066 1707 4118 D.
1723 4064 1796 4121 Gre-

178 4135 266 4190 bHic
286 4130 423 4189 secundus
436 4130 508 4186 iuter
530 4137 586 4185 tres
609 4130 796 4194 anachoretas,
822 4146 891 4204 quos
914 4132 943 4188 in
996 4133 1088 4203 gorius
1108 4132 1155 4188 lib.
1170 4148 1203 4189 vr
1227 4134 1326 4189 hloral.
1353 4148 1383 4188 oa
1406 4174 1413 4188 .
1433 4139 1468 4189 28
1485 4152 1492 4188 :
1508 4137 1584 4196 Dure,
1606 4132 1705 4204 inquit,
1730 4138 1796 4189 soret

141 4203 289 4263 solitudine
298 4203 376 4274 juxta
390 4199 569 4274 Panephysim
581 4199 717 4259 habitasse
731 4200 824 4258 retulit
837 4206 944 4258 Auctor
995 4205 1067 4267 citu,
1080 4205 1109 4259 iu
1123 4204 1220 4274 quihus
1233 4219 1281 4259 uos
1291 4207 1362 4261 Deus
1424 4207 1547 4275 tripotens
1556 4220 1608 4275 per
1620 4218 1725 4259 sonum
1739 4205 1796 4260 elo·

142 4274 236 4333 collat.
256 4277 284 4329 lt
305 4288 335 4328 ca
358 4316 364 4328 .
381 4278 408 4341 ι,
420 4286 483 4328 cum
497 4271 595 4344 quibus
608 4270 652 4328 bae
663 4279 767 4345 septem
782 4271 943 4329 collationes
1016 4276 1091 4330 mam
1101 4275 1201 4338 arradit,
1217 4276 1306 4331 actico
1317 4274 1693 4347 oidelhetetooatemplutira.
1708 4276 1795 4347 Siqui-

143 4349 289 4416 sequentes
300 4288 411 4426 ΙιεΒίιω,
423 4358 541 4415 quarum
562 4342 624 4426 duae
634 4342 698 4427 huic
711 4343 848 4401 h'esteroti
864 4344 943 4426 attri-
995 4290 1060 4401 gem
1074 4345 1129 4402 vita
1138 4345 1270 4427 hominis,
1285 4355 1316 4403 ut
1329 4345 1408 4402 docet
1420 4348 1449 4405 S.
1464 4344 1585 4403 Thomas
1597 4348 1640 4415 (S.
1660 4348 1752 4403 Thou.
1764 4352 1795 4403 a·

144 4414 278 4483 buuntur,
299 4430 374 4486 prior
388 4416 460 4482 ‚lraec
472 4413 507 4471 de
530 4414 641 4485 sprrrtah
661 4416 781 4481 scientia,
806 4423 943 4487 posterior
995 4420 1024 4485 ι,
1039 4434 1066 4487 q.
1081 4418 1151 4489 tta),
1167 4431 1303 4489 praecipue
1323 4418 1472 4475 attenditur
1487 4417 1636 4475 secuudum
1655 4418 1796 4491 operatio-

142 4485 178 4543 de
191 4482 399 4542 charismatibus
412 4484 517 4541 diunis.
533 4488 575 4541 De
591 4488 742 4544 Nestcrone
758 4486 857 4543 abbate
878 4488 943 4554 (Nc-
994 4500 1060 4543 nem
1081 4487 1245 4556 intellectus,
1265 4503 1326 4557 quae
1342 4489 1453 4562 quidem
1473 4488 1596 4563 operatio
1610 4498 1733 4547 versatur
1747 4499 1794 4546 aut

143 4563 217 4614 stcro
237 4556 323 4619 enim.
339 4557 379 4613 rel
394 4559 529 4613 Nostercn
542 4555 577 4612 ibi
591 4564 712 4625 vocatur,
728 4571 786 4614 non
799 4558 940 4627 Nestoras,
994 4557 1066 4615 circa
1095 4558 1302 4631 inquisitionem
1318 4568 1345 4617 et
1371 4560 1554 4634 cognitionem
1573 4560 1704 4627 veritatis,
1720 4560 1797 4631 quod

99 4640 108 4657 ·
144 4633 176 4683 ut
189 4625 252 4697 hic)
265 4626 320 4684 duo
335 4625 611 4699 narranturerempla
627 4626 757 4683 virtutum
770 4628 795 4682 in
810 4626 881 4683 Vitis
890 4630 943 4685 Pa·
995 4629 1113 4701 pertinet
1140 4630 1176 4687 sd
1205 4631 1473 4703 contemplationem.
1501 4640 1549 4687 aut
1574 4631 1646 4705 circs
1673 4630 1797 4684 actiones

142 4705 229 4765 uum,
241 4713 327 4754 unum
338 4699 385 4755 lib.
399 4714 432 4757 xv
446 4713 508 4769 cap.
519 4697 656 4753 &Abdus
668 4699 775 4755 Nestero
786 4699 943 4767 majoram-
995 4701 1152 4769 exteriores,
1174 4716 1237 4772 quae
1256 4701 1358 4759 dicitur
1375 4702 1430 4758 rita
1455 4701 1550 4757 activa.
1570 4696 1798 4769 Unumquodque

142 4768 253 4825 bulabut
268 4772 391 4825 ineremo
408 4768 943 4839 armaliquosautre,etcideutesdraco-
994 4771 1068 4826 enim
1089 4771 1181 4828 virens
1206 4772 1358 4828 ostenditur
1382 4772 1472 4827 vivere
1502 4784 1533 4824 ex
1561 4782 1579 4822 o
1613 4767 1718 4823 ratione
1742 4768 1795 4823 sibi

139 4855 203 4897 reem
216 4841 356 4907 [aequarat.
376 4844 413 4895 Et
435 4840 501 4895 dicit
514 4843 540 4895 ei
558 4841 646 4907 frater·
660 4839 706 4893 ille
720 4857 728 4893 r
741 4842 777 4895 nt
795 4842 836 4907 tu,
850 4842 941 4903 Pater,
995 4841 1115 4897 maxime
1126 4840 1236 4922 propria
1256 4840 1387 4911 adquam
1401 4838 1521 4895 maxime
1540 4837 1683 4895 incinatur
1699 4858 1705 4895 :
1723 4838 1795 4895 sicut

141 4910 660 4979 times?1tospaudeusscuec,dinit.·
682 4911 854 4972 h'outimeo,
875 4911 941 4975 ltili,
995 4908 1150 4983 plantamm
1164 4918 1219 4965 uta
1233 4907 1334 4965 dicitur
1354 4908 1383 4965 in
1405 4907 1458 4965 hoc
1480 4908 1627 4966 consistere
1660 4909 1716 4967 uod
1738 4926 1794 4967 nu-

140 4982 251 5043 idcirco,
265 4980 313 5036 secl
325 4980 449 5051 capedit;
460 4980 558 5036 ideirco
568 4984 639 5037 urim
649 4979 790 5036 draconem
800 4982 865 5049 supi
872 4996 941 5051 quo·
994 4980 1115 5037 triuntur
1127 4987 1155 5037 et
1170 4988 1333 5052 generantur
1348 4979 1525 5037 :sninralium
1538 4996 1601 5037 vero
1613 4980 1641 5036 in
1672 4996 1706 5038 oe
1719 4982 1794 5053 quod

140 5053 216 5108 uum
231 5052 317 5108 habau
334 5054 450 5121 effuqore
462 5053 590 5121 spiritum
603 5067 680 5107 aaron
693 5052 798 5122 ploriae.
814 5052 941 5108 Altemm
994 5051 1115 5108 sentiunt
1128 5057 1157 5107 et
1174 5058 1319 5108 morentur
1334 5069 1341 5106 ε
1356 5049 1501 5109 bominum
1519 5067 1584 5109 voro
1607 5051 1635 5107 in
1648 5052 1703 5108 boc
1719 5051 1793 5123 quod

140 5122 263 5180 e'usdem
286 5122 349 5179 libri
375 5138 405 5179 ca
428 5163 434 5175 .
462 5126 493 5177 15
512 5141 518 5176 :
540 5125 720 5193 iuterropoee't
740 5138 822 5179 sareu
846 5120 943 5187 (abbas
995 5121 1187 5195 intelliguntet
1200 5120 1354 5178 secuudum
1373 5123 1510 5181 rationem
1524 5130 1618 5197 agunt.
1638 5120 1705 5191 Quia
1728 5136 1794 5192 ergo

139 5138 248 5262 timeor)
260 5196 374 5263 hohern
388 5214 399 5250 a
414 5198 566 5257 eslerouem,
584 5194 675 5249 alueus
691 5210 698 5248 :
713 5192 792 5249 Abba
804 5196 941 5257 Nosterou,
995 5192 1108 5265 quidam
1120 5191 1245 5250 homines
1259 5189 1403 5249 intendunt
1420 5194 1556 5277 praecipue
1569 5191 1793 5263 contemplationi

138 5266 269 5335 quormdo
282 5268 424 5336 conputruit
434 5267 562 5321 uirtutem
573 5264 652 5329 hauc,
661 5268 694 5321 at
707 5264 817 5335 quondo
830 5266 942 5333 emarqit
996 5264 1130 5331 vertutis,
1144 5264 1254 5338 quidam
1264 5261 1409 5321 intendunt
1419 5264 1605 5347 principaliter
1615 5260 1794 5320 exterioribus

142 5336 282 5391 tribulatio
293 5335 347 5405 [Al.
365 5340 405 5392 tur
414 5338 496 5406 botro]
507 5337 603 5407 aliquo
616 5338 825 5401 lesmonasterio,
838 5352 892 5391 uon
904 5337 940 5391 lo·
955 5356 981 5420 D
995 5335 1159 5406 actionibus,
1178 5335 1241 5393 inde
1255 5344 1297 5392 est
1311 5334 1385 5408 quod
1399 5344 1454 5391 rrta
1468 5334 1588 5393 bominis
1600 5332 1794 5391 convenienter

139 5410 246 5477 pruris,
261 5423 346 5478 aeque
363 5411 388 5463 tc
401 5408 520 5464 madium
532 5410 641 5479 facias?
651 5407 702 5464 lile
714 5413 804 5463 autera
814 5408 885 5462 nihil
900 5408 942 5463 io·
996 5405 1124 5464 dividitur
1135 5406 1164 5462 in
1174 5406 1291 5463 activam
1303 5416 1331 5463 et
1342 5406 1590 5489 contemplativam.
1601 5407 1669 5461 llaec
1680 5404 1709 5461 S.
1720 5404 1794 5462 Tho·

137 5478 280 5605 praedatur.
296 5483 332 5536 st
343 5494 404 5533 cum
422 5480 536 5535 maltum
548 5483 691 5550 soporetm·
703 5494 720 5533 a
732 5494 802 5542 serre,
815 5478 882 5533 diost
894 5479 919 5533 ei
933 5496 942 5531 a
996 5490 1067 5533 mas.
1084 5476 1165 5534 Unde
1178 5485 1250 5547 patet
1269 5476 1343 5533 idem
1356 5490 1425 5544 esso,
1436 5490 1494 5533 suo
1507 5475 1615 5533 dicatur
1628 5474 1726 5549 duplex
1740 5476 1793 5533 bo-

153 5564 248 5619 quoscc
259 5552 337 5615 mihi,
347 5550 428 5617 rebbo,
439 5552 621 5621 quioquaudo
631 5552 737 5607 intrari
745 5550 826 5605 tuitio
840 5550 869 5603 ia
880 5563 942 5603 corr·
997 5546 1080 5604 minis
1090 5545 1155 5616 rita,
1170 5547 1227 5603 sive
1238 5548 1336 5619 duplex
1352 5546 1471 5605 solentis.
1485 5546 1583 5619 hgitur
1596 5554 1687 5603 autem
1701 5547 1728 5604 in
1742 5548 1793 5605 hac

170 5622 748 5689 auctoramenta-ritmorum,tuetastuas
758 5634 842 5675 ueram
849 5622 940 5674 estote.
994 5616 1149 5685 collatione,
1162 5618 1263 5676 nonde
1276 5616 1570 5691 quacumqusscientia
1585 5617 1717 5686 humana,
1733 5618 1791 5683 scd,

135 5634 213 5749 gleni
226 5708 286 5762 erpo
306 5696 399 5748 asinus
413 5694 563 5763 superlatet
577 5710 632 5747 raon
651 5694 783 5763 loqaritur,
807 5690 942 5760 tonitrium
995 5696 1027 5746 ut
1039 5688 1119 5747 dccet
1142 5688 1246 5759 titulus,
1265 5689 1299 5746 de
1320 5688 1432 5762 spiritali
1446 5689 1568 5758 scientia,
1590 5688 1607 5746 i.
1632 5706 1657 5745 e.
1680 5688 1792 5767 scientia

134 5764 243 5833 patriar
254 5769 279 5821 et
295 5780 347 5821 aori
361 5764 571 5835 respondentia
585 5770 611 5818 ct
621 5768 661 5831 ta,
677 5762 899 5835 quemadmodum
911 5762 942 5817 ia
995 5774 1087 5819 rerum
1101 5759 1282 5833 spiritualium
1296 5776 1361 5819 cum
1374 5761 1474 5835 pietate
1491 5769 1525 5818 ct
1534 5759 1676 5817 tunicare
1685 5766 1811 5819 conuin-
