3848 6158
140 226 191 281 tte
606 222 775 279 contiuo
793 224 864 280 xltl.
883 254 920 265 -
938 225 984 279 Dli
1002 222 1247 281 subtectione.
1266 226 1332 281 uel.
1744 234 1797 289 tlt

138 348 285 405 voluntatis
295 347 454 420 inspexerit,
470 346 605 404 illuminet
623 362 683 403 eam
697 346 842 403 confestim
859 356 940 420 utque
953 352 980 415 Α
994 357 1087 405 sancta
1102 347 1234 405 desideria
1252 348 1386 422 benignus
1402 350 1526 421 inspirat,
1550 351 1696 408 sedetiam
1716 370 1795 411 acea-

138 442 286 511 contortat,
309 451 336 499 et
353 442 448 499 incitat
467 441 501 499 ed
521 442 648 509 salutem,
670 442 867 497 incrementum
889 443 939 498 tri-
994 441 1085 498 siones
1101 444 1240 514 praestruit
1252 443 1360 512 iitae,et
1368 446 1600 517 opportunitatem
1608 445 1672 502 boni
1682 446 1797 505 eltectus

139 536 225 592 bueus
245 536 267 591 ei
281 552 363 607 quem
376 536 417 592 rel
428 536 486 607 ipse
502 534 643 607 plantavit,
670 535 711 592 rel
730 544 824 592 nostro
839 543 939 593 conatu
994 552 1026 593 ec
1040 536 1228 594 saliitaiisiiic
1242 536 1418 593 directionem
1441 538 1613 595 demonstrat
1630 540 1794 596 errantibus.

139 628 234 685 rideiit
258 628 411 685 emersisse.
432 630 503 684 Nam
517 629 672 701 Antequam
692 630 818 693 clament,
841 628 939 701 inquit,

137 736 184 792 eqo
198 724 326 790 audiuiu3
340 722 428 777 mbiic
441 722 609 792 loquentibus
621 723 659 778 eis
670 738 717 793 eqo
727 722 839 777 audiam
851 722 941 793 (isaei
1302 677 1423 733 CAPUT
1441 678 1493 733 lx·

136 822 218 884 uxr).
236 819 269 872 Et
280 816 380 872 iterum
401 836 408 871 ε
430 816 476 871 ,lit
487 832 574 871 uocem
587 817 711 872 clamoris
735 819 779 871 tui
791 818 884 871 statim
909 821 941 871 ut
1031 796 1068 849 ”⁰
1078 795 1179 848 ”imm
1194 794 1266 849 ⁶⁰¹³&
1280 796 1424 851 fflhfflstst's
1437 799 1546 859 'mm’
1559 800 1585 850 α
1596 797 1689 865 tram
1702 795 1759 849 Μ·

138 910 267 973 iiiiili'erit,
281 910 447 979 ieqimiitctu
457 910 509 966 tibi
519 911 610 978 (isaie
621 910 708 982 xxx).
725 912 760 965 Et
772 924 828 965 non
842 909 935 967 solum
1029 910 1111 967 Unde
1130 915 1150 981 ’ᾖ
1174 927 1230 968 non
1253 911 1332 969 facile
1358 912 1477 970 humana
1501 914 1605 969 ratione
1634 912 1798 970 discernitur

684 1064 811 1119 eluunt
831 1064 946 1120 GAZAEI
965 1062 1247 1121 COMMENTARIUS.

139 1184 192 1251 Qui
202 1187 281 1255 capti
293 1188 321 1241 iii
331 1186 476 1258 uobisopus
486 1188 590 1251 Unum,
601 1191 725 1259 perficiet
737 1204 819 1258 usquc
833 1192 861 1243 iii
870 1189 941 1243 diem
996 1188 1092 1242 tribuit
1103 1188 1263 1258 peiuqeiuli.
1278 1188 1382 1243 Deinde
1395 1188 1562 1245 collatorem
1574 1189 1613 1245 sic
1626 1190 1772 1260 alloquitur
1787 1210 1795 1249 ε

138 1257 248 1311 t'bristi.
269 1257 364 1330 Pliilip.
382 1274 403 1315 1.
430 1262 499 1314 Deus
521 1262 590 1314 enim
605 1264 644 1314 est
665 1262 714 1328 qui
726 1264 854 1329 operatur
877 1262 941 1319 relle
994 1261 1088 1314 Doctm
1101 1259 1236 1326 cutbolice,
1256 1275 1304 1313 eur
1323 1262 1515 1329 professionem
1528 1265 1604 1313 tuum
1616 1261 1734 1315 deseris?
1749 1278 1797 1317 cur

135 1333 162 1381 ct
178 1331 304 1397 perficere
325 1345 375 1399 pro
399 1332 466 1385 liena
491 1332 637 1385 uoluntate.
654 1330 750 1399 Philip.
779 1344 812 1385 11.
836 1330 927 1384 Tertio
994 1330 1031 1384 iul
1050 1332 1185 1397 fumosam
1197 1332 1330 1397 falsitatis
1346 1332 1497 1399 caliqinem,
1517 1331 1608 1385 relicta
1621 1333 1796 1389 sereiiissiiuie

136 1397 284 1455 damnatur
296 1398 355 1455 hinc
372 1401 515 1465 sententia,
531 1410 561 1455 ut
579 1416 693 1456 erronea
708 1410 736 1455 et
746 1400 887 1466 liaeretiea,
910 1400 938 1456 in
992 1404 1114 1455 raritatis
1126 1403 1192 1462 luce,
1201 1402 1370 1456 devotioris?
1381 1402 1457 1469 (ruod
1465 1404 1491 1455 iu
1500 1402 1662 1472 petentibus,
1673 1418 1794 1471 quiet-en-

137 1468 253 1523 concilio
280 1472 457 1538 arausicano,
480 1472 557 1544 jussu
585 1470 685 1526 Leonis
709 1486 785 1542 papae
809 1471 939 1526 adversus
994 1473 1076 1534 tibiis,
1095 1472 1319 1541 pulsantibusque
1328 1474 1447 1539 miraris,
1461 1474 1667 1527 uerecundam
1680 1475 1794 1541 qratia,

139 1538 265 1620 reliquias
285 1542 491 1666 Pelaqianorum
507 1550 686 1613 congregat03
703 1542 730 1597 in
746 1542 823 1613 cujus
835 1557 939 1597 canone
994 1559 1048 1612 qua
1068 1543 1249 1605 clauderetur,
1262 1544 1393 1598 assutis?
1417 1544 1499 1599 Vides
1514 1543 1592 1599 bonas
1609 1549 1730 1607 aoiuitus,
1744 1547 1794 1614 piu

136 1618 253 1679 septimo
275 1612 333 1668 liaec
361 1611 486 1669 labentur
499 1630 506 1667 :
521 1614 552 1669 Si
560 1616 620 1683 quis
629 1629 678 1683 per
689 1619 794 1668 ruitiirie
810 1616 938 1681 ni'qorim,
994 1614 1097 1673 studui.
1119 1619 1144 1668 et
1155 1614 1266 1668 alabitas
1278 1629 1331 1669 esse
1345 1616 1394 1668 lici
1403 1614 1494 1668 iuria?
1508 1622 1559 1670 ete.
1570 1614 1627 1670 Ubi
1641 1615 1728 1685 primo
1743 1613 1793 1670 ad-

138 1680 233 1735 bouum
241 1684 363 1753 aliquod,
373 1685 446 1754 quod
453 1684 491 1738 ad
499 1685 613 1739 salutem
618 1687 737 1755 pertinet
748 1687 812 1738 eitir
821 1690 938 1747 iutuitu,
958 1692 1070 1777 Brerte
1082 1685 1244 1739 Cassianum
1258 1684 1355 1756 insigni
1369 1683 1481 1740 lionoris
1495 1684 1574 1739 titulo
1586 1684 1728 1740 doctorem
1746 1701 1792 1741 ca·

135 1755 314 1821 coqitareaiit
328 1757 508 1826 eliqcieposse
521 1758 669 1825 coiiprmat,
685 1757 807 1809 tareti'co
826 1757 939 1824 fallitur
993 1755 1127 1810 thelicum
1151 1756 1301 1824 nominari,
1320 1756 1382 1826 quia
1404 1756 1465 1811 licet
1487 1771 1501 1809 a
1528 1755 1661 1811 catholica
1682 1756 1794 1813 irritato

134 1826 244 1893 spiritu,
263 1842 315 1880 iton
330 1828 479 1894 intelliqnis
490 1842 575 1881 iriiecin
588 1830 635 1881 llei
647 1829 675 1881 iu
687 1828 835 1896 Eueriqelio
848 1827 937 1880 dicen-
994 1841 1042 1897 per
1053 1841 1173 1882 errorem
1201 1826 1350 1893 delleierit,
1366 1841 1422 1881 non
1444 1835 1536 1882 tauien
1563 1841 1683 1883 errorem
1698 1834 1793 1883 contra

138 1896 173 1947 tis
188 1913 196 1948 :
211 1896 324 1951 Siueme
338 1898 529 1967 iiiliilpotestis
542 1899 631 1966 (eicere
647 1900 732 1967 (turin.
746 1902 809 1963 xv).
822 1900 856 1953 lit
871 1898 941 1951 i'tliat
996 1897 1122 1953 Ecclesiae
1139 1898 1300 1953 sententiam
1315 1896 1488 1969 pertinaciter
1500 1896 1621 1953 defendit
1640 1896 1726 1969 :quin
1741 1912 1793 1969 po·

137 1964 263 2032 Apostoli
281 1970 361 2025 :Nou
380 1968 450 2037 quoii
464 1970 556 2021 idonci
574 1970 657 2023 simus
672 1972 788 2037 eoqitare
801 1969 909 2037 aliqiiiil
922 1986 940 2021 a

137 2035 223 2101 uobis,
235 2041 314 2105 quast
324 2039 452 2099 ccaobis,
461 2039 507 2093 sad
516 2039 681 2107 sufficieutia
693 2045 784 2094 nostia
793 2056 827 2093 ca
839 2044 890 2093 lli-e
902 2046 940 2095 est

139 2106 252 2176 (Plii'li'p.
266 2112 298 2173 l).
314 2110 418 2179 Quarto
432 2108 605 2164 damnatura
620 2109 737 2165 summis
751 2108 940 2181 pontificibus,

136 2178 290 2244 prasertim
318 2195 333 2233 a
358 2178 504 2235 Caelestino
524 2179 551 2234 in
572 2180 650 2250 epist.
674 2179 719 2234 illa
744 2179 778 2236 ad
800 2181 942 2252 episcopos

138 2245 244 2313 Galliae,
260 2264 311 2319 qua
326 2249 540 2306 Massiliensibus
563 2250 703 2307 silentium
724 2250 863 2321 imposuit,
894 2252 940 2307 ubi

140 2316 199 2372 liaec
212 2318 283 2374 inter
299 2320 349 2374 alia
371 2342 379 2375 :
401 2324 586 2391 Praeparetur,
608 2320 704 2391 inquit,
719 2323 871 2377 roluutusu
892 2325 939 2376 lla·

137 2390 219 2452 mino,
231 2396 256 2443 et
265 2396 296 2444 iit
305 2392 478 2461 boniiili'quiel
486 2395 709 2462 aquiit,puteruis
719 2394 940 2463 inspirationibus

137 2474 248 2514 suorum
263 2464 319 2531 ipsc
329 2466 418 2531 tunqit
429 2464 509 2517 auita
521 2464 651 2533 fidelium.
662 2464 796 2533 Quotquot
804 2466 874 2518 urim
881 2468 940 2534 spi-

995 1967 1049 2023 tius
1063 1967 1175 2024 omniuo
1194 1966 1322 2024 credibile
1343 1978 1384 2024 cst
1403 1977 1495 2039 postea
1509 1976 1680 2033 retractasse,
1697 1984 1728 2023 ac
1748 1982 1792 2023 re·

996 2039 1067 2094 ritati
1082 2039 1206 2102 cessisse,
1218 2048 1248 2093 ut
1258 2040 1285 2095 in
1298 2038 1454 2109 piaeiaiione
1465 2040 1634 2095 monuimus.
1650 2040 1689 2095 Ut
1700 2048 1793 2095 autem

995 2110 1041 2165 illa
1056 2110 1234 2165 contradictio
1252 2112 1341 2182 magis
1363 2110 1508 2175 elucescat,
1535 2110 1654 2167 ostendit
1677 2113 1793 2181 Prosper

995 2180 1133 2237 collatoris
1146 2182 1308 2253 figmentum
1322 2189 1349 2237 et
1361 2189 1551 2236 commentum
1565 2179 1646 2236 tuisse
1658 2180 1795 2305 quodam-

995 2252 1078 2308 modo
1090 2250 1252 2307 mediumac
1271 2253 1383 2307 tertium
1403 2252 1473 2307 inter
1485 2251 1653 2322 Pelagiaiiam
1675 2252 1792 2306 iaeresim

995 2331 1021 2378 et
1034 2323 1185 2379 doctrinam
1200 2322 1373 2379 catlielieam.
1388 2325 1458 2378 Nam
1479 2320 1629 2378 secundum
1652 2321 1791 2393 Pelagium

993 2392 1067 2448 initia
1091 2393 1226 2450 lionarum
1243 2395 1413 2450 voluntatum
1435 2401 1462 2449 et
1482 2394 1680 2465 cogitationum
1701 2400 1793 2449 sunta

993 2464 1085 2528 nobis;
1101 2466 1253 2521 seeundum
1270 2466 1411 2520 ueritatem
1428 2462 1588 2520 catholicam
1600 2462 1691 2519 sunta
1726 2462 1794 2518 ratio

993 2536 1043 2591 Dei
1069 2537 1247 2607 praeveniente
1266 2544 1293 2591 et
1315 2536 1478 2607 inspirante3
1501 2535 1652 2591 seeundum
1670 2478 1793 2590 coitate—

991 2620 1050 2660 rem
1063 2622 1126 2661 roro
1141 2606 1303 2678 quandoque
1316 2622 1349 2662 ex
1361 2605 1450 2671 nobis,
1465 2606 1629 2729 quandoque
1651 2620 1682 2660 eii
1695 2604 1789 2729 qratia.

992 2677 1084 2733 llloret
1101 2686 1192 2731 autem
1206 2677 1324 2732 Collator
1343 2676 1445 2747 aliquot
1457 2692 1474 2731 o
1487 2676 1624 2747 ›iectioues
1639 2674 1701 2730 eidi
1717 2674 1791 2730 lleul-

135 2532 193 2585 ritu
207 2534 256 2585 llei
270 2538 398 2601 liqueretur,
411 2536 442 2588 lii
451 2537 504 2605 filii
511 2537 562 2589 Dei
570 2540 634 2589 suut
649 2536 734 2603 (boui.
749 2538 824 2602 rui).
841 2538 875 2590 t’i
889 2552 938 2590 uec

135 2606 256 2657 nostrum
268 2604 355 2660 deesse
367 2608 514 2660 seiitiamus
529 2606 684 2669 arbitrium,
700 2612 725 2659 et
739 2607 767 2660 iii
788 2607 861 2660 bimis
893 2610 938 2659 ui-

138 2673 239 2743 busque
245 2676 391 2731 uoluntatis
401 2678 524 2730 bumana
531 2678 645 2745 siliquiis
651 2677 765 2730 ructibus
772 2680 857 2745 meqis
864 2623 938 2731 tyrim

135 2746 285 2801 aelerenon
298 2747 605 2803 dubitemusauaili'um.
616 2748 692 2815 Qiioa
707 2750 744 2803 itu
760 2750 868 2803 iteruin
879 2763 937 2801 eor·
991 2754 1062 2802 tates
1082 2762 1096 2803 e
1120 2748 1273 2819 Scripturis,
1295 2762 1357 2819 quie
1379 2747 1428 2802 sibi
1442 2747 1557 2802 invicem
1581 2760 1731 2818 repugnare
1752 2744 1791 2800 ri·

135 2815 213 2870 itibus
223 2819 360 2873 bornicum
370 2824 450 2891 atque
460 2821 490 2873 iii
503 2822 560 2888 ipso
573 2819 656 2873 libero
671 2819 933 2889 opereturnrbitrt'o,
990 2816 1105 2885 dentur,
1121 2826 1152 2873 iit
1167 2818 1229 2874 inde
1244 2818 1341 2890 probet
1356 2818 1383 2873 iu
1401 2818 1536 2889 aliquibus
1549 2817 1718 2872 uoluntatem
1739 2831 1793 2873 no-

131 2891 162 2939 iit
174 2892 270 2941 sanctii
285 2892 418 2957 capitatio,
433 2892 507 2959 piam
526 2892 676 2953 eonsilium,
693 2891 833 2959 omiii'sque
846 2893 934 2944 motus
989 2896 1074 2943 stram
1088 2890 1235 2958 praeienirc
1259 2890 1388 2961 gratiam,
1401 2888 1428 2944 in
1439 2889 1497 2943 aliis
1510 2904 1573 2944 reio
1589 2887 1747 2959 praei-enim
1760 2897 1787 2943 et

134 2956 208 3009 boue
219 2959 376 3021 reticulatis,
398 2976 432 3013 er
451 2965 502 3015 lieo
515 2964 559 3027 sit,
575 2964 641 3029 quta
661 2977 712 3031 per
729 2962 806 3015 illurn
826 2961 934 3029 aliquid
988 2959 1101 3083 quoinde
1112 2967 1215 3029 partem
1229 2959 1362 3015 bonarum
1377 2958 1570 3031 cogitationum
1580 2967 1608 3014 et
1620 2958 1792 3016 roliintatum

134 3026 357 3096 boiii'possumus,
374 3031 574 3098 siiiequoailiil
593 3046 746 3099 possumus.
763 3030 865 3101 Quinto
886 3046 931 3085 re·
999 3029 1074 3085 ibero
1095 3029 1218 3097 arbitrio,
1250 3040 1354 3113 partem
1387 3032 1482 3103 gratie
1504 3028 1691 3085 ascrilnndam
1717 3044 1788 3095 esse,

130 3094 238 3153 tutatur
252 3096 333 3153 etiam
345 3099 378 3154 ab
390 3099 450 3153 aliis
463 3099 598 3165 Patribus,
612 3102 762 3170 praesertim
783 3102 816 3155 ab
836 3103 933 3174 Augu·
949 3105 971 3167 (ζ
987 3100 1062 3170 quasi
1077 3100 1155 3156 aliter
1167 3100 1302 3157 conciliari
1313 3109 1447 3173 nequeant
1462 3101 1617 3171 Scripturas,
1630 3114 1691 3171 qua
1705 3099 1789 3156 modo

130 3167 214 3249 stine,
233 3168 377 3250 Prospero,
399 3169 552 3242 Fulgentio,
575 3177 601 3225 et
625 3172 694 3237 aliis,
715 3186 834 3241 quorum
858 3171 933 3225 testi·
988 3169 1157 3240 liuic,niodo
1173 3171 1212 3226 illi
1235 3170 1324 3227 terere
1339 3188 1371 3227 ac
1390 3170 1495 3229 deterre
1511 3171 1645 3228 ridentur.
1669 3175 1705 3225 At
1723 3185 1788 3227 rero

130 3252 224 3294 monia
241 3240 336 3296 nimiae
348 3241 506 3311 prolixitatis
517 3240 632 3297 ritandee
645 3257 726 3296 causa
742 3242 851 3308 omitto,
866 3256 934 3311 prae-
987 3256 1053 3299 cum
1068 3242 1216 3298 seeundum
1229 3243 1267 3298 rei
1283 3243 1426 3298 veritatem
1445 3242 1480 3299 ad
1497 3258 1607 3299 ouinem
1628 3250 1720 3297 aetum
1735 3242 1787 3297 bo-

129 3310 224 3364 sertim
240 3327 303 3366 cum
319 3310 432 3367 interius
447 3313 576 3368 nonnulla
595 3327 644 3383 pro
662 3311 785 3368 locorum
800 3319 933 3382 opportu-
987 3326 1054 3367 niim
1080 3321 1224 3368 concurrat
1245 3313 1330 3383 gmtia
1358 3329 1421 3368 eum
1442 3314 1527 3368 libero
1543 3313 1666 3374 arbitrio,
1686 3312 1789 3367 mirum

129 3380 213 3435 nitate
226 3381 399 3452 producenda
413 3383 476 3439 sint.
493 3385 545 3438 llis
561 3384 673 3439 demum
695 3383 801 3439 aceedit
820 3398 933 3439 censura
987 3397 1042 3436 non
1057 3390 1107 3452 est,
1121 3384 1145 3438 si
1155 3383 1293 3454 Scriptura
1305 3382 1419 3439 subinde
1433 3383 1547 3439 liberum
1565 3382 1718 3449 arbitrium,
1738 3398 1791 3439 em-

129 3465 244 3522 eperum
270 3453 390 3509 Cassiani
420 3462 447 3510 et
475 3455 567 3510 Fausti
592 3453 709 3526 episcopi
736 3453 876 3525 Regiensis
904 3454 933 3510 in
988 3452 1049 3525 pius
1064 3462 1155 3509 tamen
1171 3454 1288 3525 gratiam
1309 3453 1483 3510 commendet
1495 3454 1636 3523 (urique.
1657 3468 1681 3508 ii
1695 3454 1732 3509 ait
1743 3456 1789 3508 tta

129 3524 245 3578 concilio
261 3526 399 3589 llouiaiio,
416 3524 576 3597 praesidente
595 3533 690 3581 sancto
710 3526 818 3581 Gelasio
843 3525 932 3595 ponti·
988 3526 1118 3591 ni'sacium
1134 3542 1156 3579 i.
1170 3532 1187 3581 8
1202 3530 1227 3579 et
1241 3526 1289 3580 lib.
1302 3526 1335 3580 ile
1349 3526 1426 3583 Grai.
1443 3541 1466 3579 c.
1480 3524 1520 3595 r).
1537 3527 1619 3591 llam,
1633 3532 1663 3579 iit
1680 3528 1713 3581 ll.
1732 3530 1788 3580 iln-

129 3592 193 3661 fiee,
208 3609 269 3665 quie
291 3595 407 3651 habetur
429 3598 455 3652 in
480 3595 589 3652 decreto
612 3598 733 3653 Gratiani
755 3596 874 3651 distinct.
900 3602 933 3651 io
987 3596 1090 3651 selinus
1115 3596 1153 3650 ait
1180 3594 1317 3667 (lloiiccrd.
1341 3598 1479 3667 prosaica.
1502 3602 1527 3651 et
1546 3596 1672 3668 qiroeilest.
1698 3612 1720 3649 c.
1735 3598 1785 3665 3):

130 3679 190 3735 cap.
205 3667 304 3721 samia
319 3670 450 3723 Roiuena.
471 3668 532 3723 Non
547 3668 620 3723 enim
633 3667 684 3723 alia
701 3667 735 3724 de
750 3682 830 3722 cause
851 3681 932 3737 opera
988 3668 1053 3722 (lain
1068 3666 1175 3737 aliquid
1186 3667 1252 3721 dieu
1268 3670 1472 3739 scripturaque
1486 3671 1587 3738 qratia,
1609 3682 1661 3722 iton
1682 3672 1787 3722 amaret

131 3736 262 3801 Cassiani,
278 3754 339 3810 quae
348 3739 449 3809 alioqui
464 3739 549 3795 multe
558 3739 702 3794 utilissima
715 3746 742 3794 et
753 3737 932 3795 saluberrima
987 3740 1092 3792 omuino
1107 3739 1222 3793 liberum
1232 3740 1378 3793 arbitrium
1390 3758 1398 3804 3
1409 3755 1492 3808 neque
1506 3756 1564 3793 euin
1579 3741 1699 3808 loquitur
1712 3740 1745 3792 ile
1755 3739 1788 3792 li'·

130 3808 280 3877 continent,
306 3810 332 3863 iu
365 3810 528 3891 apocryphis
553 3818 747 3866 connumerata
772 3817 846 3875 sunt,
880 3810 931 3864 nisi
988 3809 1047 3864 bero
1061 3810 1182 3877 arbitrio,
1199 3811 1319 3865 carliiili't
1332 3813 1460 3879 qratiam,
1475 3810 1619 3878 quasisotii
1634 3811 1725 3876 qiuti'ii
1739 3812 1788 3862 aut

131 3887 242 3949 propter
253 3880 333 3935 istam
358 3889 519 3935 sententiam
541 3879 669 3934 debonis
684 3880 812 3947 operibus
831 3878 865 3933 ad
879 3881 933 3963 pie-
988 3881 1100 3935 liberum
1111 3882 1255 3936 arbitrium
1267 3882 1352 3936 solam
1362 3882 1483 3949 sufficiat
1493 3880 1530 3933 ad
1539 3878 1699 3933 satruiuluin
1709 3878 1789 3931 lioaii-

129 3956 216 4004 tatem
230 3950 424 4022 spectantibus,
440 3963 501 4019 quie
519 3946 554 4001 illi
574 3949 632 4002 sine
645 3950 749 4003 auxilio
763 3950 858 4018 gratiae
873 3951 932 4003 lieri
987 3966 1057 4019 irrui,
1072 3960 1123 4005 etc.
1138 3951 1305 4020 Quibusdam
1316 3966 1380 4023 ergo
1394 3951 1540 4022 Scripturas
1554 3949 1693 4005 sententiis
1707 3963 1786 4004 com-

130 4027 178 4076 ant
200 4020 320 4077 inchoari
346 4034 425 4089 posse
450 4016 659 4072 contendebant.
673 4018 756 4074 Unde
784 4017 934 4075 manifesta·
987 4020 1134 4075 mendatur
1147 4021 1243 4087 gratia,
1259 4038 1313 4075 uon
1333 4023 1547 4076 exclusotamen
1569 4020 1701 4087 arbitrio,
1722 4020 1786 4090 qui-

131 4089 258 4147 talsitatis
273 4089 444 4159 redarguitur
455 4085 624 4154 Gennadius,
642 4087 728 4142 honio
741 4087 843 4143 scilicet
859 4090 934 4144 lllas·
988 4089 1104 4145 busdam
1114 4089 1244 4144 ediverso
1254 4090 1654 4156 commendaturlibertas‚non
1664 4090 1787 4157 exclusa,

135 4161 264 4227 sitiensis,
278 4169 304 4214 et
319 4158 524 4213 Massiliensium
542 4156 651 4231 iuligine
668 4172 804 4229 aspersus,
828 4159 885 4230 qui,
904 4166 935 4213 ut
988 4158 1035 4215 sed
1049 4159 1198 4230 supposita,
1211 4160 1305 4230 gratia.
1321 4162 1381 4215 tloc
1394 4160 1534 4230 supposito
1555 4161 1588 4216 ad
1604 4160 1787 4231 objectionem

136 4232 297 4287 Cassianum
313 4239 432 4297 excuset,
453 4233 485 4285 1).
503 4230 665 4300 Prosperum
680 4227 793 4284 damnat
804 4237 832 4284 et
849 4230 935 4300 carpit
989 4230 1062 4284 illam
1078 4229 1267 4301 respondetur,
1278 4234 1368 4286 Deum
1380 4230 1536 4302 petentibus
1547 4231 1675 4299 tribuere,
1686 4248 1701 4287 a
1714 4246 1788 4303 quae·

136 4302 181 4357 his
195 4301 283 4356 verbis
294 4320 300 4355 :
313 4304 377 4370 Lupi
388 4306 414 4355 et
426 4302 525 4355 librum
537 4303 663 4371 Prosperi
670 4302 797 4355 iiiliuisus
806 4302 934 4371 opiisriilii

988 4300 1110 4357 rentibus
1133 4300 1254 4369 inveniri,
1281 4301 1450 4373 pulsantibus
1474 4302 1591 4375 aperire,
1625 4302 1672 4359 sed
1698 4303 1788 4375 ipsimi

137 4388 276 4444 riipqircsso
288 4375 394 4428 tremine
404 4373 534 4441 cissami,
547 4388 607 4443 quie
616 4374 733 4429 Ecclesia
744 4375 793 4427 llei
800 4374 934 4427 salutaria
1593 4374 1599 4384 '

989 4380 1089 4443 petere,
1121 4386 1253 4442 querere,
1280 4374 1387 4444 pulsare
1413 4388 1507 4429 ossea
1532 4384 1616 4448 gratia
1639 4374 1698 4441 Dei,
1723 4375 1787 4446 quia

136 4444 245 4513 quibat,
267 4446 311 4500 ille
328 4446 445 4512 i‘iifamat
464 4447 557 4499 iioeiea
577 4448 686 4509 (Burbu.
703 4445 756 4499 Ait.
777 4448 850 4507 tati.
865 4445 933 4498 llice
989 4458 1072 4498 nemo
1086 4443 1163 4514 petit,
1180 4444 1285 4515 quierit,
1299 4453 1345 4501 aut
1368 4443 1466 4516 pulsat,
1484 4444 1534 4501 nisi
1553 4445 1640 4517 gratia
1654 4445 1704 4501 Dei
1720 4460 1789 4517 prae-

136 4513 247 4587 quidem
263 4516 428 4583 Gennadius,
446 4517 491 4587 qui
512 4514 611 4585 duplici
626 4515 765 4572 mendacio
782 4514 849 4571 dum
866 4517 935 4570 Pro·
952 4479 977 4544 D
992 4521 1099 4581 reatus,
1125 4514 1254 4571 excitatus
1274 4524 1301 4572 et
1320 4515 1439 4589 adjutus.
1461 4516 1601 4573 lurenitur
1620 4517 1693 4574 enim
1714 4520 1789 4573 Deus

136 4602 249 4669 sperum
261 4588 382 4654 damnat,
398 4586 528 4653 absolvit3
540 4594 568 4639 et
587 4585 652 4640 dum
667 4586 826 4641 Cassianum
845 4585 935 4642 absol·
989 4602 1004 4641 a
1021 4601 1076 4640 non
1087 4586 1281 4657 qiiaerentilius,
1293 4596 1357 4655 etc,
1372 4604 1428 4643 non
1438 4590 1528 4644 solum
1542 4590 1605 4659 quia
1616 4589 1717 4643 multos
1727 4602 1786 4641 ma-

136 4668 183 4723 rii,
199 4660 309 4715 damnat
326 4678 332 4713 :
348 4674 378 4714 ea
390 4657 522 4712 nimirum
540 4654 592 4711 fide
606 4656 633 4711 di
653 4672 704 4711 nus
725 4656 751 4710 in
765 4656 815 4712 linc
828 4666 935 4711 senten-
989 4657 1062 4712 xime
1086 4673 1205 4725 arersos,
1226 4667 1253 4713 et
1274 4666 1465 4731 repugnantes,
1489 4674 1520 4713 ae
1543 4658 1654 4728 impios,
1670 4665 1748 4710 vocat
1759 4666 1787 4711 et

136 4729 184 4795 tia,
201 4731 290 4801 quain
306 4729 438 4785 aliiseom
460 4727 574 4790 lurilius,
589 4734 620 4781 ut
633 4672 699 4782 {um
724 4726 856 4781 Rufinum
871 4743 937 4799 prae·
990 4728 1085 4794 llectit,
1101 4738 1132 4785 ut
1147 4738 1243 4785 notum
1265 4737 1306 4784 est
1326 4729 1360 4784 de
1377 4730 1521 4783 vocatione
1541 4727 1627 4791 Pauli,
1652 4724 1786 4791 lllnttliaei,

137 4798 190 4855 leit
203 4804 236 4854 D.
252 4801 420 4872 Hieronymo
450 4798 535 4854 actori
553 4798 586 4853 de
599 4798 717 4852 Ecclesia
732 4805 788 4852 lam
800 4796 869 4853 bciie
884 4813 937 4853 me·
991 4798 1173 4871 lllagdalenae3
1196 4814 1289 4853 rerum
1313 4798 1501 4869 generalitera
1516 4812 1571 4851 non
1595 4794 1788 4867 quaerentibus,

137 4871 203 4936 rito,
214 4871 280 4926 dum
292 4872 473 4942 Augustinum
484 4886 514 4926 ar
533 4869 610 4924 uites
620 4867 725 4924 multila
744 4868 852 4923 aionon
863 4867 936 4923 etfu-
991 4884 1023 4923 ex
1042 4884 1071 4923 se
1083 4877 1110 4923 et
1124 4885 1156 4922 eii
1169 4877 1243 4940 parte
1258 4884 1317 4934 sua,
1327 4868 1384 4921 sine
1398 4866 1519 4923 motione
1532 4876 1558 4922 et
1574 4868 1713 4923 vocatione
1726 4869 1787 4923 Uei.

136 4943 209 5013 gisse
221 4951 373 5014 peccatum,
388 4942 453 4997 dum
469 4886 559 4997 mida
569 4940 683 5011 atlaqtaq
697 4884 807 5010 Pelagii,
822 4954 889 5010 quas
901 4941 935 4992 t).
991 4938 1072 5021 Quod
1086 4947 1113 4993 et
1128 4938 1154 4992 iii
1166 4937 1281 4993 concilio
1293 4936 1460 4993 ,traustcano
1474 4938 1581 4995 disertis
1596 4939 1682 4995 rerbis
1694 4956 1708 4993 a
1722 4941 1790 4995 Cas-

137 5014 327 5086 Hieronymus
342 5014 370 5068 iii
382 5013 503 5085 Dialogis
513 5011 643 5067 adsersus
658 5010 814 5081 Pelagianos
826 5009 937 5067 tiaresi-
990 5024 1067 5065 siano
1091 5009 1221 5064 mutuatis
1246 5009 1281 5063 ita
1296 5008 1436 5065 definitum
1462 5019 1503 5065 est
1525 5026 1585 5066 can.
1606 5016 1623 5066 o
1648 5030 1653 5065 :
1681 5013 1713 5067 Si
1730 5012 1791 5079 quis

138 5085 291 5158 biispleiias
299 5085 405 5151 asserit,
414 5085 481 5139 dum
491 5083 573 5139 libros
583 5083 675 5138 Fausti
685 5080 869 5153 Regiensisde
879 5096 937 5163 gra-
990 5083 1049 5135 siue
1059 5080 1390 5151 qratiaDcicieileutibus,
1400 5082 1554 5145 colentibus,
1565 5082 1788 5144 desiderantibus,

138 5152 937 5225 tiaetliberoarbitriocommendat,quosPctriisDamiani
991 5152 1158 5220 coiuuiti‘biis,
1185 5152 1379 5221 laborantibus,
1400 5154 1585 5223 eiqilantibus,
1610 5152 1789 5215 studentibus,

138 5233 166 5283 et
182 5228 226 5283 alii
243 5228 394 5284 orientales
405 5226 641 5293 anathematizant,
656 5234 682 5280 et
697 5223 725 5280 id
736 5240 821 5295 genus
830 5224 901 5279 aliis.
990 5224 1150 5295 petentibus,
1165 5223 1357 5293 maerentibus,
1369 5225 1539 5295 pulsantibus
1552 5223 1626 5279 nobis
1639 5225 1791 5277 miscricor-

175 5308 189 5333 ⁸
208 5300 260 5354 llic
280 5316 373 5355 rursus
392 5300 556 5355 Collatorem
575 5298 666 5369 arguit
684 5297 717 5350 D.
740 5298 857 5368 Prosper
870 5310 938 5350 con·
993 5296 1067 5349 ilium
1076 5296 1143 5349 dicit
1152 5297 1272 5363 ceriferri
1280 5295 1491 5362 diri'iii'tiis3iicn
1502 5300 1591 5350 aittein
1600 5300 1630 5349 ut
1639 5294 1789 5357 creduiniis,

139 5368 309 5428 tradictionis
326 5389 332 5425 ε
346 5375 470 5433 lli'aeiut,
485 5369 581 5441 inquit,
596 5369 759 5437 rtqltlttrt'let·
771 5368 810 5434 tid
824 5375 876 5433 est,
894 5381 940 5421 se·
993 5368 1115 5433 uelimus,
1125 5368 1167 5421 rel
1176 5368 1336 5430 biecoimiiu,
1348 5368 1417 5421 sicut
1429 5372 1541 5437 oportet,
1551 5382 1630 5436 iiqere
1641 5366 1789 5429 iuileiiuius,

139 5442 262 5499 cun'diim
285 5458 413 5498 normam
438 5458 470 5498 ac
492 5442 612 5515 regulam
634 5439 774 5496 catholica
795 5437 938 5509 doctrinae)
991 5440 1248 5509 pei-iiisusi'oucmet
1261 5438 1734 5509 iiispi'riiti'onemSpi'iitussaiicti,i'n
1747 5453 1793 5493 iio·

140 5531 195 5570 uoti
205 5516 290 5570 solum
300 5519 417 5577 actuum,
426 5530 517 5569 rerum
527 5516 609 5568 etiam
617 5514 804 5581 coqitatioaiuu
812 5512 940 5565 bonarum
995 5510 1034 5563 bis
1048 5511 1108 5579 fieri
1120 5512 1271 5578 conpletum
1284 5515 1308 5563 et
1320 5514 1368 5564 eut
1379 5510 1529 5564 humilitati
1538 5524 1569 5563 uc
1578 5509 1731 5565 obedientia
1743 5508 1793 5563 liu·

140 5602 177 5644 cc
191 5590 308 5642 Decesse
318 5588 491 5656 principium.
509 5589 540 5641 st
551 5602 583 5639 ue
592 5586 639 5639 lioc
652 5584 686 5638 dc
697 5583 822 5637 doctriua
832 5583 941 5635 cattin-
995 5594 1081 5634 inuiue
1094 5580 1233 5650 siibjuuqit
1246 5583 1345 5649 qratiie
1353 5580 1529 5653 adjutorium,
1544 5596 1590 5635 uec
1602 5584 1632 5635 ut
1645 5582 1793 5637 obedientes

140 5674 214 5716 secus
230 5659 354 5713 iullu'bi‘tu
364 5658 469 5713 deberet
483 5657 607 5726 i'atclliqi’,
619 5654 763 5724 ripileuter
772 5652 918 5707 addiderat
933 5669 941 5704 :
996 5655 1022 5707 et
1036 5652 1147 5707 humiles
1159 5654 1241 5708 si'inns
1256 5654 1338 5723 ipsius
1353 5654 1450 5723 quattu
1467 5652 1566 5708 dorium
1580 5668 1635 5709 esso
1656 5653 1794 5712 consentit,

142 5732 198 5801 Qui
209 5732 285 5785 uobis
296 5734 320 5784 et
334 5731 441 5783 initium
453 5732 551 5784 sanctie
559 5728 703 5781 uoluntatis
713 5728 839 5795 inspirat,
852 5728 877 5777 ct
886 5725 942 5776 rir-
996 5726 1101 5779 resistit
1109 5725 1235 5795 Apostolo
1245 5723 1362 5779 direnti:
1374 5724 1446 5792 Ouid
1455 5724 1534 5781 babes
1545 5726 1617 5795 quod
1631 5740 1685 5778 nou
1694 5736 1756 5773 acce
1777 5720 1783 5731 '
1805 5779 1813 5789 ,

142 5806 228 5859 tutem
238 5807 319 5874 atquc
329 5802 555 5873 opportunitatem
569 5813 729 5869 corticique
739 5796 946 5867 rcctccupi'mus
996 5797 1099 5864 sti?ct,
1113 5798 1211 5852 tlriitia
1226 5798 1274 5852 ltci
1285 5797 1390 5853 siimid
1413 5790 1754 5867 quodsumtxnomss·
1788 5794 1828 5829 W
