3848 6158
99 275 134 327 et
343 274 387 328 bit
405 273 643 333 cfflnomettutt
663 275 783 333 lNSTlT.
804 276 867 331 tte.
887 276 978 360 H'.'''
997 277 1041 331 nt:
1059 270 1252 333 NOCTURNIS
1273 276 1511 336 enittenttttis.
1717 288 1751 341 98

97 400 162 454 Deo
184 396 292 454 volente
311 396 443 471 digerere,
462 400 628 472 praeveniens
647 400 711 459 vitas
723 409 825 458 nostrae
840 400 900 458 buis
913 405 937 467 Α
958 400 1132 458 innumerosa
1145 400 1263 457 fratrum
1277 400 1424 458 multitudo
1439 404 1590 471 conveniat,
1610 415 1710 477 praeter
1722 408 1752 463 il-

97 492 259 560 exelnserit,
274 493 315 549 vel
330 493 408 551 initia
421 494 499 551 tobis
510 495 549 551 rei
562 495 716 566 prasertim
732 503 790 551 mm
808 509 901 552 neces·
953 495 1011 550 lum
1035 496 1083 567 qui
1103 510 1270 567 consurgens
1292 495 1429 566 psalmum
1451 496 1575 554 decantat
1601 498 1630 553 iu
1648 499 1749 570 medio,

99 586 183 643 sariae
205 585 260 643 hoc
281 601 366 658 opere
389 587 582 659 relinquamus,
605 587 704 661 quibus
732 603 781 660 pro
803 588 901 646 ardore
952 588 1044 644 nullus
1062 588 1205 646 homiuum
1223 590 1329 661 penitus
1344 589 1438 647 adesse
1456 591 1582 647 credatur
1605 613 1611 646 ;
1632 608 1664 648 ac
1683 608 1752 665 prae

96 677 228 735 desiderii
251 686 344 735 tetum
368 678 475 737 tardum
489 689 531 737 est
558 702 565 737 :
588 688 620 738 nt
636 681 705 738 dum
717 680 797 737 nobis
821 680 902 754 hujus
955 682 1034 754 cipue
1045 698 1110 740 cum
1124 691 1331 739 consummatur
1344 683 1445 752 oratio,
1468 684 1496 740 in
1508 700 1560 755 qua
1571 701 1627 740 non
1641 695 1777 778 sputum.

97 772 330 829 commorationis
342 773 498 830 tribuuntur
516 772 645 843 induciae,
657 775 756 832 saltem
770 775 902 847 quasdam
954 776 1097 847 emittitur,
1111 791 1169 833 uon
1183 777 1335 834 exscreatio
1351 777 1491 850 obstrepit,
1506 795 1561 834 non
1575 780 1657 836 tussis
1671 780 1754 837 inter-

96 867 233 940 tantisper
246 866 403 923 orationum
420 868 500 924 vobis
514 869 601 926 lineas
616 869 821 942 praesignemus,
836 869 902 941 qui·
954 878 1041 937 sonat,
1065 886 1121 926 non
1148 870 1272 927 oscitatio
1293 870 1466 927 somnolenta
1488 870 1599 928 dissutis
1620 873 1699 930 malis
1726 883 1754 930 et

95 958 153 1017 bus
164 959 192 1016 bi
214 961 254 1016 vel
273 959 402 1030 maxime,
422 962 469 1033 qni
488 962 518 1018 iu
538 962 670 1019 coenobiis
683 970 899 1034 commorantur,
953 961 1091 1019 hiantibus
1121 961 1249 1030 trahitur,
1280 964 1346 1019 nulli
1371 964 1505 1036 gemitus,
1534 965 1610 1021 nulla
1635 968 1752 1040 suspiria

94 1055 206 1111 valeant
227 1055 398 1127 aliquatenus
418 1055 568 1113 informari.
588 1056 677 1113 Simul
691 1057 771 1113 etiam
791 1057 899 1129 prospi-
953 1055 1035 1110 etiam
1058 1062 1177 1110 astantes
1201 1054 1363 1127 impeditura
1390 1067 1566 1128 promuntur,
1589 1059 1662 1115 nulla
1690 1077 1751 1128 vox,

95 1147 201 1205 cientes
214 1148 257 1204 his
273 1149 321 1221 qui
342 1147 458 1205 lorsitnn
474 1148 537 1206 buic
550 1150 744 1215 tantummodo
760 1149 900 1207 occursuri
953 1135 1078 1219 dahsque
1099 1146 1248 1229 sacerdotis
1274 1165 1381 1220 precem
1405 1149 1608 1219 concludentis,
1633 1152 1752 1222 auditur,

94 1240 180 1310 libro,
201 1241 236 1299 ad
250 1242 327 1299 illum
340 1243 481 1316 pervenire
497 1258 554 1300 non
567 1252 708 1316 poterunt,
727 1254 759 1301 ut
782 1245 899 1301 iustrue-
953 1241 1005 1297 nisi
1025 1241 1097 1297 forte
1116 1241 1176 1299 haee
1196 1258 1258 1314 quae
1276 1259 1325 1314 per
1345 1258 1489 1299 excessum
1510 1245 1612 1300 mentis
1634 1246 1752 1304 claustra

95 1336 174 1392 done
193 1335 277 1410 huy'us
290 1352 355 1410 erga
375 1337 508 1395 orationis
530 1337 688 1410 qualitatem
709 1338 750 1394 vel
770 1354 804 1395 ex
823 1347 900 1410 parte
953 1335 1008 1392 oris
1018 1333 1153 1408 elingent,
1165 1336 1285 1408 quaeque
1300 1335 1489 1393 insensibiliter
1498 1332 1573 1393 cordi
1586 1337 1747 1408 obrepserit,

95 1429 270 1501 reperiantur
289 1429 401 1497 imbuti,
415 1438 443 1488 et
463 1431 696 1503 quemadmodum
714 1440 780 1488 suut
799 1432 833 1488 de
852 1431 900 1488 ha·
952 1429 1133 1485 immoderato
1151 1430 1254 1487 scilicet
1275 1439 1360 1502 atque
1382 1429 1543 1487 intolerabili
1564 1429 1674 1501 spiritus
1694 1429 1750 1487 ier·

95 1522 313 1580 bituetamietu
331 1523 473 1580 exterioris
486 1524 605 1582 hominis
625 1523 751 1593 instituti,
765 1525 898 1581 itaetiam
951 1540 1016 1581 vore
1036 1540 1178 1592 succenso,
1200 1525 1266 1583 dum
1290 1541 1320 1581 ea
1335 1540 1397 1596 qnae
1412 1523 1495 1597 ignita
1515 1540 1594 1582 nuens
1607 1524 1634 1580 iu
1652 1535 1753 1582 semet-

94 1617 214 1688 qualiter
236 1619 357 1676 eumad
381 1617 521 1677 offerenda
544 1619 676 1692 spiritalia
698 1620 829 1678 sacrificia
852 1619 895 1677 de
951 1619 1076 1690 ipsanon
1091 1620 1218 1692 praevalet
1237 1621 1385 1684 continere,
1405 1635 1453 1692 per
1475 1618 1641 1676 ineffabilem
1658 1636 1751 1691 quem·
1796 1659 1806 1677 .

95 1709 180 1767 beant
191 1712 383 1770 exbibereuou
393 1713 523 1770 nesciant.
535 1713 676 1786 Siquidem
694 1713 722 1770 bi
734 1714 817 1771 libelli
827 1729 896 1787 quos
950 1711 1015 1769 dam
1038 1715 1171 1786 gemitum
1190 1730 1223 1770 ex
1251 1714 1352 1769 intimis
1376 1714 1492 1787 pectoris
1513 1714 1555 1770 sui
1578 1713 1752 1773 conclavibus

94 1804 124 1861 in
144 1806 273 1888 prasenti
296 1806 396 1865 cudere
416 1807 532 1864 homino
550 1807 695 1881 adjuvante
714 1807 895 1880 disponimus,
913 1783 1097 1876 Bevaporare
1121 1814 1247 1863 conatur.
1270 1808 1353 1862 lllum
1377 1822 1440 1863 vero
1465 1808 1510 1878 qui
1535 1808 1698 1865 constitutus
1724 1809 1751 1865 iu

97 1898 134 1955 ad
168 1900 310 1957 exterioris
343 1889 466 1957 hominis
496 1901 695 1958 observantiam
728 1909 757 1958 et
786 1901 897 1958 iustitu·
951 1905 1075 1971 tempere
1090 1899 1189 1955 mentis
1210 1915 1272 1956 cnm
1292 1899 1413 1955 clamore
1433 1898 1577 1972 supplicat,
1591 1909 1639 1958 aut
1653 1901 1752 1973 aliquid

94 1993 202 2050 tionem
221 1993 413 2052 eoenobiomm
432 1995 630 2066 competentius
649 1994 836 2069 aptabuntur;
859 1994 897 2051 illi
953 1993 1054 2050 horum
1067 2009 1129 2066 qnae
1143 1991 1336 2066 praediximus,
1348 1991 1495 2049 elaueibus
1518 1995 1575 2049 suis
1588 1994 1688 2050 emittit
1703 2004 1750 2052 aut

95 2102 163 2144 vero
182 2086 216 2145 ad
233 2087 403 2160 disciplinam
424 2088 562 2145 interioris
581 2103 613 2144 ac
628 2087 820 2160 perlectionem
837 2104 897 2144 cor·
951 2089 1088 2160 praecipue
1102 2087 1306 2145 oscitationibus
1330 2086 1507 2159 praevenitur,
1526 2085 1671 2159 dupliciter
1688 2104 1751 2158 pec·

93 2181 154 2250 dis,
186 2190 214 2239 et
235 2186 248 2216 ¹
271 2183 495 2240 anachoretarum
525 2182 608 2239 vitam
636 2190 717 2256 atque
744 2181 898 2239 doctrinam
952 2196 1014 2237 carc
1032 2181 1208 2254 pronuntiant
1232 2182 1343 2254 :primo
1362 2180 1436 2254 quod
1460 2180 1590 2237 orationis
1612 2197 1670 2238 suae
1690 2199 1753 2241 reus

95 2276 196 2348 potins
209 2275 388 2350 pertinebunt.
952 2275 998 2342 sit,
1018 2276 1090 2347 qnod
1107 2291 1169 2332 eam
1183 2270 1306 2332 videlieet
1319 2275 1488 2348 negligenter
1507 2274 1608 2332 ollerat
1622 2278 1696 2344 Deo;
1710 2293 1752 2335 se

407 2381 528 2438 CAPUT
550 2381 588 2436 x,
953 2368 1043 2426 cundo
1054 2369 1128 2440 quod
1143 2369 1342 2441 indisciplinato
1360 2370 1485 2441 strepitu,
1503 2369 1615 2425 alterius
1630 2385 1749 2450 quoque,

96 2480 204 2547 Quanto
216 2479 320 2534 3wa
335 2483 360 2533 ey
381 2480 510 2533 brevitate
525 2481 658 2534 ,memes
671 2479 747 2550 apud
760 2481 899 2551 ,2qu5OE
952 2465 997 2538 qui
1022 2463 1135 2522 forsitan
1157 2465 1286 2540 intentius
1313 2481 1391 2522 orare
1413 2467 1510 2537 potuit,
1535 2466 1669 2539 intercipit
1687 2484 1748 2525 sen·

410 2551 582 2620 colligentur.
952 2574 1024 2614 snm.
1040 2558 1161 2631 ldeoque
1182 2560 1341 2631 praecipiunt
1360 2574 1420 2616 eam
1434 2559 1513 2616 celeri
1537 2560 1592 2617 line
1613 2561 1748 2628 concludi,

131 2653 202 2710 &rm
218 2652 301 2727 igitur
317 2652 461 2727 predictas
476 2652 673 2720 solemnitates,
694 2667 761 2724 quas
779 2647 838 2709 illib
857 2667 899 2724 sy·
952 2669 987 2708 ne
1010 2650 1081 2708 lorte
1107 2653 1317 2710 immorantibus
1340 2652 1420 2709 nohis
1446 2654 1473 2709 in
1497 2669 1548 2722 ea,
1574 2654 1751 2711 redundantia

98 2759 184 2802 naxos
206 2755 315 2815 rocant,
340 2745 500 2804 celebraturi
525 2746 699 2814 conveniunt,
725 2749 858 2802 tantumc
883 2762 898 2800 a
952 2746 1078 2819 quaedam
1099 2746 1171 2819 sputi
1192 2762 1240 2803 seu
1262 2747 1424 2821 phlegmatis
1449 2747 1629 2820 interrumpat
1649 2757 1751 2805 nostrae
1844 2766 1848 2773 ·

95 2838 201 2896 cunctis
222 2839 363 2898 silentium
387 2839 534 2912 praebetur,
554 2848 585 2896 ut
605 2855 668 2895 cum
685 2838 711 2894 in
733 2840 818 2895 unum
840 2847 896 2895 tam
952 2839 1083 2896 orationis
1104 2855 1255 2898 excessum.
1279 2842 1314 2896 Et
1336 2839 1437 2897 idcirco
1456 2840 1524 2898 dum
1545 2840 1633 2899 adbuc
1655 2841 1750 2913 lervet,

648 2992 774 3049 dLthtl
794 2993 906 3050 GAZAEl
925 2993 1204 3051 contumulatus.

131 3151 143 3181 ¹
163 3145 314 3218 'hvayopio
338 3146 447 3215 secedo,
475 3145 637 3218 ἀναχώρησις
662 3147 777 3203 secessio
802 3167 808 3202 :
834 3146 897 3203 inde
912 3151 934 3214 c
952 3147 979 3203 in
992 3147 1052 3203 loco
1066 3148 1196 3204 orationis
1210 3145 1365 3214 violatores,
1378 3155 1471 3204 narrat
1483 3149 1602 3204 Joauues
1613 3148 1750 3206 climacus

94 3219 270 3275 anachoretae
289 3219 353 3276 dicti
371 3226 447 3284 sunt,
458 3219 505 3289 qui
518 3220 625 3290 pietatis
637 3218 728 3274 studio
743 3219 777 3273 ab
803 3217 895 3273 homi·
952 3218 994 3275 bis
1008 3218 1116 3275 verbis:
1133 3220 1179 3275 Ad
1198 3222 1344 3274 orationem
1355 3220 1514 3290 pleramque
1527 3221 1662 3275 stantibus
1675 3223 1750 3279 noln's

92 3301 166 3346 num
184 3290 321 3346 consortio
340 3288 513 3356 secedebant,
536 3297 608 3345 etse
627 3288 655 3343 in
669 3289 831 3344 solitudines
850 3289 896 3344 ab
951 3291 1146 3345 animaduertit
1164 3294 1247 3345 Potor·
1266 3295 1375 3345 sanetus
1396 3293 1527 3360 qnosdnrn
1546 3293 1659 3347 inuicem
1673 3295 1751 3348 eollo-

91 3360 208 3427 debaut,
225 3369 254 3416 ut
267 3377 356 3417 rerum
372 3361 529 3417 divinarum
549 3360 775 3432 contemplationi
788 3359 897 3416 liberius
951 3366 1060 3431 qnetnes
1083 3376 1172 3431 :qnos
1191 3366 1252 3423 nette
1265 3364 1338 3428 sores
1359 3363 1471 3416 ecclesie
1491 3367 1611 3418 statuens
1621 3364 1707 3433 jussit
1719 3371 1750 3421 nt

92 3440 233 3488 vacarent.
248 3435 281 3488 D.
291 3431 477 3503 Hieronymus
487 3431 600 3502 epistola
611 3437 645 3488 22
655 3430 690 3486 ad
699 3430 894 3487 Eustochium:
948 3449 999 3503 per
1009 3437 1108 3502 septem
1125 3433 1181 3487 dies
1196 3434 1296 3487 curretis
1308 3435 1474 3487 intrantibus
1484 3439 1509 3488 et
1521 3437 1680 3490 eaedentibus
1686 3454 1751 3506 pro-

92 3505 282 3567 Anoehoretoe,
295 3504 635 3574 iuquit,qnisolihebitnnt
645 3518 694 3572 per
704 3502 820 3564 deserte,
832 3504 897 3557 etub
950 3509 1131 3559 sternerentur
1142 3505 1253 3570 (Gaude
1264 3508 1308 3569 4).
1327 3506 1396 3559 llaee
1409 3504 1502 3560 minor
1520 3505 1658 3574 severitas,
1671 3517 1698 3563 et
1709 3507 1749 3563 si«

92 3591 124 3631 eo
137 3576 212 3645 qnod
221 3576 319 3645 procui
330 3576 364 3630 eb
380 3576 530 3631 hominibm
541 3578 715 3636 recesserant,
730 3589 893 3643 truttenpnn·
949 3575 1028 3638 lentii
1040 3574 1170 3631 districtio
1183 3591 1196 3630 a
1218 3575 1254 3632 ud
1267 3576 1465 3631 Pachomianos
1477 3577 1627 3632 monachos
1642 3589 1749 3634 servata

92 3651 150 3701 tur.
159 3648 218 3701 llos
228 3647 314 3702 etiam
327 3644 479 3715 ἡσυχαστάς,
500 3645 553 3700 hoc
569 3654 620 3712 est,
632 3645 660 3700 in
677 3645 766 3726 quiete
778 3654 806 3700 et
817 3644 897 3700 silen·
952 3644 1012 3711 luit,
1025 3647 1130 3717 ltegula
1144 3648 1178 3700 ita
1192 3591 1356 3703 Xecemente
1373 3666 1378 3701 :
1393 3649 1424 3703 Si
1436 3648 1562 3703 condecit
1574 3654 1605 3704 nt
1614 3651 1751 3719 psallendi

92 3716 297 3790 neclegentes,
330 3717 457 3789 appellari
482 3716 578 3772 solitos
607 3715 703 3772 scribit
726 3715 894 3772 Justinianus
948 3722 1074 3786 tempore,
1094 3717 1579 3779 uelornndi,antiomedioiectionis
1593 3722 1693 3789 aliqan's
1708 3724 1749 3775 lo-

91 3787 203 3843 noveila
221 3788 328 3859 quinta.
353 3788 408 3843 Alii
431 3787 568 3855 eremitae,
591 3788 737 3844 Cassianus
761 3786 895 3843 solitarios
949 3789 1217 3858 qnatnrnnttideut3
1230 3790 1465 3859 solcetm'npnlnm,
1478 3792 1750 3846 etinclinntucerm'ce

159 3858 197 3914 im
209 3866 299 3924 uocat,
314 3866 342 3915 et
360 3858 501 3916 decorum
516 3858 622 3931 origiue
636 3867 664 3915 et
678 3858 801 3915 instituto
813 3873 894 3930 pecu·
948 3861 1118 3915 mnnibnsnd
1130 3863 1263 3927 interiore
1273 3861 1413 3930 depressis,
1427 3862 1511 3915 stnln't
1521 3863 1687 3923 trittenhem,
1699 3869 1749 3916 etc

91 3874 199 3986 ffiter
210 3931 265 4002 agit
276 3930 370 3987 collat.
388 3935 430 3986 18.
560 3989 563 3992 ,
945 3934 1069 4001 principe
1078 3935 1236 3986 monaste-iii
1247 3934 1441 4002 inerepnln'tnr.
1451 3935 1505 3987 lloc
1513 3932 1582 3984 idern
1593 3934 1676 3998 sarciat
1687 3939 1712 3987 et
1721 3936 1749 3987 in

129 3993 214 4056 ¹'Vox
236 4001 344 4074 synaxis
365 4000 495 4074 frequens
514 4001 587 4072 apud
608 3999 806 4057 ecclesiasticos
828 3999 895 4054 seri·
948 4009 1077 4057 contentio
1096 4007 1229 4071 fratrum,
1244 4018 1304 4055 curn
1318 4004 1355 4055 nd
1368 4003 1525 4057 ecsccndnm
1536 4005 1643 4070 praviter
1657 4019 1748 4058 conec·
1783 4029 1790 4049 ε

91 4080 190 4144 ptores
197 4079 258 4128 hrm
273 4073 397 4140 Graecos,
410 4081 470 4128 turn
486 4073 596 4127 latinos
610 4092 616 4126 ι
628 4079 655 4126 et
669 4069 780 4143 quidem
792 4070 893 4142 duplici
949 4075 1047 4127 ruerint.
1554 4105 1560 4118 ι

93 4141 302 4212 significatione.
316 4143 441 4199 Primum
460 4158 510 4214 pre
522 4151 669 4206 conventu,
686 4157 734 4197 seu
746 4156 895 4213 congrega·
985 4130 998 4173 ¹¹
1018 4145 1137 4212 Absque,
1154 4141 1180 4196 id
1200 4152 1250 4210 cst,
1275 4141 1337 4207 uisi,
1352 4141 1392 4195 vel
1417 4149 1599 4213 praeterquam
1618 4143 1746 4200 sacerdo-

95 4212 175 4268 tione
188 4212 319 4281 lidelium,
343 4222 374 4270 ut
390 4213 663 4284 hic,mouacbomm‚
684 4212 719 4270 ad
732 4212 893 4274 orationem,
950 4211 994 4278 tis,
1017 4221 1070 4267 etc.
1093 4217 1204 4268 Precem
1226 4221 1329 4276 autem,
1351 4213 1406 4266 sive
1427 4210 1547 4266 officiunt
1566 4212 1749 4272 concludebat

93 4291 146 4339 aut
163 4284 352 4355 psalmodiam,
374 4285 416 4339 vel
436 4285 471 4340 ad
489 4293 660 4341 sacrosancta
679 4283 805 4356 mysteria
822 4283 895 4339 ccle—
949 4282 1087 4350 sacerdos,
1114 4297 1161 4355 seu
1184 4280 1268 4338 abbas
1294 4281 1368 4337 brevi
1390 4282 1507 4363 quadam
1534 4284 1667 4355 oratione,
1693 4305 1747 4359 qna

93 4355 212 4423 brands,
227 4356 266 4412 vel
280 4354 315 4411 ad
324 4356 374 4411 Dei
387 4356 503 4412 verbum
516 4355 682 4412 audiendum
694 4374 701 4410 :
715 4353 895 4410 diciturenim
949 4354 1072 4410 omnium
1093 4362 1154 4409 vota
1177 4369 1323 4426 precesque
1343 4353 1469 4426 colligere
1490 4352 1630 4413 dicebatur
1648 4376 1654 4412 z
1676 4362 1749 4417 unde

92 4427 208 4499 synams
232 4442 247 4482 a
266 4427 359 4487 verbo„
371 4427 497 4498 συνάγειν,
521 4427 596 4499 quod
618 4435 659 4483 est
677 4425 821 4498 colligere,
846 4441 894 4481 sen
948 4426 1130 4482 collectarum
1151 4440 1252 4481 nomeu
1269 4432 1410 4495 sumptum
1433 4441 1518 4497 snpra
1535 4429 1703 4500 monuimus,
1718 4443 1748 4488 ut

92 4513 147 4553 con
232 4513 279 4565 re;
292 4507 321 4554 et
332 4498 403 4555 hauc
416 4513 512 4555 vocem
524 4498 605 4554 variis
622 4496 782 4553 nominibus
795 4496 893 4552 Latine
909 4533 934 4595 D
950 4512 1044 4553 earnm
1060 4496 1204 4569 antiquitas
1218 4498 1300 4553 etiam
1317 4496 1379 4552 hinc
1397 4497 1506 4569 probari
1516 4501 1611 4571 possit.
1627 4502 1747 4559 Collecta

92 4569 143 4626 red
164 4569 217 4624 idit
229 4569 383 4637 Cassianus,
401 4569 555 4634 collectam,
577 4576 755 4638 conventum,
777 4583 892 4624 conven·
949 4569 1023 4625 enim
1044 4567 1124 4636 dicta,
1146 4577 1177 4624 ut
1201 4567 1319 4624 declarat
1341 4568 1506 4641 hlierologus
1533 4569 1579 4631 (de
1603 4572 1746 4631 Observat.

91 4639 223 4707 ticulum,
242 4640 490 4713 congregationem,
511 4641 675 4697 canonicum
694 4637 828 4706 osticium,
853 4637 892 4695 vcl
949 4640 1055 4696 Eccles.
1070 4656 1128 4711 cap.
1143 4643 1188 4708 3),
1199 4656 1227 4695 eo
1239 4641 1311 4711 qnod
1324 4640 1458 4703 sacerdos,
1474 4642 1522 4709 qtti
1537 4642 1668 4709 leqntienc
1679 4647 1748 4711 fern-

95 4711 265 4779 orationem,
286 4711 498 4778 solemnitatem,
520 4711 715 4775 celebritatem,
737 4718 765 4765 et
781 4711 894 4766 Missum
949 4714 1025 4780 pitter
1037 4728 1088 4782 pro
1100 4713 1199 4782 populo
1213 4713 1250 4765 ud
1266 4715 1418 4774 homininum,
1433 4714 1553 4765 omnium
1562 4716 1704 4780 petitiones
1715 4733 1747 4770 cu

91 4782 265 4851 canonicam,
279 4782 337 4839 aliis
354 4791 435 4855 atque
456 4783 515 4839 aliis
535 4783 601 4839 loeis
620 4781 765 4855 appellans.
778 4784 839 4853 Quo
854 4780 896 4836 iti·
949 4785 1069 4838 cretione
1078 4784 1185 4850 colliget
1198 4787 1280 4851 nimae
1289 4784 1439 4836 concludet.
1451 4783 1506 4837 lile
1516 4787 1605 4835 tumen
1616 4787 1748 4839 ovetmnes

92 4853 159 4909 dem
173 4869 255 4910 sensu
270 4857 306 4910 D.
322 4854 483 4911 benedictus
496 4869 555 4926 cap.
578 4860 611 4910 ti
629 4853 761 4925 Regulae:
783 4857 895 4922 Vesper·
949 4853 1746 4924 specmlinst’oilecteeeocnriuidentur,pucenpudltomnnos

92 4928 165 4989 thro,
182 4925 280 4998 inquit,
292 4928 405 4995 synesis
420 4931 537 4997 quatuor
543 4928 658 4997 psalmis
671 4941 731 4980 cnm
742 4925 896 4993 antiphonis
950 4939 1032 4994 saepen
1052 4926 1188 4978 collectam
1204 4924 1299 4993 ytopnli
1317 4921 1360 4988 (id
1375 4930 1426 4986 est,
1441 4923 1584 4975 collectum
1599 4924 1746 4996 populum)

93 5000 272 5061 terminetur,
283 4997 312 5054 id
322 5006 374 5064 est,
386 4999 549 5061 solemnitas,
559 4999 601 5052 ecl
613 5012 705 5052 marnes
712 5011 893 5065 vespermien,
949 4999 1033 5065 prent3
1049 4996 1114 5048 duan
1128 4993 1273 5061 colligitur,
1288 4998 1319 5047 nt
1335 4993 1463 5061 procedet
1477 4991 1510 5045 cie
1525 5008 1581 5046 nnn
1599 4997 1705 5052 ecclesie
1717 5002 1747 5055 in

91 5068 132 5123 ait
141 5071 377 5124 Turrecrematus.
392 5070 465 5125 Alias
475 5084 539 5124 vero
550 5068 660 5140 synaxis
675 5068 748 5123 dicta
765 5075 805 5122 est
818 5081 894 5121 sacra
950 5068 1035 5120 elium
1049 5066 1086 5118 ud
1097 5067 1238 5120 stationem
1247 5063 1412 5131 (uniendam.
1428 5063 1495 5146 Haec
1510 5062 1563 5119 ille.
1576 5066 1697 5124 Sumitnr
1706 5079 1747 5127 ta·

16 5174 24 5190 .
91 5138 274 5196 Eucharistiae
285 5141 453 5204 communio,
468 5139 685 5207 ethocnoynine
703 5136 726 5193 fr
763 5146 895 5193 uentera
951 5152 1013 5192 men
1029 5136 1143 5192 collecta
1154 5135 1235 5190 etiam
1255 5150 1303 5205 pro
1323 5142 1460 5189 conventu
1473 5133 1593 5191 bdelium
1614 5153 1661 5194 seu
1683 5156 1747 5198 mo-

92 5211 142 5267 SS.
168 5210 478 5283 Patribusnuncupatur
491 5214 586 5276 (iuven.
611 5216 735 5267 flamoso.
761 5211 797 5263 ib.
815 5223 846 5263 tv
863 5208 896 5262 de
949 5208 1100 5263 nachomm
1122 5207 1195 5278 apud
1214 5206 1383 5275 Cassianum,
1405 5213 1432 5260 et
1453 5222 1501 5276 pro
1524 5208 1682 5266 collectione
1698 5230 1744 5286 pe-

93 5282 210 5340 orthod
224 5283 278 5351 fide
288 5297 347 5352 cup.
366 5284 633 5350 imbecilitatem
649 5283 746 5336 bronio.
758 5295 817 5349 cup.
830 5284 882 5344 ut)
949 5279 1037 5336 cuniae
1059 5279 1221 5350 pauperibus
1234 5277 1391 5350 erogandae,
1411 5292 1475 5357 quae
1489 5277 1515 5331 in
1531 5279 1663 5358 ejusmodi
1678 5300 1744 5341 con·

92 5354 150 5408 sive
167 5353 243 5425 quod
257 5352 417 5410 Christianis
437 5354 464 5408 in
483 5369 569 5409 unum
584 5349 806 5408 convenientibus
827 5351 896 5406 cele·
950 5359 1031 5406 ventu
1048 5350 1104 5406 lieri
1121 5350 1235 5411 solebat,
1250 5359 1281 5405 ut
1301 5351 1328 5404 in
1348 5348 1406 5404 aliis
1424 5348 1492 5403 locvs
1511 5348 1624 5406 dicetur.
1641 5355 1678 5409 Er
1694 5357 1745 5414 hoe

95 5423 169 5480 brari
190 5425 244 5480 hoc
269 5432 472 5481 sacramentum
496 5433 524 5480 et
548 5424 620 5481 sumi
646 5425 727 5490 solet,
753 5421 808 5477 sive
833 5420 896 5493 quia
949 5421 1045 5478 itidem
1070 5423 1130 5477 loeo
1155 5421 1270 5478 dicimos
1292 5421 1423 5486 abbates,
1443 5435 1492 5500 seu
1517 5421 1610 5477 Patres
1637 5425 1744 5483 illorum

94 5497 169 5566 pacis
182 5503 210 5551 et
224 5493 331 5550 unionis
341 5496 499 5568 symbolum
510 5504 561 5562 est,
572 5502 822 5552 etsacramentum.
949 5493 1160 5561 monachorum,
1188 5501 1221 5548 ut
1243 5492 1391 5564 plurimum
1411 5489 1495 5545 luisse
1513 5493 1676 5564 sacerdotes,
1690 5501 1745 5555 sive

131 5566 272 5634 ellirum,
284 5574 313 5621 et
331 5565 371 5621 sin
391 5566 464 5622 utare
479 5566 634 5637 exemplum
648 5564 776 5638 regularis
794 5561 894 5620 silentii
949 5563 1121 5636 presbyteros
1135 5584 1141 5619 ε
1155 5562 1229 5635 quod
1246 5563 1329 5618 etiam
1344 5577 1375 5617 ex
1391 5560 1531 5632 'plerisque
1550 5564 1746 5627 collationibus

98 5634 130 5692 in
141 5634 233 5704 choro,
247 5645 277 5693 et
295 5636 325 5692 in
345 5582 442 5694 officiis
461 5636 560 5693 divinis
575 5635 736 5692 observandi
758 5655 763 5690 :
783 5634 816 5691 dc
837 5649 893 5706 quo
949 5634 980 5690 lit
992 5634 1185 5701 manifestum
1201 5633 1349 5704 praesertim
1364 5648 1396 5688 ex
1410 5632 1470 5688 Col.
1484 5639 1538 5689 lc.
1556 5639 1581 5702 t,
1596 5644 1623 5691 et
1638 5640 1696 5695 Col.
1712 5648 1745 5697 18

94 5704 180 5763 etiarn
191 5710 225 5763 D.
238 5707 403 5764 Benedictus
419 5723 478 5779 cap.
495 5713 530 5763 52
544 5708 667 5780 Regnlm,
680 5715 707 5763 et
720 5706 894 5763 innocentius
948 5720 975 5761 e.
993 5711 1036 5762 ta.
1053 5705 1106 5762 Sed
1118 5704 1146 5760 id
1159 5705 1270 5776 quidem
1287 5702 1370 5761 luisse
1390 5703 1569 5772 ordinarium,
1586 5719 1745 5767 nontamen

22 5833 30 5848 ,
94 5778 894 5860 lll,cap.dumndmonusteeinrn,deStn.monueh.Qnatn
949 5787 1109 5850 perpetuum
1122 5777 1280 5842 alibietiam
1294 5775 1473 5848 opportunius
1487 5774 1654 5835 docebimus.
1758 5810 1763 5820 ι

92 5857 300 5907 serenantem
319 5850 455 5923 punierint
467 5859 571 5908 veteres
591 5851 686 5907 Patres
706 5849 775 5905 sacri
794 5849 893 5906 silentn
