<?xml version="1.0" encoding="UTF-8"?>
<!DOCTYPE html PUBLIC "-//W3C//DTD XHTML 1.0 Transitional//EN"
    "http://www.w3.org/TR/xhtml1/DTD/xhtml1-transitional.dtd">
<html xmlns="http://www.w3.org/1999/xhtml" xml:lang="en" lang="en">
 <head>
  <title>
</title>
<meta http-equiv="Content-Type" content="text/html;charset=utf-8" />
  <meta name='ocr-system' content='tesseract 3.04.00' />
  <meta name='ocr-capabilities' content='ocr_page ocr_carea ocr_par ocr_line ocrx_word'/>
</head>
<body>
  <div class='ocr_page' id='page_1' title='image "./patrologiaecurs29unkngoog/patrologiaecurs29unkngoog_0337.png"; bbox 0 0 3848 6158; ppageno 0'>
   <div class='ocr_carea' id='block_1_1' title="bbox 128 211 1785 307">
    <p class='ocr_par' dir='ltr' id='par_1_1' title="bbox 128 211 1785 307">
     <span class='ocr_line' id='line_1_1' title="bbox 128 211 1785 307; baseline -0.005 -28"><span class='ocrx_word' id='word_1_1' title='bbox 128 225 179 280; x_wconf 76' lang='lat' dir='ltr'><strong>oss</strong></span> <span class='ocrx_word' id='word_1_2' title='bbox 669 217 809 307; x_wconf 64' lang='lat' dir='ltr'><strong>loannis</strong></span> <span class='ocrx_word' id='word_1_3' title='bbox 828 215 980 274; x_wconf 71' lang='lat' dir='ltr'><strong>cessissit</strong></span> <span class='ocrx_word' id='word_1_4' title='bbox 999 211 1242 271; x_wconf 72' lang='lat' dir='ltr'><strong>culusitanus</strong></span> <span class='ocrx_word' id='word_1_5' title='bbox 1731 217 1785 270; x_wconf 83' lang='grc'><strong>660</strong></span> 
     </span>
    </p>
   </div>
   <div class='ocr_carea' id='block_1_2' title="bbox 126 338 1817 3897">
    <p class='ocr_par' dir='ltr' id='par_1_2' title="bbox 126 338 1786 1548">
     <span class='ocr_line' id='line_1_2' title="bbox 127 338 1785 424; baseline -0.009 -13"><span class='ocrx_word' id='word_1_6' title='bbox 127 354 156 410; x_wconf 93' lang='lat' dir='ltr'><strong>in</strong></span> <span class='ocrx_word' id='word_1_7' title='bbox 170 353 254 411; x_wconf 90' lang='lat' dir='ltr'><strong>corde</strong></span> <span class='ocrx_word' id='word_1_8' title='bbox 266 350 377 424; x_wconf 92' lang='lat' dir='ltr'><strong>quidem</strong></span> <span class='ocrx_word' id='word_1_9' title='bbox 387 366 439 407; x_wconf 94' lang='lat' dir='ltr'><strong>suo</strong></span> <span class='ocrx_word' id='word_1_10' title='bbox 454 364 535 422; x_wconf 88' lang='lat' dir='ltr'><strong>super</strong></span> <span class='ocrx_word' id='word_1_11' title='bbox 549 346 652 403; x_wconf 91' lang='lat' dir='ltr'><strong>inimici</strong></span> <span class='ocrx_word' id='word_1_12' title='bbox 667 347 708 402; x_wconf 90' lang='lat' dir='ltr'><strong>sui</strong></span> <span class='ocrx_word' id='word_1_13' title='bbox 729 345 807 401; x_wconf 91' lang='lat' dir='ltr'><strong>ruina</strong></span> <span class='ocrx_word' id='word_1_14' title='bbox 822 344 929 418; x_wconf 80' lang='lat' dir='ltr'><strong>gavisus</strong></span> <span class='ocrx_word' id='word_1_15' title='bbox 941 346 967 410; x_wconf 74' lang='grc' dir='ltr'><strong>Α</strong></span> <span class='ocrx_word' id='word_1_16' title='bbox 981 341 1089 397; x_wconf 91' lang='lat' dir='ltr'><strong>sibimet</strong></span> <span class='ocrx_word' id='word_1_17' title='bbox 1102 339 1242 396; x_wconf 81' lang='lat' dir='ltr'><strong>cohaerere</strong></span> <span class='ocrx_word' id='word_1_18' title='bbox 1254 347 1336 413; x_wconf 89' lang='lat' dir='ltr'><strong>atquc</strong></span> <span class='ocrx_word' id='word_1_19' title='bbox 1347 338 1528 400; x_wconf 90' lang='lat' dir='ltr'><strong>insolubiliter</strong></span> <span class='ocrx_word' id='word_1_20' title='bbox 1542 343 1566 399; x_wconf 91' lang='lat' dir='ltr'><strong>ei</strong></span> <span class='ocrx_word' id='word_1_21' title='bbox 1578 348 1656 414; x_wconf 90' lang='lat' dir='ltr'><strong>optat</strong></span> <span class='ocrx_word' id='word_1_22' title='bbox 1669 341 1785 397; x_wconf 85' lang='lat' dir='ltr'><strong>innecti.</strong></span> 
     </span>
     <span class='ocr_line' id='line_1_3' title="bbox 126 434 1786 519; baseline -0.009 -14"><span class='ocrx_word' id='word_1_23' title='bbox 126 456 170 505; x_wconf 87' lang='lat' dir='ltr'><strong>est</strong></span> <span class='ocrx_word' id='word_1_24' title='bbox 193 447 257 519; x_wconf 79' lang='lat' dir='ltr'><strong>(lob.</strong></span> <span class='ocrx_word' id='word_1_25' title='bbox 273 451 304 512; x_wconf 80' lang='grc' dir='ltr'><strong>ι).</strong></span> <span class='ocrx_word' id='word_1_26' title='bbox 326 445 458 516; x_wconf 85' lang='lat' dir='ltr'><strong>idemque</strong></span> <span class='ocrx_word' id='word_1_27' title='bbox 483 457 579 500; x_wconf 90' lang='lat' dir='ltr'><strong>rursus</strong></span> <span class='ocrx_word' id='word_1_28' title='bbox 592 456 641 513; x_wconf 90' lang='lat' dir='ltr'><strong>per</strong></span> <span class='ocrx_word' id='word_1_29' title='bbox 661 439 801 496; x_wconf 82' lang='lat' dir='ltr'>sinistram</span> <span class='ocrx_word' id='word_1_30' title='bbox 821 448 926 513; x_wconf 90' lang='lat' dir='ltr'><strong>partem</strong></span> <span class='ocrx_word' id='word_1_31' title='bbox 980 437 1091 492; x_wconf 80' lang='lat' dir='ltr'><strong>Erimus</strong></span> <span class='ocrx_word' id='word_1_32' title='bbox 1104 435 1185 507; x_wconf 82' lang='lat' dir='ltr'><strong>igitur</strong></span> <span class='ocrx_word' id='word_1_33' title='bbox 1198 434 1371 502; x_wconf 79' lang='lat' dir='ltr'>ambidextri,</span> <span class='ocrx_word' id='word_1_34' title='bbox 1384 435 1491 508; x_wconf 93' lang='lat' dir='ltr'><strong>quando</strong></span> <span class='ocrx_word' id='word_1_35' title='bbox 1504 452 1555 493; x_wconf 91' lang='lat' dir='ltr'><strong>nos</strong></span> <span class='ocrx_word' id='word_1_36' title='bbox 1569 450 1679 508; x_wconf 92' lang='lat' dir='ltr'><strong>quoque</strong></span> <span class='ocrx_word' id='word_1_37' title='bbox 1691 450 1786 490; x_wconf 88' lang='lat' dir='ltr'><strong>rerum</strong></span> 
     </span>
     <span class='ocr_line' id='line_1_4' title="bbox 129 530 1785 606; baseline -0.007 -8"><span class='ocrx_word' id='word_1_38' title='bbox 129 542 291 598; x_wconf 80' lang='lat' dir='ltr'><strong>sublimiore</strong></span> <span class='ocrx_word' id='word_1_39' title='bbox 310 539 410 594; x_wconf 86' lang='lat' dir='ltr'><strong>virtute</strong></span> <span class='ocrx_word' id='word_1_40' title='bbox 436 533 470 591; x_wconf 91' lang='lat' dir='ltr'><strong>de</strong></span> <span class='ocrx_word' id='word_1_41' title='bbox 495 532 705 592; x_wconf 80' lang='lat' dir='ltr'><strong>adversitatibus</strong></span> <span class='ocrx_word' id='word_1_42' title='bbox 728 533 925 606; x_wconf 78' lang='lat' dir='ltr'><strong>triumphabat,</strong></span> <span class='ocrx_word' id='word_1_43' title='bbox 981 531 1157 605; x_wconf 79' lang='lat' dir='ltr'><strong>praesentium</strong></span> <span class='ocrx_word' id='word_1_44' title='bbox 1172 530 1251 602; x_wconf 91' lang='lat' dir='ltr'><strong>copia</strong></span> <span class='ocrx_word' id='word_1_45' title='bbox 1266 530 1308 587; x_wconf 90' lang='lat' dir='ltr'><strong>vel</strong></span> <span class='ocrx_word' id='word_1_46' title='bbox 1320 530 1410 602; x_wconf 93' lang='lat' dir='ltr'><strong>inopia</strong></span> <span class='ocrx_word' id='word_1_47' title='bbox 1425 547 1480 587; x_wconf 91' lang='lat' dir='ltr'><strong>non</strong></span> <span class='ocrx_word' id='word_1_48' title='bbox 1497 530 1616 587; x_wconf 89' lang='lat' dir='ltr'><strong>mutarit</strong></span> <span class='ocrx_word' id='word_1_49' title='bbox 1627 540 1656 586; x_wconf 91' lang='lat' dir='ltr'><strong>et</strong></span> <span class='ocrx_word' id='word_1_50' title='bbox 1673 545 1728 585; x_wconf 90' lang='lat' dir='ltr'><strong>nec</strong></span> <span class='ocrx_word' id='word_1_51' title='bbox 1741 530 1785 586; x_wconf 94' lang='lat' dir='ltr'><strong>illa</strong></span> 
     </span>
     <span class='ocr_line' id='line_1_5' title="bbox 128 624 1786 704; baseline -0.007 -12"><span class='ocrx_word' id='word_1_52' title='bbox 128 652 192 692; x_wconf 94' lang='lat' dir='ltr'><strong>cum</strong></span> <span class='ocrx_word' id='word_1_53' title='bbox 209 642 314 704; x_wconf 81' lang='lat' dir='ltr'><strong>septem</strong></span> <span class='ocrx_word' id='word_1_54' title='bbox 327 631 454 686; x_wconf 88' lang='lat' dir='ltr'><strong>filiisuuo</strong></span> <span class='ocrx_word' id='word_1_55' title='bbox 469 627 582 685; x_wconf 90' lang='lat' dir='ltr'><strong>orbatus</strong></span> <span class='ocrx_word' id='word_1_56' title='bbox 596 636 748 697; x_wconf 90' lang='lat' dir='ltr'><strong>momento,</strong></span> <span class='ocrx_word' id='word_1_57' title='bbox 760 644 814 684; x_wconf 92' lang='lat' dir='ltr'><strong>non</strong></span> <span class='ocrx_word' id='word_1_58' title='bbox 832 637 862 684; x_wconf 93' lang='lat' dir='ltr'><strong>ut</strong></span> <span class='ocrx_word' id='word_1_59' title='bbox 874 644 924 700; x_wconf 91' lang='lat' dir='ltr'><strong>pa·</strong></span> <span class='ocrx_word' id='word_1_60' title='bbox 981 643 1032 683; x_wconf 88' lang='lat' dir='ltr'><strong>nos</strong></span> <span class='ocrx_word' id='word_1_61' title='bbox 1045 625 1080 682; x_wconf 93' lang='lat' dir='ltr'><strong>ad</strong></span> <span class='ocrx_word' id='word_1_62' title='bbox 1092 625 1244 699; x_wconf 88' lang='lat' dir='ltr'><strong>voluptates</strong></span> <span class='ocrx_word' id='word_1_63' title='bbox 1257 625 1348 682; x_wconf 85' lang='lat' dir='ltr'><strong>noxiae</strong></span> <span class='ocrx_word' id='word_1_64' title='bbox 1369 625 1536 682; x_wconf 87' lang='lat' dir='ltr'><strong>remissionis</strong></span> <span class='ocrx_word' id='word_1_65' title='bbox 1556 624 1712 697; x_wconf 88' lang='lat' dir='ltr'><strong>impulerit,</strong></span> <span class='ocrx_word' id='word_1_66' title='bbox 1735 640 1786 680; x_wconf 87' lang='lat' dir='ltr'><strong>nec</strong></span> 
     </span>
     <span class='ocr_line' id='line_1_6' title="bbox 127 710 1786 791; baseline -0.004 -7"><span class='ocrx_word' id='word_1_67' title='bbox 127 738 171 784; x_wconf 89' lang='lat' dir='ltr'><strong>ter</strong></span> <span class='ocrx_word' id='word_1_68' title='bbox 189 725 289 782; x_wconf 87' lang='lat' dir='ltr'><strong>acerbo</strong></span> <span class='ocrx_word' id='word_1_69' title='bbox 310 723 385 780; x_wconf 89' lang='lat' dir='ltr'><strong>luctu</strong></span> <span class='ocrx_word' id='word_1_70' title='bbox 401 720 605 789; x_wconf 71' lang='lat' dir='ltr'><strong>confluebatur,</strong></span> <span class='ocrx_word' id='word_1_71' title='bbox 620 720 668 777; x_wconf 90' lang='lat' dir='ltr'><strong>sed</strong></span> <span class='ocrx_word' id='word_1_72' title='bbox 680 728 711 778; x_wconf 93' lang='lat' dir='ltr'><strong>ut</strong></span> <span class='ocrx_word' id='word_1_73' title='bbox 725 737 806 778; x_wconf 88' lang='lat' dir='ltr'><strong>verus</strong></span> <span class='ocrx_word' id='word_1_74' title='bbox 823 722 872 778; x_wconf 86' lang='lat' dir='ltr'><strong>Dei</strong></span> <span class='ocrx_word' id='word_1_75' title='bbox 886 719 927 777; x_wconf 90' lang='lat' dir='ltr'><strong>fa·</strong></span> <span class='ocrx_word' id='word_1_76' title='bbox 983 722 1033 777; x_wconf 91' lang='lat' dir='ltr'><strong>ista</strong></span> <span class='ocrx_word' id='word_1_77' title='bbox 1052 710 1086 777; x_wconf 80' lang='lat' dir='ltr'><strong>a&#39;d</strong></span> <span class='ocrx_word' id='word_1_78' title='bbox 1108 720 1327 791; x_wconf 85' lang='lat' dir='ltr'><strong>desperationem</strong></span> <span class='ocrx_word' id='word_1_79' title='bbox 1348 721 1490 777; x_wconf 86' lang='lat' dir='ltr'><strong>attraxerit</strong></span> <span class='ocrx_word' id='word_1_80' title='bbox 1517 727 1543 776; x_wconf 91' lang='lat' dir='ltr'><strong>et</strong></span> <span class='ocrx_word' id='word_1_81' title='bbox 1564 719 1718 791; x_wconf 87' lang='lat' dir='ltr'><strong>quereiam,</strong></span> <span class='ocrx_word' id='word_1_82' title='bbox 1737 719 1786 777; x_wconf 90' lang='lat' dir='ltr'><strong>sed</strong></span> 
     </span>
     <span class='ocr_line' id='line_1_7' title="bbox 128 804 1784 890; baseline -0.002 -15"><span class='ocrx_word' id='word_1_83' title='bbox 128 821 220 875; x_wconf 90' lang='lat' dir='ltr'><strong>mulus</strong></span> <span class='ocrx_word' id='word_1_84' title='bbox 231 831 312 890; x_wconf 89' lang='lat' dir='ltr'><strong>super</strong></span> <span class='ocrx_word' id='word_1_85' title='bbox 321 815 457 872; x_wconf 80' lang='lat' dir='ltr'><strong>creatoris</strong></span> <span class='ocrx_word' id='word_1_86' title='bbox 467 813 654 872; x_wconf 87' lang='lat' dir='ltr'><strong>suivoluntate</strong></span> <span class='ocrx_word' id='word_1_87' title='bbox 666 815 801 888; x_wconf 74' lang='lat' dir='ltr'><strong>gaudebat</strong></span> <span class='ocrx_word' id='word_1_88' title='bbox 812 817 925 883; x_wconf 78' lang='lat' dir='ltr'><strong>(Ibi&#39;d.):</strong></span> <span class='ocrx_word' id='word_1_89' title='bbox 983 817 1109 874; x_wconf 89' lang='lat' dir='ltr'><strong>similiter</strong></span> <span class='ocrx_word' id='word_1_90' title='bbox 1129 818 1189 872; x_wconf 91' lang='lat' dir='ltr'><strong>Deo</strong></span> <span class='ocrx_word' id='word_1_91' title='bbox 1212 804 1313 889; x_wconf 82' lang='lat' dir='ltr'><strong>gratias</strong></span> <span class='ocrx_word' id='word_1_92' title='bbox 1332 817 1361 872; x_wconf 93' lang='lat' dir='ltr'><strong>in</strong></span> <span class='ocrx_word' id='word_1_93' title='bbox 1380 823 1497 888; x_wconf 89' lang='lat' dir='ltr'><strong>utroque</strong></span> <span class='ocrx_word' id='word_1_94' title='bbox 1520 814 1667 872; x_wconf 87' lang='lat' dir='ltr'><strong>referentes</strong></span> <span class='ocrx_word' id='word_1_95' title='bbox 1692 829 1784 886; x_wconf 90' lang='lat' dir='ltr'><strong>parem</strong></span> 
     </span>
     <span class='ocr_line' id='line_1_8' title="bbox 129 908 1783 985; baseline -0.004 -14"><span class='ocrx_word' id='word_1_96' title='bbox 129 929 194 972; x_wconf 88' lang='lat' dir='ltr'><strong>cum</strong></span> <span class='ocrx_word' id='word_1_97' title='bbox 214 929 248 970; x_wconf 91' lang='lat' dir='ltr'><strong>ex</strong></span> <span class='ocrx_word' id='word_1_98' title='bbox 264 911 400 985; x_wconf 90' lang='lat' dir='ltr'><strong>locuplete</strong></span> <span class='ocrx_word' id='word_1_99' title='bbox 417 912 616 983; x_wconf 90' lang='lat' dir='ltr'><strong>pauperrimus,</strong></span> <span class='ocrx_word' id='word_1_100' title='bbox 629 912 719 969; x_wconf 88' lang='lat' dir='ltr'><strong>nudus</strong></span> <span class='ocrx_word' id='word_1_101' title='bbox 731 928 768 968; x_wconf 91' lang='lat' dir='ltr'><strong>ex</strong></span> <span class='ocrx_word' id='word_1_102' title='bbox 781 912 877 979; x_wconf 89' lang='lat' dir='ltr'><strong>divite,</strong></span> <span class='ocrx_word' id='word_1_103' title='bbox 895 927 928 968; x_wconf 93' lang='lat' dir='ltr'><strong>cx</strong></span> <span class='ocrx_word' id='word_1_104' title='bbox 983 909 1103 968; x_wconf 85' lang='lat' dir='ltr'><strong>furatum</strong></span> <span class='ocrx_word' id='word_1_105' title='bbox 1115 908 1150 966; x_wconf 90' lang='lat' dir='ltr'><strong>do</strong></span> <span class='ocrx_word' id='word_1_106' title='bbox 1165 908 1293 965; x_wconf 90' lang='lat' dir='ltr'><strong>secundis</strong></span> <span class='ocrx_word' id='word_1_107' title='bbox 1310 908 1482 982; x_wconf 81' lang='lat' dir='ltr'><strong>adversisque</strong></span> <span class='ocrx_word' id='word_1_108' title='bbox 1499 909 1658 978; x_wconf 87' lang='lat' dir='ltr'><strong>capiamus;</strong></span> <span class='ocrx_word' id='word_1_109' title='bbox 1676 908 1783 981; x_wconf 90' lang='lat' dir='ltr'><strong>qualem</strong></span> 
     </span>
     <span class='ocr_line' id='line_1_9' title="bbox 131 998 1786 1080; baseline -0.004 -17"><span class='ocrx_word' id='word_1_110' title='bbox 131 1008 223 1065; x_wconf 86' lang='lat' dir='ltr'><strong>valido</strong></span> <span class='ocrx_word' id='word_1_111' title='bbox 237 1006 356 1074; x_wconf 87' lang='lat' dir='ltr'><strong>tabidus,</strong></span> <span class='ocrx_word' id='word_1_112' title='bbox 367 1022 399 1062; x_wconf 90' lang='lat' dir='ltr'><strong>ex</strong></span> <span class='ocrx_word' id='word_1_113' title='bbox 416 1006 519 1080; x_wconf 88' lang='lat' dir='ltr'><strong>inclyto</strong></span> <span class='ocrx_word' id='word_1_114' title='bbox 534 1015 561 1063; x_wconf 90' lang='lat' dir='ltr'><strong>et</strong></span> <span class='ocrx_word' id='word_1_115' title='bbox 572 1006 693 1079; x_wconf 78' lang='lat' dir='ltr'><strong>glorioso</strong></span> <span class='ocrx_word' id='word_1_116' title='bbox 704 1005 833 1080; x_wconf 81' lang='lat' dir='ltr'><strong>ignobilis</strong></span> <span class='ocrx_word' id='word_1_117' title='bbox 847 1014 929 1078; x_wconf 87' lang='lat' dir='ltr'><strong>atque</strong></span> <span class='ocrx_word' id='word_1_118' title='bbox 982 1020 1012 1061; x_wconf 90' lang='lat' dir='ltr'><strong>se</strong></span> <span class='ocrx_word' id='word_1_119' title='bbox 1024 1004 1069 1060; x_wconf 92' lang='lat' dir='ltr'><strong>ille</strong></span> <span class='ocrx_word' id='word_1_120' title='bbox 1081 1019 1161 1059; x_wconf 90' lang='lat' dir='ltr'><strong>verus</strong></span> <span class='ocrx_word' id='word_1_121' title='bbox 1175 999 1344 1058; x_wconf 85' lang='lat' dir='ltr'><strong>ambidexter</strong></span> <span class='ocrx_word' id='word_1_122' title='bbox 1370 1004 1475 1057; x_wconf 88' lang='lat' dir='ltr'><strong>Doctor</strong></span> <span class='ocrx_word' id='word_1_123' title='bbox 1501 999 1624 1073; x_wconf 81' lang='lat' dir='ltr'><strong>gentium</strong></span> <span class='ocrx_word' id='word_1_124' title='bbox 1641 998 1725 1056; x_wconf 89' lang='lat' dir='ltr'><strong>fuisse</strong></span> <span class='ocrx_word' id='word_1_125' title='bbox 1745 1008 1786 1057; x_wconf 84' lang='lat' dir='ltr'><strong>te·</strong></span> 
     </span>
     <span class='ocr_line' id='line_1_10' title="bbox 129 1096 1785 1177; baseline -0.004 -20"><span class='ocrx_word' id='word_1_126' title='bbox 129 1100 285 1173; x_wconf 90' lang='lat' dir='ltr'><strong>despectus,</strong></span> <span class='ocrx_word' id='word_1_127' title='bbox 309 1099 496 1177; x_wconf 81' lang='lat' dir='ltr'><strong>incorruptam</strong></span> <span class='ocrx_word' id='word_1_128' title='bbox 519 1100 603 1155; x_wconf 87' lang='lat' dir='ltr'><strong>animi</strong></span> <span class='ocrx_word' id='word_1_129' title='bbox 621 1098 791 1157; x_wconf 81' lang='lat' dir='ltr'><strong>fortudinem</strong></span> <span class='ocrx_word' id='word_1_130' title='bbox 808 1109 929 1156; x_wconf 87' lang='lat' dir='ltr'><strong>retenta-</strong></span> <span class='ocrx_word' id='word_1_131' title='bbox 982 1107 1079 1162; x_wconf 90' lang='lat' dir='ltr'><strong>statur,</strong></span> <span class='ocrx_word' id='word_1_132' title='bbox 1090 1097 1184 1154; x_wconf 92' lang='lat' dir='ltr'><strong>dicens</strong></span> <span class='ocrx_word' id='word_1_133' title='bbox 1203 1099 1281 1166; x_wconf 85' lang='lat' dir='ltr'><strong>:qu</strong></span> <span class='ocrx_word' id='word_1_134' title='bbox 1294 1097 1364 1151; x_wconf 88' lang='lat' dir='ltr'><strong>enim</strong></span> <span class='ocrx_word' id='word_1_135' title='bbox 1375 1096 1460 1150; x_wconf 87' lang='lat' dir='ltr'><strong>didici</strong></span> <span class='ocrx_word' id='word_1_136' title='bbox 1468 1098 1504 1167; x_wconf 75' lang='lat' dir='ltr'><strong>¹in</strong></span> <span class='ocrx_word' id='word_1_137' title='bbox 1514 1096 1612 1165; x_wconf 88' lang='lat' dir='ltr'><strong>quibus</strong></span> <span class='ocrx_word' id='word_1_138' title='bbox 1630 1097 1785 1168; x_wconf 71' lang='lat' dir='ltr'><strong>sumsutll·</strong></span> 
     </span>
     <span class='ocr_line' id='line_1_11' title="bbox 130 1191 1784 1268; baseline -0.005 -16"><span class='ocrx_word' id='word_1_139' title='bbox 130 1194 194 1262; x_wconf 69' lang='lat' dir='ltr'><strong>bat,</strong></span> <span class='ocrx_word' id='word_1_140' title='bbox 206 1209 271 1251; x_wconf 90' lang='lat' dir='ltr'><strong>cum</strong></span> <span class='ocrx_word' id='word_1_141' title='bbox 288 1193 407 1264; x_wconf 90' lang='lat' dir='ltr'><strong>denique</strong></span> <span class='ocrx_word' id='word_1_142' title='bbox 417 1193 492 1249; x_wconf 92' lang='lat' dir='ltr'><strong>omni</strong></span> <span class='ocrx_word' id='word_1_143' title='bbox 503 1193 659 1250; x_wconf 90' lang='lat' dir='ltr'><strong>substantia</strong></span> <span class='ocrx_word' id='word_1_144' title='bbox 673 1200 754 1268; x_wconf 87' lang='lat' dir='ltr'><strong>atquo</strong></span> <span class='ocrx_word' id='word_1_145' title='bbox 767 1194 866 1267; x_wconf 92' lang='lat' dir='ltr'><strong>opibus</strong></span> <span class='ocrx_word' id='word_1_146' title='bbox 880 1193 929 1250; x_wconf 89' lang='lat' dir='ltr'><strong>de·</strong></span> <span class='ocrx_word' id='word_1_147' title='bbox 983 1195 1054 1248; x_wconf 81' lang='lat' dir='ltr'><strong>ciem</strong></span> <span class='ocrx_word' id='word_1_148' title='bbox 1066 1209 1135 1261; x_wconf 78' lang='lat' dir='ltr'><strong>assc3</strong></span> <span class='ocrx_word' id='word_1_149' title='bbox 1146 1195 1200 1248; x_wconf 85' lang='lat' dir='ltr'><strong>scio</strong></span> <span class='ocrx_word' id='word_1_150' title='bbox 1209 1197 1235 1247; x_wconf 86' lang='lat' dir='ltr'><strong>et</strong></span> <span class='ocrx_word' id='word_1_151' title='bbox 1244 1192 1394 1254; x_wconf 72' lang='lat' dir='ltr'><strong>humiliari,</strong></span> <span class='ocrx_word' id='word_1_152' title='bbox 1407 1192 1461 1244; x_wconf 86' lang='lat' dir='ltr'><strong>scio</strong></span> <span class='ocrx_word' id='word_1_153' title='bbox 1475 1194 1500 1245; x_wconf 86' lang='lat' dir='ltr'><strong>et</strong></span> <span class='ocrx_word' id='word_1_154' title='bbox 1513 1191 1668 1257; x_wconf 79' lang='lat' dir='ltr'><strong>adundarc3</strong></span> <span class='ocrx_word' id='word_1_155' title='bbox 1687 1191 1784 1262; x_wconf 81' lang='lat' dir='ltr'><strong>ubique</strong></span> 
     </span>
     <span class='ocr_line' id='line_1_12' title="bbox 131 1284 1784 1361; baseline -0.002 -16"><span class='ocrx_word' id='word_1_156' title='bbox 131 1289 243 1346; x_wconf 92' lang='lat' dir='ltr'><strong>stitutus</strong></span> <span class='ocrx_word' id='word_1_157' title='bbox 265 1286 427 1361; x_wconf 90' lang='lat' dir='ltr'><strong>sterquilinii</strong></span> <span class='ocrx_word' id='word_1_158' title='bbox 446 1294 505 1343; x_wconf 89' lang='lat' dir='ltr'><strong>erat</strong></span> <span class='ocrx_word' id='word_1_159' title='bbox 524 1284 614 1343; x_wconf 90' lang='lat' dir='ltr'><strong>factus</strong></span> <span class='ocrx_word' id='word_1_160' title='bbox 637 1286 781 1357; x_wconf 86' lang='lat' dir='ltr'><strong>habitator,</strong></span> <span class='ocrx_word' id='word_1_161' title='bbox 807 1297 834 1345; x_wconf 89' lang='lat' dir='ltr'><strong>et</strong></span> <span class='ocrx_word' id='word_1_162' title='bbox 857 1286 930 1344; x_wconf 86' lang='lat' dir='ltr'><strong>velut</strong></span> <span class='ocrx_word' id='word_1_163' title='bbox 984 1292 1009 1342; x_wconf 85' lang='lat' dir='ltr'><strong>et</strong></span> <span class='ocrx_word' id='word_1_164' title='bbox 1021 1287 1180 1342; x_wconf 86' lang='lat' dir='ltr'><strong>inomnious</strong></span> <span class='ocrx_word' id='word_1_165' title='bbox 1192 1288 1333 1342; x_wconf 86' lang='lat' dir='ltr'><strong>institutus</strong></span> <span class='ocrx_word' id='word_1_166' title='bbox 1347 1300 1415 1349; x_wconf 89' lang='lat' dir='ltr'><strong>sum,</strong></span> <span class='ocrx_word' id='word_1_167' title='bbox 1429 1289 1455 1339; x_wconf 86' lang='lat' dir='ltr'><strong>at</strong></span> <span class='ocrx_word' id='word_1_168' title='bbox 1466 1285 1589 1340; x_wconf 84' lang='lat' dir='ltr'><strong>saturari</strong></span> <span class='ocrx_word' id='word_1_169' title='bbox 1597 1288 1623 1338; x_wconf 88' lang='lat' dir='ltr'><strong>et</strong></span> <span class='ocrx_word' id='word_1_170' title='bbox 1633 1287 1749 1348; x_wconf 85' lang='lat' dir='ltr'><strong>esurire,</strong></span> <span class='ocrx_word' id='word_1_171' title='bbox 1760 1292 1784 1341; x_wconf 86' lang='lat' dir='ltr'><strong>et</strong></span> 
     </span>
     <span class='ocr_line' id='line_1_13' title="bbox 129 1380 1784 1456; baseline -0.002 -19"><span class='ocrx_word' id='word_1_172' title='bbox 129 1381 239 1456; x_wconf 90' lang='lat' dir='ltr'><strong>quidam</strong></span> <span class='ocrx_word' id='word_1_173' title='bbox 252 1380 376 1453; x_wconf 88' lang='lat' dir='ltr'><strong>corporis</strong></span> <span class='ocrx_word' id='word_1_174' title='bbox 393 1381 435 1437; x_wconf 90' lang='lat' dir='ltr'><strong>sui</strong></span> <span class='ocrx_word' id='word_1_175' title='bbox 449 1382 643 1454; x_wconf 39' lang='lat' dir='ltr'><strong>severissimus,</strong></span> <span class='ocrx_word' id='word_1_176' title='bbox 652 1382 781 1450; x_wconf 80' lang='lat' dir='ltr'><strong>carnifex,</strong></span> <span class='ocrx_word' id='word_1_177' title='bbox 796 1391 866 1439; x_wconf 89' lang='lat' dir='ltr'><strong>testa</strong></span> <span class='ocrx_word' id='word_1_178' title='bbox 882 1397 928 1438; x_wconf 91' lang='lat' dir='ltr'><strong>ra·</strong></span> <span class='ocrx_word' id='word_1_179' title='bbox 983 1381 1122 1435; x_wconf 71' lang='lat' dir='ltr'><strong>abulmaro</strong></span> <span class='ocrx_word' id='word_1_180' title='bbox 1133 1385 1159 1434; x_wconf 89' lang='lat' dir='ltr'><strong>et</strong></span> <span class='ocrx_word' id='word_1_181' title='bbox 1170 1382 1312 1450; x_wconf 75' lang='lat' dir='ltr'><strong>penuriam</strong></span> <span class='ocrx_word' id='word_1_182' title='bbox 1325 1381 1404 1451; x_wconf 86' lang='lat' dir='ltr'><strong>pati;</strong></span> <span class='ocrx_word' id='word_1_183' title='bbox 1415 1380 1505 1434; x_wconf 91' lang='lat' dir='ltr'><strong>omnia</strong></span> <span class='ocrx_word' id='word_1_184' title='bbox 1513 1392 1626 1451; x_wconf 83' lang='lat' dir='ltr'><strong>possum</strong></span> <span class='ocrx_word' id='word_1_185' title='bbox 1646 1381 1678 1434; x_wconf 86' lang='lat' dir='ltr'><strong>in</strong></span> <span class='ocrx_word' id='word_1_186' title='bbox 1697 1394 1726 1434; x_wconf 84' lang='lat' dir='ltr'><strong>ao</strong></span> <span class='ocrx_word' id='word_1_187' title='bbox 1738 1381 1784 1453; x_wconf 83' lang='lat' dir='ltr'><strong>qui</strong></span> 
     </span>
     <span class='ocr_line' id='line_1_14' title="bbox 128 1466 1386 1548; baseline -0.004 -16"><span class='ocrx_word' id='word_1_188' title='bbox 128 1466 211 1532; x_wconf 86' lang='lat' dir='ltr'><strong>debat</strong></span> <span class='ocrx_word' id='word_1_189' title='bbox 233 1475 342 1530; x_wconf 86' lang='lat' dir='ltr'><strong>saniem</strong></span> <span class='ocrx_word' id='word_1_190' title='bbox 364 1473 562 1545; x_wconf 88' lang='lat' dir='ltr'><strong>profluentem,</strong></span> <span class='ocrx_word' id='word_1_191' title='bbox 587 1483 670 1548; x_wconf 90' lang='lat' dir='ltr'><strong>atque</strong></span> <span class='ocrx_word' id='word_1_192' title='bbox 694 1491 725 1531; x_wconf 90' lang='lat' dir='ltr'><strong>ex</strong></span> <span class='ocrx_word' id='word_1_193' title='bbox 751 1474 827 1531; x_wconf 93' lang='lat' dir='ltr'><strong>omni</strong></span> <span class='ocrx_word' id='word_1_194' title='bbox 855 1483 930 1548; x_wconf 85' lang='lat' dir='ltr'><strong>parte</strong></span> <span class='ocrx_word' id='word_1_195' title='bbox 983 1475 1315 1547; x_wconf 64' lang='lat' dir='ltr'><strong>mcoonfortotffbilipp.</strong></span> <span class='ocrx_word' id='word_1_196' title='bbox 1329 1474 1386 1545; x_wconf 90' lang='lat' dir='ltr'><strong>xv).</strong></span> 
     </span>
    </p>

    <p class='ocr_par' dir='ltr' id='par_1_3' title="bbox 129 1568 1482 1643">
     <span class='ocr_line' id='line_1_15' title="bbox 129 1568 1482 1643; baseline -0.001 -16"><span class='ocrx_word' id='word_1_197' title='bbox 129 1569 319 1628; x_wconf 87' lang='lat' dir='ltr'><strong>membrorum</strong></span> <span class='ocrx_word' id='word_1_198' title='bbox 336 1568 428 1641; x_wconf 81' lang='lat' dir='ltr'><strong>glebas</strong></span> <span class='ocrx_word' id='word_1_199' title='bbox 448 1569 593 1638; x_wconf 88' lang='lat' dir='ltr'><strong>vermium,</strong></span> <span class='ocrx_word' id='word_1_200' title='bbox 604 1569 696 1643; x_wconf 77' lang='lat' dir='ltr'><strong>digitis</strong></span> <span class='ocrx_word' id='word_1_201' title='bbox 715 1569 853 1627; x_wconf 88' lang='lat' dir='ltr'><strong>mersisiu</strong></span> <span class='ocrx_word' id='word_1_202' title='bbox 866 1584 928 1642; x_wconf 92' lang='lat' dir='ltr'><strong>pro·</strong></span> <span class='ocrx_word' id='word_1_203' title='bbox 1285 1577 1405 1635; x_wconf 74' lang='lat' dir='ltr'>CAPUT</span> <span class='ocrx_word' id='word_1_204' title='bbox 1431 1577 1482 1633; x_wconf 77' lang='lat' dir='ltr'><strong>x1,</strong></span> 
     </span>
    </p>

    <p class='ocr_par' dir='ltr' id='par_1_4' title="bbox 129 1661 1817 3897">
     <span class='ocr_line' id='line_1_16' title="bbox 129 1661 1751 1750; baseline -0.001 -30"><span class='ocrx_word' id='word_1_205' title='bbox 129 1663 214 1720; x_wconf 91' lang='lat' dir='ltr'><strong>funda</strong></span> <span class='ocrx_word' id='word_1_206' title='bbox 238 1664 393 1729; x_wconf 88' lang='lat' dir='ltr'><strong>vulnerum,</strong></span> <span class='ocrx_word' id='word_1_207' title='bbox 412 1661 581 1719; x_wconf 87' lang='lat' dir='ltr'><strong>detrahebat.</strong></span> <span class='ocrx_word' id='word_1_208' title='bbox 600 1664 634 1719; x_wconf 91' lang='lat' dir='ltr'><strong>ln</strong></span> <span class='ocrx_word' id='word_1_209' title='bbox 657 1662 756 1745; x_wconf 90' lang='lat' dir='ltr'><strong>quibus</strong></span> <span class='ocrx_word' id='word_1_210' title='bbox 778 1663 881 1721; x_wconf 73' lang='lat' dir='ltr'><strong>cuncus</strong></span> <span class='ocrx_word' id='word_1_211' title='bbox 901 1663 929 1719; x_wconf 91' lang='lat' dir='ltr'><strong>in</strong></span> <span class='ocrx_word' id='word_1_212' title='bbox 1019 1684 1056 1736; x_wconf 65' lang='lat' dir='ltr'><strong>pe</strong></span> <span class='ocrx_word' id='word_1_213' title='bbox 1068 1661 1172 1750; x_wconf 78' lang='lat' dir='ltr'><strong>duplici</strong></span> <span class='ocrx_word' id='word_1_214' title='bbox 1182 1693 1274 1748; x_wconf 52' lang='grc' dir='ltr'><strong>ΜΝ</strong></span> <span class='ocrx_word' id='word_1_215' title='bbox 1286 1679 1540 1747; x_wconf 45' lang='lat' dir='ltr'><strong>tentationumque„</strong></span> <span class='ocrx_word' id='word_1_216' title='bbox 1556 1676 1663 1748; x_wconf 47' lang='lat' dir='ltr'><strong>respires</strong></span> <span class='ocrx_word' id='word_1_217' title='bbox 1673 1677 1751 1734; x_wconf 65' lang='lat' dir='ltr'><strong>mro</strong></span> 
     </span>
     <span class='ocr_line' id='line_1_17' title="bbox 130 1751 1455 1831; baseline 0.002 -17"><span class='ocrx_word' id='word_1_218' title='bbox 130 1757 234 1814; x_wconf 92' lang='lat' dir='ltr'><strong>nullam</strong></span> <span class='ocrx_word' id='word_1_219' title='bbox 253 1754 424 1828; x_wconf 88' lang='lat' dir='ltr'><strong>desperando</strong></span> <span class='ocrx_word' id='word_1_220' title='bbox 441 1757 586 1831; x_wconf 89' lang='lat' dir='ltr'><strong>prolapsus</strong></span> <span class='ocrx_word' id='word_1_221' title='bbox 600 1765 642 1814; x_wconf 93' lang='lat' dir='ltr'><strong>est</strong></span> <span class='ocrx_word' id='word_1_222' title='bbox 660 1757 868 1831; x_wconf 77' lang='lat' dir='ltr'><strong>blasphemiam,</strong></span> <span class='ocrx_word' id='word_1_223' title='bbox 880 1773 931 1815; x_wconf 88' lang='lat' dir='ltr'><strong>nec</strong></span> <span class='ocrx_word' id='word_1_224' title='bbox 944 1763 969 1826; x_wconf 87' lang='grc' dir='ltr'><strong>Β</strong></span> <span class='ocrx_word' id='word_1_225' title='bbox 1286 1751 1455 1817; x_wconf 60' lang='lat' dir='ltr'><strong>inferuntur·</strong></span> 
     </span>
     <span class='ocr_line' id='line_1_18' title="bbox 130 1847 1802 1925; baseline -0.002 -17"><span class='ocrx_word' id='word_1_226' title='bbox 130 1851 928 1924; x_wconf 85' lang='lat' dir='ltr'><strong>adversusCreatoremsuumiualiquomurmuravit;quin·</strong></span> <span class='ocrx_word' id='word_1_227' title='bbox 1018 1851 1089 1925; x_wconf 77' lang='lat' dir='ltr'><strong>Ergo</strong></span> <span class='ocrx_word' id='word_1_228' title='bbox 1104 1849 1167 1907; x_wconf 89' lang='lat' dir='ltr'><strong>licet</strong></span> <span class='ocrx_word' id='word_1_229' title='bbox 1180 1849 1333 1907; x_wconf 86' lang='lat' dir='ltr'><strong>dixerimus</strong></span> <span class='ocrx_word' id='word_1_230' title='bbox 1353 1848 1513 1923; x_wconf 90' lang='lat' dir='ltr'><strong>bipartitam</strong></span> <span class='ocrx_word' id='word_1_231' title='bbox 1522 1863 1580 1905; x_wconf 90' lang='lat' dir='ltr'><strong>essa</strong></span> <span class='ocrx_word' id='word_1_232' title='bbox 1591 1847 1782 1918; x_wconf 72' lang='lat' dir='ltr'><strong>tantamnem,</strong></span> <span class='ocrx_word' id='word_1_233' title='bbox 1797 1895 1802 1904; x_wconf 94' lang='lat'>.</span> 
     </span>
     <span class='ocr_line' id='line_1_19' title="bbox 129 1943 1787 2020; baseline -0.002 -17"><span class='ocrx_word' id='word_1_234' title='bbox 129 1947 226 2015; x_wconf 88' lang='lat' dir='ltr'><strong>immo,</strong></span> <span class='ocrx_word' id='word_1_235' title='bbox 248 1960 421 2019; x_wconf 87' lang='lat' dir='ltr'><strong>nequaquam</strong></span> <span class='ocrx_word' id='word_1_236' title='bbox 435 1946 620 2004; x_wconf 88' lang='lat' dir='ltr'><strong>tentationum</strong></span> <span class='ocrx_word' id='word_1_237' title='bbox 640 1947 714 2005; x_wconf 87' lang='lat' dir='ltr'><strong>mole</strong></span> <span class='ocrx_word' id='word_1_238' title='bbox 732 1954 812 2019; x_wconf 90' lang='lat' dir='ltr'><strong>atque</strong></span> <span class='ocrx_word' id='word_1_239' title='bbox 825 1944 930 2002; x_wconf 91' lang='lat' dir='ltr'><strong>acerbi·</strong></span> <span class='ocrx_word' id='word_1_240' title='bbox 965 2012 969 2020; x_wconf 19' lang='grc' dir='ltr'>ἱ</span> <span class='ocrx_word' id='word_1_241' title='bbox 983 1945 1011 2002; x_wconf 90' lang='lat' dir='ltr'><strong>id</strong></span> <span class='ocrx_word' id='word_1_242' title='bbox 1024 1954 1076 2015; x_wconf 89' lang='lat' dir='ltr'><strong>est,</strong></span> <span class='ocrx_word' id='word_1_243' title='bbox 1086 1946 1115 2001; x_wconf 93' lang='lat' dir='ltr'><strong>in</strong></span> <span class='ocrx_word' id='word_1_244' title='bbox 1127 1946 1208 2003; x_wconf 88' lang='lat' dir='ltr'><strong>rebus</strong></span> <span class='ocrx_word' id='word_1_245' title='bbox 1221 1945 1271 2019; x_wconf 88' lang='lat' dir='ltr'><strong>vel</strong></span> <span class='ocrx_word' id='word_1_246' title='bbox 1281 1947 1417 2018; x_wconf 88' lang='lat' dir='ltr'><strong>prosperis</strong></span> <span class='ocrx_word' id='word_1_247' title='bbox 1431 1944 1472 2001; x_wconf 87' lang='lat' dir='ltr'><strong>vel</strong></span> <span class='ocrx_word' id='word_1_248' title='bbox 1488 1943 1615 2013; x_wconf 88' lang='lat' dir='ltr'><strong>adversis,</strong></span> <span class='ocrx_word' id='word_1_249' title='bbox 1637 1943 1787 2000; x_wconf 88' lang='lat' dir='ltr'><strong>sciendum</strong></span> 
     </span>
     <span class='ocr_line' id='line_1_20' title="bbox 129 2036 1786 2115; baseline -0.001 -18"><span class='ocrx_word' id='word_1_250' title='bbox 129 2048 185 2097; x_wconf 86' lang='lat' dir='ltr'><strong>tate</strong></span> <span class='ocrx_word' id='word_1_251' title='bbox 199 2040 373 2108; x_wconf 86' lang='lat' dir='ltr'><strong>conterritus,</strong></span> <span class='ocrx_word' id='word_1_252' title='bbox 385 2040 474 2113; x_wconf 91' lang='lat' dir='ltr'><strong>ipsum</strong></span> <span class='ocrx_word' id='word_1_253' title='bbox 488 2056 597 2115; x_wconf 89' lang='lat' dir='ltr'><strong>quoque</strong></span> <span class='ocrx_word' id='word_1_254' title='bbox 608 2040 682 2114; x_wconf 93' lang='lat' dir='ltr'><strong>quod</strong></span> <span class='ocrx_word' id='word_1_255' title='bbox 696 2057 730 2098; x_wconf 89' lang='lat' dir='ltr'><strong>ex</strong></span> <span class='ocrx_word' id='word_1_256' title='bbox 749 2040 826 2097; x_wconf 93' lang='lat' dir='ltr'><strong>omni</strong></span> <span class='ocrx_word' id='word_1_257' title='bbox 844 2039 931 2113; x_wconf 90' lang='lat' dir='ltr'><strong>pristi-</strong></span> <span class='ocrx_word' id='word_1_258' title='bbox 985 2048 1027 2095; x_wconf 90' lang='lat' dir='ltr'><strong>est</strong></span> <span class='ocrx_word' id='word_1_259' title='bbox 1038 2047 1130 2096; x_wconf 88' lang='lat' dir='ltr'><strong>tamen</strong></span> <span class='ocrx_word' id='word_1_260' title='bbox 1141 2055 1238 2096; x_wconf 90' lang='lat' dir='ltr'><strong>omues</strong></span> <span class='ocrx_word' id='word_1_261' title='bbox 1251 2038 1377 2095; x_wconf 87' lang='lat' dir='ltr'><strong>homines</strong></span> <span class='ocrx_word' id='word_1_262' title='bbox 1399 2037 1496 2110; x_wconf 90' lang='lat' dir='ltr'><strong>triplici</strong></span> <span class='ocrx_word' id='word_1_263' title='bbox 1523 2036 1627 2094; x_wconf 75' lang='lat' dir='ltr'><strong>ratitum</strong></span> <span class='ocrx_word' id='word_1_264' title='bbox 1648 2037 1752 2094; x_wconf 87' lang='lat' dir='ltr'><strong>tentari</strong></span> <span class='ocrx_word' id='word_1_265' title='bbox 1762 2047 1786 2095; x_wconf 85' lang='lat'><strong>⁸.</strong></span> 
     </span>
     <span class='ocr_line' id='line_1_21' title="bbox 130 2130 1789 2207; baseline -0.001 -17"><span class='ocrx_word' id='word_1_266' title='bbox 130 2150 166 2191; x_wconf 92' lang='lat' dir='ltr'><strong>na</strong></span> <span class='ocrx_word' id='word_1_267' title='bbox 190 2133 315 2190; x_wconf 90' lang='lat' dir='ltr'><strong>facultate</strong></span> <span class='ocrx_word' id='word_1_268' title='bbox 341 2149 391 2190; x_wconf 94' lang='lat' dir='ltr'><strong>suo</strong></span> <span class='ocrx_word' id='word_1_269' title='bbox 410 2134 519 2207; x_wconf 84' lang='lat' dir='ltr'><strong>corpori</strong></span> <span class='ocrx_word' id='word_1_270' title='bbox 535 2134 706 2206; x_wconf 80' lang='lat' dir='ltr'><strong>superfuerat</strong></span> <span class='ocrx_word' id='word_1_271' title='bbox 724 2135 930 2202; x_wconf 89' lang='lat' dir='ltr'><strong>indumentum,</strong></span> <span class='ocrx_word' id='word_1_272' title='bbox 986 2134 1148 2206; x_wconf 86' lang='lat' dir='ltr'><strong>Plerumque</strong></span> <span class='ocrx_word' id='word_1_273' title='bbox 1160 2133 1195 2190; x_wconf 90' lang='lat' dir='ltr'><strong>ob</strong></span> <span class='ocrx_word' id='word_1_274' title='bbox 1208 2133 1410 2205; x_wconf 91' lang='lat' dir='ltr'><strong>probationem,</strong></span> <span class='ocrx_word' id='word_1_275' title='bbox 1424 2146 1634 2204; x_wconf 85' lang='lat' dir='ltr'><strong>nonnumquam</strong></span> <span class='ocrx_word' id='word_1_276' title='bbox 1645 2130 1683 2188; x_wconf 94' lang='lat' dir='ltr'><strong>ob</strong></span> <span class='ocrx_word' id='word_1_277' title='bbox 1697 2147 1789 2188; x_wconf 87' lang='lat' dir='ltr'><strong>emen·</strong></span> 
     </span>
     <span class='ocr_line' id='line_1_22' title="bbox 132 2225 1789 2299; baseline 0.001 -17"><span class='ocrx_word' id='word_1_278' title='bbox 132 2225 263 2298; x_wconf 87' lang='lat' dir='ltr'><strong>quodque</strong></span> <span class='ocrx_word' id='word_1_279' title='bbox 275 2227 376 2294; x_wconf 90' lang='lat' dir='ltr'><strong>solum,</strong></span> <span class='ocrx_word' id='word_1_280' title='bbox 391 2227 455 2299; x_wconf 89' lang='lat' dir='ltr'><strong>quia</strong></span> <span class='ocrx_word' id='word_1_281' title='bbox 471 2228 530 2299; x_wconf 93' lang='lat' dir='ltr'><strong>ipso</strong></span> <span class='ocrx_word' id='word_1_282' title='bbox 545 2227 718 2295; x_wconf 81' lang='lat' dir='ltr'><strong>vestiebatur,</strong></span> <span class='ocrx_word' id='word_1_283' title='bbox 732 2243 748 2282; x_wconf 89' lang='lat' dir='ltr'><strong>a</strong></span> <span class='ocrx_word' id='word_1_284' title='bbox 762 2226 863 2284; x_wconf 91' lang='lat' dir='ltr'><strong>diaboli</strong></span> <span class='ocrx_word' id='word_1_285' title='bbox 881 2242 931 2299; x_wconf 92' lang='lat' dir='ltr'><strong>po·</strong></span> <span class='ocrx_word' id='word_1_286' title='bbox 985 2226 1135 2294; x_wconf 91' lang='lat' dir='ltr'><strong>dationem,</strong></span> <span class='ocrx_word' id='word_1_287' title='bbox 1155 2226 1294 2284; x_wconf 89' lang='lat' dir='ltr'><strong>interdum</strong></span> <span class='ocrx_word' id='word_1_288' title='bbox 1320 2227 1355 2283; x_wconf 92' lang='lat' dir='ltr'><strong>ob</strong></span> <span class='ocrx_word' id='word_1_289' title='bbox 1381 2227 1478 2283; x_wconf 90' lang='lat' dir='ltr'><strong>merita</strong></span> <span class='ocrx_word' id='word_1_290' title='bbox 1500 2225 1680 2283; x_wconf 89' lang='lat' dir='ltr'><strong>delictomm.</strong></span> <span class='ocrx_word' id='word_1_291' title='bbox 1701 2228 1736 2282; x_wconf 83' lang='lat' dir='ltr'><strong>Et</strong></span> <span class='ocrx_word' id='word_1_292' title='bbox 1753 2225 1789 2283; x_wconf 92' lang='lat' dir='ltr'><strong>ob</strong></span> 
     </span>
     <span class='ocr_line' id='line_1_23' title="bbox 131 2319 1790 2394; baseline 0.002 -19"><span class='ocrx_word' id='word_1_293' title='bbox 131 2328 221 2376; x_wconf 91' lang='lat' dir='ltr'><strong>tuerat</strong></span> <span class='ocrx_word' id='word_1_294' title='bbox 234 2321 385 2376; x_wconf 88' lang='lat' dir='ltr'><strong>vastatione</strong></span> <span class='ocrx_word' id='word_1_295' title='bbox 394 2319 501 2388; x_wconf 88' lang='lat' dir='ltr'><strong>salvari,</strong></span> <span class='ocrx_word' id='word_1_296' title='bbox 515 2319 671 2376; x_wconf 88' lang='lat' dir='ltr'><strong>rescindens</strong></span> <span class='ocrx_word' id='word_1_297' title='bbox 692 2328 774 2392; x_wconf 87' lang='lat' dir='ltr'><strong>atque</strong></span> <span class='ocrx_word' id='word_1_298' title='bbox 788 2319 930 2391; x_wconf 88' lang='lat' dir='ltr'><strong>abjiciens,</strong></span> <span class='ocrx_word' id='word_1_299' title='bbox 985 2321 1173 2394; x_wconf 89' lang='lat' dir='ltr'><strong>probationem</strong></span> <span class='ocrx_word' id='word_1_300' title='bbox 1185 2322 1296 2393; x_wconf 87' lang='lat' dir='ltr'><strong>quidem</strong></span> <span class='ocrx_word' id='word_1_301' title='bbox 1309 2321 1419 2377; x_wconf 91' lang='lat' dir='ltr'><strong>beatum</strong></span> <span class='ocrx_word' id='word_1_302' title='bbox 1432 2320 1586 2390; x_wconf 80' lang='lat' dir='ltr'><strong>Abrabam,</strong></span> <span class='ocrx_word' id='word_1_303' title='bbox 1601 2330 1633 2377; x_wconf 94' lang='lat' dir='ltr'><strong>ut</strong></span> <span class='ocrx_word' id='word_1_304' title='bbox 1642 2320 1708 2389; x_wconf 87' lang='lat' dir='ltr'><strong>Job,</strong></span> <span class='ocrx_word' id='word_1_305' title='bbox 1718 2322 1790 2378; x_wconf 91' lang='lat' dir='ltr'><strong>mul·</strong></span> 
     </span>
     <span class='ocr_line' id='line_1_24' title="bbox 132 2413 1790 2488; baseline 0 -18"><span class='ocrx_word' id='word_1_306' title='bbox 132 2414 320 2487; x_wconf 85' lang='lat' dir='ltr'><strong>adjecitsuper</strong></span> <span class='ocrx_word' id='word_1_307' title='bbox 337 2413 412 2470; x_wconf 89' lang='lat' dir='ltr'><strong>illam</strong></span> <span class='ocrx_word' id='word_1_308' title='bbox 429 2430 512 2487; x_wconf 91' lang='lat' dir='ltr'><strong>quam</strong></span> <span class='ocrx_word' id='word_1_309' title='bbox 526 2414 689 2471; x_wconf 89' lang='lat' dir='ltr'><strong>durissimus</strong></span> <span class='ocrx_word' id='word_1_310' title='bbox 703 2417 787 2486; x_wconf 81' lang='lat' dir='ltr'><strong>[lips.</strong></span> <span class='ocrx_word' id='word_1_311' title='bbox 804 2417 929 2483; x_wconf 83' lang='lat' dir='ltr'><strong>inmarq.</strong></span> <span class='ocrx_word' id='word_1_312' title='bbox 982 2413 1080 2488; x_wconf 87' lang='lat' dir='ltr'><strong>tosque</strong></span> <span class='ocrx_word' id='word_1_313' title='bbox 1101 2423 1261 2471; x_wconf 91' lang='lat' dir='ltr'><strong>sanctorum</strong></span> <span class='ocrx_word' id='word_1_314' title='bbox 1282 2413 1474 2470; x_wconf 90' lang='lat' dir='ltr'><strong>tribulationes</strong></span> <span class='ocrx_word' id='word_1_315' title='bbox 1494 2414 1656 2470; x_wconf 90' lang='lat' dir='ltr'><strong>innumeras</strong></span> <span class='ocrx_word' id='word_1_316' title='bbox 1674 2413 1790 2488; x_wconf 79' lang='lat' dir='ltr'><strong>legimus</strong></span> 
     </span>
     <span class='ocr_line' id='line_1_25' title="bbox 131 2506 1792 2582; baseline 0.001 -18"><span class='ocrx_word' id='word_1_317' title='bbox 131 2507 299 2579; x_wconf 88' lang='lat' dir='ltr'><strong>dirissimus]</strong></span> <span class='ocrx_word' id='word_1_318' title='bbox 316 2506 407 2578; x_wconf 86' lang='lat' dir='ltr'><strong>praedo</strong></span> <span class='ocrx_word' id='word_1_319' title='bbox 426 2507 555 2564; x_wconf 89' lang='lat' dir='ltr'><strong>intulerat</strong></span> <span class='ocrx_word' id='word_1_320' title='bbox 568 2515 748 2580; x_wconf 88' lang='lat' dir='ltr'><strong>spontaneam</strong></span> <span class='ocrx_word' id='word_1_321' title='bbox 765 2507 929 2564; x_wconf 86' lang='lat' dir='ltr'><strong>nuditatem.</strong></span> <span class='ocrx_word' id='word_1_322' title='bbox 984 2508 1139 2582; x_wconf 72' lang='lat' dir='ltr'><strong>pertulisse,</strong></span> <span class='ocrx_word' id='word_1_323' title='bbox 1153 2508 1193 2564; x_wconf 90' lang='lat' dir='ltr'><strong>vel</strong></span> <span class='ocrx_word' id='word_1_324' title='bbox 1212 2507 1279 2564; x_wconf 95' lang='lat' dir='ltr'><strong>illud</strong></span> <span class='ocrx_word' id='word_1_325' title='bbox 1300 2507 1373 2581; x_wconf 93' lang='lat' dir='ltr'><strong>quod</strong></span> <span class='ocrx_word' id='word_1_326' title='bbox 1394 2508 1421 2563; x_wconf 92' lang='lat' dir='ltr'><strong>in</strong></span> <span class='ocrx_word' id='word_1_327' title='bbox 1450 2510 1671 2565; x_wconf 85' lang='lat' dir='ltr'><strong>Deuteronomio</strong></span> <span class='ocrx_word' id='word_1_328' title='bbox 1691 2508 1792 2566; x_wconf 90' lang='lat' dir='ltr'><strong>dicitur</strong></span> 
     </span>
     <span class='ocr_line' id='line_1_26' title="bbox 132 2600 1791 2676; baseline 0.001 -17"><span class='ocrx_word' id='word_1_329' title='bbox 132 2603 248 2659; x_wconf 77' lang='lat' dir='ltr'><strong>Comum</strong></span> <span class='ocrx_word' id='word_1_330' title='bbox 265 2616 375 2674; x_wconf 93' lang='lat' dir='ltr'><strong>quoque</strong></span> <span class='ocrx_word' id='word_1_331' title='bbox 390 2602 499 2674; x_wconf 88' lang='lat' dir='ltr'><strong>capitis,</strong></span> <span class='ocrx_word' id='word_1_332' title='bbox 514 2616 576 2674; x_wconf 77' lang='lat' dir='ltr'><strong>quas</strong></span> <span class='ocrx_word' id='word_1_333' title='bbox 595 2602 653 2659; x_wconf 90' lang='lat' dir='ltr'><strong>sola</strong></span> <span class='ocrx_word' id='word_1_334' title='bbox 665 2601 700 2659; x_wconf 89' lang='lat' dir='ltr'><strong>dc</strong></span> <span class='ocrx_word' id='word_1_335' title='bbox 722 2600 821 2675; x_wconf 89' lang='lat' dir='ltr'><strong>prioris</strong></span> <span class='ocrx_word' id='word_1_336' title='bbox 836 2600 931 2675; x_wconf 78' lang='lat' dir='ltr'><strong>gloria</strong></span> <span class='ocrx_word' id='word_1_337' title='bbox 984 2603 1019 2660; x_wconf 92' lang='lat' dir='ltr'><strong>ad</strong></span> <span class='ocrx_word' id='word_1_338' title='bbox 1026 2602 1158 2676; x_wconf 91' lang='lat' dir='ltr'><strong>populum</strong></span> <span class='ocrx_word' id='word_1_339' title='bbox 1168 2602 1575 2674; x_wconf 84' lang='lat' dir='ltr'><strong>pcrllloysen,Etreaordaberis</strong></span> <span class='ocrx_word' id='word_1_340' title='bbox 1584 2606 1676 2658; x_wconf 69' lang='lat' dir='ltr'><strong>cunni</strong></span> <span class='ocrx_word' id='word_1_341' title='bbox 1684 2605 1791 2663; x_wconf 82' lang='lat' dir='ltr'><strong>itineris</strong></span> 
     </span>
     <span class='ocr_line' id='line_1_27' title="bbox 132 2693 1817 2776; baseline -0.001 -22"><span class='ocrx_word' id='word_1_342' title='bbox 132 2697 252 2770; x_wconf 91' lang='lat' dir='ltr'><strong>reliquiis</strong></span> <span class='ocrx_word' id='word_1_343' title='bbox 276 2696 377 2754; x_wconf 88' lang='lat' dir='ltr'><strong>intacta</strong></span> <span class='ocrx_word' id='word_1_344' title='bbox 400 2704 579 2765; x_wconf 81' lang='lat' dir='ltr'><strong>remanserat,</strong></span> <span class='ocrx_word' id='word_1_345' title='bbox 596 2696 718 2754; x_wconf 79' lang='lat' dir='ltr'><strong>vexatori</strong></span> <span class='ocrx_word' id='word_1_346' title='bbox 741 2711 793 2752; x_wconf 90' lang='lat' dir='ltr'><strong>suo</strong></span> <span class='ocrx_word' id='word_1_347' title='bbox 818 2693 933 2768; x_wconf 90' lang='lat' dir='ltr'><strong>projecit</strong></span> <span class='ocrx_word' id='word_1_348' title='bbox 986 2697 1209 2771; x_wconf 74' lang='lat' dir='ltr'><strong>illiusperquod</strong></span> <span class='ocrx_word' id='word_1_349' title='bbox 1221 2697 1342 2752; x_wconf 78' lang='lat' dir='ltr'><strong>adduco</strong></span> <span class='ocrx_word' id='word_1_350' title='bbox 1355 2699 1667 2753; x_wconf 81' lang='lat' dir='ltr'><strong>tollaminuslleustuus</strong></span> <span class='ocrx_word' id='word_1_351' title='bbox 1675 2698 1792 2770; x_wconf 83' lang='lat' dir='ltr'><strong>quadro·</strong></span> <span class='ocrx_word' id='word_1_352' title='bbox 1806 2732 1817 2776; x_wconf 84' lang='lat'><strong>.·</strong></span> 
     </span>
     <span class='ocr_line' id='line_1_28' title="bbox 132 2787 1790 2875; baseline -0.001 -26"><span class='ocrx_word' id='word_1_353' title='bbox 132 2793 275 2861; x_wconf 83' lang='lat' dir='ltr'><strong>abcissum,</strong></span> <span class='ocrx_word' id='word_1_354' title='bbox 301 2802 328 2849; x_wconf 92' lang='lat' dir='ltr'><strong>et</strong></span> <span class='ocrx_word' id='word_1_355' title='bbox 350 2801 495 2863; x_wconf 88' lang='lat' dir='ltr'><strong>amputans</strong></span> <span class='ocrx_word' id='word_1_356' title='bbox 511 2790 630 2848; x_wconf 87' lang='lat' dir='ltr'><strong>etiamid</strong></span> <span class='ocrx_word' id='word_1_357' title='bbox 642 2790 717 2863; x_wconf 91' lang='lat' dir='ltr'><strong>quod</strong></span> <span class='ocrx_word' id='word_1_358' title='bbox 735 2789 847 2846; x_wconf 75' lang='lat' dir='ltr'><strong>radens</strong></span> <span class='ocrx_word' id='word_1_359' title='bbox 871 2787 933 2843; x_wconf 92' lang='lat' dir='ltr'><strong>reli·</strong></span> <span class='ocrx_word' id='word_1_360' title='bbox 973 2789 1656 2875; x_wconf 39' lang='lat' dir='ltr'><strong>&#39;pintaamispardesertummtamiqeretteatque</strong></span> <span class='ocrx_word' id='word_1_361' title='bbox 1664 2795 1790 2856; x_wconf 71' lang='lat' dir='ltr'><strong>mutaret,</strong></span> 
     </span>
     <span class='ocr_line' id='line_1_29' title="bbox 133 2880 1789 2958; baseline 0.001 -17"><span class='ocrx_word' id='word_1_362' title='bbox 133 2894 230 2958; x_wconf 91' lang='lat' dir='ltr'><strong>querat</strong></span> <span class='ocrx_word' id='word_1_363' title='bbox 248 2884 448 2953; x_wconf 88' lang='lat' dir='ltr'><strong>inimicus,&#39;illa</strong></span> <span class='ocrx_word' id='word_1_364' title='bbox 462 2885 566 2941; x_wconf 86' lang='lat' dir='ltr'><strong>coelesti</strong></span> <span class='ocrx_word' id='word_1_365' title='bbox 580 2881 711 2939; x_wconf 85' lang='lat' dir='ltr'><strong>adversus</strong></span> <span class='ocrx_word' id='word_1_366' title='bbox 731 2898 795 2938; x_wconf 89' lang='lat' dir='ltr'><strong>eum</strong></span> <span class='ocrx_word' id='word_1_367' title='bbox 806 2895 874 2936; x_wconf 88' lang='lat' dir='ltr'><strong>voce</strong></span> <span class='ocrx_word' id='word_1_368' title='bbox 885 2880 931 2936; x_wconf 90' lang='lat' dir='ltr'><strong>tri·</strong></span> <span class='ocrx_word' id='word_1_369' title='bbox 985 2887 1010 2938; x_wconf 86' lang='lat' dir='ltr'><strong>at</strong></span> <span class='ocrx_word' id='word_1_370' title='bbox 1021 2888 1084 2938; x_wconf 87' lang='lat' dir='ltr'><strong>nota</strong></span> <span class='ocrx_word' id='word_1_371' title='bbox 1096 2884 1190 2952; x_wconf 66' lang='lat' dir='ltr'><strong>iamt</strong></span> <span class='ocrx_word' id='word_1_372' title='bbox 1210 2899 1270 2952; x_wconf 84' lang='lat' dir='ltr'><strong>qua</strong></span> <span class='ocrx_word' id='word_1_373' title='bbox 1280 2885 1309 2937; x_wconf 89' lang='lat' dir='ltr'><strong>in</strong></span> <span class='ocrx_word' id='word_1_374' title='bbox 1328 2887 1373 2938; x_wconf 87' lang='lat' dir='ltr'><strong>tuo</strong></span> <span class='ocrx_word' id='word_1_375' title='bbox 1382 2886 1471 2938; x_wconf 88' lang='lat' dir='ltr'><strong>animo</strong></span> <span class='ocrx_word' id='word_1_376' title='bbox 1490 2886 1789 2956; x_wconf 55' lang='lat' dir='ltr'><strong>saresberiensem</strong></span> 
     </span>
     <span class='ocr_line' id='line_1_30' title="bbox 132 2976 1791 3050; baseline 0.001 -15"><span class='ocrx_word' id='word_1_377' title='bbox 132 2979 228 3050; x_wconf 89' lang='lat' dir='ltr'><strong>pudiat</strong></span> <span class='ocrx_word' id='word_1_378' title='bbox 238 2987 265 3034; x_wconf 90' lang='lat' dir='ltr'><strong>et</strong></span> <span class='ocrx_word' id='word_1_379' title='bbox 277 2979 389 3034; x_wconf 90' lang='lat' dir='ltr'><strong>insultat</strong></span> <span class='ocrx_word' id='word_1_380' title='bbox 408 2981 461 3034; x_wconf 82' lang='lat' dir='ltr'><strong>:si</strong></span> <span class='ocrx_word' id='word_1_381' title='bbox 475 2980 542 3032; x_wconf 81' lang='lat' dir='ltr'><strong>bara</strong></span> <span class='ocrx_word' id='word_1_382' title='bbox 561 2979 723 3048; x_wconf 82' lang='lat' dir='ltr'><strong>suscepimus</strong></span> <span class='ocrx_word' id='word_1_383' title='bbox 739 2976 773 3030; x_wconf 85' lang='lat' dir='ltr'><strong>de</strong></span> <span class='ocrx_word' id='word_1_384' title='bbox 785 2990 868 3029; x_wconf 89' lang='lat' dir='ltr'><strong>manu</strong></span> <span class='ocrx_word' id='word_1_385' title='bbox 882 2976 932 3028; x_wconf 81' lang='lat' dir='ltr'><strong>Do</strong></span> <span class='ocrx_word' id='word_1_386' title='bbox 984 2976 1791 3049; x_wconf 74' lang='lat' dir='ltr'><strong>cristodiresmaadotailiiusmnnon(beuter.vttr).Etillud</strong></span> 
     </span>
     <span class='ocr_line' id='line_1_31' title="bbox 131 3068 1791 3144; baseline 0.002 -17"><span class='ocrx_word' id='word_1_387' title='bbox 131 3074 210 3133; x_wconf 82' lang='lat' dir='ltr'><strong>mini,</strong></span> <span class='ocrx_word' id='word_1_388' title='bbox 233 3072 306 3125; x_wconf 90' lang='lat' dir='ltr'><strong>malo</strong></span> <span class='ocrx_word' id='word_1_389' title='bbox 326 3087 374 3125; x_wconf 87' lang='lat' dir='ltr'><strong>cur</strong></span> <span class='ocrx_word' id='word_1_390' title='bbox 388 3086 441 3125; x_wconf 89' lang='lat' dir='ltr'><strong>non</strong></span> <span class='ocrx_word' id='word_1_391' title='bbox 458 3070 668 3125; x_wconf 68' lang='lat' dir='ltr'><strong>sucumbimus?</strong></span> <span class='ocrx_word' id='word_1_392' title='bbox 693 3070 788 3127; x_wconf 84' lang='lat' dir='ltr'><strong>Nudus</strong></span> <span class='ocrx_word' id='word_1_393' title='bbox 811 3083 931 3139; x_wconf 81' lang='lat' dir='ltr'><strong>opressus</strong></span> <span class='ocrx_word' id='word_1_394' title='bbox 984 3068 1098 3141; x_wconf 89' lang='lat' dir='ltr'><strong>quadiu</strong></span> <span class='ocrx_word' id='word_1_395' title='bbox 1110 3068 1215 3142; x_wconf 94' lang='lat' dir='ltr'><strong>psalmo</strong></span> <span class='ocrx_word' id='word_1_396' title='bbox 1228 3069 1328 3127; x_wconf 89' lang='lat' dir='ltr'><strong>dicitur</strong></span> <span class='ocrx_word' id='word_1_397' title='bbox 1342 3090 1348 3125; x_wconf 74' lang='grc' dir='ltr'><strong>ι</strong></span> <span class='ocrx_word' id='word_1_398' title='bbox 1364 3073 1480 3127; x_wconf 85' lang='lat' dir='ltr'><strong>Probaoi</strong></span> <span class='ocrx_word' id='word_1_399' title='bbox 1495 3073 1606 3142; x_wconf 85' lang='lat' dir='ltr'><strong>tcapud</strong></span> <span class='ocrx_word' id='word_1_400' title='bbox 1618 3089 1791 3144; x_wconf 78' lang='lat' dir='ltr'><strong>oqrrmnoon-</strong></span> 
     </span>
     <span class='ocr_line' id='line_1_32' title="bbox 131 3142 1792 3247; baseline 0.004 -30"><span class='ocrx_word' id='word_1_401' title='bbox 131 3178 191 3217; x_wconf 87' lang='lat' dir='ltr'><strong>sum</strong></span> <span class='ocrx_word' id='word_1_402' title='bbox 203 3162 236 3216; x_wconf 84' lang='lat' dir='ltr'><strong>de</strong></span> <span class='ocrx_word' id='word_1_403' title='bbox 245 3168 320 3217; x_wconf 87' lang='lat' dir='ltr'><strong>utero</strong></span> <span class='ocrx_word' id='word_1_404' title='bbox 332 3165 428 3216; x_wconf 86' lang='lat' dir='ltr'><strong>matris</strong></span> <span class='ocrx_word' id='word_1_405' title='bbox 437 3177 512 3232; x_wconf 86' lang='lat' dir='ltr'><strong>maa,</strong></span> <span class='ocrx_word' id='word_1_406' title='bbox 521 3162 611 3217; x_wconf 86' lang='lat' dir='ltr'><strong>nudas</strong></span> <span class='ocrx_word' id='word_1_407' title='bbox 620 3168 741 3220; x_wconf 85' lang='lat' dir='ltr'><strong>reuertar</strong></span> <span class='ocrx_word' id='word_1_408' title='bbox 752 3165 826 3220; x_wconf 80' lang='lat' dir='ltr'><strong>illuc.</strong></span> <span class='ocrx_word' id='word_1_409' title='bbox 839 3164 932 3221; x_wconf 86' lang='lat' dir='ltr'><strong>Domi-</strong></span> <span class='ocrx_word' id='word_1_410' title='bbox 945 3142 969 3209; x_wconf 65' lang='lat' dir='ltr'>C</span> <span class='ocrx_word' id='word_1_411' title='bbox 985 3165 1154 3221; x_wconf 83' lang='lat' dir='ltr'><strong>trodictronis</strong></span> <span class='ocrx_word' id='word_1_412' title='bbox 1166 3165 1251 3236; x_wconf 86' lang='lat' dir='ltr'><strong>(Psoi.</strong></span> <span class='ocrx_word' id='word_1_413' title='bbox 1264 3163 1371 3236; x_wconf 78' lang='lat' dir='ltr'><strong>cxxx).</strong></span> <span class='ocrx_word' id='word_1_414' title='bbox 1383 3165 1427 3247; x_wconf 79' lang='lat' dir='ltr'><strong>Ad</strong></span> <span class='ocrx_word' id='word_1_415' title='bbox 1440 3165 1495 3222; x_wconf 90' lang='lat' dir='ltr'><strong>Job</strong></span> <span class='ocrx_word' id='word_1_416' title='bbox 1503 3180 1614 3237; x_wconf 90' lang='lat' dir='ltr'><strong>quoque</strong></span> <span class='ocrx_word' id='word_1_417' title='bbox 1630 3187 1637 3222; x_wconf 94' lang='lat'>:</span> <span class='ocrx_word' id='word_1_418' title='bbox 1654 3169 1699 3223; x_wconf 80' lang='lat' dir='ltr'><strong>An</strong></span> <span class='ocrx_word' id='word_1_419' title='bbox 1709 3173 1792 3240; x_wconf 77' lang='lat' dir='ltr'><strong>putas</strong></span> 
     </span>
     <span class='ocr_line' id='line_1_33' title="bbox 132 3254 1792 3331; baseline 0.002 -17"><span class='ocrx_word' id='word_1_420' title='bbox 132 3272 183 3314; x_wconf 87' lang='lat' dir='ltr'><strong>nus</strong></span> <span class='ocrx_word' id='word_1_421' title='bbox 194 3255 278 3311; x_wconf 84' lang='lat' dir='ltr'><strong>dedit.</strong></span> <span class='ocrx_word' id='word_1_422' title='bbox 290 3257 419 3311; x_wconf 83' lang='lat' dir='ltr'><strong>Dominus</strong></span> <span class='ocrx_word' id='word_1_423' title='bbox 431 3254 554 3324; x_wconf 80' lang='lat' dir='ltr'><strong>carmin,</strong></span> <span class='ocrx_word' id='word_1_424' title='bbox 563 3257 693 3327; x_wconf 88' lang='lat' dir='ltr'><strong>quomodo</strong></span> <span class='ocrx_word' id='word_1_425' title='bbox 704 3261 815 3314; x_wconf 82' lang='lat' dir='ltr'><strong>Dmnino</strong></span> <span class='ocrx_word' id='word_1_426' title='bbox 823 3261 932 3331; x_wconf 78' lang='lat' dir='ltr'><strong>placarit</strong></span> <span class='ocrx_word' id='word_1_427' title='bbox 985 3275 1027 3315; x_wconf 89' lang='lat' dir='ltr'><strong>me</strong></span> <span class='ocrx_word' id='word_1_428' title='bbox 1038 3259 1089 3314; x_wconf 84' lang='lat' dir='ltr'><strong>tibi</strong></span> <span class='ocrx_word' id='word_1_429' title='bbox 1099 3259 1180 3314; x_wconf 80' lang='lat' dir='ltr'><strong>aliter</strong></span> <span class='ocrx_word' id='word_1_430' title='bbox 1194 3259 1319 3322; x_wconf 83' lang='lat' dir='ltr'><strong>locutum,</strong></span> <span class='ocrx_word' id='word_1_431' title='bbox 1335 3275 1415 3329; x_wconf 88' lang='lat' dir='ltr'><strong>qnam</strong></span> <span class='ocrx_word' id='word_1_432' title='bbox 1424 3264 1456 3313; x_wconf 91' lang='lat' dir='ltr'><strong>ut</strong></span> <span class='ocrx_word' id='word_1_433' title='bbox 1469 3275 1616 3329; x_wconf 85' lang='lat' dir='ltr'><strong>appareres</strong></span> <span class='ocrx_word' id='word_1_434' title='bbox 1622 3260 1739 3329; x_wconf 73' lang='lat' dir='ltr'><strong>justus?</strong></span> <span class='ocrx_word' id='word_1_435' title='bbox 1749 3259 1792 3318; x_wconf 90' lang='lat' dir='ltr'><strong>Ob</strong></span> 
     </span>
     <span class='ocr_line' id='line_1_34' title="bbox 132 3351 1792 3428; baseline 0.002 -21"><span class='ocrx_word' id='word_1_436' title='bbox 132 3353 500 3419; x_wconf 68' lang='lat' dir='ltr'><strong>sicfactamestmitnomen</strong></span> <span class='ocrx_word' id='word_1_437' title='bbox 513 3354 621 3408; x_wconf 78' lang='lat' dir='ltr'><strong>bonini</strong></span> <span class='ocrx_word' id='word_1_438' title='bbox 631 3352 928 3428; x_wconf 72' lang='lat' dir='ltr'><strong>arimannorum).</strong></span> <span class='ocrx_word' id='word_1_439' title='bbox 986 3352 1204 3410; x_wconf 87' lang='lat' dir='ltr'><strong>emendationem</strong></span> <span class='ocrx_word' id='word_1_440' title='bbox 1228 3366 1303 3421; x_wconf 82' lang='lat' dir='ltr'><strong>sero,</strong></span> <span class='ocrx_word' id='word_1_441' title='bbox 1328 3367 1393 3408; x_wconf 91' lang='lat' dir='ltr'><strong>cum</strong></span> <span class='ocrx_word' id='word_1_442' title='bbox 1417 3351 1509 3423; x_wconf 86' lang='lat' dir='ltr'><strong>justos</strong></span> <span class='ocrx_word' id='word_1_443' title='bbox 1532 3367 1599 3408; x_wconf 87' lang='lat' dir='ltr'><strong>suos</strong></span> <span class='ocrx_word' id='word_1_444' title='bbox 1622 3367 1675 3424; x_wconf 88' lang='lat' dir='ltr'><strong>pro</strong></span> <span class='ocrx_word' id='word_1_445' title='bbox 1701 3352 1792 3426; x_wconf 82' lang='lat' dir='ltr'><strong>parm</strong></span> 
     </span>
     <span class='ocr_line' id='line_1_35' title="bbox 133 3444 1792 3523; baseline 0 -19"><span class='ocrx_word' id='word_1_446' title='bbox 133 3445 346 3504; x_wconf 72' lang='lat' dir='ltr'><strong>ambidextrum</strong></span> <span class='ocrx_word' id='word_1_447' title='bbox 358 3445 455 3503; x_wconf 77' lang='lat' dir='ltr'><strong>mento</strong></span> <span class='ocrx_word' id='word_1_448' title='bbox 468 3445 584 3502; x_wconf 90' lang='lat' dir='ltr'><strong>dixerim</strong></span> <span class='ocrx_word' id='word_1_449' title='bbox 597 3454 625 3503; x_wconf 90' lang='lat' dir='ltr'><strong>et</strong></span> <span class='ocrx_word' id='word_1_450' title='bbox 638 3447 741 3520; x_wconf 80' lang='lat' dir='ltr'><strong>loseph</strong></span> <span class='ocrx_word' id='word_1_451' title='bbox 750 3491 758 3517; x_wconf 89' lang='lat'>‚</span> <span class='ocrx_word' id='word_1_452' title='bbox 767 3450 814 3521; x_wconf 95' lang='lat' dir='ltr'><strong>qui</strong></span> <span class='ocrx_word' id='word_1_453' title='bbox 825 3449 852 3506; x_wconf 93' lang='lat' dir='ltr'><strong>in</strong></span> <span class='ocrx_word' id='word_1_454' title='bbox 867 3468 930 3523; x_wconf 90' lang='lat' dir='ltr'><strong>pro·</strong></span> <span class='ocrx_word' id='word_1_455' title='bbox 985 3447 1150 3520; x_wconf 87' lang='lat' dir='ltr'><strong>quibusdam</strong></span> <span class='ocrx_word' id='word_1_456' title='bbox 1165 3445 1323 3519; x_wconf 91' lang='lat' dir='ltr'><strong>levibusque</strong></span> <span class='ocrx_word' id='word_1_457' title='bbox 1338 3445 1464 3519; x_wconf 84' lang='lat' dir='ltr'><strong>peccatis,</strong></span> <span class='ocrx_word' id='word_1_458' title='bbox 1476 3460 1523 3502; x_wconf 89' lang='lat' dir='ltr'><strong>scu</strong></span> <span class='ocrx_word' id='word_1_459' title='bbox 1539 3462 1588 3518; x_wconf 87' lang='lat' dir='ltr'><strong>pro</strong></span> <span class='ocrx_word' id='word_1_460' title='bbox 1602 3444 1722 3504; x_wconf 90' lang='lat' dir='ltr'><strong>elatione</strong></span> <span class='ocrx_word' id='word_1_461' title='bbox 1733 3462 1792 3504; x_wconf 81' lang='lat' dir='ltr'><strong>sure</strong></span> 
     </span>
     <span class='ocr_line' id='line_1_36' title="bbox 133 3538 1792 3617; baseline 0.001 -19"><span class='ocrx_word' id='word_1_462' title='bbox 133 3540 220 3613; x_wconf 85' lang='lat' dir='ltr'><strong>operis</strong></span> <span class='ocrx_word' id='word_1_463' title='bbox 242 3538 343 3613; x_wconf 80' lang='lat' dir='ltr'><strong>gratior</strong></span> <span class='ocrx_word' id='word_1_464' title='bbox 358 3538 444 3611; x_wconf 86' lang='lat' dir='ltr'><strong>patri,</strong></span> <span class='ocrx_word' id='word_1_465' title='bbox 459 3539 612 3612; x_wconf 76' lang='lat' dir='ltr'><strong>religiosior</strong></span> <span class='ocrx_word' id='word_1_466' title='bbox 630 3538 778 3610; x_wconf 86' lang='lat' dir='ltr'><strong>fratribus,</strong></span> <span class='ocrx_word' id='word_1_467' title='bbox 795 3545 932 3617; x_wconf 89' lang='lat' dir='ltr'><strong>acceptior</strong></span> <span class='ocrx_word' id='word_1_468' title='bbox 985 3543 1112 3617; x_wconf 89' lang='lat' dir='ltr'><strong>puritatis</strong></span> <span class='ocrx_word' id='word_1_469' title='bbox 1124 3541 1272 3598; x_wconf 87' lang='lat' dir='ltr'><strong>humilians</strong></span> <span class='ocrx_word' id='word_1_470' title='bbox 1297 3538 1411 3597; x_wconf 87' lang='lat' dir='ltr'><strong>diversis</strong></span> <span class='ocrx_word' id='word_1_471' title='bbox 1428 3539 1628 3597; x_wconf 88' lang='lat' dir='ltr'><strong>tentationibus</strong></span> <span class='ocrx_word' id='word_1_472' title='bbox 1645 3540 1740 3610; x_wconf 85' lang='lat' dir='ltr'><strong>tradit,</strong></span> <span class='ocrx_word' id='word_1_473' title='bbox 1760 3549 1792 3599; x_wconf 88' lang='lat' dir='ltr'><strong>ot</strong></span> 
     </span>
     <span class='ocr_line' id='line_1_37' title="bbox 133 3632 1792 3710; baseline 0.002 -19"><span class='ocrx_word' id='word_1_474' title='bbox 133 3635 206 3702; x_wconf 87' lang='lat' dir='ltr'><strong>Deo;</strong></span> <span class='ocrx_word' id='word_1_475' title='bbox 232 3633 259 3689; x_wconf 90' lang='lat' dir='ltr'><strong>in</strong></span> <span class='ocrx_word' id='word_1_476' title='bbox 286 3632 404 3690; x_wconf 87' lang='lat' dir='ltr'><strong>adversis</strong></span> <span class='ocrx_word' id='word_1_477' title='bbox 425 3641 527 3702; x_wconf 86' lang='lat' dir='ltr'><strong>castus,</strong></span> <span class='ocrx_word' id='word_1_478' title='bbox 556 3633 670 3691; x_wconf 88' lang='lat' dir='ltr'><strong>domino</strong></span> <span class='ocrx_word' id='word_1_479' title='bbox 695 3634 792 3705; x_wconf 89' lang='lat' dir='ltr'><strong>tidelis,</strong></span> <span class='ocrx_word' id='word_1_480' title='bbox 816 3638 932 3696; x_wconf 88' lang='lat' dir='ltr'><strong>carceris</strong></span> <span class='ocrx_word' id='word_1_481' title='bbox 986 3652 1098 3694; x_wconf 90' lang='lat' dir='ltr'><strong>omnem</strong></span> <span class='ocrx_word' id='word_1_482' title='bbox 1112 3635 1222 3692; x_wconf 90' lang='lat' dir='ltr'><strong>sordem</strong></span> <span class='ocrx_word' id='word_1_483' title='bbox 1234 3635 1443 3707; x_wconf 81' lang='lat' dir='ltr'><strong>cogitationum,</strong></span> <span class='ocrx_word' id='word_1_484' title='bbox 1457 3642 1496 3702; x_wconf 85' lang='lat' dir='ltr'><strong>et,</strong></span> <span class='ocrx_word' id='word_1_485' title='bbox 1507 3644 1538 3692; x_wconf 92' lang='lat' dir='ltr'><strong>ut</strong></span> <span class='ocrx_word' id='word_1_486' title='bbox 1550 3637 1641 3693; x_wconf 90' lang='lat' dir='ltr'><strong>verbis</strong></span> <span class='ocrx_word' id='word_1_487' title='bbox 1651 3635 1792 3710; x_wconf 80' lang='lat' dir='ltr'><strong>propbetas</strong></span> 
     </span>
     <span class='ocr_line' id='line_1_38' title="bbox 131 3726 1792 3803; baseline 0.001 -18"><span class='ocrx_word' id='word_1_488' title='bbox 131 3729 295 3785; x_wconf 91' lang='lat' dir='ltr'><strong>mitissimus</strong></span> <span class='ocrx_word' id='word_1_489' title='bbox 308 3727 426 3794; x_wconf 87' lang='lat' dir='ltr'><strong>vinctus,</strong></span> <span class='ocrx_word' id='word_1_490' title='bbox 442 3726 606 3799; x_wconf 88' lang='lat' dir='ltr'><strong>injuriarum</strong></span> <span class='ocrx_word' id='word_1_491' title='bbox 618 3728 779 3798; x_wconf 91' lang='lat' dir='ltr'><strong>immemor,</strong></span> <span class='ocrx_word' id='word_1_492' title='bbox 791 3730 933 3790; x_wconf 85' lang='lat' dir='ltr'><strong>beneficus</strong></span> <span class='ocrx_word' id='word_1_493' title='bbox 987 3731 1087 3800; x_wconf 87' lang='lat' dir='ltr'><strong>dicam,</strong></span> <span class='ocrx_word' id='word_1_494' title='bbox 1097 3730 1216 3788; x_wconf 87' lang='lat' dir='ltr'><strong>scoriam</strong></span> <span class='ocrx_word' id='word_1_495' title='bbox 1229 3744 1311 3801; x_wconf 91' lang='lat' dir='ltr'><strong>quam</strong></span> <span class='ocrx_word' id='word_1_496' title='bbox 1324 3729 1353 3784; x_wconf 91' lang='lat' dir='ltr'><strong>in</strong></span> <span class='ocrx_word' id='word_1_497' title='bbox 1363 3729 1478 3787; x_wconf 93' lang='lat' dir='ltr'><strong>occultis</strong></span> <span class='ocrx_word' id='word_1_498' title='bbox 1491 3745 1591 3787; x_wconf 90' lang='lat' dir='ltr'><strong>corum</strong></span> <span class='ocrx_word' id='word_1_499' title='bbox 1601 3729 1792 3803; x_wconf 65' lang='lat' dir='ltr'><strong>perviderem</strong></span> 
     </span>
     <span class='ocr_line' id='line_1_39' title="bbox 134 3821 1790 3897; baseline 0.001 -17"><span class='ocrx_word' id='word_1_500' title='bbox 134 3823 261 3891; x_wconf 87' lang='lat' dir='ltr'><strong>inimicis,</strong></span> <span class='ocrx_word' id='word_1_501' title='bbox 280 3822 388 3890; x_wconf 92' lang='lat' dir='ltr'><strong>invidis,</strong></span> <span class='ocrx_word' id='word_1_502' title='bbox 404 3829 431 3878; x_wconf 89' lang='lat' dir='ltr'><strong>et</strong></span> <span class='ocrx_word' id='word_1_503' title='bbox 444 3823 617 3894; x_wconf 91' lang='lat' dir='ltr'><strong>quantumin</strong></span> <span class='ocrx_word' id='word_1_504' title='bbox 635 3823 702 3896; x_wconf 90' lang='lat' dir='ltr'><strong>ipsis</strong></span> <span class='ocrx_word' id='word_1_505' title='bbox 713 3821 932 3884; x_wconf 91' lang='lat' dir='ltr'><strong>fuitioterfecto·</strong></span> <span class='ocrx_word' id='word_1_506' title='bbox 985 3825 1151 3893; x_wconf 77' lang='lat' dir='ltr'><strong>concretam,</strong></span> <span class='ocrx_word' id='word_1_507' title='bbox 1165 3839 1317 3897; x_wconf 90' lang='lat' dir='ltr'><strong>excoquens</strong></span> <span class='ocrx_word' id='word_1_508' title='bbox 1329 3823 1358 3879; x_wconf 94' lang='lat' dir='ltr'><strong>in</strong></span> <span class='ocrx_word' id='word_1_509' title='bbox 1369 3824 1510 3895; x_wconf 75' lang='lat' dir='ltr'><strong>prasenti,</strong></span> <span class='ocrx_word' id='word_1_510' title='bbox 1530 3826 1604 3881; x_wconf 91' lang='lat' dir='ltr'><strong>velut</strong></span> <span class='ocrx_word' id='word_1_511' title='bbox 1614 3839 1711 3880; x_wconf 87' lang='lat' dir='ltr'><strong>aumm</strong></span> <span class='ocrx_word' id='word_1_512' title='bbox 1734 3840 1790 3896; x_wconf 94' lang='lat' dir='ltr'><strong>pu-</strong></span> 
     </span>
    </p>
   </div>
   <div class='ocr_carea' id='block_1_3' title="bbox 132 3917 1790 4463">
    <p class='ocr_par' dir='ltr' id='par_1_5' title="bbox 132 3917 1790 4463">
     <span class='ocr_line' id='line_1_40' title="bbox 132 3917 1790 3989; baseline -0.001 -13"><span class='ocrx_word' id='word_1_513' title='bbox 132 3920 208 3977; x_wconf 92' lang='lat' dir='ltr'><strong>ribus</strong></span> <span class='ocrx_word' id='word_1_514' title='bbox 230 3917 360 3975; x_wconf 90' lang='lat' dir='ltr'><strong>fratribus</strong></span> <span class='ocrx_word' id='word_1_515' title='bbox 375 3933 433 3974; x_wconf 92' lang='lat' dir='ltr'><strong>non</strong></span> <span class='ocrx_word' id='word_1_516' title='bbox 451 3918 541 3974; x_wconf 91' lang='lat' dir='ltr'><strong>solum</strong></span> <span class='ocrx_word' id='word_1_517' title='bbox 557 3917 626 3989; x_wconf 90' lang='lat' dir='ltr'><strong>pius,</strong></span> <span class='ocrx_word' id='word_1_518' title='bbox 645 3918 693 3975; x_wconf 92' lang='lat' dir='ltr'><strong>sed</strong></span> <span class='ocrx_word' id='word_1_519' title='bbox 715 3919 800 3976; x_wconf 88' lang='lat' dir='ltr'><strong>etiam</strong></span> <span class='ocrx_word' id='word_1_520' title='bbox 820 3921 934 3979; x_wconf 67' lang='lat' dir='ltr'><strong>munii·</strong></span> <span class='ocrx_word' id='word_1_521' title='bbox 986 3939 1049 3981; x_wconf 87' lang='lat' dir='ltr'><strong>rum</strong></span> <span class='ocrx_word' id='word_1_522' title='bbox 1058 3921 1151 3979; x_wconf 91' lang='lat' dir='ltr'><strong>futuro</strong></span> <span class='ocrx_word' id='word_1_523' title='bbox 1163 3919 1333 3976; x_wconf 89' lang='lat' dir='ltr'><strong>transmittat</strong></span> <span class='ocrx_word' id='word_1_524' title='bbox 1345 3918 1479 3985; x_wconf 88' lang='lat' dir='ltr'><strong>examini,</strong></span> <span class='ocrx_word' id='word_1_525' title='bbox 1496 3917 1565 3974; x_wconf 91' lang='lat' dir='ltr'><strong>nibil</strong></span> <span class='ocrx_word' id='word_1_526' title='bbox 1580 3919 1608 3974; x_wconf 93' lang='lat' dir='ltr'><strong>iu</strong></span> <span class='ocrx_word' id='word_1_527' title='bbox 1620 3917 1790 3984; x_wconf 81' lang='lat' dir='ltr'><strong>eisresiderc</strong></span> 
     </span>
     <span class='ocr_line' id='line_1_41' title="bbox 134 4002 1790 4093; baseline 0.001 -24"><span class='ocrx_word' id='word_1_528' title='bbox 134 4029 183 4070; x_wconf 92' lang='lat' dir='ltr'><strong>cus</strong></span> <span class='ocrx_word' id='word_1_529' title='bbox 204 4011 347 4070; x_wconf 89' lang='lat' dir='ltr'><strong>invenitur.</strong></span> <span class='ocrx_word' id='word_1_530' title='bbox 374 4012 411 4068; x_wconf 84' lang='lat' dir='ltr'><strong>Hi</strong></span> <span class='ocrx_word' id='word_1_531' title='bbox 423 4027 488 4086; x_wconf 78' lang='lat' dir='ltr'><strong>ergo</strong></span> <span class='ocrx_word' id='word_1_532' title='bbox 512 4026 665 4085; x_wconf 90' lang='lat' dir='ltr'><strong>eorumque</strong></span> <span class='ocrx_word' id='word_1_533' title='bbox 680 4013 839 4071; x_wconf 85' lang='lat' dir='ltr'><strong>consimiles</strong></span> <span class='ocrx_word' id='word_1_534' title='bbox 857 4024 933 4074; x_wconf 85' lang='lat' dir='ltr'><strong>recte</strong></span> <span class='ocrx_word' id='word_1_535' title='bbox 986 4018 1148 4093; x_wconf 90' lang='lat' dir='ltr'><strong>permittens</strong></span> <span class='ocrx_word' id='word_1_536' title='bbox 1158 4014 1234 4088; x_wconf 93' lang='lat' dir='ltr'><strong>quod</strong></span> <span class='ocrx_word' id='word_1_537' title='bbox 1247 4022 1372 4071; x_wconf 90' lang='lat' dir='ltr'><strong>scrutans</strong></span> <span class='ocrx_word' id='word_1_538' title='bbox 1381 4023 1443 4087; x_wconf 90' lang='lat' dir='ltr'><strong>post</strong></span> <span class='ocrx_word' id='word_1_539' title='bbox 1460 4010 1627 4087; x_wconf 84' lang='lat' dir='ltr'><strong>beccjudicii</strong></span> <span class='ocrx_word' id='word_1_540' title='bbox 1644 4013 1717 4088; x_wconf 78' lang='lat' dir='ltr'><strong>ignis</strong></span> <span class='ocrx_word' id='word_1_541' title='bbox 1731 4002 1790 4086; x_wconf 86' lang='lat' dir='ltr'><strong>poe·</strong></span> 
     </span>
     <span class='ocr_line' id='line_1_42' title="bbox 134 4106 1789 4180; baseline 0.001 -17"><span class='ocrx_word' id='word_1_542' title='bbox 134 4106 297 4166; x_wconf 88' lang='lat' dir='ltr'><strong>ambidextri</strong></span> <span class='ocrx_word' id='word_1_543' title='bbox 307 4115 519 4179; x_wconf 85' lang='lat' dir='ltr'><strong>nuncupantur;</strong></span> <span class='ocrx_word' id='word_1_544' title='bbox 538 4114 655 4179; x_wconf 87' lang='lat' dir='ltr'><strong>utraque</strong></span> <span class='ocrx_word' id='word_1_545' title='bbox 668 4109 742 4166; x_wconf 91' lang='lat' dir='ltr'><strong>enim</strong></span> <span class='ocrx_word' id='word_1_546' title='bbox 756 4125 839 4167; x_wconf 93' lang='lat' dir='ltr'><strong>manu</strong></span> <span class='ocrx_word' id='word_1_547' title='bbox 851 4119 934 4168; x_wconf 90' lang='lat' dir='ltr'><strong>utun·</strong></span> <span class='ocrx_word' id='word_1_548' title='bbox 987 4113 1042 4169; x_wconf 89' lang='lat' dir='ltr'><strong>nali</strong></span> <span class='ocrx_word' id='word_1_549' title='bbox 1055 4111 1179 4169; x_wconf 89' lang='lat' dir='ltr'><strong>cruciatu</strong></span> <span class='ocrx_word' id='word_1_550' title='bbox 1192 4116 1396 4180; x_wconf 76' lang='lat' dir='ltr'><strong>expurgaturus</strong></span> <span class='ocrx_word' id='word_1_551' title='bbox 1408 4107 1529 4164; x_wconf 82' lang='lat' dir='ltr'><strong>iuveniat</strong></span> <span class='ocrx_word' id='word_1_552' title='bbox 1542 4111 1614 4175; x_wconf 84' lang='lat' dir='ltr'><strong>(iso.</strong></span> <span class='ocrx_word' id='word_1_553' title='bbox 1637 4113 1680 4175; x_wconf 85' lang='lat' dir='ltr'><strong>x),</strong></span> <span class='ocrx_word' id='word_1_554' title='bbox 1695 4123 1789 4165; x_wconf 77' lang='lat' dir='ltr'><strong>secun</strong></span> 
     </span>
     <span class='ocr_line' id='line_1_43' title="bbox 133 4201 1786 4275; baseline 0.001 -18"><span class='ocrx_word' id='word_1_555' title='bbox 133 4211 180 4257; x_wconf 87' lang='lat' dir='ltr'><strong>tur</strong></span> <span class='ocrx_word' id='word_1_556' title='bbox 192 4216 241 4273; x_wconf 91' lang='lat' dir='ltr'><strong>pro</strong></span> <span class='ocrx_word' id='word_1_557' title='bbox 256 4201 360 4268; x_wconf 86' lang='lat' dir='ltr'><strong>dextra,</strong></span> <span class='ocrx_word' id='word_1_558' title='bbox 376 4209 404 4257; x_wconf 92' lang='lat' dir='ltr'><strong>et</strong></span> <span class='ocrx_word' id='word_1_559' title='bbox 418 4201 491 4258; x_wconf 88' lang='lat' dir='ltr'><strong>inter</strong></span> <span class='ocrx_word' id='word_1_560' title='bbox 506 4201 633 4274; x_wconf 77' lang='lat' dir='ltr'><strong>baecquae</strong></span> <span class='ocrx_word' id='word_1_561' title='bbox 647 4202 796 4275; x_wconf 76' lang='lat' dir='ltr'><strong>Apostolus</strong></span> <span class='ocrx_word' id='word_1_562' title='bbox 809 4203 933 4261; x_wconf 88' lang='lat' dir='ltr'><strong>dinume·</strong></span> <span class='ocrx_word' id='word_1_563' title='bbox 986 4206 1053 4264; x_wconf 91' lang='lat' dir='ltr'><strong>dum</strong></span> <span class='ocrx_word' id='word_1_564' title='bbox 1068 4201 1135 4262; x_wconf 91' lang='lat' dir='ltr'><strong>ilfud</strong></span> <span class='ocrx_word' id='word_1_565' title='bbox 1149 4205 1252 4260; x_wconf 77' lang='lat' dir='ltr'><strong>:fluite</strong></span> <span class='ocrx_word' id='word_1_566' title='bbox 1258 4203 1447 4258; x_wconf 80' lang='lat' dir='ltr'><strong>tribulationes</strong></span> <span class='ocrx_word' id='word_1_567' title='bbox 1450 4202 1786 4274; x_wconf 72' lang='lat' dir='ltr'><strong>justorumlPsolxrxxls</strong></span> 
     </span>
     <span class='ocr_line' id='line_1_44' title="bbox 134 4292 1786 4369; baseline 0.004 -22"><span class='ocrx_word' id='word_1_568' title='bbox 134 4300 178 4347; x_wconf 91' lang='lat' dir='ltr'><strong>rat</strong></span> <span class='ocrx_word' id='word_1_569' title='bbox 190 4299 372 4359; x_wconf 87' lang='lat' dir='ltr'><strong>transeuntes,</strong></span> <span class='ocrx_word' id='word_1_570' title='bbox 396 4294 495 4364; x_wconf 88' lang='lat' dir='ltr'><strong>pariter</strong></span> <span class='ocrx_word' id='word_1_571' title='bbox 515 4292 630 4352; x_wconf 89' lang='lat' dir='ltr'><strong>dicunt:</strong></span> <span class='ocrx_word' id='word_1_572' title='bbox 653 4298 703 4351; x_wconf 87' lang='lat' dir='ltr'><strong>Per</strong></span> <span class='ocrx_word' id='word_1_573' title='bbox 723 4311 800 4352; x_wconf 81' lang='lat' dir='ltr'><strong>anno</strong></span> <span class='ocrx_word' id='word_1_574' title='bbox 813 4297 931 4367; x_wconf 75' lang='lat' dir='ltr'><strong>justitia</strong></span> <span class='ocrx_word' id='word_1_575' title='bbox 986 4309 1023 4366; x_wconf 88' lang='lat' dir='ltr'><strong>et,</strong></span> <span class='ocrx_word' id='word_1_576' title='bbox 1040 4300 1106 4367; x_wconf 85' lang='lat' dir='ltr'><strong>Fili,</strong></span> <span class='ocrx_word' id='word_1_577' title='bbox 1116 4299 1176 4353; x_wconf 88' lang='lat' dir='ltr'><strong>noli</strong></span> <span class='ocrx_word' id='word_1_578' title='bbox 1185 4298 1320 4367; x_wconf 83' lang='lat' dir='ltr'><strong>nepliqere</strong></span> <span class='ocrx_word' id='word_1_579' title='bbox 1328 4296 1502 4366; x_wconf 87' lang='lat' dir='ltr'><strong>disciplinam</strong></span> <span class='ocrx_word' id='word_1_580' title='bbox 1512 4298 1635 4361; x_wconf 83' lang='lat' dir='ltr'><strong>Domini,</strong></span> <span class='ocrx_word' id='word_1_581' title='bbox 1647 4313 1733 4369; x_wconf 83' lang='lat' dir='ltr'><strong>neque</strong></span> <span class='ocrx_word' id='word_1_582' title='bbox 1745 4299 1786 4365; x_wconf 73' lang='lat' dir='ltr'><strong>fa·</strong></span> 
     </span>
     <span class='ocr_line' id='line_1_45' title="bbox 135 4382 1787 4463; baseline 0.005 -26"><span class='ocrx_word' id='word_1_583' title='bbox 135 4399 195 4452; x_wconf 78' lang='lat' dir='ltr'><strong>quar</strong></span> <span class='ocrx_word' id='word_1_584' title='bbox 208 4382 338 4436; x_wconf 77' lang='lat' dir='ltr'><strong>adcatris</strong></span> <span class='ocrx_word' id='word_1_585' title='bbox 351 4387 414 4437; x_wconf 88' lang='lat' dir='ltr'><strong>sunt</strong></span> <span class='ocrx_word' id='word_1_586' title='bbox 424 4389 449 4439; x_wconf 87' lang='lat' dir='ltr'><strong>et</strong></span> <span class='ocrx_word' id='word_1_587' title='bbox 463 4401 480 4437; x_wconf 94' lang='lat' dir='ltr'><strong>a</strong></span> <span class='ocrx_word' id='word_1_588' title='bbox 494 4387 623 4453; x_wconf 81' lang='lat' dir='ltr'><strong>sinistris,</strong></span> <span class='ocrx_word' id='word_1_589' title='bbox 633 4403 681 4455; x_wconf 86' lang='lat' dir='ltr'><strong>per</strong></span> <span class='ocrx_word' id='word_1_590' title='bbox 695 4388 811 4455; x_wconf 81' lang='lat' dir='ltr'><strong>plasium</strong></span> <span class='ocrx_word' id='word_1_591' title='bbox 822 4394 848 4444; x_wconf 88' lang='lat' dir='ltr'><strong>et</strong></span> <span class='ocrx_word' id='word_1_592' title='bbox 858 4393 933 4458; x_wconf 74' lang='lat' dir='ltr'><strong>rqno·</strong></span> <span class='ocrx_word' id='word_1_593' title='bbox 986 4393 1190 4463; x_wconf 69' lang='lat' dir='ltr'><strong>immmdumab</strong></span> <span class='ocrx_word' id='word_1_594' title='bbox 1202 4406 1231 4447; x_wconf 89' lang='lat' dir='ltr'><strong>eo</strong></span> <span class='ocrx_word' id='word_1_595' title='bbox 1241 4391 1389 4462; x_wconf 83' lang='lat' dir='ltr'><strong>increparis</strong></span> <span class='ocrx_word' id='word_1_596' title='bbox 1399 4409 1407 4445; x_wconf 74' lang='grc' dir='ltr'><strong><em>ε</em></strong></span> <span class='ocrx_word' id='word_1_597' title='bbox 1419 4406 1498 4460; x_wconf 89' lang='lat' dir='ltr'><strong>quem</strong></span> <span class='ocrx_word' id='word_1_598' title='bbox 1510 4393 1582 4445; x_wconf 86' lang='lat' dir='ltr'><strong>enim</strong></span> <span class='ocrx_word' id='word_1_599' title='bbox 1596 4391 1694 4461; x_wconf 80' lang='lat' dir='ltr'><strong>diliqs&#39;t</strong></span> <span class='ocrx_word' id='word_1_600' title='bbox 1705 4394 1787 4446; x_wconf 78' lang='lat' dir='ltr'><strong>Domi</strong></span> 
     </span>
    </p>
   </div>
   <div class='ocr_carea' id='block_1_4' title="bbox 133 4475 1842 5500">
    <p class='ocr_par' dir='ltr' id='par_1_6' title="bbox 133 4475 1842 5500">
     <span class='ocr_line' id='line_1_46' title="bbox 135 4475 1820 4557; baseline 0.009 -31"><span class='ocrx_word' id='word_1_601' title='bbox 135 4476 278 4538; x_wconf 77' lang='lat' dir='ltr'><strong>uilitatem,</strong></span> <span class='ocrx_word' id='word_1_602' title='bbox 288 4487 339 4541; x_wconf 87' lang='lat' dir='ltr'><strong>per</strong></span> <span class='ocrx_word' id='word_1_603' title='bbox 349 4475 493 4539; x_wconf 76' lang='lat' dir='ltr'><strong>infamiam</strong></span> <span class='ocrx_word' id='word_1_604' title='bbox 502 4481 528 4529; x_wconf 90' lang='lat' dir='ltr'><strong>et</strong></span> <span class='ocrx_word' id='word_1_605' title='bbox 537 4475 635 4531; x_wconf 78' lang='lat' dir='ltr'><strong>baram</strong></span> <span class='ocrx_word' id='word_1_606' title='bbox 646 4481 793 4546; x_wconf 75' lang='lat' dir='ltr'><strong>famamdl</strong></span> <span class='ocrx_word' id='word_1_607' title='bbox 807 4484 866 4539; x_wconf 82' lang='lat' dir='ltr'><strong>Gor.</strong></span> <span class='ocrx_word' id='word_1_608' title='bbox 879 4484 931 4555; x_wconf 83' lang='lat' dir='ltr'><strong>rr),</strong></span> <span class='ocrx_word' id='word_1_609' title='bbox 986 4503 1047 4549; x_wconf 88' lang='lat' dir='ltr'><strong>nus,</strong></span> <span class='ocrx_word' id='word_1_610' title='bbox 1060 4487 1173 4556; x_wconf 78' lang='lat' dir='ltr'><strong>corripit</strong></span> <span class='ocrx_word' id='word_1_611' title='bbox 1186 4505 1194 4540; x_wconf 78' lang='grc' dir='ltr'><strong><em>ε</em></strong></span> <span class='ocrx_word' id='word_1_612' title='bbox 1213 4486 1335 4555; x_wconf 77' lang='lat' dir='ltr'><strong>liaqeliat</strong></span> <span class='ocrx_word' id='word_1_613' title='bbox 1346 4489 1435 4540; x_wconf 89' lang='lat' dir='ltr'><strong>autem</strong></span> <span class='ocrx_word' id='word_1_614' title='bbox 1443 4500 1546 4540; x_wconf 87' lang='lat' dir='ltr'><strong>omnem</strong></span> <span class='ocrx_word' id='word_1_615' title='bbox 1555 4486 1646 4555; x_wconf 70' lang='lat' dir='ltr'><strong>tilium</strong></span> <span class='ocrx_word' id='word_1_616' title='bbox 1659 4501 1787 4557; x_wconf 79' lang='lat' dir='ltr'><strong>quamsa-</strong></span> <span class='ocrx_word' id='word_1_617' title='bbox 1816 4528 1820 4533; x_wconf 85' lang='lat'>.</span> 
     </span>
     <span class='ocr_line' id='line_1_47' title="bbox 135 4549 1791 4651; baseline 0.006 -27"><span class='ocrx_word' id='word_1_618' title='bbox 135 4576 187 4625; x_wconf 91' lang='lat' dir='ltr'><strong>etc.</strong></span> <span class='ocrx_word' id='word_1_619' title='bbox 205 4569 247 4623; x_wconf 89' lang='lat' dir='ltr'><strong>De</strong></span> <span class='ocrx_word' id='word_1_620' title='bbox 266 4580 321 4638; x_wconf 91' lang='lat' dir='ltr'><strong>qua</strong></span> <span class='ocrx_word' id='word_1_621' title='bbox 332 4565 428 4624; x_wconf 90' lang='lat' dir='ltr'><strong>dextra</strong></span> <span class='ocrx_word' id='word_1_622' title='bbox 444 4569 484 4625; x_wconf 91' lang='lat' dir='ltr'><strong>vel</strong></span> <span class='ocrx_word' id='word_1_623' title='bbox 497 4569 608 4625; x_wconf 88' lang='lat' dir='ltr'><strong>sinistra</strong></span> <span class='ocrx_word' id='word_1_624' title='bbox 628 4571 665 4626; x_wconf 89' lang='lat' dir='ltr'><strong>ita</strong></span> <span class='ocrx_word' id='word_1_625' title='bbox 679 4572 809 4629; x_wconf 89' lang='lat' dir='ltr'><strong>Salomon</strong></span> <span class='ocrx_word' id='word_1_626' title='bbox 822 4591 854 4630; x_wconf 92' lang='lat' dir='ltr'><strong>ex</strong></span> <span class='ocrx_word' id='word_1_627' title='bbox 873 4591 932 4648; x_wconf 89' lang='lat' dir='ltr'><strong>per·</strong></span> <span class='ocrx_word' id='word_1_628' title='bbox 947 4549 973 4613; x_wconf 77' lang='grc' dir='ltr'><strong>Ῑ)</strong></span> <span class='ocrx_word' id='word_1_629' title='bbox 987 4581 1062 4651; x_wconf 76' lang='lat' dir='ltr'><strong>opit,</strong></span> <span class='ocrx_word' id='word_1_630' title='bbox 1080 4581 1141 4650; x_wconf 87' lang='lat' dir='ltr'><strong>quis</strong></span> <span class='ocrx_word' id='word_1_631' title='bbox 1161 4581 1232 4635; x_wconf 86' lang='lat' dir='ltr'><strong>enim</strong></span> <span class='ocrx_word' id='word_1_632' title='bbox 1248 4583 1288 4634; x_wconf 89' lang='lat' dir='ltr'><strong>est</strong></span> <span class='ocrx_word' id='word_1_633' title='bbox 1306 4579 1378 4649; x_wconf 66' lang='lat' dir='ltr'><strong>filisu</strong></span> <span class='ocrx_word' id='word_1_634' title='bbox 1393 4577 1471 4649; x_wconf 75' lang='lat' dir='ltr'><strong>quom</strong></span> <span class='ocrx_word' id='word_1_635' title='bbox 1484 4593 1537 4633; x_wconf 87' lang='lat' dir='ltr'><strong>non</strong></span> <span class='ocrx_word' id='word_1_636' title='bbox 1559 4581 1677 4651; x_wconf 76' lang='lat' dir='ltr'><strong>corripit</strong></span> <span class='ocrx_word' id='word_1_637' title='bbox 1692 4580 1791 4650; x_wconf 80' lang='lat' dir='ltr'><strong>pater?</strong></span> 
     </span>
     <span class='ocr_line' id='line_1_48' title="bbox 134 4659 1792 4744; baseline 0.005 -23"><span class='ocrx_word' id='word_1_638' title='bbox 134 4680 201 4721; x_wconf 88' lang='lat' dir='ltr'><strong>sona</strong></span> <span class='ocrx_word' id='word_1_639' title='bbox 213 4675 325 4744; x_wconf 58' lang='lat' dir='ltr'><strong>sponsa}</strong></span> <span class='ocrx_word' id='word_1_640' title='bbox 342 4659 463 4734; x_wconf 88' lang='lat' dir='ltr'><strong>loquitur</strong></span> <span class='ocrx_word' id='word_1_641' title='bbox 479 4663 508 4720; x_wconf 92' lang='lat' dir='ltr'><strong>iu</strong></span> <span class='ocrx_word' id='word_1_642' title='bbox 521 4660 633 4720; x_wconf 88' lang='lat' dir='ltr'><strong>Cantica</strong></span> <span class='ocrx_word' id='word_1_643' title='bbox 648 4665 822 4722; x_wconf 78' lang='lat' dir='ltr'><strong>Canucomm</strong></span> <span class='ocrx_word' id='word_1_644' title='bbox 834 4686 841 4722; x_wconf 93' lang='lat'><strong>:</strong></span> <span class='ocrx_word' id='word_1_645' title='bbox 855 4670 934 4737; x_wconf 75' lang='lat' dir='ltr'><strong>Laeua</strong></span> <span class='ocrx_word' id='word_1_646' title='bbox 989 4673 1065 4743; x_wconf 81' lang='lat' dir='ltr'><strong>Quod</strong></span> <span class='ocrx_word' id='word_1_647' title='bbox 1077 4675 1102 4728; x_wconf 85' lang='lat' dir='ltr'><strong>si</strong></span> <span class='ocrx_word' id='word_1_648' title='bbox 1113 4679 1193 4730; x_wconf 82' lang='lat' dir='ltr'><strong>aratro</strong></span> <span class='ocrx_word' id='word_1_649' title='bbox 1203 4672 1377 4743; x_wconf 79' lang='lat' dir='ltr'><strong>disciplinam</strong></span> <span class='ocrx_word' id='word_1_650' title='bbox 1386 4675 1459 4736; x_wconf 70' lang='lat' dir='ltr'><strong>estis</strong></span> <span class='ocrx_word' id='word_1_651' title='bbox 1475 4674 1551 4743; x_wconf 77' lang='lat' dir='ltr'><strong>arjos</strong></span> <span class='ocrx_word' id='word_1_652' title='bbox 1560 4675 1713 4744; x_wconf 83' lang='lat' dir='ltr'><strong>participes</strong></span> <span class='ocrx_word' id='word_1_653' title='bbox 1724 4673 1792 4742; x_wconf 75' lang='lat' dir='ltr'><strong>{orti</strong></span> 
     </span>
     <span class='ocr_line' id='line_1_49' title="bbox 133 4757 1789 4836; baseline 0.002 -21"><span class='ocrx_word' id='word_1_654' title='bbox 133 4760 190 4830; x_wconf 72' lang='lat' dir='ltr'><strong>ejus</strong></span> <span class='ocrx_word' id='word_1_655' title='bbox 203 4758 254 4815; x_wconf 87' lang='lat' dir='ltr'><strong>sub</strong></span> <span class='ocrx_word' id='word_1_656' title='bbox 265 4757 352 4828; x_wconf 83' lang='lat' dir='ltr'><strong>capite</strong></span> <span class='ocrx_word' id='word_1_657' title='bbox 369 4772 435 4821; x_wconf 89' lang='lat' dir='ltr'><strong>meo,</strong></span> <span class='ocrx_word' id='word_1_658' title='bbox 450 4763 477 4814; x_wconf 90' lang='lat' dir='ltr'><strong>et</strong></span> <span class='ocrx_word' id='word_1_659' title='bbox 490 4758 669 4827; x_wconf 67' lang='lat' dir='ltr'><strong>mainarius</strong></span> <span class='ocrx_word' id='word_1_660' title='bbox 682 4760 935 4829; x_wconf 85' lang='lat' dir='ltr'><strong>amplcaabiturme</strong></span> <span class='ocrx_word' id='word_1_661' title='bbox 988 4773 1240 4835; x_wconf 68' lang='lat' dir='ltr'><strong>mosomensem</strong></span> <span class='ocrx_word' id='word_1_662' title='bbox 1258 4766 1417 4833; x_wconf 85' lang='lat' dir='ltr'><strong>adulterini,</strong></span> <span class='ocrx_word' id='word_1_663' title='bbox 1431 4771 1456 4821; x_wconf 89' lang='lat' dir='ltr'><strong>et</strong></span> <span class='ocrx_word' id='word_1_664' title='bbox 1469 4781 1521 4821; x_wconf 89' lang='lat' dir='ltr'><strong>non</strong></span> <span class='ocrx_word' id='word_1_665' title='bbox 1533 4767 1587 4835; x_wconf 75' lang='lat' dir='ltr'><strong>filii</strong></span> <span class='ocrx_word' id='word_1_666' title='bbox 1605 4770 1673 4823; x_wconf 84' lang='lat' dir='ltr'><strong>estis</strong></span> <span class='ocrx_word' id='word_1_667' title='bbox 1688 4767 1789 4836; x_wconf 85' lang='lat' dir='ltr'><strong>(Hebr.</strong></span> 
     </span>
     <span class='ocr_line' id='line_1_50' title="bbox 135 4852 1789 4932; baseline 0.004 -22"><span class='ocrx_word' id='word_1_668' title='bbox 135 4856 248 4927; x_wconf 77' lang='lat' dir='ltr'><strong>(cantio.</strong></span> <span class='ocrx_word' id='word_1_669' title='bbox 282 4853 324 4924; x_wconf 76' lang='lat' dir='ltr'><strong>ul.</strong></span> <span class='ocrx_word' id='word_1_670' title='bbox 352 4855 427 4925; x_wconf 88' lang='lat' dir='ltr'><strong>Quas</strong></span> <span class='ocrx_word' id='word_1_671' title='bbox 451 4852 514 4909; x_wconf 90' lang='lat' dir='ltr'><strong>licet</strong></span> <span class='ocrx_word' id='word_1_672' title='bbox 544 4859 674 4926; x_wconf 87' lang='lat' dir='ltr'><strong>utrasque</strong></span> <span class='ocrx_word' id='word_1_673' title='bbox 691 4853 772 4910; x_wconf 88' lang='lat' dir='ltr'><strong>utiles</strong></span> <span class='ocrx_word' id='word_1_674' title='bbox 789 4854 934 4928; x_wconf 82' lang='lat' dir='ltr'><strong>significet,</strong></span> <span class='ocrx_word' id='word_1_675' title='bbox 988 4866 1066 4931; x_wconf 83' lang='lat' dir='ltr'><strong>xxx).</strong></span> <span class='ocrx_word' id='word_1_676' title='bbox 1083 4861 1159 4916; x_wconf 77' lang='lat' dir='ltr'><strong>Etio</strong></span> <span class='ocrx_word' id='word_1_677' title='bbox 1175 4858 1356 4932; x_wconf 75' lang='lat' dir='ltr'><strong>Apocalypsi:</strong></span> <span class='ocrx_word' id='word_1_678' title='bbox 1372 4860 1428 4929; x_wconf 77' lang='lat' dir='ltr'><strong>Epo</strong></span> <span class='ocrx_word' id='word_1_679' title='bbox 1442 4876 1507 4930; x_wconf 85' lang='lat' dir='ltr'><strong>qnos</strong></span> <span class='ocrx_word' id='word_1_680' title='bbox 1522 4876 1594 4929; x_wconf 81' lang='lat' dir='ltr'><strong>amo,</strong></span> <span class='ocrx_word' id='word_1_681' title='bbox 1608 4866 1789 4932; x_wconf 71' lang='lat' dir='ltr'><strong>arquoetaa·</strong></span> 
     </span>
     <span class='ocr_line' id='line_1_51' title="bbox 134 4946 1790 5026; baseline 0.005 -22"><span class='ocrx_word' id='word_1_682' title='bbox 134 4957 228 5004; x_wconf 81' lang='lat' dir='ltr'><strong>tamur</strong></span> <span class='ocrx_word' id='word_1_683' title='bbox 236 4946 312 5003; x_wconf 89' lang='lat' dir='ltr'><strong>illam</strong></span> <span class='ocrx_word' id='word_1_684' title='bbox 325 4948 472 5020; x_wconf 85' lang='lat' dir='ltr'><strong>suocapite</strong></span> <span class='ocrx_word' id='word_1_685' title='bbox 485 4962 537 5004; x_wconf 89' lang='lat' dir='ltr'><strong>suo</strong></span> <span class='ocrx_word' id='word_1_686' title='bbox 550 4947 641 5019; x_wconf 86' lang='lat' dir='ltr'><strong>ponit,</strong></span> <span class='ocrx_word' id='word_1_687' title='bbox 655 4949 718 5020; x_wconf 90' lang='lat' dir='ltr'><strong>quia</strong></span> <span class='ocrx_word' id='word_1_688' title='bbox 730 4947 869 5021; x_wconf 86' lang='lat' dir='ltr'><strong>subjacere</strong></span> <span class='ocrx_word' id='word_1_689' title='bbox 883 4948 934 5006; x_wconf 90' lang='lat' dir='ltr'><strong>de·</strong></span> <span class='ocrx_word' id='word_1_690' title='bbox 987 4959 1058 5025; x_wconf 81' lang='lat' dir='ltr'><strong>stipo</strong></span> <span class='ocrx_word' id='word_1_691' title='bbox 1068 4955 1167 5026; x_wconf 80' lang='lat' dir='ltr'><strong>(Apoc.</strong></span> <span class='ocrx_word' id='word_1_692' title='bbox 1177 4952 1235 5023; x_wconf 87' lang='lat'>111).</span> <span class='ocrx_word' id='word_1_693' title='bbox 1246 4953 1291 5010; x_wconf 79' lang='lat' dir='ltr'><strong>sd</strong></span> <span class='ocrx_word' id='word_1_694' title='bbox 1302 4968 1371 5026; x_wconf 91' lang='lat' dir='ltr'><strong>quos</strong></span> <span class='ocrx_word' id='word_1_695' title='bbox 1382 4952 1624 5025; x_wconf 80' lang='lat' dir='ltr'><strong>otiamsubligura</strong></span> <span class='ocrx_word' id='word_1_696' title='bbox 1636 4953 1790 5012; x_wconf 80' lang='lat' dir='ltr'><strong>Jerusalem</strong></span> 
     </span>
     <span class='ocr_line' id='line_1_52' title="bbox 134 5040 1790 5124; baseline 0.002 -25"><span class='ocrx_word' id='word_1_697' title='bbox 134 5043 200 5099; x_wconf 87' lang='lat' dir='ltr'><strong>bont</strong></span> <span class='ocrx_word' id='word_1_698' title='bbox 214 5040 334 5098; x_wconf 86' lang='lat' dir='ltr'><strong>adversae</strong></span> <span class='ocrx_word' id='word_1_699' title='bbox 345 5049 435 5112; x_wconf 88' lang='lat' dir='ltr'><strong>partes</strong></span> <span class='ocrx_word' id='word_1_700' title='bbox 449 5041 588 5114; x_wconf 91' lang='lat' dir='ltr'><strong>principali</strong></span> <span class='ocrx_word' id='word_1_701' title='bbox 599 5043 702 5100; x_wconf 89' lang='lat' dir='ltr'><strong>cordis.</strong></span> <span class='ocrx_word' id='word_1_702' title='bbox 718 5044 762 5101; x_wconf 80' lang='lat' dir='ltr'><strong>nd</strong></span> <span class='ocrx_word' id='word_1_703' title='bbox 780 5044 832 5102; x_wconf 88' lang='lat' dir='ltr'><strong>hoc</strong></span> <span class='ocrx_word' id='word_1_704' title='bbox 846 5045 933 5118; x_wconf 90' lang='lat' dir='ltr'><strong>siqui-</strong></span> <span class='ocrx_word' id='word_1_705' title='bbox 988 5063 1022 5106; x_wconf 91' lang='lat' dir='ltr'><strong>ex</strong></span> <span class='ocrx_word' id='word_1_706' title='bbox 1038 5063 1154 5121; x_wconf 90' lang='lat' dir='ltr'><strong>persona</strong></span> <span class='ocrx_word' id='word_1_707' title='bbox 1169 5049 1221 5105; x_wconf 89' lang='lat' dir='ltr'><strong>Dei</strong></span> <span class='ocrx_word' id='word_1_708' title='bbox 1237 5047 1274 5104; x_wconf 87' lang='lat' dir='ltr'><strong>ita</strong></span> <span class='ocrx_word' id='word_1_709' title='bbox 1287 5063 1337 5120; x_wconf 89' lang='lat' dir='ltr'><strong>per</strong></span> <span class='ocrx_word' id='word_1_710' title='bbox 1360 5048 1511 5104; x_wconf 79' lang='lat' dir='ltr'><strong>ieremiam</strong></span> <span class='ocrx_word' id='word_1_711' title='bbox 1527 5062 1620 5104; x_wconf 88' lang='lat' dir='ltr'><strong>sermo</strong></span> <span class='ocrx_word' id='word_1_712' title='bbox 1638 5048 1790 5124; x_wconf 75' lang='lat' dir='ltr'><strong>dirigitur:</strong></span> 
     </span>
     <span class='ocr_line' id='line_1_53' title="bbox 135 5137 1793 5215; baseline 0.001 -19"><span class='ocrx_word' id='word_1_713' title='bbox 135 5139 199 5197; x_wconf 93' lang='lat' dir='ltr'><strong>dem</strong></span> <span class='ocrx_word' id='word_1_714' title='bbox 218 5139 328 5195; x_wconf 90' lang='lat' dir='ltr'><strong>tantum</strong></span> <span class='ocrx_word' id='word_1_715' title='bbox 347 5137 428 5193; x_wconf 92' lang='lat' dir='ltr'><strong>utiles</strong></span> <span class='ocrx_word' id='word_1_716' title='bbox 442 5146 518 5204; x_wconf 88' lang='lat' dir='ltr'><strong>sunt,</strong></span> <span class='ocrx_word' id='word_1_717' title='bbox 532 5146 564 5194; x_wconf 93' lang='lat' dir='ltr'><strong>ut</strong></span> <span class='ocrx_word' id='word_1_718' title='bbox 574 5155 624 5211; x_wconf 90' lang='lat' dir='ltr'><strong>pro</strong></span> <span class='ocrx_word' id='word_1_719' title='bbox 645 5148 770 5213; x_wconf 91' lang='lat' dir='ltr'><strong>tempore</strong></span> <span class='ocrx_word' id='word_1_720' title='bbox 782 5158 835 5200; x_wconf 91' lang='lat' dir='ltr'><strong>nos</strong></span> <span class='ocrx_word' id='word_1_721' title='bbox 856 5158 935 5200; x_wconf 87' lang='lat' dir='ltr'><strong>exer·</strong></span> <span class='ocrx_word' id='word_1_722' title='bbox 988 5147 1095 5202; x_wconf 76' lang='lat' dir='ltr'><strong>Famam</strong></span> <span class='ocrx_word' id='word_1_723' title='bbox 1104 5146 1174 5200; x_wconf 86' lang='lat' dir='ltr'><strong>enim</strong></span> <span class='ocrx_word' id='word_1_724' title='bbox 1183 5145 1435 5200; x_wconf 74' lang='lat' dir='ltr'><strong>consummationes</strong></span> <span class='ocrx_word' id='word_1_725' title='bbox 1448 5145 1479 5198; x_wconf 87' lang='lat' dir='ltr'><strong>in</strong></span> <span class='ocrx_word' id='word_1_726' title='bbox 1492 5144 1615 5200; x_wconf 89' lang='lat' dir='ltr'><strong>omnibus</strong></span> <span class='ocrx_word' id='word_1_727' title='bbox 1627 5145 1793 5215; x_wconf 80' lang='lat' dir='ltr'><strong>pentibusirr</strong></span> 
     </span>
     <span class='ocr_line' id='line_1_54' title="bbox 136 5228 1793 5311; baseline 0.005 -22"><span class='ocrx_word' id='word_1_728' title='bbox 136 5243 215 5289; x_wconf 88' lang='lat' dir='ltr'><strong>ceant</strong></span> <span class='ocrx_word' id='word_1_729' title='bbox 228 5241 256 5290; x_wconf 88' lang='lat' dir='ltr'><strong>et</strong></span> <span class='ocrx_word' id='word_1_730' title='bbox 268 5231 395 5289; x_wconf 85' lang='lat' dir='ltr'><strong>erudiant</strong></span> <span class='ocrx_word' id='word_1_731' title='bbox 404 5228 439 5286; x_wconf 92' lang='lat' dir='ltr'><strong>ad</strong></span> <span class='ocrx_word' id='word_1_732' title='bbox 449 5230 575 5302; x_wconf 86' lang='lat' dir='ltr'><strong>salutem,</strong></span> <span class='ocrx_word' id='word_1_733' title='bbox 589 5248 622 5289; x_wconf 87' lang='lat' dir='ltr'><strong>nc</strong></span> <span class='ocrx_word' id='word_1_734' title='bbox 632 5230 765 5306; x_wconf 87' lang='lat' dir='ltr'><strong>perfectos</strong></span> <span class='ocrx_word' id='word_1_735' title='bbox 778 5235 814 5292; x_wconf 89' lang='lat' dir='ltr'><strong>ad</strong></span> <span class='ocrx_word' id='word_1_736' title='bbox 829 5236 933 5308; x_wconf 91' lang='lat' dir='ltr'><strong>patien·</strong></span> <span class='ocrx_word' id='word_1_737' title='bbox 988 5240 1085 5311; x_wconf 85' lang='lat' dir='ltr'><strong>quibus</strong></span> <span class='ocrx_word' id='word_1_738' title='bbox 1100 5239 1252 5310; x_wconf 74' lang='lat' dir='ltr'><strong>dispertite</strong></span> <span class='ocrx_word' id='word_1_739' title='bbox 1260 5258 1268 5305; x_wconf 78' lang='lat'><em>3</em></span> <span class='ocrx_word' id='word_1_740' title='bbox 1277 5244 1302 5295; x_wconf 87' lang='lat' dir='ltr'><strong>te</strong></span> <span class='ocrx_word' id='word_1_741' title='bbox 1314 5244 1464 5294; x_wconf 87' lang='lat' dir='ltr'><strong>autarnnon</strong></span> <span class='ocrx_word' id='word_1_742' title='bbox 1473 5241 1576 5307; x_wconf 68' lang='lat' dir='ltr'><strong>sociam</strong></span> <span class='ocrx_word' id='word_1_743' title='bbox 1586 5242 1793 5297; x_wconf 78' lang='lat' dir='ltr'><strong>inconsumma-</strong></span> 
     </span>
     <span class='ocr_line' id='line_1_55' title="bbox 136 5324 1795 5403; baseline 0.005 -21"><span class='ocrx_word' id='word_1_744' title='bbox 136 5327 205 5382; x_wconf 89' lang='lat' dir='ltr'><strong>tiam</strong></span> <span class='ocrx_word' id='word_1_745' title='bbox 212 5324 344 5393; x_wconf 65' lang='lat' dir='ltr'><strong>taddeum</strong></span> <span class='ocrx_word' id='word_1_746' title='bbox 362 5325 503 5382; x_wconf 84' lang='lat' dir='ltr'><strong>dexteram</strong></span> <span class='ocrx_word' id='word_1_747' title='bbox 515 5342 580 5383; x_wconf 82' lang='lat' dir='ltr'><strong>vero</strong></span> <span class='ocrx_word' id='word_1_748' title='bbox 595 5327 630 5384; x_wconf 93' lang='lat' dir='ltr'><strong>ad</strong></span> <span class='ocrx_word' id='word_1_749' title='bbox 646 5328 846 5385; x_wconf 89' lang='lat' dir='ltr'><strong>confovendam</strong></span> <span class='ocrx_word' id='word_1_750' title='bbox 860 5346 890 5388; x_wconf 90' lang='lat' dir='ltr'><strong>se</strong></span> <span class='ocrx_word' id='word_1_751' title='bbox 901 5348 934 5389; x_wconf 91' lang='lat' dir='ltr'><strong>ac</strong></span> <span class='ocrx_word' id='word_1_752' title='bbox 988 5337 1093 5394; x_wconf 72' lang='lat' dir='ltr'><strong>nonan,</strong></span> <span class='ocrx_word' id='word_1_753' title='bbox 1104 5333 1151 5387; x_wconf 88' lang='lat' dir='ltr'><strong>sed</strong></span> <span class='ocrx_word' id='word_1_754' title='bbox 1160 5333 1292 5402; x_wconf 82' lang='lat' dir='ltr'><strong>mstipabo</strong></span> <span class='ocrx_word' id='word_1_755' title='bbox 1303 5336 1329 5387; x_wconf 81' lang='lat' dir='ltr'><strong>te</strong></span> <span class='ocrx_word' id='word_1_756' title='bbox 1341 5332 1494 5403; x_wconf 82' lang='lat' dir='ltr'><strong>injudicio,</strong></span> <span class='ocrx_word' id='word_1_757' title='bbox 1504 5337 1535 5387; x_wconf 91' lang='lat' dir='ltr'><strong>ut</strong></span> <span class='ocrx_word' id='word_1_758' title='bbox 1546 5348 1600 5388; x_wconf 85' lang='lat' dir='ltr'><strong>non</strong></span> <span class='ocrx_word' id='word_1_759' title='bbox 1614 5333 1795 5390; x_wconf 81' lang='lat' dir='ltr'><strong>tibioidaoris</strong></span> 
     </span>
     <span class='ocr_line' id='line_1_56' title="bbox 136 5419 1842 5500; baseline 0.004 -22"><span class='ocrx_word' id='word_1_760' title='bbox 136 5428 266 5496; x_wconf 88' lang='lat' dir='ltr'><strong>perpetuo</strong></span> <span class='ocrx_word' id='word_1_761' title='bbox 293 5419 514 5478; x_wconf 81' lang='lat' dir='ltr'><strong>&#39;conservandam</strong></span> <span class='ocrx_word' id='word_1_762' title='bbox 547 5420 658 5478; x_wconf 90' lang='lat' dir='ltr'><strong>salutari</strong></span> <span class='ocrx_word' id='word_1_763' title='bbox 688 5423 814 5496; x_wconf 89' lang='lat' dir='ltr'><strong>amplexu</strong></span> <span class='ocrx_word' id='word_1_764' title='bbox 840 5430 933 5499; x_wconf 90' lang='lat' dir='ltr'><strong>sponsi</strong></span> <span class='ocrx_word' id='word_1_765' title='bbox 987 5429 1233 5496; x_wconf 79' lang='lat' dir='ltr'><strong>inmaiuslierem.</strong></span> <span class='ocrx_word' id='word_1_766' title='bbox 1246 5428 1396 5496; x_wconf 86' lang='lat' dir='ltr'><strong>xxx).Pro</strong></span> <span class='ocrx_word' id='word_1_767' title='bbox 1407 5443 1464 5500; x_wconf 93' lang='lat' dir='ltr'><strong>qua</strong></span> <span class='ocrx_word' id='word_1_768' title='bbox 1475 5426 1588 5485; x_wconf 87' lang='lat' dir='ltr'><strong>salutari</strong></span> <span class='ocrx_word' id='word_1_769' title='bbox 1596 5426 1794 5487; x_wconf 83' lang='lat' dir='ltr'><strong>emendations</strong></span> <span class='ocrx_word' id='word_1_770' title='bbox 1839 5430 1842 5441; x_wconf 91' lang='grc'><strong>’</strong></span> 
     </span>
    </p>
   </div>
   <div class='ocr_carea' id='block_1_5' title="bbox 680 5530 1239 5592">
    <p class='ocr_par' dir='ltr' id='par_1_7' title="bbox 680 5530 1239 5592">
     <span class='ocr_line' id='line_1_57' title="bbox 680 5530 1239 5592; baseline 0.007 -7"><span class='ocrx_word' id='word_1_771' title='bbox 680 5530 808 5588; x_wconf 72' lang='lat' dir='ltr'><strong>ALARDl</strong></span> <span class='ocrx_word' id='word_1_772' title='bbox 827 5533 939 5591; x_wconf 75' lang='lat' dir='ltr'><strong>anmr</strong></span> <span class='ocrx_word' id='word_1_773' title='bbox 958 5534 1239 5592; x_wconf 67' lang='lat' dir='ltr'><strong>conuentorum.</strong></span> 
     </span>
    </p>
   </div>
   <div class='ocr_carea' id='block_1_6' title="bbox 135 5635 1792 5785">
    <p class='ocr_par' dir='ltr' id='par_1_8' title="bbox 135 5635 1792 5785">
     <span class='ocr_line' id='line_1_58' title="bbox 170 5635 1792 5720; baseline 0.009 -29"><span class='ocrx_word' id='word_1_774' title='bbox 170 5645 183 5670; x_wconf 88' lang='grc'><em>·</em></span> <span class='ocrx_word' id='word_1_775' title='bbox 194 5636 302 5693; x_wconf 87' lang='lat' dir='ltr'><strong>Scilicet</strong></span> <span class='ocrx_word' id='word_1_776' title='bbox 313 5640 419 5720; x_wconf 39' lang='lat' dir='ltr'><strong>a·1)eo;</strong></span> <span class='ocrx_word' id='word_1_777' title='bbox 433 5636 515 5720; x_wconf 76' lang='lat' dir='ltr'><strong>deca</strong></span> <span class='ocrx_word' id='word_1_778' title='bbox 530 5635 603 5693; x_wconf 89' lang='lat' dir='ltr'><strong>enim</strong></span> <span class='ocrx_word' id='word_1_779' title='bbox 622 5639 774 5695; x_wconf 90' lang='lat' dir='ltr'><strong>tentatione</strong></span> <span class='ocrx_word' id='word_1_780' title='bbox 787 5639 832 5697; x_wconf 91' lang='lat' dir='ltr'><strong>bic</strong></span> <span class='ocrx_word' id='word_1_781' title='bbox 844 5642 935 5715; x_wconf 92' lang='lat' dir='ltr'><strong>loqui·</strong></span> <span class='ocrx_word' id='word_1_782' title='bbox 989 5645 1098 5717; x_wconf 86' lang='lat' dir='ltr'><strong>triplex,</strong></span> <span class='ocrx_word' id='word_1_783' title='bbox 1110 5645 1197 5702; x_wconf 93' lang='lat' dir='ltr'><strong>immo</strong></span> <span class='ocrx_word' id='word_1_784' title='bbox 1210 5646 1377 5720; x_wconf 88' lang='lat' dir='ltr'><strong>quadmplex</strong></span> <span class='ocrx_word' id='word_1_785' title='bbox 1400 5661 1481 5704; x_wconf 88' lang='lat' dir='ltr'><strong>causa</strong></span> <span class='ocrx_word' id='word_1_786' title='bbox 1504 5645 1561 5703; x_wconf 85' lang='lat' dir='ltr'><strong>sire</strong></span> <span class='ocrx_word' id='word_1_787' title='bbox 1576 5648 1648 5706; x_wconf 87' lang='lat' dir='ltr'><strong>ratio</strong></span> <span class='ocrx_word' id='word_1_788' title='bbox 1661 5645 1709 5705; x_wconf 91' lang='lat' dir='ltr'><strong>bic</strong></span> <span class='ocrx_word' id='word_1_789' title='bbox 1729 5644 1792 5704; x_wconf 84' lang='lat' dir='ltr'><strong>rad·</strong></span> 
     </span>
     <span class='ocr_line' id='line_1_59' title="bbox 135 5709 1075 5785; baseline 0.013 -23"><span class='ocrx_word' id='word_1_790' title='bbox 135 5709 426 5779; x_wconf 85' lang='lat' dir='ltr'><strong>turquamScrrptura</strong></span> <span class='ocrx_word' id='word_1_791' title='bbox 453 5709 636 5779; x_wconf 80' lang='lat' dir='ltr'><strong>disciplinam,</strong></span> <span class='ocrx_word' id='word_1_792' title='bbox 657 5709 849 5781; x_wconf 88' lang='lat' dir='ltr'><strong>eruditionem,</strong></span> <span class='ocrx_word' id='word_1_793' title='bbox 873 5730 935 5785; x_wconf 90' lang='lat' dir='ltr'><strong>pro·</strong></span> <span class='ocrx_word' id='word_1_794' title='bbox 988 5715 1075 5774; x_wconf 88' lang='lat' dir='ltr'><strong>ditur.</strong></span> 
     </span>
    </p>
   </div>
   <div class='ocr_carea' id='block_1_7' title="bbox 123 5779 936 5857">
    <p class='ocr_par' dir='ltr' id='par_1_9' title="bbox 123 5779 936 5857">
     <span class='ocr_line' id='line_1_60' title="bbox 123 5779 936 5857; baseline 0.007 -21"><span class='ocrx_word' id='word_1_795' title='bbox 123 5779 279 5850; x_wconf 77' lang='lat' dir='ltr'><strong>irationem,</strong></span> <span class='ocrx_word' id='word_1_796' title='bbox 294 5779 514 5856; x_wconf 74' lang='lat' dir='ltr'><strong>castigationem,</strong></span> <span class='ocrx_word' id='word_1_797' title='bbox 526 5781 732 5854; x_wconf 87' lang='lat' dir='ltr'><strong>percussionem</strong></span> <span class='ocrx_word' id='word_1_798' title='bbox 745 5793 824 5841; x_wconf 91' lang='lat' dir='ltr'><strong>vocat</strong></span> <span class='ocrx_word' id='word_1_799' title='bbox 837 5805 843 5838; x_wconf 95' lang='lat'>:</span> <span class='ocrx_word' id='word_1_800' title='bbox 858 5785 936 5857; x_wconf 87' lang='lat' dir='ltr'><strong>cujus</strong></span> 
     </span>
    </p>
   </div>
   <div class='ocr_carea' id='block_1_8' title="bbox 0 0 1935 6148">
    <p class='ocr_par' dir='ltr' id='par_1_10' title="bbox 0 0 1935 6148">
     <span class='ocr_line' id='line_1_61' title="bbox 0 0 1935 6148; baseline 0 0"><span class='ocrx_word' id='word_1_801' title='bbox 0 0 1935 6148; x_wconf 95' lang='lat' dir='ltr'><strong> </strong></span> 
     </span>
    </p>
   </div>
  </div>
 </body>
</html>
