3848 6158
131 255 195 310 llll
489 247 658 307 coemtio
676 247 743 304 xlx.
760 272 797 287 -
815 244 861 301 lta
879 240 958 299 elne
975 240 1174 299 GOENOBlTAE
1192 244 1237 300 ET
1256 244 1431 303 EBEhilTAE.
1717 249 1786 305 lllt

129 380 258 443 instituti,
274 393 327 434 nec
346 376 465 434 excoctis
483 374 622 447 prioribus
638 372 710 429 vitiis
730 369 765 427 ad
781 368 928 427 solitariam
942 368 969 435 A
982 366 1026 423 dix
1039 369 1175 437 omnium,
1187 384 1250 441 quaa
1263 370 1406 443 exstirpata
1422 387 1478 428 non
1490 371 1592 443 iuerat,
1612 382 1785 445 peecatomm

130 492 160 533 se
173 475 258 531 vitam
277 473 428 528 immaturo
448 469 584 527 (ιιιιιιιιιο
604 465 819 532 transtulerunt;
838 462 883 534 qui
902 462 931 517 in
984 479 1068 532 quarn
1081 461 1171 520 adhuc
1190 465 1219 520 in
1232 465 1312 522 noble
1325 466 1413 523 virere
1432 465 1476 525 his
1498 467 1726 541 deprehendimus
1741 470 1786 527 in·

131 577 246 638 utraque
265 575 342 639 parte
363 563 513 639 imperfecti
533 577 641 635 semper
665 576 698 617 ac
718 559 837 631 fragiles,
859 571 931 630 quo·
985 556 1072 615 diciis.
1098 558 1179 614 Verbi
1202 559 1289 632 gratia
1304 581 1311 616 :
1327 561 1398 618 Cum
1416 561 1444 618 in
1463 564 1610 622 solitudine
1633 565 1784 634 constituti,

129 676 248 735 cumque
270 676 335 717 aura
356 658 552 716 commotionis
574 654 726 729 impulerit,
755 651 931 709 inclinantur.
985 650 1132 709 adventum
1145 651 1265 710 fratrum
1284 654 1326 710 uel
1346 654 1534 713 breuissimam
1557 673 1654 714 eorum
1673 675 1784 717 moram

129 758 202 813 Nam
227 754 461 828 quemadmodum
486 751 624 809 consortio
648 749 690 804 rel
719 746 933 817 interpellatione
985 762 1050 803 cum
1064 746 1182 819 quadam
1196 750 1338 806 aestuantis
1355 750 1437 807 animi
1453 751 1587 809 anxietate
1608 754 1784 826 suscipimus,

130 849 247 908 fratrum
256 850 428 922 impatienter
442 847 651 913 exaestuarent
663 845 692 900 in
705 841 930 900 solitudinecon-
985 840 1074 898 inesse
1086 841 1175 899 adhuc
1189 842 1218 900 in
1231 842 1311 900 nobis
1324 843 1527 903 vivacissimum
1541 846 1721 919 impatientias
1739 847 1785 904 io-

130 944 256 1002 sistenies
280 944 339 1016 ejus
365 941 449 1014 ipsius
473 940 549 1014 quod
568 946 725 1011 expetunt⁸
748 934 848 992 silentii
875 948 931 988 non
984 937 1080 992 mitem
1093 936 1265 1004 noverimus3
1284 954 1348 993 cum
1362 954 1428 995 vero
1440 939 1602 1013 quusqnnm
1613 940 1705 997 fratris
1722 957 1783 1014 spe·

130 1039 222 1096 ierunt
236 1038 408 1103 vastitatem,
422 1035 521 1107 quippe
533 1033 578 1107 qui
599 1048 634 1089 ne
657 1032 743 1103 ipsam
762 1027 871 1102 quidem
885 1042 931 1082 ra·

128 1134 235 1191 tionem
248 1138 360 1199 norunt,
373 1131 451 1202 cujus
463 1144 544 1186 eausa
556 1125 704 1185 desiderari
722 1124 763 1180 vel
777 1123 866 1196 expeti
881 1120 931 1178 da-

131 1227 194 1283 beat
207 1225 337 1291 solitudo,
350 1222 398 1281 sed
413 1223 483 1278 hanc
503 1236 561 1278 esse
575 1219 684 1277 virtutis
702 1232 736 1277 ac
754 1216 932 1290 professionis

130 1322 211 1378 istius
224 1321 381 1377 existimant
395 1332 547 1384 summam,
560 1326 591 1374 ut
603 1316 718 1372 fratrum
733 1312 870 1370 consortia
883 1309 931 1367 de·

129 1417 269 1481 clinantes,
284 1415 419 1472 lrumanos
440 1410 632 1470 tantummodo
646 1408 782 1482 refugiant
801 1423 833 1465 ac
854 1404 932 1463 dete-

130 1518 236 1567 stentur
246 1518 381 1581 aspectus.

439 1600 559 1656 CAPUT
576 1599 629 1653 Xl.

130 1707 311 1776 interropniio
330 1704 363 1759 de
380 1704 497 1759 renedio
512 1717 601 1757 eornm
623 1696 790 1770 quintode
810 1692 930 1748 cenobiis

454 1775 605 1829 discedunt.

167 1880 324 1937 Germanus
348 1897 354 1931 ι
375 1877 438 1946 Quo
453 1891 518 1948 ergo
530 1874 575 1930 vel
594 1872 674 1930 nobis
694 1871 735 1927 rel
759 1868 866 1926 eaeteris
885 1866 931 1938 qui

132 1972 256 2044 ejusdem
280 1970 434 2042 fragilitatis
451 1978 534 2041 atque
553 1967 671 2023 miseriae
691 1967 776 2036 [lips.
790 1967 821 2019 in
842 1978 929 2031 marq.

131 2080 271 2121 mensurae
281 2066 290 2132 ]
301 2071 377 2130 sunt,
396 2061 521 2120 remedio
535 2061 635 2133 poterit
647 2058 798 2127 subreniri,
813 2055 858 2128 qui
872 2070 931 2113 ιιι-

131 2157 285 2215 nobialibus
308 2157 456 2229 disciplinis
474 2158 592 2213 tenuiter
608 2153 737 2222 instituti,
751 2162 816 2209 ante
831 2150 931 2223 expul-

130 2254 235 2310 sionem
250 2253 380 2310 omninm
402 2252 544 2320 vitiorum,
563 2250 760 2306 habitationem
778 2244 933 2303 solitudinis

130 2349 265 2420 coepimus
276 2347 416 2409 affectare,
431 2347 472 2404 rel
483 2362 538 2419 quo
550 2354 626 2418 pacto
636 2342 839 2416 imperturbate
852 2355 932 2396 men·

131 2445 165 2500 tis
185 2443 369 2499 constantiam
385 2450 413 2499 et
434 2441 605 2498 immobilem
628 2437 766 2512 patientie
783 2435 932 2508 poterimus

985 1044 1078 1085 ramus
1092 1029 1249 1099 adventum,
1264 1032 1287 1088 si
1300 1048 1333 1089 eo
1347 1049 1397 1105 pro
1410 1035 1572 1091 necessitate
1585 1035 1674 1108 aliqua
1687 1036 1785 1109 paulu-

984 1124 1044 1180 lum
1057 1121 1172 1180 forsitan
1184 1124 1362 1190 demorante,
1378 1129 1420 1184 rel
1434 1129 1515 1185 tacita
1530 1129 1678 1202 indignatio
1700 1130 1786 1188 nimia

984 1218 1044 1291 ejus
1062 1217 1209 1290 culpaverit
1221 1218 1390 1290 tarditatem,
1404 1230 1431 1277 et
1445 1231 1567 1279 mentem
1584 1233 1710 1280 noemam
1730 1225 1784 1281 im·

985 1312 1102 1369 modicas
1115 1314 1327 1385 exspectationis
1340 1314 1493 1374 sollicitudo
1508 1316 1671 1385 turbaverit,
1685 1319 1733 1375 irae
1746 1326 1787 1375 at-

985 1421 1039 1477 que
1057 1406 1175 1463 tristitiae
1194 1406 1338 1464 manifeste
1360 1408 1389 1464 in
1403 1409 1481 1466 nobis
1497 1410 1561 1467 vitia
1579 1410 1700 1469 residere
1721 1426 1786 1467 con·

986 1500 1108 1556 scientie
1121 1510 1223 1557 nostrae
1235 1501 1359 1573 probavit
1376 1517 1502 1560 examen.
1519 1507 1590 1560 ltem
1602 1504 1624 1560 si
1643 1505 1729 1562 fratre
1745 1505 1786 1563 rel

983 1591 1103 1649 codicem
1118 1593 1153 1650 ad
1168 1593 1314 1667 legendum
1325 1594 1367 1651 rel
1380 1596 1532 1668 quamlibet
1554 1598 1634 1653 aliam
1655 1598 1691 1654 ad
1705 1608 1787 1654 nten-

983 1684 1051 1743 dum
1064 1686 1182 1758 speciem
1202 1688 1369 1760 postulante,
1388 1698 1436 1746 aut
1452 1706 1503 1746 nos
1520 1690 1591 1747 illius
1605 1691 1699 1764 petitio
1718 1707 1786 1748 con·

945 1784 969 1848 Β
983 1778 1143 1848 tristaverit,
1155 1788 1202 1836 aut
1214 1779 1291 1837 illum
1300 1782 1406 1853 negatio
1418 1792 1512 1839 nostra
1524 1783 1664 1855 repulerit,
1672 1782 1786 1840 dubium

986 1889 1043 1929 non
1062 1881 1105 1929 est
1114 1889 1167 1930 nos
1186 1873 1276 1932 adbuc
1294 1875 1412 1956 asenne
1426 1890 1474 1932 seu
1491 1876 1665 1950 philargyris
1685 1876 1788 1948 laqueis

986 1967 1147 2040 compediri.
1159 1969 1240 2041 Quod
1252 1969 1275 2025 si
1291 1969 1513 2027 recordationem
1531 1970 1643 2028 femine
1653 1970 1733 2028 nobis
1745 1972 1787 2027 vel

984 2062 1114 2135 cogitatio
1137 2060 1226 2118 subita
1246 2063 1286 2119 rel
1306 2078 1390 2120 sacrae
1404 2065 1489 2120 series
1507 2064 1631 2121 lectionis
1655 2063 1787 2132 attulerit,

985 2164 1013 2213 ct
1026 2157 1055 2213 ιιι
1064 2172 1096 2214 ea
1108 2157 1226 2229 quadam
1240 2173 1292 2214 nos
1307 2158 1471 2215 senserimus
1484 2158 1636 2215 titillatione
1652 2159 1786 2231 pulsatos,

985 2252 1104 2308 sciamus
1116 2250 1234 2308 necdum
1249 2253 1414 2309 exstinctum
1425 2253 1453 2308 in
1466 2252 1600 2310 membris
1612 2253 1715 2310 nostris
1727 2251 1788 2309 ior-

985 2344 1129 2402 nicationis
1139 2345 1277 2402 ardorem.
1288 2347 1316 2402 Si
1327 2363 1392 2403 vero
1402 2346 1436 2402 de
1450 2347 1656 2418 comparatione
1666 2347 1788 2404 strictio·

986 2439 1028 2495 nis
1039 2447 1141 2496 nostras
1155 2448 1183 2495 et
1196 2440 1367 2497 remissionis
1377 2440 1474 2497 alienae
1483 2441 1522 2496 vel
1536 2439 1694 2497 tenuissima
1707 2457 1788 2497 men-

131 2537 333 2611 apprehendere
351 2536 532 2602 firmitatem,-
550 2535 597 2607 qui
628 2533 700 2604 ipsas
725 2528 931 2603 quodammodo
985 2541 1040 2589 tem
1069 2542 1194 2589 nostram
1217 2533 1331 2590 tentarit
1353 2534 1446 2601 elatio,
1462 2542 1567 2590 certum
1590 2543 1632 2591 est
1658 2533 1717 2591 dira
1738 2550 1790 2591 nos

129 2632 238 2690 scholas
251 2641 279 2688 et
295 2631 496 2688 exercitationis
509 2629 592 2702 hujus
606 2629 773 2700 palestram,
790 2624 817 2680 in
831 2639 884 2697 qua
896 2621 932 2679 ad
985 2630 1121 2702 superbiae
1143 2638 1218 2701 peste
1242 2639 1398 2704 corruptos.
1412 2631 1483 2688 Cum
1497 2631 1557 2688 lraec
1578 2647 1644 2704 ergo
1664 2630 1691 2687 in
1706 2630 1789 2687 corde

129 2728 239 2799 plenum
259 2726 361 2782 erudiri
384 2740 417 2781 ac
441 2724 534 2796 perlici
556 2722 690 2796 principia
715 2729 810 2776 nostra
832 2718 933 2775 debue-
985 2732 1080 2780 nostro
1094 2722 1355 2796 deprehenderimus
1373 2724 1502 2781 vitiorum
1517 2724 1627 2790 indicia,
1643 2721 1789 2780 manifeste

129 2828 200 2887 rant,
213 2818 406 2890 intempestive
419 2817 572 2874 intermissa
593 2813 710 2871 coenobii
724 2811 931 2868 conversatione
984 2815 1335 2890 aognosesmusnobisnon
1348 2817 1489 2885 affectum,
1498 2817 1546 2874 sed
1553 2816 1683 2873 effectum
1696 2815 1790 2873 deesse

129 2909 341 2982 dereliquimus3
358 2911 475 2981 qualiter
493 2925 559 2981 ergo
573 2924 647 2964 nnnc
661 2906 784 2964 solitarie
804 2920 930 2962 commo·
983 2911 1096 2982 peccati.
1125 2913 1196 2983 Quae
1214 2911 1307 2985 utique
1322 2913 1477 2983 passiones,
1506 2912 1528 2968 si
1548 2927 1600 2968 nos
1622 2910 1787 2984 quandoque

130 3012 239 3072 rantes,
268 3002 463 3075 perlectionem
495 3002 709 3074 longanimitatis
736 3016 769 3057 ac
797 2999 932 3072 patientie
985 3004 1185 3061 conversationi
1200 3004 1392 3061 miscuerimus
1403 3004 1543 3073 humanae,
1558 3006 1682 3077 protinus
1696 3003 1732 3061 de
1742 3020 1789 3059 ca·

131 3111 341 3169 consequemur,
357 3095 397 3151 rel
409 3094 645 3168 quemadmodum
657 3093 706 3150 has
721 3092 774 3150 sibi
789 3093 877 3149 inesse
890 3092 931 3148 vel

986 3098 1075 3153 vernis
1094 3107 1252 3155 nostrorum
1269 3113 1400 3155 sensuum
1422 3098 1610 3170 procedentes,
1631 3096 1789 3169 probantes

129 3190 224 3247 deesse
232 3190 347 3246 virtutes
360 3188 527 3261 exploratrix
541 3188 714 3244 internorum
729 3194 858 3243 moillllm
871 3201 936 3242 con·
951 3174 974 3239 C
989 3206 1046 3246 non
1055 3201 1121 3247 illnc
1133 3193 1253 3264 primum
1265 3207 1329 3247 cum
1346 3192 1487 3263 eruperint
1500 3192 1587 3259 nasei,
1600 3190 1649 3248 sed
1664 3198 1730 3248 tunc
1742 3191 1789 3248 de-

129 3283 241 3340 scientia
252 3282 451 3356 deprehendet,
463 3298 499 3338 ne
507 3280 580 3338 forte
593 3280 655 3354 quia
663 3278 698 3337 ab
710 3280 856 3337 hominum
868 3294 932 3334 con·

129 3376 216 3432 sortio
228 3376 360 3449 segregati
379 3375 462 3431 nullis
477 3375 638 3433 eorumdem
653 3372 853 3430 irritationibus
866 3386 929 3443 pro·

130 3486 271 3539 vocamur,
285 3470 353 3528 falsa
372 3470 557 3527 aestimatione
578 3468 693 3541 decepti,
708 3465 932 3539 tranquillitatem

130 3566 230 3622 mentis
248 3580 299 3621 nos
311 3565 485 3621 immobilem
502 3562 639 3637 possidere
652 3561 816 3619 credamus?

427 3669 549 3725 CAPUT
567 3667 634 3722 ΧΠ.

129 3775 270 3844 Responsio
284 3773 414 3845 quomodo
426 3774 512 3844 possit
533 3772 673 3826 solitarius
689 3771 758 3824 stitia
777 3784 828 3823 sun
845 3784 931 3838 opno-

489 3858 568 3897 scere.

164 3948 284 4001 loannes
312 3965 318 3999 :
346 3948 378 3999 ln
402 3944 515 3998 ueritate
542 3939 728 4011 quaerentibus
754 3940 930 4010 medicinam,

128 4037 248 4095 remedia
274 4037 450 4093 curationum
474 4034 581 4091 abillo
609 4033 752 4089 verissimo
776 4033 929 4090 animarum

129 4131 253 4197 medico,
276 4130 368 4187 deesse
400 4144 455 4184 non
481 4134 611 4200 possunt,
639 4125 681 4182 his
705 4127 857 4199 praesertim
883 4127 930 4200 qui

128 4219 324 4281 bvaletudines
347 4238 420 4287 suas,
442 4239 499 4279 non
517 4220 688 4295 desperando
710 4228 757 4276 aut
770 4220 930 4293 negligendo

128 4318 354 4391 contempserint,
370 4333 420 4373 nec
435 4317 582 4374 vulnerum
596 4331 711 4372 suorum
725 4314 845 4386 pericula
862 4314 931 4370 cela-

128 4414 227 4477 verint,
251 4421 298 4469 aut
312 4413 447 4468 medelam
467 4410 633 4484 paenitentiae
650 4409 759 4482 procaci
780 4417 872 4465 mente
885 4425 929 4465 re·

128 4507 260 4580 spuerint,
274 4505 322 4563 sed
337 4522 386 4577 pro
410 4505 584 4578 languoribus
597 4504 759 4577 ignorantie
775 4504 817 4559 vel
837 4519 929 4560 errore

986 3300 1067 3340 mum
1083 3285 1146 3354 quia
1159 3284 1207 3341 diu
1221 3285 1349 3340 latuerint
1361 3284 1503 3356 publicari.
1520 3289 1555 3341 Et
1568 3287 1605 3341 ita
1620 3286 1790 3358 uniuscujus-

986 3392 1041 3450 que
1067 3376 1121 3432 vitii
1146 3376 1250 3434 radices
1271 3377 1358 3433 inesse
1384 3376 1487 3435 delixae
1504 3378 1554 3435 sibi
1579 3378 1661 3435 certis
1682 3379 1789 3437 indiciis

986 3470 1071 3527 etiam
1097 3469 1234 3526 solitarius
1266 3469 1459 3544 deprehendit,
1485 3472 1608 3545 quisquis
1639 3472 1786 3545 puritatem

986 3579 1065 3620 suam
1076 3579 1134 3620 non
1147 3563 1305 3622 hominibus
1317 3574 1466 3634 ostentare,
1477 3566 1525 3623 sed
1538 3567 1609 3624 illius
1630 3568 1787 3640 conspectui

985 3656 1145 3715 inviolatam
1166 3657 1301 3715 studuerit
1320 3658 1459 3729 exhibere,
1474 3676 1556 3733 quem
1584 3661 1666 3719 latere
1691 3662 1785 3719 omnia

984 3752 1076 3809 cordis
1086 3768 1185 3810 arcana
1198 3769 1252 3810 non
1267 3764 1393 3827 possunt.

1277 3857 1395 3914 CAPUT
1412 3860 1495 3915 xlll.

985 3932 1170 4022 lotenoqelio,
1177 3954 1305 4021 quomodo
1312 3958 1410 4009 scitari
1420 3957 1559 4025 possitqui
1566 3970 1618 4010 non
1629 3957 1787 4026 eepurqutr's

1146 4026 1221 4077 ontis
1238 4024 1410 4079 solitudinem
1425 4029 1563 4095 inpressius
1576 4029 1622 4081 sil.

1020 4122 1175 4180 Germanus
1191 4128 1379 4195 :Argumenta
1394 4125 1494 4197 quibus
1508 4127 1699 4184 infirmitatum
1712 4127 1786 4185 indi-

984 4216 1025 4273 cia
1046 4217 1207 4292 colligantur
1225 4226 1252 4274 et
1271 4217 1406 4275 rationem
1419 4220 1662 4278 discemendarum
1674 4224 1784 4294 aegritu-

984 4311 1091 4377 dinum,
1105 4312 1195 4379 idest,
1207 4327 1263 4385 quo
1276 4322 1356 4385 pacto
1374 4314 1438 4370 vitia
1454 4331 1515 4388 quae
1527 4316 1651 4372 celantur
1665 4316 1695 4373 in
1704 4317 1785 4374 nobis

984 4406 1090 4461 valeant
1104 4406 1285 4478 deprehendi,
1301 4407 1390 4465 lucide
1410 4408 1477 4465 satis
1490 4418 1639 4483 aperteque
1662 4412 1786 4483 percepi-

983 4511 1055 4554 mus.
1070 4499 1167 4556 Omnia
1177 4500 1310 4573 siquidem
1323 4502 1483 4574 quotidiana
1498 4504 1664 4576 experientia
1680 4520 1713 4559 ac
1724 4504 1784 4559 diu-

127 4600 168 4656 vel
191 4600 351 4655 necessitate
370 4596 535 4664 contractis,
559 4596 654 4652 humili
669 4597 782 4653 tandem
801 4605 828 4653 et
849 4574 968 4653 annul)
984 4596 1070 4651 turnis
1087 4604 1244 4653 nostrarum
1258 4598 1380 4655 motibus
1395 4599 1602 4670 cogitationum,
1618 4598 1653 4652 ita
1671 4607 1702 4652 ut
1713 4597 1783 4653 dicta

128 4695 162 4751 nd
181 4697 319 4751 coelestem
343 4692 481 4750 medicum
500 4698 592 4747 mente
610 4689 788 4763 confugerint.
810 4691 930 4764 ldeoque

982 4698 1057 4757 sunt,
1076 4692 1223 4746 intuemur.
1241 4692 1371 4762 Superest
1390 4692 1474 4761 igitur
1495 4699 1525 4747 ut
1543 4688 1780 4762 quemadmodum

129 4804 210 4843 nosse
223 4787 356 4843 debemus
370 4785 479 4859 quodsi
497 4784 532 4841 ed
542 4782 721 4840 solitudinem
734 4784 776 4841 vel
788 4783 824 4840 ad
837 4785 929 4842 abdita
982 4782 1158 4854 probationes
1176 4799 1321 4854 causaeque
1333 4783 1495 4839 morborum
1509 4782 1713 4839 evidentissima
1729 4798 1783 4839 no-

130 4880 187 4936 loca
207 4878 329 4934 nondum
349 4880 452 4935 curatis
476 4878 548 4934 siliis
568 4876 738 4943 secedamus,
751 4876 867 4935 eiiectus
879 4895 928 4936 eo-
982 4878 1025 4934 bis
1046 4879 1170 4935 oratione
1189 4878 1331 4950 patciactre
1353 4889 1426 4943 sunt,
1448 4879 1485 4935 ita
1502 4880 1586 4936 etiam
1611 4880 1782 4935 curationum

130 4988 191 5030 rum
206 4970 399 5027 tantummodo
412 4971 585 5041 reprimatur,
595 4986 651 5027 non
661 4971 850 5043 exstinguatur
861 4972 930 5029 aile-
982 4972 1087 5029 medela
1100 4980 1277 5028 monstretur.
1289 4972 1360 5029 Nulli
1375 4989 1494 5045 namque
1505 4973 1620 5030 dubium
1636 4982 1687 5041 est,
1703 4972 1781 5029 illum

128 5076 197 5124 ctus.
211 5067 314 5123 Latitat
333 5064 409 5121 enim
428 5064 496 5119 intra
512 5080 573 5132 nos,
586 5064 673 5120 immo
687 5063 768 5119 etiam
788 5067 871 5137 serpit
884 5083 929 5122 ra·
983 5081 1061 5139 posse
1076 5064 1227 5121 rectissime
1242 5065 1276 5122 de
1287 5066 1430 5137 remediis,
1444 5068 1580 5125 malarum
1594 5065 1782 5122 valetudinum

678 5198 805 5253 xlnltm
825 5199 936 5255 GhZAEl
955 5200 1234 5258 COMMENTARIUS.

128 5328 309 5395 fortissimum
316 5330 341 5380 et
349 5326 546 5382 astutissimam
555 5324 710 5378 bellatorem
716 5324 854 5380 diabolum
861 5327 931 5381 mul·
984 5331 1075 5383 mento
1085 5342 1207 5397 paquara·
1216 5328 1365 5397 sufficiant.
1375 5326 1429 5383 Ubi
1442 5329 1664 5383 'turrecrematae
1673 5324 1785 5381 adducit

129 5398 319 5453 loniansolnlie
332 5396 428 5464 (idest,
438 5396 575 5469 adjutorio
585 5396 712 5461 aliorum,
723 5403 785 5466 puta
795 5396 929 5460 doctrina,
985 5396 1141 5453 doctrinam
1156 5400 1183 5454 S.
1205 5399 1319 5454 Thomas
1337 5400 1462 5468 superius
1474 5399 1586 5452 relatam
1601 5398 1657 5461 (nd
1670 5414 1729 5467 cup.
1743 5396 1783 5467 ll),

130 5467 268 5539 exemplo,
281 5465 538 5539 oralionairatrnm)
545 5468 607 5538 jam
614 5467 823 5537 doctipuqnore,
834 5472 858 5522 el
869 5469 931 5522 bene
985 5483 1042 5538 qua
1061 5468 1141 5523 docet
1156 5468 1254 5539 quibus
1276 5470 1418 5524 conveniat
1436 5469 1488 5524 vita
1502 5467 1637 5537 solitaria,
1652 5477 1679 5524 et
1699 5484 1783 5540 quam

130 5542 267 5603 insinceri,
282 5541 409 5606 moletto
429 5554 465 5593 ec
482 5543 539 5594 ιιιιι
557 5539 594 5607 (ιιι
616 5546 666 5608 est,
681 5539 891 5663 congregatione
904 5546 933 5593 et
986 5537 1170 5620 periculosum
1190 5539 1227 5594 sit
1242 5539 1377 5607 indoctos,
1390 5548 1418 5595 et
1431 5540 1602 5610 inexpertos,
1615 5548 1642 5596 et
1656 5541 1782 5619 nondum

130 5612 270 5667 consortio
294 5610 409 5665 fratrum
432 5609 725 5675 commilitantiumla
766 5610 933 5677 sanqulorem
986 5625 1013 5664 rn
1027 5610 1102 5664 hellis
1116 5609 1297 5682 spiritualibus
1310 5612 1375 5667 satis
1388 5610 1560 5679 exercitatos,
1576 5614 1660 5668 vitam
1674 5609 1783 5683 aggredi

128 5680 931 5755 pequamerentsecunynrnsimronsolotioue,solcnronn
985 5680 1134 5737 solitariam
1150 5690 1177 5736 ιι
1189 5682 1367 5737 ιιιιιιιιιιιιιι.
1472 5716 1476 5721 -

131 5755 172 5808 uel
191 5754 299 5808 bruchio
318 5753 358 5817 (id
380 5758 431 5815 est,
450 5751 558 5822 propria
584 5753 683 5808 virtute
708 5761 736 5808 ιι
758 5750 933 5814 fortitudine]
1021 5752 1136 5821 tldgest,
1146 5752 1366 5822 diuturnitatem,
1380 5754 1566 5827 prolixitatem
1577 5763 1605 5811 ιι
1617 5752 1784 5832 molestiam.

131 5828 185 5883 neo
198 5825 352 5879 ausiliante
360 5827 453 5877 contre
464 5824 564 5887 mritis,
578 5824 676 5878 mundi
688 5829 715 5879 et
725 5823 830 5879 dioboli
842 5828 935 5878 tenlu-
1021 5824 1035 5858 ¹³
1048 5823 1080 5879 ld
1095 5833 1150 5891 est,
1165 5824 1386 5897 animisnostris
1406 5835 1433 5881 ιι
1448 5825 1630 5883 inllrmitales.
1652 5827 1701 5879 list
1713 5835 1785 5885 enum
