<?xml version="1.0" encoding="UTF-8"?>
<!DOCTYPE html PUBLIC "-//W3C//DTD XHTML 1.0 Transitional//EN"
    "http://www.w3.org/TR/xhtml1/DTD/xhtml1-transitional.dtd">
<html xmlns="http://www.w3.org/1999/xhtml" xml:lang="en" lang="en">
 <head>
  <title>
</title>
<meta http-equiv="Content-Type" content="text/html;charset=utf-8" />
  <meta name='ocr-system' content='tesseract 3.04.00' />
  <meta name='ocr-capabilities' content='ocr_page ocr_carea ocr_par ocr_line ocrx_word'/>
</head>
<body>
  <div class='ocr_page' id='page_1' title='image "./patrologiaecurs29unkngoog/patrologiaecurs29unkngoog_0341.png"; bbox 0 0 3848 6158; ppageno 0'>
   <div class='ocr_carea' id='block_1_1' title="bbox 129 176 1282 260">
    <p class='ocr_par' dir='ltr' id='par_1_1' title="bbox 129 176 1282 260">
     <span class='ocr_line' id='line_1_1' title="bbox 129 176 1282 260; baseline -0.001 -2"><span class='ocrx_word' id='word_1_1' title='bbox 129 206 179 260; x_wconf 81' lang='lat' dir='ltr'>cer</span> <span class='ocrx_word' id='word_1_2' title='bbox 670 200 809 257; x_wconf 74' lang='lat' dir='ltr'>scennis</span> <span class='ocrx_word' id='word_1_3' title='bbox 828 199 979 257; x_wconf 77' lang='lat' dir='ltr'>cassum</span> <span class='ocrx_word' id='word_1_4' title='bbox 998 200 1241 258; x_wconf 81' lang='lat' dir='ltr'>counarionss.</span> <span class='ocrx_word' id='word_1_5' title='bbox 1272 176 1282 195; x_wconf 82' lang='lat'>&#39;</span> 
     </span>
    </p>
   </div>
   <div class='ocr_carea' id='block_1_2' title="bbox 1729 205 1784 257">
    <p class='ocr_par' dir='ltr' id='par_1_2' title="bbox 1729 205 1784 257">
     <span class='ocr_line' id='line_1_2' title="bbox 1729 205 1784 257; baseline -0.073 1"><span class='ocrx_word' id='word_1_6' title='bbox 1729 205 1784 257; x_wconf 79' lang='lat' dir='ltr'>oet</span> 
     </span>
    </p>
   </div>
   <div class='ocr_carea' id='block_1_3' title="bbox 128 327 1786 401">
    <p class='ocr_par' dir='ltr' id='par_1_3' title="bbox 128 327 1786 401">
     <span class='ocr_line' id='line_1_3' title="bbox 128 327 1786 401; baseline -0.001 -15"><span class='ocrx_word' id='word_1_7' title='bbox 128 339 156 386; x_wconf 91' lang='lat' dir='ltr'>et</span> <span class='ocrx_word' id='word_1_8' title='bbox 169 337 216 400; x_wconf 92' lang='lat' dir='ltr'>(ut</span> <span class='ocrx_word' id='word_1_9' title='bbox 229 330 264 385; x_wconf 91' lang='lat' dir='ltr'>ita</span> <span class='ocrx_word' id='word_1_10' title='bbox 283 328 411 401; x_wconf 79' lang='lat' dir='ltr'>dixerim)</span> <span class='ocrx_word' id='word_1_11' title='bbox 440 336 590 386; x_wconf 87' lang='lat' dir='ltr'>scammate</span> <span class='ocrx_word' id='word_1_12' title='bbox 610 328 783 395; x_wconf 89' lang='lat' dir='ltr'>constitutus,</span> <span class='ocrx_word' id='word_1_13' title='bbox 804 327 929 399; x_wconf 89' lang='lat' dir='ltr'>quamvis</span> <span class='ocrx_word' id='word_1_14' title='bbox 940 333 968 396; x_wconf 72' lang='grc' dir='ltr'><strong>Α</strong></span> <span class='ocrx_word' id='word_1_15' title='bbox 983 328 1103 385; x_wconf 77' lang='lat' dir='ltr'>nimenta</span> <span class='ocrx_word' id='word_1_16' title='bbox 1119 338 1255 386; x_wconf 89' lang='lat' dir='ltr'>tectorum</span> <span class='ocrx_word' id='word_1_17' title='bbox 1263 370 1272 399; x_wconf 92' lang='lat'>,</span> <span class='ocrx_word' id='word_1_18' title='bbox 1287 329 1387 400; x_wconf 91' lang='lat' dir='ltr'>quibus</span> <span class='ocrx_word' id='word_1_19' title='bbox 1410 345 1457 401; x_wconf 92' lang='lat' dir='ltr'>per</span> <span class='ocrx_word' id='word_1_20' title='bbox 1471 335 1624 385; x_wconf 83' lang='lat' dir='ltr'>vestustam</span> <span class='ocrx_word' id='word_1_21' title='bbox 1646 329 1786 401; x_wconf 87' lang='lat' dir='ltr'>negligen·</span> 
     </span>
    </p>
   </div>
   <div class='ocr_carea' id='block_1_4' title="bbox 127 422 931 1346">
    <p class='ocr_par' dir='ltr' id='par_1_4' title="bbox 127 422 931 1346">
     <span class='ocr_line' id='line_1_4' title="bbox 129 422 929 496; baseline -0.003 -16"><span class='ocrx_word' id='word_1_22' title='bbox 129 425 342 493; x_wconf 84' lang='lat' dir='ltr'>siuceresoleat‚</span> <span class='ocrx_word' id='word_1_23' title='bbox 357 440 389 480; x_wconf 89' lang='lat' dir='ltr'>ac</span> <span class='ocrx_word' id='word_1_24' title='bbox 410 424 539 496; x_wconf 80' lang='lat' dir='ltr'>frequens</span> <span class='ocrx_word' id='word_1_25' title='bbox 564 424 667 494; x_wconf 86' lang='lat' dir='ltr'>palmas</span> <span class='ocrx_word' id='word_1_26' title='bbox 691 422 812 478; x_wconf 83' lang='lat' dir='ltr'>victoriae</span> <span class='ocrx_word' id='word_1_27' title='bbox 834 438 929 478; x_wconf 92' lang='lat' dir='ltr'>conse·</span> 
     </span>
     <span class='ocr_line' id='line_1_5' title="bbox 127 517 930 593; baseline -0.006 -17"><span class='ocrx_word' id='word_1_28' title='bbox 127 531 239 593; x_wconf 80' lang='lat' dir='ltr'><strong>quatur,</strong></span> <span class='ocrx_word' id='word_1_29' title='bbox 255 535 309 574; x_wconf 93' lang='lat' dir='ltr'>non</span> <span class='ocrx_word' id='word_1_30' title='bbox 325 526 414 590; x_wconf 86' lang='lat' dir='ltr'>potest</span> <span class='ocrx_word' id='word_1_31' title='bbox 427 527 519 573; x_wconf 87' lang='lat' dir='ltr'>tamen</span> <span class='ocrx_word' id='word_1_32' title='bbox 535 534 550 573; x_wconf 87' lang='lat' dir='ltr'>a</span> <span class='ocrx_word' id='word_1_33' title='bbox 565 523 648 582; x_wconf 78' lang='lat' dir='ltr'>smatu</span> <span class='ocrx_word' id='word_1_34' title='bbox 660 532 691 572; x_wconf 89' lang='lat' dir='ltr'>ac</span> <span class='ocrx_word' id='word_1_35' title='bbox 714 517 867 588; x_wconf 83' lang='lat' dir='ltr'>suspicione</span> <span class='ocrx_word' id='word_1_36' title='bbox 888 517 930 572; x_wconf 92' lang='lat' dir='ltr'>in-</span> 
     </span>
     <span class='ocr_line' id='line_1_6' title="bbox 127 609 930 684; baseline -0.005 -14"><span class='ocrx_word' id='word_1_37' title='bbox 127 615 193 670; x_wconf 85' lang='lat' dir='ltr'>certi</span> <span class='ocrx_word' id='word_1_38' title='bbox 214 621 361 684; x_wconf 89' lang='lat' dir='ltr'>proventus</span> <span class='ocrx_word' id='word_1_39' title='bbox 374 626 433 666; x_wconf 86' lang='lat' dir='ltr'>esse</span> <span class='ocrx_word' id='word_1_40' title='bbox 448 626 570 666; x_wconf 88' lang='lat' dir='ltr'>securus.</span> <span class='ocrx_word' id='word_1_41' title='bbox 595 613 629 665; x_wconf 84' lang='lat' dir='ltr'>Et</span> <span class='ocrx_word' id='word_1_42' title='bbox 642 609 744 666; x_wconf 91' lang='lat' dir='ltr'>idcirco</span> <span class='ocrx_word' id='word_1_43' title='bbox 763 621 775 645; x_wconf 79' lang='lat'>⁸</span> <span class='ocrx_word' id='word_1_44' title='bbox 789 614 863 667; x_wconf 90' lang='lat' dir='ltr'>Deus</span> <span class='ocrx_word' id='word_1_45' title='bbox 887 626 930 666; x_wconf 91' lang='lat' dir='ltr'>so-</span> 
     </span>
     <span class='ocr_line' id='line_1_7' title="bbox 129 703 929 777; baseline -0.004 -14"><span class='ocrx_word' id='word_1_46' title='bbox 129 708 172 763; x_wconf 93' lang='lat' dir='ltr'>lus</span> <span class='ocrx_word' id='word_1_47' title='bbox 186 705 390 762; x_wconf 69' lang='lat' dir='ltr'>immutabittsr</span> <span class='ocrx_word' id='word_1_48' title='bbox 409 705 448 759; x_wconf 89' lang='lat' dir='ltr'>vel</span> <span class='ocrx_word' id='word_1_49' title='bbox 476 704 565 761; x_wconf 91' lang='lat' dir='ltr'>bonus</span> <span class='ocrx_word' id='word_1_50' title='bbox 584 703 693 773; x_wconf 87' lang='lat' dir='ltr'>dieitur,</span> <span class='ocrx_word' id='word_1_51' title='bbox 712 704 757 777; x_wconf 93' lang='lat' dir='ltr'>qui</span> <span class='ocrx_word' id='word_1_52' title='bbox 780 705 929 761; x_wconf 87' lang='lat' dir='ltr'>bonitatem</span> 
     </span>
     <span class='ocr_line' id='line_1_8' title="bbox 130 797 930 871; baseline -0.001 -16"><span class='ocrx_word' id='word_1_53' title='bbox 130 816 185 855; x_wconf 91' lang='lat' dir='ltr'>uon</span> <span class='ocrx_word' id='word_1_54' title='bbox 200 799 342 855; x_wconf 80' lang='lat' dir='ltr'>industriae</span> <span class='ocrx_word' id='word_1_55' title='bbox 357 797 462 865; x_wconf 91' lang='lat' dir='ltr'>studio,</span> <span class='ocrx_word' id='word_1_56' title='bbox 482 798 530 854; x_wconf 89' lang='lat' dir='ltr'>sed</span> <span class='ocrx_word' id='word_1_57' title='bbox 548 799 705 855; x_wconf 88' lang='lat' dir='ltr'>naturaliter</span> <span class='ocrx_word' id='word_1_58' title='bbox 719 797 860 871; x_wconf 89' lang='lat' dir='ltr'>possidens</span> <span class='ocrx_word' id='word_1_59' title='bbox 875 815 930 855; x_wconf 92' lang='lat' dir='ltr'>non</span> 
     </span>
     <span class='ocr_line' id='line_1_9' title="bbox 128 892 930 967; baseline 0.001 -18"><span class='ocrx_word' id='word_1_60' title='bbox 128 901 219 966; x_wconf 89' lang='lat' dir='ltr'>potest</span> <span class='ocrx_word' id='word_1_61' title='bbox 232 892 305 949; x_wconf 93' lang='lat' dir='ltr'>aliud</span> <span class='ocrx_word' id='word_1_62' title='bbox 320 893 387 965; x_wconf 93' lang='lat' dir='ltr'>quid</span> <span class='ocrx_word' id='word_1_63' title='bbox 401 909 554 966; x_wconf 81' lang='lat' dir='ltr'>essequam</span> <span class='ocrx_word' id='word_1_64' title='bbox 568 895 666 951; x_wconf 89' lang='lat' dir='ltr'>bonus.</span> <span class='ocrx_word' id='word_1_65' title='bbox 683 894 764 951; x_wconf 81' lang='lat' dir='ltr'>llulla</span> <span class='ocrx_word' id='word_1_66' title='bbox 779 894 861 967; x_wconf 88' lang='lat' dir='ltr'>igitur</span> <span class='ocrx_word' id='word_1_67' title='bbox 874 894 930 951; x_wconf 86' lang='lat' dir='ltr'>vir-</span> 
     </span>
     <span class='ocr_line' id='line_1_10' title="bbox 129 986 931 1061; baseline -0.001 -18"><span class='ocrx_word' id='word_1_68' title='bbox 129 997 174 1043; x_wconf 89' lang='lat' dir='ltr'>tus</span> <span class='ocrx_word' id='word_1_69' title='bbox 189 995 277 1058; x_wconf 81' lang='lat' dir='ltr'>potest</span> <span class='ocrx_word' id='word_1_70' title='bbox 294 987 471 1044; x_wconf 89' lang='lat' dir='ltr'>immobiliter</span> <span class='ocrx_word' id='word_1_71' title='bbox 485 988 518 1043; x_wconf 89' lang='lat' dir='ltr'>ab</span> <span class='ocrx_word' id='word_1_72' title='bbox 534 986 646 1044; x_wconf 89' lang='lat' dir='ltr'>bomine</span> <span class='ocrx_word' id='word_1_73' title='bbox 663 988 815 1061; x_wconf 89' lang='lat' dir='ltr'>possideri;</span> <span class='ocrx_word' id='word_1_74' title='bbox 830 987 879 1045; x_wconf 89' lang='lat' dir='ltr'>sed</span> <span class='ocrx_word' id='word_1_75' title='bbox 900 994 931 1043; x_wconf 89' lang='lat' dir='ltr'>ut</span> 
     </span>
     <span class='ocr_line' id='line_1_11' title="bbox 131 1082 930 1155; baseline 0.001 -17"><span class='ocrx_word' id='word_1_76' title='bbox 131 1083 476 1155; x_wconf 84' lang='lat' dir='ltr'>paratajugiterteneatur,</span> <span class='ocrx_word' id='word_1_77' title='bbox 496 1097 605 1138; x_wconf 87' lang='lat' dir='ltr'>necesse</span> <span class='ocrx_word' id='word_1_78' title='bbox 617 1090 659 1139; x_wconf 87' lang='lat' dir='ltr'>est</span> <span class='ocrx_word' id='word_1_79' title='bbox 673 1083 734 1138; x_wconf 84' lang='lat' dir='ltr'>e&#39;am</span> <span class='ocrx_word' id='word_1_80' title='bbox 755 1098 865 1154; x_wconf 90' lang='lat' dir='ltr'>semper</span> <span class='ocrx_word' id='word_1_81' title='bbox 886 1082 930 1139; x_wconf 89' lang='lat' dir='ltr'>illa</span> 
     </span>
     <span class='ocr_line' id='line_1_12' title="bbox 130 1175 929 1248; baseline 0.001 -17"><span class='ocrx_word' id='word_1_82' title='bbox 130 1191 184 1248; x_wconf 91' lang='lat' dir='ltr'>qua</span> <span class='ocrx_word' id='word_1_83' title='bbox 201 1175 331 1247; x_wconf 90' lang='lat' dir='ltr'>acquisita</span> <span class='ocrx_word' id='word_1_84' title='bbox 348 1184 391 1232; x_wconf 90' lang='lat' dir='ltr'>est</span> <span class='ocrx_word' id='word_1_85' title='bbox 407 1175 550 1232; x_wconf 79' lang='lat' dir='ltr'>sedulitate</span> <span class='ocrx_word' id='word_1_86' title='bbox 573 1183 655 1248; x_wconf 92' lang='lat' dir='ltr'>atque</span> <span class='ocrx_word' id='word_1_87' title='bbox 679 1175 813 1232; x_wconf 89' lang='lat' dir='ltr'>industria</span> <span class='ocrx_word' id='word_1_88' title='bbox 837 1185 929 1233; x_wconf 90' lang='lat' dir='ltr'>custo·</span> 
     </span>
     <span class='ocr_line' id='line_1_13' title="bbox 130 1269 930 1346; baseline 0.001 -20"><span class='ocrx_word' id='word_1_89' title='bbox 130 1269 193 1338; x_wconf 89' lang='lat' dir='ltr'>diri,</span> <span class='ocrx_word' id='word_1_90' title='bbox 205 1273 217 1303; x_wconf 77' lang='lat'><strong>⁰</strong></span> <span class='ocrx_word' id='word_1_91' title='bbox 231 1278 268 1338; x_wconf 88' lang='lat' dir='ltr'>et,</span> <span class='ocrx_word' id='word_1_92' title='bbox 285 1269 358 1341; x_wconf 91' lang='lat' dir='ltr'>quod</span> <span class='ocrx_word' id='word_1_93' title='bbox 371 1270 457 1344; x_wconf 88' lang='lat' dir='ltr'>magis</span> <span class='ocrx_word' id='word_1_94' title='bbox 472 1285 566 1327; x_wconf 88' lang='lat' dir='ltr'>verum</span> <span class='ocrx_word' id='word_1_95' title='bbox 580 1280 631 1339; x_wconf 87' lang='lat' dir='ltr'>est,</span> <span class='ocrx_word' id='word_1_96' title='bbox 642 1271 762 1344; x_wconf 87' lang='lat' dir='ltr'>juvantis</span> <span class='ocrx_word' id='word_1_97' title='bbox 774 1271 869 1346; x_wconf 69' lang='lat' dir='ltr'>gratier</span> <span class='ocrx_word' id='word_1_98' title='bbox 882 1271 930 1327; x_wconf 92' lang='lat' dir='ltr'>be·</span> 
     </span>
    </p>
   </div>
   <div class='ocr_carea' id='block_1_5' title="bbox 983 420 1789 1343">
    <p class='ocr_par' dir='ltr' id='par_1_5' title="bbox 983 420 1789 1343">
     <span class='ocr_line' id='line_1_14' title="bbox 983 420 1788 496; baseline 0.001 -18"><span class='ocrx_word' id='word_1_99' title='bbox 983 423 1051 478; x_wconf 85' lang='lat' dir='ltr'>tiam</span> <span class='ocrx_word' id='word_1_100' title='bbox 1062 423 1088 478; x_wconf 94' lang='lat' dir='ltr'>in</span> <span class='ocrx_word' id='word_1_101' title='bbox 1102 423 1233 496; x_wconf 87' lang='lat' dir='ltr'>majorem</span> <span class='ocrx_word' id='word_1_102' title='bbox 1254 422 1370 478; x_wconf 91' lang='lat' dir='ltr'>modum</span> <span class='ocrx_word' id='word_1_103' title='bbox 1391 420 1526 494; x_wconf 78' lang='lat' dir='ltr'>patefactis</span> <span class='ocrx_word' id='word_1_104' title='bbox 1545 431 1627 494; x_wconf 90' lang='lat' dir='ltr'>atque</span> <span class='ocrx_word' id='word_1_105' title='bbox 1648 422 1788 493; x_wconf 76' lang='lat' dir='ltr'>collapsis,</span> 
     </span>
     <span class='ocr_line' id='line_1_15' title="bbox 984 514 1789 588; baseline 0.004 -18"><span class='ocrx_word' id='word_1_106' title='bbox 984 516 1102 571; x_wconf 91' lang='lat' dir='ltr'>ubertim</span> <span class='ocrx_word' id='word_1_107' title='bbox 1125 524 1186 588; x_wconf 87' lang='lat' dir='ltr'>past</span> <span class='ocrx_word' id='word_1_108' title='bbox 1211 516 1269 573; x_wconf 90' lang='lat' dir='ltr'>baec</span> <span class='ocrx_word' id='word_1_109' title='bbox 1298 515 1390 572; x_wconf 89' lang='lat' dir='ltr'>intluit</span> <span class='ocrx_word' id='word_1_110' title='bbox 1417 516 1568 587; x_wconf 79' lang='lat' dir='ltr'>pluviarum</span> <span class='ocrx_word' id='word_1_111' title='bbox 1600 514 1789 587; x_wconf 75' lang='lat' dir='ltr'>imbriumque</span> 
     </span>
     <span class='ocr_line' id='line_1_16' title="bbox 984 612 1787 685; baseline -0.001 -17"><span class='ocrx_word' id='word_1_112' title='bbox 984 620 1141 685; x_wconf 90' lang='lat' dir='ltr'>tempestas.</span> <span class='ocrx_word' id='word_1_113' title='bbox 1156 614 1313 683; x_wconf 72' lang='lat' dir='ltr'>inpuprtttis</span> <span class='ocrx_word' id='word_1_114' title='bbox 1322 615 1392 667; x_wconf 84' lang='lat' dir='ltr'>euim</span> <span class='ocrx_word' id='word_1_115' title='bbox 1405 612 1595 666; x_wconf 75' lang='lat' dir='ltr'>humiliabitur</span> <span class='ocrx_word' id='word_1_116' title='bbox 1604 613 1787 681; x_wconf 81' lang='lat' dir='ltr'>cautiquatrb,</span> 
     </span>
     <span class='ocr_line' id='line_1_17' title="bbox 984 705 1787 776; baseline -0.001 -12"><span class='ocrx_word' id='word_1_117' title='bbox 984 712 1009 764; x_wconf 92' lang='lat' dir='ltr'>et</span> <span class='ocrx_word' id='word_1_118' title='bbox 1023 711 1053 763; x_wconf 85' lang='lat' dir='ltr'>iu</span> <span class='ocrx_word' id='word_1_119' title='bbox 1070 709 1183 776; x_wconf 83' lang='lat' dir='ltr'>seqrritie</span> <span class='ocrx_word' id='word_1_120' title='bbox 1203 723 1333 762; x_wconf 83' lang='lat' dir='ltr'>manuum</span> <span class='ocrx_word' id='word_1_121' title='bbox 1353 706 1470 761; x_wconf 79' lang='lat' dir='ltr'>stillabit</span> <span class='ocrx_word' id='word_1_122' title='bbox 1491 705 1586 760; x_wconf 81' lang='lat' dir='ltr'>domm</span> <span class='ocrx_word' id='word_1_123' title='bbox 1601 705 1724 776; x_wconf 82' lang='lat' dir='ltr'>(Erotes.</span> <span class='ocrx_word' id='word_1_124' title='bbox 1738 706 1787 775; x_wconf 78' lang='grc' dir='ltr'><strong>ι).</strong></span> 
     </span>
     <span class='ocr_line' id='line_1_18' title="bbox 983 796 1788 874; baseline -0.001 -17"><span class='ocrx_word' id='word_1_125' title='bbox 983 799 1064 874; x_wconf 88' lang='lat' dir='ltr'>Quod</span> <span class='ocrx_word' id='word_1_126' title='bbox 1079 801 1178 857; x_wconf 86' lang='lat' dir='ltr'>animae</span> <span class='ocrx_word' id='word_1_127' title='bbox 1191 800 1334 872; x_wconf 87' lang='lat' dir='ltr'>spiritalier</span> <span class='ocrx_word' id='word_1_128' title='bbox 1352 798 1460 855; x_wconf 87' lang='lat' dir='ltr'>evenire</span> <span class='ocrx_word' id='word_1_129' title='bbox 1477 796 1549 854; x_wconf 90' lang='lat' dir='ltr'>idem</span> <span class='ocrx_word' id='word_1_130' title='bbox 1573 798 1708 854; x_wconf 88' lang='lat' dir='ltr'>Salomon</span> <span class='ocrx_word' id='word_1_131' title='bbox 1729 799 1788 856; x_wconf 84' lang='lat' dir='ltr'>aliis</span> 
     </span>
     <span class='ocr_line' id='line_1_19' title="bbox 984 892 1787 968; baseline -0.002 -18"><span class='ocrx_word' id='word_1_132' title='bbox 984 896 1072 953; x_wconf 84' lang='lat' dir='ltr'>verbis</span> <span class='ocrx_word' id='word_1_133' title='bbox 1097 896 1133 951; x_wconf 91' lang='lat' dir='ltr'>ita</span> <span class='ocrx_word' id='word_1_134' title='bbox 1153 895 1295 968; x_wconf 86' lang='lat' dir='ltr'>designat:</span> <span class='ocrx_word' id='word_1_135' title='bbox 1321 893 1502 956; x_wconf 74' lang='lat' dir='ltr'>‘Stilimidr‘a</span> <span class='ocrx_word' id='word_1_136' title='bbox 1517 892 1653 964; x_wconf 91' lang='lat' dir='ltr'>inquiens,</span> <span class='ocrx_word' id='word_1_137' title='bbox 1674 893 1787 962; x_wconf 78' lang='lat' dir='ltr'>ejiciam</span> 
     </span>
     <span class='ocr_line' id='line_1_20' title="bbox 984 985 1785 1058; baseline -0.002 -11"><span class='ocrx_word' id='word_1_138' title='bbox 984 992 1114 1047; x_wconf 82' lang='lat' dir='ltr'>bominem</span> <span class='ocrx_word' id='word_1_139' title='bbox 1124 992 1155 1045; x_wconf 84' lang='lat' dir='ltr'>m</span> <span class='ocrx_word' id='word_1_140' title='bbox 1164 991 1211 1047; x_wconf 85' lang='lat' dir='ltr'>die</span> <span class='ocrx_word' id='word_1_141' title='bbox 1223 990 1334 1046; x_wconf 61' lang='lat' dir='ltr'>hamati</span> <span class='ocrx_word' id='word_1_142' title='bbox 1344 989 1377 1044; x_wconf 80' lang='lat' dir='ltr'>aa</span> <span class='ocrx_word' id='word_1_143' title='bbox 1392 989 1469 1043; x_wconf 88' lang='lat' dir='ltr'>doma</span> <span class='ocrx_word' id='word_1_144' title='bbox 1481 1003 1532 1042; x_wconf 85' lang='lat' dir='ltr'>sua</span> <span class='ocrx_word' id='word_1_145' title='bbox 1548 985 1642 1058; x_wconf 84' lang='lat' dir='ltr'>(Prae.</span> <span class='ocrx_word' id='word_1_146' title='bbox 1667 990 1785 1058; x_wconf 78' lang='grc' dir='ltr'><strong>ιιιιιι).</strong></span> 
     </span>
     <span class='ocr_line' id='line_1_21' title="bbox 983 1079 1786 1159; baseline -0.002 -18"><span class='ocrx_word' id='word_1_147' title='bbox 983 1086 1129 1158; x_wconf 76' lang='lat' dir='ltr'>Eleganter</span> <span class='ocrx_word' id='word_1_148' title='bbox 1145 1100 1211 1159; x_wconf 90' lang='lat' dir='ltr'>ergo</span> <span class='ocrx_word' id='word_1_149' title='bbox 1228 1083 1328 1139; x_wconf 91' lang='lat' dir='ltr'>mentis</span> <span class='ocrx_word' id='word_1_150' title='bbox 1341 1082 1477 1139; x_wconf 85' lang='lat' dir='ltr'>incuriam</span> <span class='ocrx_word' id='word_1_151' title='bbox 1496 1079 1600 1136; x_wconf 90' lang='lat' dir='ltr'>domati</span> <span class='ocrx_word' id='word_1_152' title='bbox 1616 1082 1786 1152; x_wconf 88' lang='lat' dir='ltr'>compararit</span> 
     </span>
     <span class='ocr_line' id='line_1_22' title="bbox 983 1172 1786 1250; baseline -0.001 -17"><span class='ocrx_word' id='word_1_153' title='bbox 983 1185 1112 1249; x_wconf 91' lang='lat' dir='ltr'>tectoque</span> <span class='ocrx_word' id='word_1_154' title='bbox 1135 1176 1269 1250; x_wconf 87' lang='lat' dir='ltr'>neglecto,</span> <span class='ocrx_word' id='word_1_155' title='bbox 1297 1190 1343 1247; x_wconf 89' lang='lat' dir='ltr'>per</span> <span class='ocrx_word' id='word_1_156' title='bbox 1356 1189 1446 1245; x_wconf 27' lang='lat' dir='ltr'>,quam</span> <span class='ocrx_word' id='word_1_157' title='bbox 1465 1172 1554 1246; x_wconf 90' lang='lat' dir='ltr'>primo</span> <span class='ocrx_word' id='word_1_158' title='bbox 1576 1173 1691 1246; x_wconf 90' lang='lat' dir='ltr'>quidem</span> <span class='ocrx_word' id='word_1_159' title='bbox 1712 1176 1786 1232; x_wconf 89' lang='lat' dir='ltr'>velut</span> 
     </span>
     <span class='ocr_line' id='line_1_23' title="bbox 983 1266 1781 1343; baseline -0.003 -15"><span class='ocrx_word' id='word_1_160' title='bbox 983 1272 1168 1328; x_wconf 88' lang='lat' dir='ltr'>minutissima</span> <span class='ocrx_word' id='word_1_161' title='bbox 1182 1269 1307 1343; x_wconf 82' lang='lat' dir='ltr'>quaedam</span> <span class='ocrx_word' id='word_1_162' title='bbox 1329 1277 1470 1341; x_wconf 90' lang='lat' dir='ltr'>penetrant</span> <span class='ocrx_word' id='word_1_163' title='bbox 1489 1266 1525 1323; x_wconf 91' lang='lat' dir='ltr'>ad</span> <span class='ocrx_word' id='word_1_164' title='bbox 1539 1268 1662 1324; x_wconf 87' lang='lat' dir='ltr'>enimam</span> <span class='ocrx_word' id='word_1_165' title='bbox 1680 1269 1781 1326; x_wconf 86' lang='lat' dir='ltr'>stillici-</span> 
     </span>
    </p>
   </div>
   <div class='ocr_carea' id='block_1_6' title="bbox 983 1361 1785 1623">
    <p class='ocr_par' dir='ltr' id='par_1_6' title="bbox 983 1361 1785 1623">
     <span class='ocr_line' id='line_1_24' title="bbox 983 1361 1783 1437; baseline -0.003 -16"><span class='ocrx_word' id='word_1_166' title='bbox 983 1364 1027 1422; x_wconf 89' lang='lat' dir='ltr'>dia</span> <span class='ocrx_word' id='word_1_167' title='bbox 1044 1365 1211 1437; x_wconf 89' lang='lat' dir='ltr'>passionum,</span> <span class='ocrx_word' id='word_1_168' title='bbox 1222 1378 1284 1435; x_wconf 79' lang='lat' dir='ltr'>quae</span> <span class='ocrx_word' id='word_1_169' title='bbox 1296 1362 1318 1418; x_wconf 91' lang='lat' dir='ltr'>si</span> <span class='ocrx_word' id='word_1_170' title='bbox 1331 1361 1402 1417; x_wconf 87' lang='lat' dir='ltr'>velut</span> <span class='ocrx_word' id='word_1_171' title='bbox 1416 1377 1497 1433; x_wconf 88' lang='lat' dir='ltr'>parva</span> <span class='ocrx_word' id='word_1_172' title='bbox 1508 1376 1540 1417; x_wconf 91' lang='lat' dir='ltr'>ac</span> <span class='ocrx_word' id='word_1_173' title='bbox 1559 1361 1628 1418; x_wconf 91' lang='lat' dir='ltr'>levia</span> <span class='ocrx_word' id='word_1_174' title='bbox 1642 1362 1783 1436; x_wconf 85' lang='lat' dir='ltr'>negligan-</span> 
     </span>
     <span class='ocr_line' id='line_1_25' title="bbox 983 1456 1784 1530; baseline -0.001 -15"><span class='ocrx_word' id='word_1_175' title='bbox 983 1468 1038 1528; x_wconf 87' lang='lat' dir='ltr'>tur,</span> <span class='ocrx_word' id='word_1_176' title='bbox 1068 1465 1249 1530; x_wconf 88' lang='lat' dir='ltr'>corrumpunt</span> <span class='ocrx_word' id='word_1_177' title='bbox 1267 1457 1341 1530; x_wconf 90' lang='lat' dir='ltr'>tigna</span> <span class='ocrx_word' id='word_1_178' title='bbox 1360 1456 1502 1523; x_wconf 81' lang='lat' dir='ltr'>virtmum,</span> <span class='ocrx_word' id='word_1_179' title='bbox 1529 1463 1640 1528; x_wconf 88' lang='lat' dir='ltr'>etpost</span> <span class='ocrx_word' id='word_1_180' title='bbox 1661 1457 1722 1514; x_wconf 85' lang='lat' dir='ltr'>haec</span> <span class='ocrx_word' id='word_1_181' title='bbox 1743 1458 1784 1514; x_wconf 89' lang='lat' dir='ltr'>in·</span> 
     </span>
     <span class='ocr_line' id='line_1_26' title="bbox 984 1549 1785 1623; baseline 0 -14"><span class='ocrx_word' id='word_1_182' title='bbox 984 1553 1075 1610; x_wconf 91' lang='lat' dir='ltr'>lluunt</span> <span class='ocrx_word' id='word_1_183' title='bbox 1084 1552 1171 1608; x_wconf 91' lang='lat' dir='ltr'>imbre</span> <span class='ocrx_word' id='word_1_184' title='bbox 1190 1550 1341 1623; x_wconf 88' lang='lat' dir='ltr'>largissimo</span> <span class='ocrx_word' id='word_1_185' title='bbox 1358 1549 1505 1617; x_wconf 80' lang='lat' dir='ltr'>ritiorum3</span> <span class='ocrx_word' id='word_1_186' title='bbox 1523 1564 1670 1622; x_wconf 88' lang='lat' dir='ltr'>perquem</span> <span class='ocrx_word' id='word_1_187' title='bbox 1694 1552 1722 1607; x_wconf 94' lang='lat' dir='ltr'>in</span> <span class='ocrx_word' id='word_1_188' title='bbox 1744 1552 1785 1610; x_wconf 86' lang='lat' dir='ltr'>die</span> 
     </span>
    </p>
   </div>
   <div class='ocr_carea' id='block_1_7' title="bbox 134 1364 385 1422">
    <p class='ocr_par' dir='ltr' id='par_1_7' title="bbox 134 1364 385 1422">
     <span class='ocr_line' id='line_1_27' title="bbox 134 1364 385 1422; baseline 0.012 -4"><span class='ocrx_word' id='word_1_189' title='bbox 134 1364 231 1420; x_wconf 91' lang='lat' dir='ltr'>nelicio</span> <span class='ocrx_word' id='word_1_190' title='bbox 244 1364 385 1422; x_wconf 90' lang='lat' dir='ltr'>custodiri.</span> 
     </span>
    </p>
   </div>
   <div class='ocr_carea' id='block_1_8' title="bbox 420 1498 640 1554">
    <p class='ocr_par' dir='ltr' id='par_1_8' title="bbox 420 1498 640 1554">
     <span class='ocr_line' id='line_1_28' title="bbox 420 1498 640 1554; baseline -0.009 -1"><span class='ocrx_word' id='word_1_191' title='bbox 420 1499 538 1554; x_wconf 72' lang='lat' dir='ltr'><strong>CAPUT</strong></span> <span class='ocrx_word' id='word_1_192' title='bbox 552 1498 640 1552; x_wconf 83' lang='lat' dir='ltr'>xvn.</span> 
     </span>
    </p>
   </div>
   <div class='ocr_carea' id='block_1_9' title="bbox 240 1613 1785 1718">
    <p class='ocr_par' dir='ltr' id='par_1_9' title="bbox 240 1613 1785 1718">
     <span class='ocr_line' id='line_1_29' title="bbox 240 1613 1785 1718; baseline 0.003 -55"><span class='ocrx_word' id='word_1_193' title='bbox 240 1613 315 1679; x_wconf 70' lang='grc' dir='ltr'><strong>(ιιι-ιιι</strong></span> <span class='ocrx_word' id='word_1_194' title='bbox 328 1628 403 1668; x_wconf 85' lang='lat' dir='ltr'>uerno</span> <span class='ocrx_word' id='word_1_195' title='bbox 423 1614 503 1667; x_wconf 82' lang='lat' dir='ltr'>ruina</span> <span class='ocrx_word' id='word_1_196' title='bbox 516 1613 656 1668; x_wconf 82' lang='lat' dir='ltr'>subitanea</span> <span class='ocrx_word' id='word_1_197' title='bbox 670 1614 825 1668; x_wconf 83' lang='lat' dir='ltr'>collabatur.</span> <span class='ocrx_word' id='word_1_198' title='bbox 984 1647 1109 1716; x_wconf 50' lang='lat' dir='ltr'>hiemali,</span> <span class='ocrx_word' id='word_1_199' title='bbox 1137 1645 1165 1703; x_wconf 57' lang='lat' dir='ltr'>id</span> <span class='ocrx_word' id='word_1_200' title='bbox 1185 1653 1236 1713; x_wconf 48' lang='lat' dir='ltr'>est,</span> <span class='ocrx_word' id='word_1_201' title='bbox 1259 1645 1288 1700; x_wconf 63' lang='lat' dir='ltr'>in</span> <span class='ocrx_word' id='word_1_202' title='bbox 1312 1652 1437 1716; x_wconf 56' lang='lat' dir='ltr'>tempore</span> <span class='ocrx_word' id='word_1_203' title='bbox 1459 1643 1617 1700; x_wconf 50' lang='lat' dir='ltr'><strong>tentationi,</strong></span> <span class='ocrx_word' id='word_1_204' title='bbox 1644 1644 1785 1718; x_wconf 52' lang='lat' dir='ltr'><strong>iumen„</strong></span> 
     </span>
    </p>
   </div>
   <div class='ocr_carea' id='block_1_10' title="bbox 129 1736 1788 2758">
    <p class='ocr_par' dir='ltr' id='par_1_10' title="bbox 129 1736 1788 2758">
     <span class='ocr_line' id='line_1_30' title="bbox 167 1736 1785 1816; baseline 0.001 -20"><span class='ocrx_word' id='word_1_205' title='bbox 167 1741 270 1813; x_wconf 86' lang='lat' dir='ltr'>Lapsus</span> <span class='ocrx_word' id='word_1_206' title='bbox 285 1757 349 1799; x_wconf 90' lang='lat' dir='ltr'>vero</span> <span class='ocrx_word' id='word_1_207' title='bbox 363 1742 498 1815; x_wconf 86' lang='lat' dir='ltr'>quispiam</span> <span class='ocrx_word' id='word_1_208' title='bbox 513 1742 838 1816; x_wconf 90' lang='lat' dir='ltr'>nequaquamsubitauea</span> <span class='ocrx_word' id='word_1_209' title='bbox 852 1742 928 1798; x_wconf 90' lang='lat' dir='ltr'>ruina</span> <span class='ocrx_word' id='word_1_210' title='bbox 942 1748 967 1811; x_wconf 86' lang='grc' dir='ltr'><strong>Β</strong></span> <span class='ocrx_word' id='word_1_211' title='bbox 983 1740 1185 1816; x_wconf 86' lang='lat' dir='ltr'>impugnatione</span> <span class='ocrx_word' id='word_1_212' title='bbox 1205 1738 1315 1806; x_wconf 91' lang='lat' dir='ltr'>diaboli,</span> <span class='ocrx_word' id='word_1_213' title='bbox 1340 1736 1492 1809; x_wconf 83' lang='lat' dir='ltr'>expelletur</span> <span class='ocrx_word' id='word_1_214' title='bbox 1516 1753 1596 1794; x_wconf 89' lang='lat' dir='ltr'>mens</span> <span class='ocrx_word' id='word_1_215' title='bbox 1614 1737 1650 1796; x_wconf 91' lang='lat' dir='ltr'>de</span> <span class='ocrx_word' id='word_1_216' title='bbox 1677 1738 1785 1798; x_wconf 88' lang='lat' dir='ltr'>babita-</span> 
     </span>
     <span class='ocr_line' id='line_1_31' title="bbox 130 1830 1785 1909; baseline -0.001 -19"><span class='ocrx_word' id='word_1_217' title='bbox 130 1836 265 1892; x_wconf 87' lang='lat' dir='ltr'>eorruisse</span> <span class='ocrx_word' id='word_1_218' title='bbox 280 1835 430 1893; x_wconf 89' lang='lat' dir='ltr'>credendus</span> <span class='ocrx_word' id='word_1_219' title='bbox 447 1845 497 1907; x_wconf 91' lang='lat' dir='ltr'>est,</span> <span class='ocrx_word' id='word_1_220' title='bbox 515 1837 563 1895; x_wconf 90' lang='lat' dir='ltr'>scd</span> <span class='ocrx_word' id='word_1_221' title='bbox 578 1845 624 1893; x_wconf 89' lang='lat' dir='ltr'>aut</span> <span class='ocrx_word' id='word_1_222' title='bbox 642 1852 731 1909; x_wconf 82' lang='lat' dir='ltr'>pravae</span> <span class='ocrx_word' id='word_1_223' title='bbox 755 1835 930 1893; x_wconf 89' lang='lat' dir='ltr'>institutionis</span> <span class='ocrx_word' id='word_1_224' title='bbox 981 1836 1055 1892; x_wconf 78' lang='lat' dir='ltr'>done</span> <span class='ocrx_word' id='word_1_225' title='bbox 1069 1835 1209 1901; x_wconf 85' lang='lat' dir='ltr'>virtutum,</span> <span class='ocrx_word' id='word_1_226' title='bbox 1223 1832 1252 1888; x_wconf 90' lang='lat' dir='ltr'>in</span> <span class='ocrx_word' id='word_1_227' title='bbox 1266 1846 1318 1904; x_wconf 87' lang='lat' dir='ltr'>qua</span> <span class='ocrx_word' id='word_1_228' title='bbox 1337 1831 1440 1887; x_wconf 91' lang='lat' dir='ltr'>scilicet</span> <span class='ocrx_word' id='word_1_229' title='bbox 1453 1830 1598 1902; x_wconf 89' lang='lat' dir='ltr'>aliquando</span> <span class='ocrx_word' id='word_1_230' title='bbox 1611 1832 1785 1907; x_wconf 75' lang='grc' dir='ltr'><strong>εἰιειιιιιιρε-</strong></span> 
     </span>
     <span class='ocr_line' id='line_1_32' title="bbox 130 1923 1786 2002; baseline 0.001 -20"><span class='ocrx_word' id='word_1_231' title='bbox 130 1925 469 1998; x_wconf 85' lang='lat' dir='ltr'>deceptusexordio,aut&#39;</span> <span class='ocrx_word' id='word_1_232' title='bbox 489 1931 668 2002; x_wconf 84' lang='lat' dir='ltr'>perlongum</span> <span class='ocrx_word' id='word_1_233' title='bbox 682 1929 779 1986; x_wconf 88' lang='lat' dir='ltr'>mentis</span> <span class='ocrx_word' id='word_1_234' title='bbox 797 1929 930 1984; x_wconf 90' lang='lat' dir='ltr'>incuriam</span> <span class='ocrx_word' id='word_1_235' title='bbox 983 1937 1028 1985; x_wconf 89' lang='lat' dir='ltr'>cta</span> <span class='ocrx_word' id='word_1_236' title='bbox 1045 1927 1181 2002; x_wconf 90' lang='lat' dir='ltr'>diligentia</span> <span class='ocrx_word' id='word_1_237' title='bbox 1204 1940 1235 1983; x_wconf 92' lang='lat' dir='ltr'>se</span> <span class='ocrx_word' id='word_1_238' title='bbox 1256 1925 1385 1990; x_wconf 89' lang='lat' dir='ltr'>retinens,</span> <span class='ocrx_word' id='word_1_239' title='bbox 1407 1924 1482 1982; x_wconf 86' lang='lat' dir='ltr'>velut</span> <span class='ocrx_word' id='word_1_240' title='bbox 1504 1924 1534 1980; x_wconf 93' lang='lat' dir='ltr'>in</span> <span class='ocrx_word' id='word_1_241' title='bbox 1555 1923 1635 1982; x_wconf 88' lang='lat' dir='ltr'>domo</span> <span class='ocrx_word' id='word_1_242' title='bbox 1661 1928 1786 1999; x_wconf 79' lang='lat' dir='ltr'>propriae</span> 
     </span>
     <span class='ocr_line' id='line_1_33' title="bbox 131 2017 1788 2096; baseline 0.001 -20"><span class='ocrx_word' id='word_1_243' title='bbox 131 2021 262 2092; x_wconf 89' lang='lat' dir='ltr'>paulatim</span> <span class='ocrx_word' id='word_1_244' title='bbox 275 2023 372 2079; x_wconf 81' lang='lat' dir='ltr'>virtius</span> <span class='ocrx_word' id='word_1_245' title='bbox 390 2024 472 2079; x_wconf 88' lang='lat' dir='ltr'>animi</span> <span class='ocrx_word' id='word_1_246' title='bbox 496 2022 646 2090; x_wconf 85' lang='lat' dir='ltr'>decidente,</span> <span class='ocrx_word' id='word_1_247' title='bbox 670 2033 698 2079; x_wconf 89' lang='lat' dir='ltr'>et</span> <span class='ocrx_word' id='word_1_248' title='bbox 718 2038 766 2096; x_wconf 90' lang='lat' dir='ltr'>per</span> <span class='ocrx_word' id='word_1_249' title='bbox 789 2022 842 2078; x_wconf 89' lang='lat' dir='ltr'>boc</span> <span class='ocrx_word' id='word_1_250' title='bbox 865 2037 929 2078; x_wconf 87' lang='lat' dir='ltr'>eeu·</span> <span class='ocrx_word' id='word_1_251' title='bbox 983 2021 1163 2096; x_wconf 86' lang='lat' dir='ltr'>possessionis</span> <span class='ocrx_word' id='word_1_252' title='bbox 1175 2019 1354 2092; x_wconf 83' lang='lat' dir='ltr'>requieverat.</span> <span class='ocrx_word' id='word_1_253' title='bbox 1373 2017 1425 2075; x_wconf 84' lang='lat' dir='ltr'>llis</span> <span class='ocrx_word' id='word_1_254' title='bbox 1444 2017 1534 2090; x_wconf 89' lang='lat' dir='ltr'>itaque</span> <span class='ocrx_word' id='word_1_255' title='bbox 1554 2020 1704 2091; x_wconf 85' lang='lat' dir='ltr'>compertis</span> <span class='ocrx_word' id='word_1_256' title='bbox 1726 2020 1788 2077; x_wconf 85' lang='lat' dir='ltr'>ind·</span> 
     </span>
     <span class='ocr_line' id='line_1_34' title="bbox 130 2115 1786 2191; baseline 0.003 -21"><span class='ocrx_word' id='word_1_257' title='bbox 130 2117 182 2170; x_wconf 90' lang='lat' dir='ltr'>sim</span> <span class='ocrx_word' id='word_1_258' title='bbox 196 2116 268 2170; x_wconf 90' lang='lat' dir='ltr'>vitiis</span> <span class='ocrx_word' id='word_1_259' title='bbox 283 2116 493 2173; x_wconf 86' lang='lat' dir='ltr'>increscentibus</span> <span class='ocrx_word' id='word_1_260' title='bbox 513 2132 577 2173; x_wconf 91' lang='lat' dir='ltr'>casu</span> <span class='ocrx_word' id='word_1_261' title='bbox 601 2116 748 2173; x_wconf 86' lang='lat' dir='ltr'>miserabili</span> <span class='ocrx_word' id='word_1_262' title='bbox 768 2115 928 2173; x_wconf 81' lang='lat' dir='ltr'>concidisse.</span> <span class='ocrx_word' id='word_1_263' title='bbox 983 2121 1069 2177; x_wconf 88' lang='lat' dir='ltr'>uitam</span> <span class='ocrx_word' id='word_1_264' title='bbox 1078 2118 1206 2191; x_wconf 90' lang='lat' dir='ltr'>spiritalis</span> <span class='ocrx_word' id='word_1_265' title='bbox 1224 2115 1278 2173; x_wconf 91' lang='lat' dir='ltr'>cibi</span> <span class='ocrx_word' id='word_1_266' title='bbox 1304 2115 1473 2188; x_wconf 87' lang='lat' dir='ltr'>percepimus</span> <span class='ocrx_word' id='word_1_267' title='bbox 1496 2115 1678 2188; x_wconf 83' lang='lat' dir='ltr'>voluptatem,</span> <span class='ocrx_word' id='word_1_268' title='bbox 1695 2117 1735 2174; x_wconf 86' lang='lat' dir='ltr'>ita</span> <span class='ocrx_word' id='word_1_269' title='bbox 1758 2126 1786 2175; x_wconf 92' lang='lat' dir='ltr'>ut</span> 
     </span>
     <span class='ocr_line' id='line_1_35' title="bbox 129 2207 1785 2282; baseline 0.002 -20"><span class='ocrx_word' id='word_1_270' title='bbox 129 2207 143 2243; x_wconf 72' lang='lat'>¹¹</span> <span class='ocrx_word' id='word_1_271' title='bbox 158 2208 229 2262; x_wconf 80' lang='lat' dir='ltr'>Arete</span> <span class='ocrx_word' id='word_1_272' title='bbox 242 2212 422 2265; x_wconf 76' lang='lat' dir='ltr'>coutrrttoacm</span> <span class='ocrx_word' id='word_1_273' title='bbox 435 2213 506 2266; x_wconf 83' lang='lat' dir='ltr'>mim</span> <span class='ocrx_word' id='word_1_274' title='bbox 515 2210 645 2281; x_wconf 81' lang='lat' dir='ltr'>precedit</span> <span class='ocrx_word' id='word_1_275' title='bbox 658 2214 778 2280; x_wconf 72' lang='lat' dir='ltr'>retinam</span> <span class='ocrx_word' id='word_1_276' title='bbox 791 2217 853 2266; x_wconf 81' lang='lat' dir='ltr'>irrrte</span> <span class='ocrx_word' id='word_1_277' title='bbox 868 2213 930 2266; x_wconf 86' lang='lat' dir='ltr'>rai-</span> <span class='ocrx_word' id='word_1_278' title='bbox 983 2227 1014 2269; x_wconf 85' lang='lat' dir='ltr'>ex</span> <span class='ocrx_word' id='word_1_279' title='bbox 1027 2210 1078 2267; x_wconf 89' lang='lat' dir='ltr'>hae</span> <span class='ocrx_word' id='word_1_280' title='bbox 1092 2209 1235 2267; x_wconf 87' lang='lat' dir='ltr'>collatione</span> <span class='ocrx_word' id='word_1_281' title='bbox 1252 2208 1357 2280; x_wconf 88' lang='lat' dir='ltr'>majore</span> <span class='ocrx_word' id='word_1_282' title='bbox 1378 2208 1461 2264; x_wconf 90' lang='lat' dir='ltr'>animi</span> <span class='ocrx_word' id='word_1_283' title='bbox 1483 2207 1584 2282; x_wconf 88' lang='lat' dir='ltr'>gaudio</span> <span class='ocrx_word' id='word_1_284' title='bbox 1603 2209 1785 2282; x_wconf 85' lang='lat' dir='ltr'>repleremur,</span> 
     </span>
     <span class='ocr_line' id='line_1_36' title="bbox 129 2303 1787 2380; baseline 0.005 -26"><span class='ocrx_word' id='word_1_285' title='bbox 129 2317 194 2356; x_wconf 83' lang='lat' dir='ltr'>oum</span> <span class='ocrx_word' id='word_1_286' title='bbox 209 2305 281 2358; x_wconf 86' lang='lat' dir='ltr'>mola</span> <span class='ocrx_word' id='word_1_287' title='bbox 294 2305 421 2373; x_wconf 84' lang='lat' dir='ltr'>capitatia</span> <span class='ocrx_word' id='word_1_288' title='bbox 436 2305 575 2377; x_wconf 83' lang='lat' dir='ltr'>(Prouerb.</span> <span class='ocrx_word' id='word_1_289' title='bbox 590 2309 677 2374; x_wconf 68' lang='lat' dir='ltr'>aurbs</span> <span class='ocrx_word' id='word_1_290' title='bbox 694 2305 929 2378; x_wconf 90' lang='lat' dir='ltr'>quemadmodum</span> <span class='ocrx_word' id='word_1_291' title='bbox 982 2322 1066 2380; x_wconf 90' lang='lat' dir='ltr'>quam</span> <span class='ocrx_word' id='word_1_292' title='bbox 1080 2312 1144 2362; x_wconf 88' lang='lat' dir='ltr'>aute</span> <span class='ocrx_word' id='word_1_293' title='bbox 1157 2303 1264 2360; x_wconf 90' lang='lat' dir='ltr'>tristitia</span> <span class='ocrx_word' id='word_1_294' title='bbox 1285 2318 1366 2374; x_wconf 89' lang='lat' dir='ltr'>super</span> <span class='ocrx_word' id='word_1_295' title='bbox 1384 2317 1451 2358; x_wconf 91' lang='lat' dir='ltr'>nece</span> <span class='ocrx_word' id='word_1_296' title='bbox 1467 2310 1628 2359; x_wconf 88' lang='lat' dir='ltr'>sanctarum</span> <span class='ocrx_word' id='word_1_297' title='bbox 1648 2303 1787 2362; x_wconf 84' lang='lat' dir='ltr'>lueremus</span> 
     </span>
     <span class='ocr_line' id='line_1_37' title="bbox 129 2394 1785 2473; baseline 0.001 -20"><span class='ocrx_word' id='word_1_298' title='bbox 129 2395 229 2453; x_wconf 90' lang='lat' dir='ltr'>domus</span> <span class='ocrx_word' id='word_1_299' title='bbox 254 2412 403 2470; x_wconf 85' lang='lat' dir='ltr'>numquam</span> <span class='ocrx_word' id='word_1_300' title='bbox 424 2399 567 2457; x_wconf 88' lang='lat' dir='ltr'>subitaneo</span> <span class='ocrx_word' id='word_1_301' title='bbox 591 2400 626 2457; x_wconf 91' lang='lat' dir='ltr'>ad</span> <span class='ocrx_word' id='word_1_302' title='bbox 645 2402 755 2458; x_wconf 90' lang='lat' dir='ltr'>ruinam</span> <span class='ocrx_word' id='word_1_303' title='bbox 778 2399 932 2473; x_wconf 87' lang='lat' dir='ltr'>procumbit</span> <span class='ocrx_word' id='word_1_304' title='bbox 983 2399 1081 2456; x_wconf 83' lang='lat' dir='ltr'>allecti.</span> <span class='ocrx_word' id='word_1_305' title='bbox 1098 2400 1161 2455; x_wconf 77' lang='lat' dir='ltr'>lton</span> <span class='ocrx_word' id='word_1_306' title='bbox 1169 2398 1259 2453; x_wconf 90' lang='lat' dir='ltr'>solum</span> <span class='ocrx_word' id='word_1_307' title='bbox 1268 2397 1342 2452; x_wconf 90' lang='lat' dir='ltr'>enim</span> <span class='ocrx_word' id='word_1_308' title='bbox 1353 2394 1387 2452; x_wconf 90' lang='lat' dir='ltr'>de</span> <span class='ocrx_word' id='word_1_309' title='bbox 1398 2396 1496 2467; x_wconf 91' lang='lat' dir='ltr'>quibus</span> <span class='ocrx_word' id='word_1_310' title='bbox 1507 2395 1704 2454; x_wconf 74' lang='lat' dir='ltr'>haesitabamus</span> <span class='ocrx_word' id='word_1_311' title='bbox 1716 2398 1785 2455; x_wconf 89' lang='lat' dir='ltr'>edo·</span> 
     </span>
     <span class='ocr_line' id='line_1_38' title="bbox 131 2488 1787 2570; baseline 0.002 -23"><span class='ocrx_word' id='word_1_312' title='bbox 131 2493 259 2566; x_wconf 92' lang='lat' dir='ltr'>impulsu,</span> <span class='ocrx_word' id='word_1_313' title='bbox 288 2495 340 2551; x_wconf 91' lang='lat' dir='ltr'>nisi</span> <span class='ocrx_word' id='word_1_314' title='bbox 365 2504 412 2552; x_wconf 90' lang='lat' dir='ltr'>aut</span> <span class='ocrx_word' id='word_1_315' title='bbox 440 2498 551 2570; x_wconf 91' lang='lat' dir='ltr'>antiquo</span> <span class='ocrx_word' id='word_1_316' title='bbox 576 2498 854 2570; x_wconf 63' lang='lat' dir='ltr'>commodauerat,</span> <span class='ocrx_word' id='word_1_317' title='bbox 885 2503 933 2553; x_wconf 91' lang='lat' dir='ltr'>aut</span> <span class='ocrx_word' id='word_1_318' title='bbox 984 2494 1020 2550; x_wconf 84' lang='lat' dir='ltr'>cti</span> <span class='ocrx_word' id='word_1_319' title='bbox 1043 2506 1148 2559; x_wconf 88' lang='lat' dir='ltr'>sumus,</span> <span class='ocrx_word' id='word_1_320' title='bbox 1176 2505 1271 2547; x_wconf 88' lang='lat' dir='ltr'>rerum</span> <span class='ocrx_word' id='word_1_321' title='bbox 1299 2490 1380 2546; x_wconf 89' lang='lat' dir='ltr'>etiam</span> <span class='ocrx_word' id='word_1_322' title='bbox 1406 2488 1452 2546; x_wconf 92' lang='lat' dir='ltr'>illa</span> <span class='ocrx_word' id='word_1_323' title='bbox 1478 2505 1540 2563; x_wconf 82' lang='lat' dir='ltr'>quae</span> <span class='ocrx_word' id='word_1_324' title='bbox 1571 2507 1622 2564; x_wconf 89' lang='lat' dir='ltr'>pru</span> <span class='ocrx_word' id='word_1_325' title='bbox 1655 2492 1787 2550; x_wconf 85' lang='lat' dir='ltr'>tenuitate</span> 
     </span>
     <span class='ocr_line' id='line_1_39' title="bbox 132 2582 1788 2665; baseline 0.003 -24"><span class='ocrx_word' id='word_1_326' title='bbox 132 2585 212 2659; x_wconf 86' lang='lat' dir='ltr'>longa</span> <span class='ocrx_word' id='word_1_327' title='bbox 224 2587 436 2648; x_wconf 85' lang='lat' dir='ltr'>inhabitantium</span> <span class='ocrx_word' id='word_1_328' title='bbox 450 2590 562 2660; x_wconf 88' lang='lat' dir='ltr'>desidia,</span> <span class='ocrx_word' id='word_1_329' title='bbox 577 2592 722 2649; x_wconf 85' lang='lat' dir='ltr'>stillicidiis</span> <span class='ocrx_word' id='word_1_330' title='bbox 737 2592 857 2665; x_wconf 91' lang='lat' dir='ltr'>primum</span> <span class='ocrx_word' id='word_1_331' title='bbox 871 2604 934 2662; x_wconf 91' lang='lat' dir='ltr'>par·</span> <span class='ocrx_word' id='word_1_332' title='bbox 985 2601 1081 2645; x_wconf 88' lang='lat' dir='ltr'>sensus</span> <span class='ocrx_word' id='word_1_333' title='bbox 1103 2582 1191 2642; x_wconf 88' lang='lat' dir='ltr'>nostri</span> <span class='ocrx_word' id='word_1_334' title='bbox 1209 2584 1347 2657; x_wconf 90' lang='lat' dir='ltr'>inquirere</span> <span class='ocrx_word' id='word_1_335' title='bbox 1368 2600 1425 2641; x_wconf 93' lang='lat' dir='ltr'>non</span> <span class='ocrx_word' id='word_1_336' title='bbox 1441 2600 1617 2654; x_wconf 87' lang='lat' dir='ltr'>noveramus,</span> <span class='ocrx_word' id='word_1_337' title='bbox 1639 2586 1692 2644; x_wconf 90' lang='lat' dir='ltr'>sub</span> <span class='ocrx_word' id='word_1_338' title='bbox 1717 2588 1788 2646; x_wconf 86' lang='lat' dir='ltr'>illius</span> 
     </span>
     <span class='ocr_line' id='line_1_40' title="bbox 131 2677 1563 2758; baseline -0.001 -21"><span class='ocrx_word' id='word_1_339' title='bbox 131 2681 251 2740; x_wconf 85' lang='lat' dir='ltr'>vissimis</span> <span class='ocrx_word' id='word_1_340' title='bbox 259 2684 463 2756; x_wconf 86' lang='lat' dir='ltr'>penetrantibus</span> <span class='ocrx_word' id='word_1_341' title='bbox 480 2694 607 2758; x_wconf 90' lang='lat' dir='ltr'>corrupta</span> <span class='ocrx_word' id='word_1_342' title='bbox 625 2686 728 2743; x_wconf 87' lang='lat' dir='ltr'>sensim</span> <span class='ocrx_word' id='word_1_343' title='bbox 748 2684 851 2743; x_wconf 84' lang='lat' dir='ltr'>tuerint</span> <span class='ocrx_word' id='word_1_344' title='bbox 868 2701 934 2742; x_wconf 91' lang='lat' dir='ltr'>mu·</span> <span class='ocrx_word' id='word_1_345' title='bbox 988 2678 1144 2755; x_wconf 80' lang='lat' dir='ltr'>quaestionis</span> <span class='ocrx_word' id='word_1_346' title='bbox 1154 2677 1366 2752; x_wconf 89' lang='lat' dir='ltr'>interrogatione</span> <span class='ocrx_word' id='word_1_347' title='bbox 1374 2680 1563 2751; x_wconf 85' lang='lat' dir='ltr'>cognovimus.</span> 
     </span>
    </p>
   </div>
   <div class='ocr_carea' id='block_1_11' title="bbox 684 2785 1237 2849">
    <p class='ocr_par' dir='ltr' id='par_1_11' title="bbox 684 2785 1237 2849">
     <span class='ocr_line' id='line_1_41' title="bbox 684 2785 1237 2849; baseline -0.009 -2"><span class='ocrx_word' id='word_1_348' title='bbox 684 2793 812 2848; x_wconf 79' lang='lat' dir='ltr'><strong>ALARDI</strong></span> <span class='ocrx_word' id='word_1_349' title='bbox 830 2793 943 2849; x_wconf 75' lang='lat' dir='ltr'>GAZAEI</span> <span class='ocrx_word' id='word_1_350' title='bbox 960 2785 1237 2849; x_wconf 76' lang='lat' dir='ltr'><strong>COMMENTARIUS.</strong></span> 
     </span>
    </p>
   </div>
   <div class='ocr_carea' id='block_1_12' title="bbox 107 2883 1788 4877">
    <p class='ocr_par' dir='ltr' id='par_1_12' title="bbox 107 2883 1788 4877">
     <span class='ocr_line' id='line_1_42' title="bbox 129 2883 1787 2963; baseline 0.001 -17"><span class='ocrx_word' id='word_1_351' title='bbox 129 2894 212 2962; x_wconf 77' lang='lat' dir='ltr'>pitius</span> <span class='ocrx_word' id='word_1_352' title='bbox 225 2897 337 2963; x_wconf 86' lang='lat' dir='ltr'>spectat,</span> <span class='ocrx_word' id='word_1_353' title='bbox 354 2894 442 2947; x_wconf 84' lang='lat' dir='ltr'>adbuc</span> <span class='ocrx_word' id='word_1_354' title='bbox 459 2895 567 2947; x_wconf 78' lang='lat' dir='ltr'>athleta</span> <span class='ocrx_word' id='word_1_355' title='bbox 577 2893 607 2946; x_wconf 84' lang='lat' dir='ltr'>iu</span> <span class='ocrx_word' id='word_1_356' title='bbox 619 2896 758 2946; x_wconf 84' lang='lat' dir='ltr'>stemmate</span> <span class='ocrx_word' id='word_1_357' title='bbox 769 2895 830 2962; x_wconf 88' lang='lat' dir='ltr'>(pro</span> <span class='ocrx_word' id='word_1_358' title='bbox 844 2906 932 2945; x_wconf 88' lang='lat' dir='ltr'>scom-</span> <span class='ocrx_word' id='word_1_359' title='bbox 986 2886 1167 2952; x_wconf 89' lang='lat' dir='ltr'>immortales,</span> <span class='ocrx_word' id='word_1_360' title='bbox 1180 2883 1413 2957; x_wconf 86' lang='lat' dir='ltr'>incorruptibiles,</span> <span class='ocrx_word' id='word_1_361' title='bbox 1428 2893 1461 2942; x_wconf 91' lang='lat' dir='ltr'>ut</span> <span class='ocrx_word' id='word_1_362' title='bbox 1477 2886 1602 2959; x_wconf 90' lang='lat' dir='ltr'>superius</span> <span class='ocrx_word' id='word_1_363' title='bbox 1617 2884 1730 2946; x_wconf 78' lang='lat' dir='ltr'>diemm</span> <span class='ocrx_word' id='word_1_364' title='bbox 1747 2896 1787 2946; x_wconf 83' lang='lat' dir='ltr'>est</span> 
     </span>
     <span class='ocr_line' id='line_1_43' title="bbox 131 2959 1343 3040; baseline -0.005 -24"><span class='ocrx_word' id='word_1_365' title='bbox 131 2963 211 3030; x_wconf 87' lang='lat' dir='ltr'>mate)</span> <span class='ocrx_word' id='word_1_366' title='bbox 225 2968 299 3024; x_wconf 83' lang='lat' dir='ltr'>suut,</span> <span class='ocrx_word' id='word_1_367' title='bbox 321 2967 346 3016; x_wconf 88' lang='lat' dir='ltr'>et</span> <span class='ocrx_word' id='word_1_368' title='bbox 366 2966 396 3015; x_wconf 89' lang='lat' dir='ltr'>tu</span> <span class='ocrx_word' id='word_1_369' title='bbox 405 2964 467 3031; x_wconf 85' lang='lat' dir='ltr'>jam</span> <span class='ocrx_word' id='word_1_370' title='bbox 479 2964 566 3016; x_wconf 86' lang='lat' dir='ltr'>cibum</span> <span class='ocrx_word' id='word_1_371' title='bbox 578 2964 672 3030; x_wconf 84' lang='lat' dir='ltr'>petis?</span> <span class='ocrx_word' id='word_1_372' title='bbox 697 2960 764 3016; x_wconf 86' lang='lat' dir='ltr'>Aliis</span> <span class='ocrx_word' id='word_1_373' title='bbox 787 2975 851 3015; x_wconf 83' lang='lat' dir='ltr'>vero</span> <span class='ocrx_word' id='word_1_374' title='bbox 867 2960 933 3016; x_wconf 90' lang='lat' dir='ltr'>locis</span> <span class='ocrx_word' id='word_1_375' title='bbox 984 2959 1133 3026; x_wconf 61' lang='lat' dir='ltr'>(salitam.</span> <span class='ocrx_word' id='word_1_376' title='bbox 1147 2961 1246 3040; x_wconf 80' lang='lat' dir='ltr'>spurt.</span> <span class='ocrx_word' id='word_1_377' title='bbox 1261 2973 1288 3027; x_wconf 92' lang='lat' dir='ltr'>q.</span> <span class='ocrx_word' id='word_1_378' title='bbox 1305 2959 1343 3022; x_wconf 82' lang='grc'>9).</span> 
     </span>
     <span class='ocr_line' id='line_1_44' title="bbox 132 3023 1787 3103; baseline 0.002 -18"><span class='ocrx_word' id='word_1_379' title='bbox 132 3031 203 3101; x_wconf 93' lang='lat' dir='ltr'>apud</span> <span class='ocrx_word' id='word_1_380' title='bbox 218 3046 282 3085; x_wconf 90' lang='lat' dir='ltr'>eum</span> <span class='ocrx_word' id='word_1_381' title='bbox 296 3032 401 3101; x_wconf 81' lang='lat' dir='ltr'>integre</span> <span class='ocrx_word' id='word_1_382' title='bbox 421 3031 527 3100; x_wconf 91' lang='lat' dir='ltr'>legitur,</span> <span class='ocrx_word' id='word_1_383' title='bbox 542 3039 574 3085; x_wconf 89' lang='lat' dir='ltr'>ut</span> <span class='ocrx_word' id='word_1_384' title='bbox 589 3031 633 3085; x_wconf 91' lang='lat' dir='ltr'>lib.</span> <span class='ocrx_word' id='word_1_385' title='bbox 647 3031 682 3086; x_wconf 91' lang='lat' dir='ltr'>de</span> <span class='ocrx_word' id='word_1_386' title='bbox 699 3030 757 3086; x_wconf 89' lang='lat' dir='ltr'>Elia</span> <span class='ocrx_word' id='word_1_387' title='bbox 772 3038 800 3085; x_wconf 89' lang='lat' dir='ltr'>et</span> <span class='ocrx_word' id='word_1_388' title='bbox 822 3031 931 3103; x_wconf 87' lang='lat' dir='ltr'>Jejunio</span> <span class='ocrx_word' id='word_1_389' title='bbox 1018 3023 1105 3100; x_wconf 77' lang='lat' dir='ltr'>bQua</span> <span class='ocrx_word' id='word_1_390' title='bbox 1123 3035 1231 3084; x_wconf 86' lang='lat' dir='ltr'>ratione</span> <span class='ocrx_word' id='word_1_391' title='bbox 1250 3026 1350 3083; x_wconf 88' lang='lat' dir='ltr'>dicitur</span> <span class='ocrx_word' id='word_1_392' title='bbox 1368 3030 1443 3083; x_wconf 85' lang='lat' dir='ltr'>Deus</span> <span class='ocrx_word' id='word_1_393' title='bbox 1467 3027 1541 3085; x_wconf 90' lang='lat' dir='ltr'>solus</span> <span class='ocrx_word' id='word_1_394' title='bbox 1560 3029 1745 3088; x_wconf 89' lang='lat' dir='ltr'>immutabilis</span> <span class='ocrx_word' id='word_1_395' title='bbox 1761 3040 1787 3088; x_wconf 87' lang='lat' dir='ltr'>et</span> 
     </span>
     <span class='ocr_line' id='line_1_45' title="bbox 131 3098 1788 3170; baseline 0.002 -15"><span class='ocrx_word' id='word_1_396' title='bbox 131 3116 191 3170; x_wconf 90' lang='lat' dir='ltr'>cap.</span> <span class='ocrx_word' id='word_1_397' title='bbox 210 3107 263 3155; x_wconf 68' lang='grc' dir='ltr'>ιιι</span> <span class='ocrx_word' id='word_1_398' title='bbox 283 3103 315 3155; x_wconf 85' lang='grc' dir='ltr'><strong>Ιιι</strong></span> <span class='ocrx_word' id='word_1_399' title='bbox 329 3106 480 3162; x_wconf 85' lang='lat' dir='ltr'>scammate,</span> <span class='ocrx_word' id='word_1_400' title='bbox 493 3103 518 3154; x_wconf 80' lang='lat' dir='ltr'>si</span> <span class='ocrx_word' id='word_1_401' title='bbox 535 3102 596 3170; x_wconf 83' lang='lat' dir='ltr'>quis</span> <span class='ocrx_word' id='word_1_402' title='bbox 606 3101 639 3154; x_wconf 85' lang='lat' dir='ltr'>dc</span> <span class='ocrx_word' id='word_1_403' title='bbox 652 3117 734 3155; x_wconf 86' lang='lat' dir='ltr'>mauu</span> <span class='ocrx_word' id='word_1_404' title='bbox 746 3102 826 3168; x_wconf 84' lang='lat' dir='ltr'>leuat,</span> <span class='ocrx_word' id='word_1_405' title='bbox 839 3117 930 3158; x_wconf 71' lang='lat' dir='ltr'>essars</span> <span class='ocrx_word' id='word_1_406' title='bbox 983 3099 1158 3166; x_wconf 83' lang='lat' dir='ltr'>immortalis,</span> <span class='ocrx_word' id='word_1_407' title='bbox 1183 3098 1285 3154; x_wconf 89' lang='lat' dir='ltr'>scilicet</span> <span class='ocrx_word' id='word_1_408' title='bbox 1304 3113 1351 3169; x_wconf 90' lang='lat' dir='ltr'>per</span> <span class='ocrx_word' id='word_1_409' title='bbox 1372 3099 1536 3167; x_wconf 78' lang='lat' dir='ltr'>essentiam3</span> <span class='ocrx_word' id='word_1_410' title='bbox 1550 3103 1650 3158; x_wconf 89' lang='lat' dir='ltr'>eadem</span> <span class='ocrx_word' id='word_1_411' title='bbox 1672 3111 1701 3158; x_wconf 88' lang='lat' dir='ltr'>et</span> <span class='ocrx_word' id='word_1_412' title='bbox 1712 3102 1788 3159; x_wconf 86' lang='lat' dir='ltr'>selus</span> 
     </span>
     <span class='ocr_line' id='line_1_46' title="bbox 132 3170 1783 3244; baseline 0.004 -21"><span class='ocrx_word' id='word_1_413' title='bbox 132 3170 358 3240; x_wconf 85' lang='lat' dir='ltr'>quidempnlmoe,</span> <span class='ocrx_word' id='word_1_414' title='bbox 370 3171 553 3226; x_wconf 82' lang='lat' dir='ltr'>sedimmmris</span> <span class='ocrx_word' id='word_1_415' title='bbox 564 3171 679 3240; x_wconf 77' lang='lat' dir='ltr'>injusta,</span> <span class='ocrx_word' id='word_1_416' title='bbox 690 3180 742 3228; x_wconf 89' lang='lat' dir='ltr'>cte.</span> <span class='ocrx_word' id='word_1_417' title='bbox 756 3174 791 3228; x_wconf 86' lang='lat' dir='ltr'>Et</span> <span class='ocrx_word' id='word_1_418' title='bbox 802 3188 862 3244; x_wconf 88' lang='lat' dir='ltr'>cap.</span> <span class='ocrx_word' id='word_1_419' title='bbox 873 3178 904 3229; x_wconf 81' lang='lat'>21</span> <span class='ocrx_word' id='word_1_420' title='bbox 922 3193 928 3230; x_wconf 93' lang='lat'><strong>:</strong></span> <span class='ocrx_word' id='word_1_421' title='bbox 982 3171 1071 3229; x_wconf 90' lang='lat' dir='ltr'>bonus</span> <span class='ocrx_word' id='word_1_422' title='bbox 1094 3170 1195 3227; x_wconf 91' lang='lat' dir='ltr'>dicitur</span> <span class='ocrx_word' id='word_1_423' title='bbox 1208 3185 1255 3242; x_wconf 89' lang='lat' dir='ltr'>per</span> <span class='ocrx_word' id='word_1_424' title='bbox 1267 3171 1427 3234; x_wconf 88' lang='lat' dir='ltr'>essentiam,</span> <span class='ocrx_word' id='word_1_425' title='bbox 1439 3170 1503 3240; x_wconf 87' lang='lat' dir='ltr'>quia</span> <span class='ocrx_word' id='word_1_426' title='bbox 1521 3180 1565 3227; x_wconf 88' lang='lat' dir='ltr'>est</span> <span class='ocrx_word' id='word_1_427' title='bbox 1582 3172 1646 3244; x_wconf 78' lang='lat' dir='ltr'>ipsu</span> <span class='ocrx_word' id='word_1_428' title='bbox 1664 3173 1783 3229; x_wconf 80' lang='lat' dir='ltr'>bonitas</span> 
     </span>
     <span class='ocr_line' id='line_1_47' title="bbox 132 3239 1788 3314; baseline 0.003 -18"><span class='ocrx_word' id='word_1_429' title='bbox 132 3243 286 3309; x_wconf 78' lang='lat' dir='ltr'>Progressus</span> <span class='ocrx_word' id='word_1_430' title='bbox 294 3243 323 3295; x_wconf 81' lang='lat' dir='ltr'>irs</span> <span class='ocrx_word' id='word_1_431' title='bbox 331 3257 450 3297; x_wconf 87' lang='lat' dir='ltr'>scamma</span> <span class='ocrx_word' id='word_1_432' title='bbox 461 3257 562 3298; x_wconf 80' lang='lat' dir='ltr'>necesse</span> <span class='ocrx_word' id='word_1_433' title='bbox 569 3248 608 3298; x_wconf 90' lang='lat' dir='ltr'>est</span> <span class='ocrx_word' id='word_1_434' title='bbox 617 3248 648 3298; x_wconf 84' lang='lat' dir='ltr'>ut</span> <span class='ocrx_word' id='word_1_435' title='bbox 658 3245 927 3314; x_wconf 71' lang='lat' dir='ltr'>accipiaspulcerem.</span> <span class='ocrx_word' id='word_1_436' title='bbox 981 3245 1053 3300; x_wconf 86' lang='lat' dir='ltr'>Hinc</span> <span class='ocrx_word' id='word_1_437' title='bbox 1065 3241 1165 3300; x_wconf 76' lang='lat' dir='ltr'>matth.</span> <span class='ocrx_word' id='word_1_438' title='bbox 1186 3239 1381 3309; x_wconf 73' lang='lat' dir='ltr'>xtxldieitur:</span> <span class='ocrx_word' id='word_1_439' title='bbox 1401 3244 1474 3298; x_wconf 83' lang='lat' dir='ltr'>ilaus</span> <span class='ocrx_word' id='word_1_440' title='bbox 1496 3248 1534 3298; x_wconf 86' lang='lat' dir='ltr'>est</span> <span class='ocrx_word' id='word_1_441' title='bbox 1560 3244 1741 3311; x_wconf 68' lang='lat' dir='ltr'>tentaberis:</span> <span class='ocrx_word' id='word_1_442' title='bbox 1761 3253 1788 3301; x_wconf 88' lang='lat' dir='ltr'>et</span> 
     </span>
     <span class='ocr_line' id='line_1_48' title="bbox 132 3312 1788 3392; baseline 0.004 -26"><span class='ocrx_word' id='word_1_443' title='bbox 132 3313 168 3367; x_wconf 85' lang='lat' dir='ltr'>Et</span> <span class='ocrx_word' id='word_1_444' title='bbox 177 3327 271 3368; x_wconf 87' lang='lat' dir='ltr'>rursus</span> <span class='ocrx_word' id='word_1_445' title='bbox 289 3316 434 3370; x_wconf 77' lang='lat' dir='ltr'>:Luctator</span> <span class='ocrx_word' id='word_1_446' title='bbox 448 3317 478 3369; x_wconf 84' lang='lat' dir='ltr'>m</span> <span class='ocrx_word' id='word_1_447' title='bbox 490 3319 642 3377; x_wconf 83' lang='lat' dir='ltr'>scammate,</span> <span class='ocrx_word' id='word_1_448' title='bbox 658 3320 683 3370; x_wconf 88' lang='lat' dir='ltr'>et</span> <span class='ocrx_word' id='word_1_449' title='bbox 691 3316 781 3385; x_wconf 79' lang='lat' dir='ltr'>puluis</span> <span class='ocrx_word' id='word_1_450' title='bbox 793 3318 823 3370; x_wconf 83' lang='lat' dir='ltr'>m</span> <span class='ocrx_word' id='word_1_451' title='bbox 833 3317 933 3372; x_wconf 84' lang='lat' dir='ltr'>stadia.</span> <span class='ocrx_word' id='word_1_452' title='bbox 950 3327 973 3392; x_wconf 76' lang='lat' dir='ltr'><strong>c</strong></span> <span class='ocrx_word' id='word_1_453' title='bbox 989 3317 1072 3372; x_wconf 81' lang='lat' dir='ltr'>Lucae</span> <span class='ocrx_word' id='word_1_454' title='bbox 1087 3328 1190 3371; x_wconf 86' lang='lat' dir='ltr'>xvttr:</span> <span class='ocrx_word' id='word_1_455' title='bbox 1211 3315 1292 3370; x_wconf 85' lang='lat' dir='ltr'>Nemo</span> <span class='ocrx_word' id='word_1_456' title='bbox 1316 3312 1406 3376; x_wconf 76' lang='lat' dir='ltr'>boam,</span> <span class='ocrx_word' id='word_1_457' title='bbox 1430 3315 1487 3369; x_wconf 86' lang='lat' dir='ltr'>nisi</span> <span class='ocrx_word' id='word_1_458' title='bbox 1499 3315 1573 3370; x_wconf 83' lang='lat' dir='ltr'>solue</span> <span class='ocrx_word' id='word_1_459' title='bbox 1587 3319 1670 3382; x_wconf 80' lang='lat' dir='ltr'>Deus,</span> <span class='ocrx_word' id='word_1_460' title='bbox 1685 3317 1788 3373; x_wconf 77' lang='lat' dir='ltr'>scilioet</span> 
     </span>
     <span class='ocr_line' id='line_1_49' title="bbox 132 3383 1769 3459; baseline 0.001 -22"><span class='ocrx_word' id='word_1_461' title='bbox 132 3383 260 3447; x_wconf 84' lang='lat' dir='ltr'>Paulinus</span> <span class='ocrx_word' id='word_1_462' title='bbox 274 3385 302 3440; x_wconf 93' lang='lat' dir='ltr'>in</span> <span class='ocrx_word' id='word_1_463' title='bbox 314 3386 393 3456; x_wconf 87' lang='lat' dir='ltr'>epist.</span> <span class='ocrx_word' id='word_1_464' title='bbox 414 3390 431 3440; x_wconf 76' lang='grc' dir='ltr'><strong>ι</strong></span> <span class='ocrx_word' id='word_1_465' title='bbox 449 3384 483 3440; x_wconf 89' lang='lat' dir='ltr'>ed</span> <span class='ocrx_word' id='word_1_466' title='bbox 495 3387 626 3442; x_wconf 87' lang='lat' dir='ltr'>Severum</span> <span class='ocrx_word' id='word_1_467' title='bbox 647 3406 654 3444; x_wconf 74' lang='grc' dir='ltr'><strong>ι</strong></span> <span class='ocrx_word' id='word_1_468' title='bbox 680 3387 754 3450; x_wconf 86' lang='lat' dir='ltr'>Noli,</span> <span class='ocrx_word' id='word_1_469' title='bbox 768 3386 870 3459; x_wconf 77' lang='lat' dir='ltr'>inquit,</span> <span class='ocrx_word' id='word_1_470' title='bbox 886 3390 931 3442; x_wconf 84' lang='lat' dir='ltr'>irr-</span> <span class='ocrx_word' id='word_1_471' title='bbox 986 3401 1019 3442; x_wconf 87' lang='lat' dir='ltr'>ex</span> <span class='ocrx_word' id='word_1_472' title='bbox 1034 3401 1063 3442; x_wconf 89' lang='lat' dir='ltr'>se</span> <span class='ocrx_word' id='word_1_473' title='bbox 1082 3394 1109 3441; x_wconf 90' lang='lat' dir='ltr'>et</span> <span class='ocrx_word' id='word_1_474' title='bbox 1122 3399 1170 3457; x_wconf 91' lang='lat' dir='ltr'>per</span> <span class='ocrx_word' id='word_1_475' title='bbox 1181 3391 1317 3440; x_wconf 87' lang='lat' dir='ltr'>naturam.</span> <span class='ocrx_word' id='word_1_476' title='bbox 1764 3424 1769 3431; x_wconf 88' lang='lat'>.</span> 
     </span>
     <span class='ocr_line' id='line_1_50' title="bbox 132 3453 1788 3527; baseline 0.004 -19"><span class='ocrx_word' id='word_1_477' title='bbox 132 3457 211 3509; x_wconf 82' lang='lat' dir='ltr'>terim</span> <span class='ocrx_word' id='word_1_478' title='bbox 222 3455 288 3510; x_wconf 86' lang='lat' dir='ltr'>dum</span> <span class='ocrx_word' id='word_1_479' title='bbox 306 3458 335 3510; x_wconf 84' lang='lat' dir='ltr'>m</span> <span class='ocrx_word' id='word_1_480' title='bbox 351 3461 493 3513; x_wconf 86' lang='lat' dir='ltr'>scammate</span> <span class='ocrx_word' id='word_1_481' title='bbox 505 3472 608 3520; x_wconf 80' lang='lat' dir='ltr'>sumtu,</span> <span class='ocrx_word' id='word_1_482' title='bbox 622 3465 676 3515; x_wconf 88' lang='lat' dir='ltr'>etc.</span> <span class='ocrx_word' id='word_1_483' title='bbox 1019 3461 1032 3490; x_wconf 79' lang='lat'><strong>⁰</strong></span> <span class='ocrx_word' id='word_1_484' title='bbox 1051 3457 1161 3513; x_wconf 82' lang='lat' dir='ltr'>Notavit</span> <span class='ocrx_word' id='word_1_485' title='bbox 1174 3453 1322 3527; x_wconf 85' lang='lat' dir='ltr'>Cuycbius,</span> <span class='ocrx_word' id='word_1_486' title='bbox 1339 3454 1368 3509; x_wconf 93' lang='lat' dir='ltr'>iu</span> <span class='ocrx_word' id='word_1_487' title='bbox 1379 3454 1588 3525; x_wconf 87' lang='lat' dir='ltr'>antiquioribus</span> <span class='ocrx_word' id='word_1_488' title='bbox 1601 3455 1788 3515; x_wconf 83' lang='lat' dir='ltr'>librisereusis</span> 
     </span>
     <span class='ocr_line' id='line_1_51' title="bbox 168 3524 1786 3600; baseline 0.003 -21"><span class='ocrx_word' id='word_1_489' title='bbox 168 3526 273 3580; x_wconf 73' lang='lat' dir='ltr'>&#39;Solus</span> <span class='ocrx_word' id='word_1_490' title='bbox 292 3530 366 3583; x_wconf 86' lang='lat' dir='ltr'>Deus</span> <span class='ocrx_word' id='word_1_491' title='bbox 386 3526 544 3583; x_wconf 90' lang='lat' dir='ltr'>omnimode</span> <span class='ocrx_word' id='word_1_492' title='bbox 565 3536 592 3583; x_wconf 90' lang='lat' dir='ltr'>et</span> <span class='ocrx_word' id='word_1_493' title='bbox 608 3527 731 3584; x_wconf 90' lang='lat' dir='ltr'>absolute</span> <span class='ocrx_word' id='word_1_494' title='bbox 752 3528 930 3585; x_wconf 86' lang='lat' dir='ltr'>immutabilis</span> <span class='ocrx_word' id='word_1_495' title='bbox 984 3526 1131 3585; x_wconf 88' lang='lat' dir='ltr'>desiderari</span> <span class='ocrx_word' id='word_1_496' title='bbox 1146 3526 1205 3581; x_wconf 82' lang='lat' dir='ltr'>baec</span> <span class='ocrx_word' id='word_1_497' title='bbox 1223 3524 1315 3586; x_wconf 82' lang='lat' dir='ltr'>verba.</span> <span class='ocrx_word' id='word_1_498' title='bbox 1338 3539 1400 3596; x_wconf 83' lang='lat' dir='ltr'>quae</span> <span class='ocrx_word' id='word_1_499' title='bbox 1423 3525 1525 3593; x_wconf 75' lang='lat' dir='ltr'>mmen,</span> <span class='ocrx_word' id='word_1_500' title='bbox 1547 3527 1644 3600; x_wconf 86' lang='lat' dir='ltr'>inquit,</span> <span class='ocrx_word' id='word_1_501' title='bbox 1667 3526 1696 3583; x_wconf 84' lang='lat' dir='ltr'>in</span> <span class='ocrx_word' id='word_1_502' title='bbox 1723 3536 1786 3585; x_wconf 84' lang='lat' dir='ltr'>ecto</span> 
     </span>
     <span class='ocr_line' id='line_1_52' title="bbox 132 3592 1784 3677; baseline 0.004 -29"><span class='ocrx_word' id='word_1_503' title='bbox 132 3601 184 3658; x_wconf 90' lang='lat' dir='ltr'>est,</span> <span class='ocrx_word' id='word_1_504' title='bbox 196 3592 273 3663; x_wconf 84' lang='lat' dir='ltr'>juxta</span> <span class='ocrx_word' id='word_1_505' title='bbox 286 3596 513 3653; x_wconf 82' lang='lat' dir='ltr'>illudblalacbiae</span> <span class='ocrx_word' id='word_1_506' title='bbox 527 3612 564 3653; x_wconf 93' lang='grc' dir='ltr'>ιιι</span> <span class='ocrx_word' id='word_1_507' title='bbox 580 3615 588 3653; x_wconf 88' lang='lat'>:</span> <span class='ocrx_word' id='word_1_508' title='bbox 604 3602 659 3666; x_wconf 83' lang='grc' dir='ltr'>Ερο</span> <span class='ocrx_word' id='word_1_509' title='bbox 682 3602 818 3660; x_wconf 77' lang='lat' dir='ltr'>Dominam,</span> <span class='ocrx_word' id='word_1_510' title='bbox 841 3603 867 3653; x_wconf 90' lang='lat' dir='ltr'>et</span> <span class='ocrx_word' id='word_1_511' title='bbox 877 3615 930 3655; x_wconf 80' lang='lat' dir='ltr'>aare</span> <span class='ocrx_word' id='word_1_512' title='bbox 985 3614 1051 3654; x_wconf 91' lang='lat' dir='ltr'>mss.</span> <span class='ocrx_word' id='word_1_513' title='bbox 1085 3597 1225 3653; x_wconf 88' lang='lat' dir='ltr'>codicibus</span> <span class='ocrx_word' id='word_1_514' title='bbox 1252 3603 1286 3677; x_wconf 81' lang='lat' dir='ltr'>et¹</span> <span class='ocrx_word' id='word_1_515' title='bbox 1306 3596 1378 3666; x_wconf 88' lang='lat' dir='ltr'>apud</span> <span class='ocrx_word' id='word_1_516' title='bbox 1405 3596 1570 3670; x_wconf 81' lang='lat' dir='ltr'>Dionysium</span> <span class='ocrx_word' id='word_1_517' title='bbox 1602 3597 1784 3670; x_wconf 87' lang='lat' dir='ltr'>reperiuntur.</span> 
     </span>
     <span class='ocr_line' id='line_1_53' title="bbox 132 3666 1783 3740; baseline 0.005 -22"><span class='ocrx_word' id='word_1_518' title='bbox 132 3669 241 3733; x_wconf 81' lang='lat' dir='ltr'>mutor3</span> <span class='ocrx_word' id='word_1_519' title='bbox 257 3674 284 3721; x_wconf 87' lang='lat' dir='ltr'>et</span> <span class='ocrx_word' id='word_1_520' title='bbox 297 3668 308 3722; x_wconf 95' lang='lat' dir='ltr'>l</span> <span class='ocrx_word' id='word_1_521' title='bbox 322 3666 356 3723; x_wconf 93' lang='lat' dir='ltr'>ad</span> <span class='ocrx_word' id='word_1_522' title='bbox 367 3666 438 3726; x_wconf 84' lang='lat' dir='ltr'>Tim.</span> <span class='ocrx_word' id='word_1_523' title='bbox 451 3682 484 3723; x_wconf 84' lang='lat' dir='ltr'>vr</span> <span class='ocrx_word' id='word_1_524' title='bbox 499 3686 505 3720; x_wconf 95' lang='lat'><strong>:</strong></span> <span class='ocrx_word' id='word_1_525' title='bbox 522 3669 576 3734; x_wconf 80' lang='lat' dir='ltr'>Qui</span> <span class='ocrx_word' id='word_1_526' title='bbox 587 3669 658 3723; x_wconf 86' lang='lat' dir='ltr'>solue</span> <span class='ocrx_word' id='word_1_527' title='bbox 672 3670 750 3724; x_wconf 84' lang='lat' dir='ltr'>babet</span> <span class='ocrx_word' id='word_1_528' title='bbox 769 3671 930 3725; x_wconf 84' lang='lat' dir='ltr'>immortali·</span> <span class='ocrx_word' id='word_1_529' title='bbox 984 3668 1102 3725; x_wconf 90' lang='lat' dir='ltr'>Proinde</span> <span class='ocrx_word' id='word_1_530' title='bbox 1119 3667 1216 3723; x_wconf 91' lang='lat' dir='ltr'>merito</span> <span class='ocrx_word' id='word_1_531' title='bbox 1237 3667 1388 3733; x_wconf 84' lang='lat' dir='ltr'>retinenda,</span> <span class='ocrx_word' id='word_1_532' title='bbox 1412 3668 1474 3737; x_wconf 88' lang='lat' dir='ltr'>quia</span> <span class='ocrx_word' id='word_1_533' title='bbox 1489 3684 1556 3724; x_wconf 88' lang='lat' dir='ltr'>sena</span> <span class='ocrx_word' id='word_1_534' title='bbox 1569 3677 1598 3725; x_wconf 88' lang='lat' dir='ltr'>et</span> <span class='ocrx_word' id='word_1_535' title='bbox 1620 3678 1783 3740; x_wconf 79' lang='lat' dir='ltr'>opportuna.</span> 
     </span>
     <span class='ocr_line' id='line_1_54' title="bbox 134 3726 1783 3812; baseline 0.002 -22"><span class='ocrx_word' id='word_1_536' title='bbox 134 3740 225 3790; x_wconf 88' lang='lat' dir='ltr'>tatem.</span> <span class='ocrx_word' id='word_1_537' title='bbox 240 3737 310 3791; x_wconf 87' lang='lat' dir='ltr'>Nam</span> <span class='ocrx_word' id='word_1_538' title='bbox 323 3736 440 3806; x_wconf 87' lang='lat' dir='ltr'>perlecta</span> <span class='ocrx_word' id='word_1_539' title='bbox 450 3737 645 3795; x_wconf 87' lang='lat' dir='ltr'>immortalitas</span> <span class='ocrx_word' id='word_1_540' title='bbox 656 3746 698 3795; x_wconf 87' lang='lat' dir='ltr'>est</span> <span class='ocrx_word' id='word_1_541' title='bbox 709 3738 869 3795; x_wconf 90' lang='lat' dir='ltr'>omnimoda</span> <span class='ocrx_word' id='word_1_542' title='bbox 880 3740 932 3796; x_wconf 90' lang='lat' dir='ltr'>im·</span> <span class='ocrx_word' id='word_1_543' title='bbox 1020 3726 1034 3771; x_wconf 67' lang='lat' dir='ltr'>d</span> <span class='ocrx_word' id='word_1_544' title='bbox 1049 3739 1162 3810; x_wconf 80' lang='lat' dir='ltr'>Vulgata</span> <span class='ocrx_word' id='word_1_545' title='bbox 1172 3745 1200 3792; x_wconf 86' lang='lat' dir='ltr'>et</span> <span class='ocrx_word' id='word_1_546' title='bbox 1214 3737 1385 3793; x_wconf 85' lang='lat' dir='ltr'>Clementiae</span> <span class='ocrx_word' id='word_1_547' title='bbox 1396 3737 1474 3793; x_wconf 89' lang='lat' dir='ltr'>lectio</span> <span class='ocrx_word' id='word_1_548' title='bbox 1491 3758 1498 3794; x_wconf 84' lang='grc' dir='ltr'><strong>ι</strong></span> <span class='ocrx_word' id='word_1_549' title='bbox 1515 3741 1707 3798; x_wconf 67' lang='lat' dir='ltr'>contritam</span> <span class='ocrx_word' id='word_1_550' title='bbox 1715 3757 1783 3812; x_wconf 86' lang='lat' dir='ltr'>proe·</span> 
     </span>
     <span class='ocr_line' id='line_1_55' title="bbox 133 3807 1781 3882; baseline 0.004 -19"><span class='ocrx_word' id='word_1_551' title='bbox 133 3807 314 3864; x_wconf 89' lang='lat' dir='ltr'>mutabilitas.</span> <span class='ocrx_word' id='word_1_552' title='bbox 328 3808 411 3865; x_wconf 90' lang='lat' dir='ltr'>Unde</span> <span class='ocrx_word' id='word_1_553' title='bbox 434 3810 470 3863; x_wconf 86' lang='lat' dir='ltr'>D.</span> <span class='ocrx_word' id='word_1_554' title='bbox 484 3809 641 3865; x_wconf 91' lang='lat' dir='ltr'>Bernardus</span> <span class='ocrx_word' id='word_1_555' title='bbox 664 3815 795 3867; x_wconf 77' lang='lat' dir='ltr'>sarmiti</span> <span class='ocrx_word' id='word_1_556' title='bbox 815 3809 844 3864; x_wconf 91' lang='lat' dir='ltr'>in</span> <span class='ocrx_word' id='word_1_557' title='bbox 857 3812 931 3867; x_wconf 85' lang='lat' dir='ltr'>Can-</span> <span class='ocrx_word' id='word_1_558' title='bbox 984 3811 1054 3866; x_wconf 68' lang='lat' dir='ltr'>cedd</span> <span class='ocrx_word' id='word_1_559' title='bbox 1065 3810 1201 3880; x_wconf 82' lang='lat' dir='ltr'>superbio,</span> <span class='ocrx_word' id='word_1_560' title='bbox 1217 3812 1242 3863; x_wconf 88' lang='lat' dir='ltr'>et</span> <span class='ocrx_word' id='word_1_561' title='bbox 1256 3811 1317 3861; x_wconf 84' lang='lat' dir='ltr'>aute</span> <span class='ocrx_word' id='word_1_562' title='bbox 1335 3811 1443 3864; x_wconf 81' lang='lat' dir='ltr'>mirram</span> <span class='ocrx_word' id='word_1_563' title='bbox 1456 3811 1594 3867; x_wconf 85' lang='lat' dir='ltr'>eaottatur</span> <span class='ocrx_word' id='word_1_564' title='bbox 1609 3812 1737 3882; x_wconf 69' lang='lat' dir='ltr'>spiritate.</span> <span class='ocrx_word' id='word_1_565' title='bbox 1749 3816 1781 3869; x_wconf 83' lang='lat' dir='ltr'>D.</span> 
     </span>
     <span class='ocr_line' id='line_1_56' title="bbox 133 3878 1782 4009; baseline 0.004 -75"><span class='ocrx_word' id='word_1_566' title='bbox 133 3878 184 3934; x_wconf 88' lang='lat' dir='ltr'>tica</span> <span class='ocrx_word' id='word_1_567' title='bbox 199 3898 206 3934; x_wconf 93' lang='lat'><strong>:</strong></span> <span class='ocrx_word' id='word_1_568' title='bbox 227 3881 308 3942; x_wconf 86' lang='lat' dir='ltr'>Vera,</span> <span class='ocrx_word' id='word_1_569' title='bbox 324 3880 421 3951; x_wconf 88' lang='lat' dir='ltr'>iuquit,</span> <span class='ocrx_word' id='word_1_570' title='bbox 436 3885 461 3936; x_wconf 90' lang='lat' dir='ltr'>et</span> <span class='ocrx_word' id='word_1_571' title='bbox 478 3884 586 3950; x_wconf 77' lang='lat' dir='ltr'>integro</span> <span class='ocrx_word' id='word_1_572' title='bbox 598 3883 788 3936; x_wconf 84' lang='lat' dir='ltr'>immortalitas</span> <span class='ocrx_word' id='word_1_573' title='bbox 807 3885 862 3935; x_wconf 89' lang='lat' dir='ltr'>tam</span> <span class='ocrx_word' id='word_1_574' title='bbox 877 3897 930 3938; x_wconf 81' lang='lat' dir='ltr'>noa</span> <span class='ocrx_word' id='word_1_575' title='bbox 984 3881 1182 3952; x_wconf 83' lang='lat' dir='ltr'>Hieronymus,</span> <span class='ocrx_word' id='word_1_576' title='bbox 1192 3878 1239 3935; x_wconf 91' lang='lat' dir='ltr'>lib.</span> <span class='ocrx_word' id='word_1_577' title='bbox 1255 3892 1294 3935; x_wconf 86' lang='grc' dir='ltr'>ιιι</span> <span class='ocrx_word' id='word_1_578' title='bbox 1307 3878 1438 3935; x_wconf 86' lang='lat' dir='ltr'>adversus</span> <span class='ocrx_word' id='word_1_579' title='bbox 1452 3881 1585 3949; x_wconf 73' lang='lat' dir='ltr'>Rufinum</span> <span class='ocrx_word' id='word_1_580' title='bbox 1598 3897 1661 4009; x_wconf 59' lang='lat' dir='ltr'>cap.</span> <span class='ocrx_word' id='word_1_581' title='bbox 1673 3884 1737 3951; x_wconf 83' lang='lat' dir='ltr'>ult,</span> <span class='ocrx_word' id='word_1_582' title='bbox 1748 3885 1782 3941; x_wconf 81' lang='lat' dir='ltr'>ita</span> 
     </span>
     <span class='ocr_line' id='line_1_57' title="bbox 132 3951 1782 4022; baseline 0.004 -18"><span class='ocrx_word' id='word_1_583' title='bbox 132 3951 227 4019; x_wconf 88' lang='lat' dir='ltr'>recipit</span> <span class='ocrx_word' id='word_1_584' title='bbox 245 3954 428 4020; x_wconf 84' lang='lat' dir='ltr'>mutationem,</span> <span class='ocrx_word' id='word_1_585' title='bbox 440 3967 520 4021; x_wconf 79' lang='lat' dir='ltr'>qmvm</span> <span class='ocrx_word' id='word_1_586' title='bbox 531 3968 578 4009; x_wconf 86' lang='lat' dir='ltr'>nee</span> <span class='ocrx_word' id='word_1_587' title='bbox 591 3957 681 4021; x_wconf 72' lang='lat' dir='ltr'>fmem,</span> <span class='ocrx_word' id='word_1_588' title='bbox 692 3952 764 4022; x_wconf 85' lang='lat' dir='ltr'>qued</span> <span class='ocrx_word' id='word_1_589' title='bbox 777 3954 861 4007; x_wconf 83' lang='lat' dir='ltr'>munis</span> <span class='ocrx_word' id='word_1_590' title='bbox 873 3968 931 4007; x_wconf 89' lang='lat' dir='ltr'>mu-</span> <span class='ocrx_word' id='word_1_591' title='bbox 984 3952 1049 4008; x_wconf 89' lang='lat' dir='ltr'>citat</span> <span class='ocrx_word' id='word_1_592' title='bbox 1065 3969 1073 4007; x_wconf 75' lang='grc' dir='ltr'><strong>ι</strong></span> <span class='ocrx_word' id='word_1_593' title='bbox 1089 3953 1162 4008; x_wconf 77' lang='lat' dir='ltr'>Arete</span> <span class='ocrx_word' id='word_1_594' title='bbox 1175 3952 1493 4020; x_wconf 75' lang='lat' dir='ltr'>caatrttiaccmpraaedit</span> <span class='ocrx_word' id='word_1_595' title='bbox 1506 3957 1628 4009; x_wconf 77' lang='lat' dir='ltr'>cantusare</span> <span class='ocrx_word' id='word_1_596' title='bbox 1640 3956 1782 4019; x_wconf 65' lang='lat' dir='ltr'>eluctante</span> 
     </span>
     <span class='ocr_line' id='line_1_58' title="bbox 132 4023 1548 4093; baseline 0.001 -19"><span class='ocrx_word' id='word_1_597' title='bbox 132 4023 199 4075; x_wconf 78' lang='lat' dir='ltr'>tatto</span> <span class='ocrx_word' id='word_1_598' title='bbox 219 4023 344 4091; x_wconf 77' lang='lat' dir='ltr'>qaedam</span> <span class='ocrx_word' id='word_1_599' title='bbox 357 4025 452 4078; x_wconf 83' lang='lat' dir='ltr'>martis</span> <span class='ocrx_word' id='word_1_600' title='bbox 466 4025 583 4078; x_wconf 83' lang='lat' dir='ltr'>imitatio</span> <span class='ocrx_word' id='word_1_601' title='bbox 594 4025 640 4077; x_wconf 89' lang='lat' dir='ltr'>sit.</span> <span class='ocrx_word' id='word_1_602' title='bbox 656 4024 736 4080; x_wconf 85' lang='lat' dir='ltr'>Omae</span> <span class='ocrx_word' id='word_1_603' title='bbox 748 4026 845 4079; x_wconf 82' lang='lat' dir='ltr'>etenim</span> <span class='ocrx_word' id='word_1_604' title='bbox 860 4024 931 4093; x_wconf 86' lang='lat' dir='ltr'>quod</span> <span class='ocrx_word' id='word_1_605' title='bbox 984 4026 1094 4078; x_wconf 84' lang='lat' dir='ltr'>ruinam</span> <span class='ocrx_word' id='word_1_606' title='bbox 1101 4023 1175 4078; x_wconf 86' lang='lat' dir='ltr'>mala</span> <span class='ocrx_word' id='word_1_607' title='bbox 1184 4024 1318 4091; x_wconf 63' lang='lat' dir='ltr'>coguatio.</span> <span class='ocrx_word' id='word_1_608' title='bbox 1539 4044 1548 4085; x_wconf 56' lang='lat' dir='ltr'>t</span> 
     </span>
     <span class='ocr_line' id='line_1_59' title="bbox 132 4090 1779 4165; baseline 0.005 -20"><span class='ocrx_word' id='word_1_609' title='bbox 132 4095 265 4160; x_wconf 85' lang='lat' dir='ltr'>mutatur,</span> <span class='ocrx_word' id='word_1_610' title='bbox 279 4093 345 4149; x_wconf 83' lang='lat' dir='ltr'>dum</span> <span class='ocrx_word' id='word_1_611' title='bbox 357 4094 391 4148; x_wconf 88' lang='lat' dir='ltr'>de</span> <span class='ocrx_word' id='word_1_612' title='bbox 400 4110 453 4148; x_wconf 85' lang='lat' dir='ltr'>uuo</span> <span class='ocrx_word' id='word_1_613' title='bbox 467 4094 505 4148; x_wconf 87' lang='lat' dir='ltr'>ad</span> <span class='ocrx_word' id='word_1_614' title='bbox 516 4093 595 4148; x_wconf 82' lang='lat' dir='ltr'>atiud</span> <span class='ocrx_word' id='word_1_615' title='bbox 602 4092 706 4149; x_wconf 79' lang='lat' dir='ltr'>transit</span> <span class='ocrx_word' id='word_1_616' title='bbox 717 4110 780 4159; x_wconf 86' lang='lat' dir='ltr'>esse,</span> <span class='ocrx_word' id='word_1_617' title='bbox 798 4095 931 4165; x_wconf 84' lang='lat' dir='ltr'>quodam-</span> <span class='ocrx_word' id='word_1_618' title='bbox 1019 4103 1030 4129; x_wconf 76' lang='lat'><strong><em>⁶</em></strong></span> <span class='ocrx_word' id='word_1_619' title='bbox 1058 4096 1098 4149; x_wconf 89' lang='lat' dir='ltr'>lta</span> <span class='ocrx_word' id='word_1_620' title='bbox 1118 4093 1189 4149; x_wconf 92' lang='lat' dir='ltr'>enim</span> <span class='ocrx_word' id='word_1_621' title='bbox 1207 4092 1322 4148; x_wconf 83' lang='lat' dir='ltr'>citati).</span> <span class='ocrx_word' id='word_1_622' title='bbox 1348 4090 1532 4165; x_wconf 85' lang='lat' dir='ltr'>Hieronymus</span> <span class='ocrx_word' id='word_1_623' title='bbox 1550 4094 1601 4151; x_wconf 85' lang='lat' dir='ltr'>lib.</span> <span class='ocrx_word' id='word_1_624' title='bbox 1625 4097 1680 4152; x_wconf 90' lang='lat' dir='ltr'>riu</span> <span class='ocrx_word' id='word_1_625' title='bbox 1695 4096 1779 4153; x_wconf 66' lang='lat' dir='ltr'>ieris.</span> 
     </span>
     <span class='ocr_line' id='line_1_60' title="bbox 132 4163 1779 4239; baseline 0.004 -22"><span class='ocrx_word' id='word_1_626' title='bbox 132 4163 209 4217; x_wconf 86' lang='lat' dir='ltr'>mado</span> <span class='ocrx_word' id='word_1_627' title='bbox 224 4179 326 4220; x_wconf 79' lang='lat' dir='ltr'>necesse</span> <span class='ocrx_word' id='word_1_628' title='bbox 344 4169 384 4220; x_wconf 88' lang='lat' dir='ltr'>est</span> <span class='ocrx_word' id='word_1_629' title='bbox 399 4167 532 4221; x_wconf 84' lang='lat' dir='ltr'>moriatur</span> <span class='ocrx_word' id='word_1_630' title='bbox 550 4165 622 4235; x_wconf 84' lang='lat' dir='ltr'>quad</span> <span class='ocrx_word' id='word_1_631' title='bbox 636 4170 732 4232; x_wconf 85' lang='lat' dir='ltr'>cst;at</span> <span class='ocrx_word' id='word_1_632' title='bbox 745 4180 800 4221; x_wconf 85' lang='lat' dir='ltr'>esse</span> <span class='ocrx_word' id='word_1_633' title='bbox 817 4168 930 4237; x_wconf 76' lang='lat' dir='ltr'>inceptat</span> <span class='ocrx_word' id='word_1_634' title='bbox 984 4166 1065 4221; x_wconf 84' lang='lat' dir='ltr'>LXX</span> <span class='ocrx_word' id='word_1_635' title='bbox 1096 4172 1217 4226; x_wconf 85' lang='lat' dir='ltr'>secutus,</span> <span class='ocrx_word' id='word_1_636' title='bbox 1247 4163 1295 4234; x_wconf 93' lang='lat' dir='ltr'>qui</span> <span class='ocrx_word' id='word_1_637' title='bbox 1323 4178 1435 4219; x_wconf 89' lang='lat' dir='ltr'>sensum</span> <span class='ocrx_word' id='word_1_638' title='bbox 1461 4164 1549 4237; x_wconf 90' lang='lat' dir='ltr'>adagii</span> <span class='ocrx_word' id='word_1_639' title='bbox 1585 4166 1779 4239; x_wconf 80' lang='lat' dir='ltr'>paraphrastice</span> 
     </span>
     <span class='ocr_line' id='line_1_61' title="bbox 132 4233 1780 4307; baseline 0.005 -22"><span class='ocrx_word' id='word_1_640' title='bbox 132 4234 205 4300; x_wconf 80' lang='lat' dir='ltr'>qaod</span> <span class='ocrx_word' id='word_1_641' title='bbox 218 4250 271 4288; x_wconf 86' lang='lat' dir='ltr'>narr</span> <span class='ocrx_word' id='word_1_642' title='bbox 290 4240 337 4290; x_wconf 88' lang='lat' dir='ltr'>est.</span> <span class='ocrx_word' id='word_1_643' title='bbox 360 4236 436 4304; x_wconf 83' lang='lat' dir='ltr'>Quod</span> <span class='ocrx_word' id='word_1_644' title='bbox 455 4238 480 4291; x_wconf 82' lang='lat' dir='ltr'>si</span> <span class='ocrx_word' id='word_1_645' title='bbox 501 4241 540 4292; x_wconf 91' lang='lat' dir='ltr'>tat</span> <span class='ocrx_word' id='word_1_646' title='bbox 555 4241 663 4300; x_wconf 84' lang='lat' dir='ltr'>mortes,</span> <span class='ocrx_word' id='word_1_647' title='bbox 675 4241 740 4307; x_wconf 83' lang='lat' dir='ltr'>quot</span> <span class='ocrx_word' id='word_1_648' title='bbox 759 4240 929 4303; x_wconf 81' lang='lat' dir='ltr'>mutationes,</span> <span class='ocrx_word' id='word_1_649' title='bbox 984 4242 1182 4306; x_wconf 84' lang='lat' dir='ltr'>exposuerunt,</span> <span class='ocrx_word' id='word_1_650' title='bbox 1205 4233 1319 4304; x_wconf 88' lang='lat' dir='ltr'>quadiu</span> <span class='ocrx_word' id='word_1_651' title='bbox 1338 4234 1455 4290; x_wconf 78' lang='lat' dir='ltr'>Hebraea</span> <span class='ocrx_word' id='word_1_652' title='bbox 1478 4235 1515 4290; x_wconf 90' lang='lat' dir='ltr'>ita</span> <span class='ocrx_word' id='word_1_653' title='bbox 1538 4247 1623 4293; x_wconf 88' lang='lat' dir='ltr'>senat</span> <span class='ocrx_word' id='word_1_654' title='bbox 1651 4239 1780 4295; x_wconf 82' lang='lat' dir='ltr'>:stilletis</span> 
     </span>
     <span class='ocr_line' id='line_1_62' title="bbox 107 4304 1780 4381; baseline 0.007 -27"><span class='ocrx_word' id='word_1_655' title='bbox 107 4350 112 4360; x_wconf 87' lang='grc'><em>,</em></span> <span class='ocrx_word' id='word_1_656' title='bbox 133 4304 932 4374; x_wconf 75' lang='lat' dir='ltr'>abiimmortalitustripudlleumaatemuouesttraasmu·</span> <span class='ocrx_word' id='word_1_657' title='bbox 980 4308 1057 4375; x_wconf 71' lang='lat' dir='ltr'>jepte</span> <span class='ocrx_word' id='word_1_658' title='bbox 1069 4309 1099 4360; x_wconf 86' lang='lat' dir='ltr'>iu</span> <span class='ocrx_word' id='word_1_659' title='bbox 1111 4307 1154 4360; x_wconf 85' lang='lat' dir='ltr'>die</span> <span class='ocrx_word' id='word_1_660' title='bbox 1174 4306 1283 4368; x_wconf 82' lang='lat' dir='ltr'>imbris,</span> <span class='ocrx_word' id='word_1_661' title='bbox 1299 4306 1432 4361; x_wconf 76' lang='lat' dir='ltr'>etmate&#39;er</span> <span class='ocrx_word' id='word_1_662' title='bbox 1445 4311 1658 4373; x_wconf 75' lang='lat' dir='ltr'>contentionum,</span> <span class='ocrx_word' id='word_1_663' title='bbox 1681 4315 1780 4381; x_wconf 77' lang='lat' dir='ltr'>aquosa</span> 
     </span>
     <span class='ocr_line' id='line_1_63' title="bbox 134 4374 1779 4452; baseline 0.007 -28"><span class='ocrx_word' id='word_1_664' title='bbox 134 4376 263 4432; x_wconf 77' lang='lat' dir='ltr'>tertianae</span> <span class='ocrx_word' id='word_1_665' title='bbox 272 4374 467 4430; x_wconf 70' lang='lat' dir='ltr'>uimssitudiois</span> <span class='ocrx_word' id='word_1_666' title='bbox 481 4377 647 4431; x_wconf 83' lang='lat' dir='ltr'>obumbratio</span> <span class='ocrx_word' id='word_1_667' title='bbox 654 4379 753 4443; x_wconf 85' lang='lat' dir='ltr'>(Jacob.</span> <span class='ocrx_word' id='word_1_668' title='bbox 765 4393 785 4432; x_wconf 90' lang='lat'>1.</span> <span class='ocrx_word' id='word_1_669' title='bbox 798 4379 825 4433; x_wconf 90' lang='lat' dir='ltr'>S.</span> <span class='ocrx_word' id='word_1_670' title='bbox 839 4378 930 4433; x_wconf 74' lang='lat' dir='ltr'>amm.</span> <span class='ocrx_word' id='word_1_671' title='bbox 985 4381 1034 4432; x_wconf 84' lang='lat' dir='ltr'>est.</span> <span class='ocrx_word' id='word_1_672' title='bbox 1056 4381 1106 4432; x_wconf 84' lang='lat' dir='ltr'>Pro</span> <span class='ocrx_word' id='word_1_673' title='bbox 1124 4391 1179 4447; x_wconf 94' lang='lat' dir='ltr'>quo</span> <span class='ocrx_word' id='word_1_674' title='bbox 1192 4383 1286 4431; x_wconf 87' lang='lat' dir='ltr'>noster</span> <span class='ocrx_word' id='word_1_675' title='bbox 1300 4376 1429 4444; x_wconf 89' lang='lat' dir='ltr'>interpres</span> <span class='ocrx_word' id='word_1_676' title='bbox 1452 4378 1533 4434; x_wconf 81' lang='lat' dir='ltr'>vertit</span> <span class='ocrx_word' id='word_1_677' title='bbox 1555 4399 1561 4433; x_wconf 92' lang='lat'><strong>:</strong></span> <span class='ocrx_word' id='word_1_678' title='bbox 1587 4383 1669 4436; x_wconf 82' lang='lat' dir='ltr'>Tecta</span> <span class='ocrx_word' id='word_1_679' title='bbox 1679 4380 1779 4452; x_wconf 79' lang='lat' dir='ltr'>perstit-</span> 
     </span>
     <span class='ocr_line' id='line_1_64' title="bbox 133 4443 1777 4523; baseline 0.007 -31"><span class='ocrx_word' id='word_1_680' title='bbox 133 4454 144 4493; x_wconf 95' lang='grc' dir='ltr'><strong>ι</strong></span> <span class='ocrx_word' id='word_1_681' title='bbox 167 4445 240 4508; x_wconf 84' lang='lat' dir='ltr'>part.</span> <span class='ocrx_word' id='word_1_682' title='bbox 254 4458 281 4510; x_wconf 84' lang='lat' dir='ltr'>q.</span> <span class='ocrx_word' id='word_1_683' title='bbox 295 4444 333 4523; x_wconf 78' lang='grc'>9).</span> <span class='ocrx_word' id='word_1_684' title='bbox 354 4443 458 4498; x_wconf 90' lang='lat' dir='ltr'>Dicitur</span> <span class='ocrx_word' id='word_1_685' title='bbox 475 4446 556 4498; x_wconf 89' lang='lat' dir='ltr'>etiam</span> <span class='ocrx_word' id='word_1_686' title='bbox 570 4447 644 4501; x_wconf 86' lang='lat' dir='ltr'>Deus</span> <span class='ocrx_word' id='word_1_687' title='bbox 665 4447 739 4500; x_wconf 86' lang='lat' dir='ltr'>solus</span> <span class='ocrx_word' id='word_1_688' title='bbox 754 4447 933 4504; x_wconf 89' lang='lat' dir='ltr'>immutabilis</span> <span class='ocrx_word' id='word_1_689' title='bbox 987 4448 1074 4502; x_wconf 70' lang='lat' dir='ltr'>luatur</span> <span class='ocrx_word' id='word_1_690' title='bbox 1086 4450 1115 4501; x_wconf 85' lang='lat' dir='ltr'>in</span> <span class='ocrx_word' id='word_1_691' title='bbox 1128 4447 1171 4500; x_wconf 84' lang='lat' dir='ltr'>die</span> <span class='ocrx_word' id='word_1_692' title='bbox 1186 4447 1464 4518; x_wconf 67' lang='lat' dir='ltr'>(rigorisettittqr‘osa</span> <span class='ocrx_word' id='word_1_693' title='bbox 1475 4450 1574 4503; x_wconf 84' lang='lat' dir='ltr'>mulier</span> <span class='ocrx_word' id='word_1_694' title='bbox 1582 4457 1777 4522; x_wconf 74' lang='lat' dir='ltr'>comparantur.</span> 
     </span>
     <span class='ocr_line' id='line_1_65' title="bbox 134 4511 1777 4593; baseline 0.009 -30"><span class='ocrx_word' id='word_1_695' title='bbox 134 4517 162 4564; x_wconf 92' lang='lat' dir='ltr'>et</span> <span class='ocrx_word' id='word_1_696' title='bbox 173 4511 343 4576; x_wconf 84' lang='lat' dir='ltr'>immortalis,</span> <span class='ocrx_word' id='word_1_697' title='bbox 364 4512 495 4569; x_wconf 90' lang='lat' dir='ltr'>nimirum</span> <span class='ocrx_word' id='word_1_698' title='bbox 507 4529 540 4569; x_wconf 82' lang='grc' dir='ltr'>ει</span> <span class='ocrx_word' id='word_1_699' title='bbox 560 4529 590 4570; x_wconf 90' lang='lat' dir='ltr'>se</span> <span class='ocrx_word' id='word_1_700' title='bbox 604 4524 632 4570; x_wconf 89' lang='lat' dir='ltr'>et</span> <span class='ocrx_word' id='word_1_701' title='bbox 648 4525 743 4571; x_wconf 89' lang='lat' dir='ltr'>natura</span> <span class='ocrx_word' id='word_1_702' title='bbox 757 4532 816 4585; x_wconf 92' lang='lat' dir='ltr'>sua,</span> <span class='ocrx_word' id='word_1_703' title='bbox 831 4525 862 4571; x_wconf 91' lang='lat' dir='ltr'>ut</span> <span class='ocrx_word' id='word_1_704' title='bbox 885 4517 931 4589; x_wconf 92' lang='lat' dir='ltr'>qui</span> <span class='ocrx_word' id='word_1_705' title='bbox 987 4519 1022 4573; x_wconf 83' lang='lat' dir='ltr'>Et</span> <span class='ocrx_word' id='word_1_706' title='bbox 1036 4518 1143 4573; x_wconf 84' lang='lat' dir='ltr'>brevius</span> <span class='ocrx_word' id='word_1_707' title='bbox 1156 4517 1250 4574; x_wconf 88' lang='lat' dir='ltr'>itidem</span> <span class='ocrx_word' id='word_1_708' title='bbox 1264 4518 1395 4574; x_wconf 86' lang='lat' dir='ltr'>Prorerb.</span> <span class='ocrx_word' id='word_1_709' title='bbox 1409 4533 1465 4575; x_wconf 76' lang='grc' dir='ltr'>ιιι</span> <span class='ocrx_word' id='word_1_710' title='bbox 1481 4536 1488 4573; x_wconf 91' lang='lat'><strong>:</strong></span> <span class='ocrx_word' id='word_1_711' title='bbox 1506 4523 1585 4576; x_wconf 80' lang='lat' dir='ltr'>Tecta</span> <span class='ocrx_word' id='word_1_712' title='bbox 1606 4524 1710 4593; x_wconf 76' lang='lat' dir='ltr'>jugiter</span> <span class='ocrx_word' id='word_1_713' title='bbox 1766 4550 1777 4564; x_wconf 95' lang='lat'><strong>·</strong></span> 
     </span>
     <span class='ocr_line' id='line_1_66' title="bbox 132 4538 1778 4662; baseline 0.009 -28"><span class='ocrx_word' id='word_1_714' title='bbox 132 4581 358 4662; x_wconf 36' lang='lat' dir='ltr'>sit&#39;essentialiter</span> <span class='ocrx_word' id='word_1_715' title='bbox 371 4585 428 4655; x_wconf 88' lang='lat' dir='ltr'>ipsa</span> <span class='ocrx_word' id='word_1_716' title='bbox 443 4585 506 4652; x_wconf 88' lang='lat' dir='ltr'>vita,</span> <span class='ocrx_word' id='word_1_717' title='bbox 523 4584 628 4640; x_wconf 92' lang='lat' dir='ltr'>nullum</span> <span class='ocrx_word' id='word_1_718' title='bbox 650 4585 752 4641; x_wconf 87' lang='lat' dir='ltr'>babens</span> <span class='ocrx_word' id='word_1_719' title='bbox 768 4586 847 4644; x_wconf 90' lang='lat' dir='ltr'>ullius</span> <span class='ocrx_word' id='word_1_720' title='bbox 866 4603 930 4645; x_wconf 92' lang='lat' dir='ltr'>mu·</span> <span class='ocrx_word' id='word_1_721' title='bbox 984 4589 1116 4644; x_wconf 79' lang='lat' dir='ltr'>stillantia</span> <span class='ocrx_word' id='word_1_722' title='bbox 1130 4589 1367 4657; x_wconf 72' lang='lat' dir='ltr'>taqnmjmutter.</span> <span class='ocrx_word' id='word_1_723' title='bbox 1381 4589 1436 4644; x_wconf 90' lang='lat' dir='ltr'>Ubi</span> <span class='ocrx_word' id='word_1_724' title='bbox 1460 4598 1554 4646; x_wconf 89' lang='lat' dir='ltr'>tamen</span> <span class='ocrx_word' id='word_1_725' title='bbox 1570 4594 1655 4651; x_wconf 84' lang='lat' dir='ltr'>Lxx</span> <span class='ocrx_word' id='word_1_726' title='bbox 1669 4538 1778 4650; x_wconf 49' lang='lat' dir='ltr'>maffia</span> 
     </span>
     <span class='ocr_line' id='line_1_67' title="bbox 132 4653 1777 4750; baseline 0.009 -44"><span class='ocrx_word' id='word_1_727' title='bbox 132 4659 243 4707; x_wconf 84' lang='lat' dir='ltr'>tattonis</span> <span class='ocrx_word' id='word_1_728' title='bbox 264 4653 436 4726; x_wconf 81' lang='lat' dir='ltr'>principium.</span> <span class='ocrx_word' id='word_1_729' title='bbox 455 4670 542 4726; x_wconf 89' lang='lat' dir='ltr'>neque</span> <span class='ocrx_word' id='word_1_730' title='bbox 562 4657 711 4726; x_wconf 88' lang='lat' dir='ltr'>internum,</span> <span class='ocrx_word' id='word_1_731' title='bbox 726 4672 813 4728; x_wconf 89' lang='lat' dir='ltr'>neque</span> <span class='ocrx_word' id='word_1_732' title='bbox 839 4667 928 4714; x_wconf 83' lang='lat' dir='ltr'>ester·</span> <span class='ocrx_word' id='word_1_733' title='bbox 946 4687 971 4750; x_wconf 75' lang='lat' dir='ltr'>D</span> <span class='ocrx_word' id='word_1_734' title='bbox 986 4659 1020 4715; x_wconf 92' lang='lat' dir='ltr'>ab</span> <span class='ocrx_word' id='word_1_735' title='bbox 1038 4660 1156 4716; x_wconf 82' lang='lat' dir='ltr'>Hebraeo</span> <span class='ocrx_word' id='word_1_736' title='bbox 1179 4668 1207 4715; x_wconf 89' lang='lat' dir='ltr'>et</span> <span class='ocrx_word' id='word_1_737' title='bbox 1230 4668 1324 4715; x_wconf 89' lang='lat' dir='ltr'>nostra</span> <span class='ocrx_word' id='word_1_738' title='bbox 1345 4659 1469 4716; x_wconf 85' lang='lat' dir='ltr'>versione</span> <span class='ocrx_word' id='word_1_739' title='bbox 1481 4661 1651 4735; x_wconf 82' lang='lat' dir='ltr'>discrepant.</span> <span class='ocrx_word' id='word_1_740' title='bbox 1680 4669 1777 4721; x_wconf 74' lang='lat' dir='ltr'>Partem</span> 
     </span>
     <span class='ocr_line' id='line_1_68' title="bbox 134 4725 1777 4801; baseline 0.01 -24"><span class='ocrx_word' id='word_1_741' title='bbox 134 4739 216 4788; x_wconf 82' lang='lat' dir='ltr'>num;</span> <span class='ocrx_word' id='word_1_742' title='bbox 231 4725 320 4796; x_wconf 88' lang='lat' dir='ltr'>angeli</span> <span class='ocrx_word' id='word_1_743' title='bbox 340 4742 403 4782; x_wconf 86' lang='lat' dir='ltr'>vero</span> <span class='ocrx_word' id='word_1_744' title='bbox 426 4734 454 4783; x_wconf 91' lang='lat' dir='ltr'>et</span> <span class='ocrx_word' id='word_1_745' title='bbox 465 4730 562 4783; x_wconf 74' lang='lat' dir='ltr'>animet</span> <span class='ocrx_word' id='word_1_746' title='bbox 576 4727 721 4784; x_wconf 90' lang='lat' dir='ltr'>rationales</span> <span class='ocrx_word' id='word_1_747' title='bbox 747 4727 930 4801; x_wconf 85' lang='lat' dir='ltr'>participative</span> <span class='ocrx_word' id='word_1_748' title='bbox 986 4733 1077 4801; x_wconf 90' lang='lat' dir='ltr'>itaque</span> <span class='ocrx_word' id='word_1_749' title='bbox 1089 4730 1230 4786; x_wconf 84' lang='lat' dir='ltr'>sententiae</span> <span class='ocrx_word' id='word_1_750' title='bbox 1243 4730 1286 4787; x_wconf 92' lang='lat' dir='ltr'>bie</span> <span class='ocrx_word' id='word_1_751' title='bbox 1300 4734 1438 4787; x_wconf 87' lang='lat' dir='ltr'>truncavit</span> <span class='ocrx_word' id='word_1_752' title='bbox 1450 4739 1566 4800; x_wconf 81' lang='lat' dir='ltr'>Auctor,</span> <span class='ocrx_word' id='word_1_753' title='bbox 1578 4736 1695 4794; x_wconf 87' lang='lat' dir='ltr'>alteram</span> <span class='ocrx_word' id='word_1_754' title='bbox 1707 4736 1777 4794; x_wconf 75' lang='lat' dir='ltr'>dun·</span> 
     </span>
     <span class='ocr_line' id='line_1_69' title="bbox 131 4800 1578 4877; baseline 0.009 -28"><span class='ocrx_word' id='word_1_755' title='bbox 131 4801 250 4877; x_wconf 87' lang='lat' dir='ltr'>tantum,</span> <span class='ocrx_word' id='word_1_756' title='bbox 276 4804 313 4864; x_wconf 87' lang='lat' dir='ltr'>et,</span> <span class='ocrx_word' id='word_1_757' title='bbox 339 4807 370 4854; x_wconf 89' lang='lat' dir='ltr'>ut</span> <span class='ocrx_word' id='word_1_758' title='bbox 389 4800 484 4856; x_wconf 83' lang='lat' dir='ltr'>Patres</span> <span class='ocrx_word' id='word_1_759' title='bbox 503 4800 661 4871; x_wconf 87' lang='lat' dir='ltr'>lequuntur,</span> <span class='ocrx_word' id='word_1_760' title='bbox 678 4814 726 4872; x_wconf 89' lang='grc' dir='ltr'>ρει</span> <span class='ocrx_word' id='word_1_761' title='bbox 740 4801 855 4872; x_wconf 89' lang='lat' dir='ltr'>gratiam</span> <span class='ocrx_word' id='word_1_762' title='bbox 869 4809 934 4857; x_wconf 90' lang='lat' dir='ltr'>sunt</span> <span class='ocrx_word' id='word_1_763' title='bbox 986 4810 1062 4857; x_wconf 85' lang='lat' dir='ltr'>taxat</span> <span class='ocrx_word' id='word_1_764' title='bbox 1074 4817 1125 4859; x_wconf 90' lang='lat' dir='ltr'>suo</span> <span class='ocrx_word' id='word_1_765' title='bbox 1137 4801 1261 4858; x_wconf 89' lang='lat' dir='ltr'>instituto</span> <span class='ocrx_word' id='word_1_766' title='bbox 1274 4802 1437 4858; x_wconf 85' lang='lat' dir='ltr'>servientem</span> <span class='ocrx_word' id='word_1_767' title='bbox 1447 4803 1578 4875; x_wconf 84' lang='lat' dir='ltr'>allegans.</span> 
     </span>
    </p>
   </div>
   <div class='ocr_carea' id='block_1_13' title="bbox 554 4999 1353 5123">
    <p class='ocr_par' dir='ltr' id='par_1_13' title="bbox 554 4999 1353 5123">
     <span class='ocr_line' id='line_1_70' title="bbox 554 4999 1353 5123; baseline 0.004 -23"><span class='ocrx_word' id='word_1_768' title='bbox 554 4999 944 5102; x_wconf 78' lang='lat' dir='ltr'><em>COLLATJO</em></span> <span class='ocrx_word' id='word_1_769' title='bbox 979 5001 1353 5123; x_wconf 84' lang='lat' dir='ltr'><em>SEPTIMA,</em></span> 
     </span>
    </p>
   </div>
   <div class='ocr_carea' id='block_1_14' title="bbox 529 5159 1391 5348">
    <p class='ocr_par' dir='ltr' id='par_1_14' title="bbox 529 5159 1391 5348">
     <span class='ocr_line' id='line_1_71' title="bbox 671 5159 1316 5248; baseline -0.005 -24"><span class='ocrx_word' id='word_1_770' title='bbox 671 5164 750 5236; x_wconf 73' lang='lat' dir='ltr'>Quas</span> <span class='ocrx_word' id='word_1_771' title='bbox 767 5164 817 5227; x_wconf 86' lang='lat' dir='ltr'>est</span> <span class='ocrx_word' id='word_1_772' title='bbox 831 5159 944 5248; x_wconf 90' lang='lat' dir='ltr'>prime</span> <span class='ocrx_word' id='word_1_773' title='bbox 961 5160 1079 5227; x_wconf 87' lang='lat' dir='ltr'>Sereni</span> <span class='ocrx_word' id='word_1_774' title='bbox 1098 5159 1242 5228; x_wconf 89' lang='lat' dir='ltr'>abbatis.</span> <span class='ocrx_word' id='word_1_775' title='bbox 1310 5208 1316 5221; x_wconf 86' lang='lat'>..</span> 
     </span>
     <span class='ocr_line' id='line_1_72' title="bbox 529 5280 1391 5348; baseline 0.008 -17"><span class='ocrx_word' id='word_1_776' title='bbox 529 5280 569 5332; x_wconf 77' lang='lat' dir='ltr'>bb</span> <span class='ocrx_word' id='word_1_777' title='bbox 587 5281 696 5332; x_wconf 80' lang='lat' dir='ltr'>lellAE</span> <span class='ocrx_word' id='word_1_778' title='bbox 714 5283 906 5335; x_wconf 71' lang='lat' dir='ltr'>nonullam</span> <span class='ocrx_word' id='word_1_779' title='bbox 924 5283 965 5335; x_wconf 85' lang='lat' dir='ltr'>ET</span> <span class='ocrx_word' id='word_1_780' title='bbox 983 5284 1204 5338; x_wconf 69' lang='lat' dir='ltr'>salutaremus</span> <span class='ocrx_word' id='word_1_781' title='bbox 1221 5284 1391 5348; x_wconf 64' lang='lat' dir='ltr'>debilibus</span> 
     </span>
    </p>
   </div>
   <div class='ocr_carea' id='block_1_15' title="bbox 842 5389 1077 5404">
    <p class='ocr_par' dir='ltr' id='par_1_15' title="bbox 842 5389 1077 5404">
     <span class='ocr_line' id='line_1_73' title="bbox 842 5389 1077 5404; baseline 0.009 -3"><span class='ocrx_word' id='word_1_782' title='bbox 842 5389 1077 5404; x_wconf 43' lang='grc' dir='ltr'>ψ</span> 
     </span>
    </p>
   </div>
   <div class='ocr_carea' id='block_1_16' title="bbox 363 5471 671 5530">
    <p class='ocr_par' dir='ltr' id='par_1_16' title="bbox 363 5471 671 5530">
     <span class='ocr_line' id='line_1_74' title="bbox 363 5471 671 5530; baseline -0.01 -2"><span class='ocrx_word' id='word_1_783' title='bbox 363 5471 493 5528; x_wconf 73' lang='lat' dir='ltr'>&#39;CAPUT</span> <span class='ocrx_word' id='word_1_784' title='bbox 512 5474 671 5530; x_wconf 75' lang='lat' dir='ltr'>Pultibus.</span> 
     </span>
    </p>
   </div>
   <div class='ocr_carea' id='block_1_17' title="bbox 133 5474 1778 5646">
    <p class='ocr_par' dir='ltr' id='par_1_17' title="bbox 133 5474 1778 5646">
     <span class='ocr_line' id='line_1_75' title="bbox 944 5474 1778 5565; baseline 0.017 -35"><span class='ocrx_word' id='word_1_785' title='bbox 944 5474 1081 5547; x_wconf 74' lang='lat' dir='ltr'>Anisque</span> <span class='ocrx_word' id='word_1_786' title='bbox 1095 5477 1135 5532; x_wconf 93' lang='lat' dir='ltr'>sui</span> <span class='ocrx_word' id='word_1_787' title='bbox 1150 5479 1290 5550; x_wconf 87' lang='lat' dir='ltr'>speculum</span> <span class='ocrx_word' id='word_1_788' title='bbox 1301 5488 1315 5514; x_wconf 82' lang='lat'>⁸</span> <span class='ocrx_word' id='word_1_789' title='bbox 1326 5477 1453 5537; x_wconf 89' lang='lat' dir='ltr'>abbatem</span> <span class='ocrx_word' id='word_1_790' title='bbox 1469 5482 1617 5565; x_wconf 77' lang='lat' dir='ltr'>Serenum,</span> <span class='ocrx_word' id='word_1_791' title='bbox 1636 5500 1719 5560; x_wconf 86' lang='lat' dir='ltr'>quem</span> <span class='ocrx_word' id='word_1_792' title='bbox 1731 5485 1778 5542; x_wconf 75' lang='lat' dir='ltr'>aa</span> 
     </span>
     <span class='ocr_line' id='line_1_76' title="bbox 133 5564 1777 5646; baseline 0.013 -28"><span class='ocrx_word' id='word_1_793' title='bbox 133 5564 254 5620; x_wconf 73' lang='lat' dir='ltr'>Summa</span> <span class='ocrx_word' id='word_1_794' title='bbox 282 5565 431 5622; x_wconf 88' lang='lat' dir='ltr'>sanctitatis</span> <span class='ocrx_word' id='word_1_795' title='bbox 456 5575 482 5623; x_wconf 91' lang='lat' dir='ltr'>et</span> <span class='ocrx_word' id='word_1_796' title='bbox 508 5567 683 5624; x_wconf 83' lang='lat' dir='ltr'>continentiae</span> <span class='ocrx_word' id='word_1_797' title='bbox 715 5567 804 5624; x_wconf 88' lang='lat' dir='ltr'>virum</span> <span class='ocrx_word' id='word_1_798' title='bbox 835 5569 926 5624; x_wconf 91' lang='lat' dir='ltr'>nomi·</span> <span class='ocrx_word' id='word_1_799' title='bbox 981 5568 1068 5643; x_wconf 88' lang='lat' dir='ltr'>gulari</span> <span class='ocrx_word' id='word_1_800' title='bbox 1092 5587 1188 5627; x_wconf 86' lang='lat' dir='ltr'>sumus</span> <span class='ocrx_word' id='word_1_801' title='bbox 1216 5572 1403 5631; x_wconf 73' lang='lat' dir='ltr'>veneratione</span> <span class='ocrx_word' id='word_1_802' title='bbox 1420 5590 1477 5646; x_wconf 79' lang='lat' dir='ltr'>pree</span> <span class='ocrx_word' id='word_1_803' title='bbox 1499 5577 1608 5635; x_wconf 76' lang='lat' dir='ltr'>caseus</span> <span class='ocrx_word' id='word_1_804' title='bbox 1646 5579 1777 5645; x_wconf 79' lang='lat' dir='ltr'>admirati,</span> 
     </span>
    </p>
   </div>
   <div class='ocr_carea' id='block_1_18' title="bbox 46 5677 1778 5858">
    <p class='ocr_par' dir='ltr' id='par_1_18' title="bbox 46 5677 1778 5858">
     <span class='ocr_line' id='line_1_77' title="bbox 678 5677 1233 5738; baseline 0.013 -7"><span class='ocrx_word' id='word_1_805' title='bbox 678 5677 804 5733; x_wconf 77' lang='lat' dir='ltr'>Abdltbl</span> <span class='ocrx_word' id='word_1_806' title='bbox 824 5679 936 5736; x_wconf 79' lang='lat' dir='ltr'>GbZAEl</span> <span class='ocrx_word' id='word_1_807' title='bbox 955 5679 1233 5738; x_wconf 77' lang='lat' dir='ltr'>COMMENTARIUS.</span> 
     </span>
     <span class='ocr_line' id='line_1_78' title="bbox 46 5762 1778 5858; baseline 0.014 -32"><span class='ocrx_word' id='word_1_808' title='bbox 46 5784 50 5793; x_wconf 85' lang='lat'><em>·</em></span> <span class='ocrx_word' id='word_1_809' title='bbox 134 5780 147 5806; x_wconf 77' lang='lat'>⁸</span> <span class='ocrx_word' id='word_1_810' title='bbox 169 5772 237 5829; x_wconf 83' lang='lat' dir='ltr'>Haec</span> <span class='ocrx_word' id='word_1_811' title='bbox 256 5771 351 5830; x_wconf 88' lang='lat' dir='ltr'>endem</span> <span class='ocrx_word' id='word_1_812' title='bbox 366 5774 399 5831; x_wconf 89' lang='lat' dir='ltr'>de</span> <span class='ocrx_word' id='word_1_813' title='bbox 425 5775 524 5831; x_wconf 86' lang='lat' dir='ltr'>Sereno</span> <span class='ocrx_word' id='word_1_814' title='bbox 545 5775 643 5831; x_wconf 90' lang='lat' dir='ltr'>abbate</span> <span class='ocrx_word' id='word_1_815' title='bbox 667 5783 695 5832; x_wconf 90' lang='lat' dir='ltr'>et</span> <span class='ocrx_word' id='word_1_816' title='bbox 717 5775 813 5833; x_wconf 88' lang='lat' dir='ltr'>iisdem</span> <span class='ocrx_word' id='word_1_817' title='bbox 839 5775 928 5835; x_wconf 90' lang='lat' dir='ltr'>verbis</span> <span class='ocrx_word' id='word_1_818' title='bbox 981 5762 1137 5838; x_wconf 80' lang='lat' dir='ltr'>reseruntur</span> <span class='ocrx_word' id='word_1_819' title='bbox 1149 5782 1177 5838; x_wconf 94' lang='lat' dir='ltr'>in</span> <span class='ocrx_word' id='word_1_820' title='bbox 1189 5783 1258 5841; x_wconf 86' lang='lat' dir='ltr'>Vitis</span> <span class='ocrx_word' id='word_1_821' title='bbox 1272 5785 1383 5842; x_wconf 83' lang='lat' dir='ltr'>Petrum</span> <span class='ocrx_word' id='word_1_822' title='bbox 1395 5784 1443 5844; x_wconf 88' lang='lat' dir='ltr'>lib.</span> <span class='ocrx_word' id='word_1_823' title='bbox 1459 5801 1494 5846; x_wconf 84' lang='lat' dir='ltr'>tv</span> <span class='ocrx_word' id='word_1_824' title='bbox 1504 5802 1530 5845; x_wconf 86' lang='lat' dir='ltr'>c.</span> <span class='ocrx_word' id='word_1_825' title='bbox 1544 5794 1591 5858; x_wconf 75' lang='lat'>5⁰,</span> <span class='ocrx_word' id='word_1_826' title='bbox 1606 5788 1682 5849; x_wconf 90' lang='lat' dir='ltr'>unde</span> <span class='ocrx_word' id='word_1_827' title='bbox 1702 5788 1778 5849; x_wconf 77' lang='lat' dir='ltr'>etism</span> 
     </span>
    </p>
   </div>
   <div class='ocr_carea' id='block_1_19' title="bbox 0 0 1929 6148">
    <p class='ocr_par' dir='ltr' id='par_1_19' title="bbox 0 0 1929 6148">
     <span class='ocr_line' id='line_1_79' title="bbox 0 0 1929 6148; baseline 0 0"><span class='ocrx_word' id='word_1_828' title='bbox 0 0 1929 6148; x_wconf 95' lang='lat' dir='ltr'> </span> 
     </span>
    </p>
   </div>
  </div>
 </body>
</html>
