3848 6158
124 235 185 288 *615
677 218 817 276 JOANNlS
836 215 986 272 cassini}
1006 212 1251 270 concisiones.
1736 206 1792 258 utu

128 355 211 411 sionis
225 351 363 425 contagio,
385 363 562 421 nequaquam
583 345 687 402 scilicet
701 343 810 399 aculeos
824 357 924 398 concu·
943 343 1051 406 Asiout
1067 340 1120 406 dii,
1139 341 1249 392 scientes
1270 336 1367 389 bortum
1378 337 1403 388 et
1415 333 1515 386 molum
1526 332 1603 396 (Gen.
1622 329 1682 398 111).
1700 331 1732 383 ln
1746 327 1793 385 his

130 448 266 520 pisceutiae
286 443 401 500 carnalis
415 450 556 512 expertus,
577 438 675 510 quibus
695 453 746 493 nos
763 451 874 493 necesse
888 443 929 491 est
982 450 1047 506 ergo
1059 430 1321 489 tribusvitiisetiam
1333 425 1661 483 Dominumsalvatorem
1672 422 1792 510 legimus

128 538 208 594 etiam
230 537 384 609 ignorantes
408 532 559 603 invitosque
579 531 746 602 compungi3
767 529 865 602 quippe
885 527 928 583 cui
982 526 1065 583 fuisse
1078 533 1224 582 tentatum.
1240 520 1445 592 Gastrimargia,
1460 533 1522 574 cum
1537 515 1638 572 dieitur
1652 515 1676 571 ei
1697 531 1712 571 ι
1730 515 1790 572 dia·

127 632 201 687 nulla
223 631 309 686 inerat
330 626 479 684 similitudo
501 624 690 680 seminationis
713 624 752 680 vel
774 623 928 694 conceptio·
983 603 1291 688 cuiquecuique
1313 618 1361 671 isti
1371 628 1458 685 pones
1470 615 1555 682 ῥιπὴ
1570 608 1737 675 cenodoxia,
1760 612 1792 668 Si

128 724 169 780 nis
181 723 321 788 humanae,
335 721 371 775 ita
386 720 520 774 rationem
534 726 681 790 conceptus
694 717 752 789 eius
764 716 927 788 archangelo
981 716 1066 772 Filirrs
1077 716 1126 769 Dei
1138 728 1175 775 es,
1192 714 1269 768 mitte
1283 716 1308 765 te
1318 711 1459 774 deorsum3
1474 705 1612 777 superbia,
1625 721 1686 759 curn
1697 710 1790 761 osten-

128 817 287 872 nuutiante:
302 816 421 885 Ερίνιιιι
434 816 541 868 conches
555 815 721 883 superveniet
735 815 764 867 in
784 816 819 875 te,
833 816 858 865 et
872 813 929 864 oir-
982 807 1047 862 dens
1062 807 1106 861 illi
1116 808 1206 861 omnio
1218 820 1300 873 regno
1311 803 1408 858 mundi
1419 806 1546 857 eteorum
1559 800 1683 868 glorium,
1700 799 1790 856 duit:

129 916 171 964 tus
187 910 324 965 Altissimi
334 909 503 964 obumbrabit
514 909 576 962 tibi.
589 908 703 976 ideoque
717 911 744 960 et
753 906 826 976 quod
840 875 947 960 nosces
983 905 1046 957 ilaee
1057 902 1149 955 omnia
1158 900 1211 954 tibi
1219 899 1299 961 dabo,
1313 899 1338 952 si
1350 897 1446 951 cadurs
1456 895 1613 949 αάιιαυιιιι
1623 909 1665 948 me
1675 894 1788 959 (diutile.

130 1008 175 1058 tur
189 1020 223 1058 ιι
237 1007 262 1058 ιι
275 1007 408 1064 sonetum,
420 1005 531 1056 meatur
544 1001 630 1056 Filius
645 1003 694 1056 Dei
704 999 776 1070 (Luc.
788 999 819 1068 ι).
986 994 1029 1066 xv)
1042 1015 1050 1064 ς
1065 1002 1096 1049 ut
1109 992 1207 1049 iisdem
1220 991 1318 1064 quibus
1335 989 1380 1045 ille
1390 987 1572 1075 tentationum
1587 985 1666 1042 lineis
1684 996 1729 1043 est
1742 1002 1791 1059 ap·

440 1102 562 1157 CAPUT
580 1102 628 1158 Vl.
982 1088 1092 1160 petitus,
1107 1102 1159 1143 nos
1175 1099 1284 1158 quoque
1299 1081 1530 1156 quemadmodum
1541 1088 1710 1137 tentatorem
1728 1080 1792 1138 vin-

164 1206 203 1258 pe
215 1202 320 1256 ,agone
337 1201 489 1255 emmim,
502 1215 557 1268 qua
574 1215 592 1252 a
606 1199 711 1253 diabolo
723 1200 843 1253 pensam,
855 1201 894 1254 ρει
983 1197 1045 1239 cere
1066 1181 1238 1247 deberemus,
1251 1180 1311 1248 {suo
1329 1177 1440 1234 doceret
1453 1176 1577 1245 exemplo
1593 1174 1676 1246 (Vide
1695 1176 1790 1231 collat.

460 1272 598 1326 Detuleru-
985 1280 1018 1330 ιι
1033 1292 1055 1331 e.
1072 1275 1126 1347 tr).
1143 1274 1263 1345 Ideoque
1276 1280 1303 1327 et
1312 1272 1356 1327 ille
1365 1269 1455 1327 Adam
1469 1268 1578 1340 dicitur,
1594 1277 1623 1325 et
1633 1268 1686 1326 iste
1698 1268 1790 1327 Adam

164 1376 221 1430 lln
240 1372 292 1428 illis
310 1371 383 1429 enim
406 1372 578 1445 passionibus
596 1371 679 1427 etiam
694 1371 750 1442 ipse
764 1371 862 1427 tentmi
881 1371 928 1428 de·
985 1369 1008 1442 (1
1018 1371 1075 1426 Gor.
1095 1373 1156 1434 xv).
1177 1367 1226 1424 lile
1247 1366 1351 1438 primus
1365 1363 1399 1421 ad
1418 1363 1524 1420 ruinam
1546 1370 1573 1420 et
1593 1371 1727 1432 mortem,
1746 1362 1791 1420 hie

130 1467 199 1533 buit,
219 1467 406 1537 incorruptam
430 1465 580 1538 imaginem
601 1464 650 1520 Dei
673 1479 706 1519 ao
725 1463 930 1520 similitudinem
985 1466 1089 1537 primus
1101 1464 1136 1520 ad
1150 1462 1378 1518 resurrectionem
1392 1467 1420 1516 et
1437 1458 1529 1514 vitam.
1545 1457 1687 1514 Periilum
1706 1472 1791 1514 omne

129 1559 279 1632 possidens,
302 1558 451 1630 inquibus
475 1565 502 1612 et
531 1555 619 1612 Adam
651 1564 769 1611 tentatus
792 1564 845 1624 cst,
866 1570 932 1611 cum
985 1573 1071 1637 genus
1084 1555 1227 1611 hominurn
1248 1553 1456 1618 condemnatur,
1475 1566 1522 1623 per
1536 1550 1622 1608 istum
1636 1565 1722 1606 omne
1743 1564 1789 1622 ge-

129 1650 218 1707 adhuc
234 1650 261 1705 iu
276 1650 321 1706 illa
342 1648 469 1705 inviolata
491 1649 609 1721 imagine
623 1649 674 1704 Dei
689 1649 860 1721 perduraret,
879 1647 933 1706 hoc
985 1664 1038 1705 nus
1056 1647 1198 1704 hominum
1222 1645 1360 1701 liberatur.
1387 1642 1433 1699 lile
1450 1642 1485 1699 de
1500 1641 1562 1699 rudi
1583 1649 1665 1713 atque
1685 1641 1791 1697 iutscta

129 1752 171 1800 est
183 1743 385 1815 gastrimargia,
398 1742 560 1810 cenodoxia,
572 1742 711 1814 superbia,
724 1757 781 1798 uon
791 1741 820 1798 in
833 1740 933 1815 quibus
948 1766 973 1829 B
987 1743 1098 1815 lingitur
1125 1751 1206 1809 terra,
1241 1739 1286 1795 hic
1312 1738 1347 1794 de
1372 1738 1458 1793 illaria
1486 1734 1588 1808 virgine
1615 1741 1789 1807 procreatur.

130 1844 192 1908 post
203 1837 452 1908 prevaricationem
467 1835 598 1903 mandati,
614 1835 732 1908 imagine
742 1835 799 1903 ⁴Dei
812 1835 934 1893 aofsimi·
985 1838 998 1872 ¹¹
1015 1835 1104 1908 Huius
1116 1849 1180 1908 ergo
1198 1842 1229 1889 ut
1242 1831 1379 1903 suscipere
1393 1845 1458 1886 eum
1477 1829 1636 1886 tentationes
1648 1826 1787 1900 oportuit,

130 1930 243 1987 iitudine
258 1931 365 1997 violata,
381 1946 431 1987 suo
442 1930 502 2002 jam
524 1929 588 1985 vitio
610 1928 754 1986 devolutus
775 1929 930 1986 involvitur.
986 1930 1023 1986 ita
1041 1928 1172 1985 excedere
1190 1926 1375 1982 necessarium
1400 1939 1456 1979 non
1475 1920 1534 1978 luit.
1556 1924 1609 1979 Nec
1631 1921 1705 1977 enim
1737 1920 1790 1992 qui

130 2025 326 2098 Gastrimarg'a
349 2039 467 2095 namque
480 2033 532 2092 est,
548 2039 602 2095 qua
622 2021 760 2078 interdicti
774 2021 838 2095 ligni
863 2039 933 2096 prae·
987 2023 1205 2098 gastrimargiam
1224 2021 1335 2087 uicerat,
1351 2026 1457 2090 poterat
1476 2016 1655 2073 iomicatione
1675 2013 1791 2080 tentari,

130 2119 214 2173 sumit
231 2117 368 2182 edulium3
388 2115 547 2182 cenodoxia,
566 2129 620 2186 qua
640 2114 750 2183 dicitur,
770 2118 934 2186 Aperiantur
987 2133 1049 2191 quae
1064 2133 1097 2172 ιιι
1113 2109 1185 2172 illius
1201 2113 1364 2171 abundantia
1382 2127 1415 2167 ac
1432 2111 1521 2168 radice
1535 2109 1669 2182 procedit,
1683 2122 1739 2179 qua
1757 2121 1793 2163 ιιι

130 2212 201 2265 oculi
211 2212 295 2265 vestrl
307 2210 411 2274 (Genus.
424 2212 491 2275 111);
507 2206 642 2279 superbia,
659 2223 711 2279 qua
725 2207 836 2278 dicitur,
849 2213 933 2268 Eritis
988 2211 1031 2267 ille
1052 2209 1162 2281 quidem
1184 2208 1289 2279 primus
1310 2206 1400 2262 Adam
1424 2203 1521 2262 fuisset
1543 2203 1636 2272 elisus,
1655 2201 1710 2258 nisi
1726 2208 1792 2258 ante

667 2315 805 2374 ,Acuunt
825 2317 937 2375 GAZAEl
959 2316 1239 2377 COMMENTARIUS.

130 2419 299 2489 communia,
324 2429 355 2476 ut
379 2429 444 2476 sunt
464 2420 560 2487 fames,
583 2421 654 2488 sitis,
676 2420 817 2486 lassitudo,
841 2420 929 2488 dolor,
986 2439 1034 2480 seu
1057 2422 1175 2494 appetitu
1196 2419 1374 2476 sublimitatis
1397 2433 1540 2489 usurpans,
1563 2417 1610 2489 qui
1627 2415 1695 2472 nihil
1717 2414 1792 2474 aliud

130 2491 250 2557 tristitia,
272 2499 363 2548 metus
381 2493 490 2563 mortis,
504 2500 532 2548 et
553 2508 631 2548 mors
652 2492 717 2563 ipsa.
733 2491 762 2548 2⁰
777 2495 818 2548 Ut
833 2497 932 2550 tentari
986 2502 1028 2550 est
1048 2509 1130 2576 quam
1152 2491 1288 2562 superbia,
1302 2491 1347 2545 cui
1366 2498 1458 2545 tamen
1478 2504 1534 2544 nou
1554 2497 1690 2560 repugnat
1706 2487 1791 2544 etiam

129 2561 165 2620 sit
178 2562 251 2618 idem
270 2563 344 2635 quod
358 2562 392 2619 ad
415 2572 557 2633 peccatum
577 2563 727 2630 sollicitari,
744 2572 775 2619 ut
788 2563 832 2620 bic
847 2563 931 2622 abbas
985 2565 1106 2621 auantiae
1129 2578 1177 2619 seu
1201 2561 1372 2688 philaqurlae
1399 2559 1576 2616 tentationem
1604 2557 1691 2615 fuisse
1721 2573 1791 2641 cou-

130 2634 256 2705 intelligit
286 2634 320 2690 de
352 2634 453 2690 Christi
485 2633 680 2690 tentationibus
704 2649 804 2707 agens3
833 2632 934 2691 dicitur
984 2637 1122 2708 junctam,
1144 2642 1175 2689 ut
1192 2632 1261 2688 inira
1300 2640 1396 2698 rcetur,
1416 2640 1443 2686 ιι
1467 2633 1495 2688 S.
1519 2631 1641 2687 Thomas
1668 2629 1793 2687 admittit

130 2706 253 2761 Christus
266 2713 388 2761 mutatus
408 2720 454 2776 per
475 2705 579 2772 omnia,
600 2706 731 2778 quoniam
749 2714 877 2777 expertus
891 2714 933 2762 est
986 2705 1037 2832 52¹
1050 2711 1138 2776 part,
1152 2722 1180 2775 q.
1195 2711 1241 2765 et,
1254 2720 1281 2757 c.
1293 2703 1330 2772 t).
1341 2703 1385 2758 Sic
1397 2717 1460 2757 sero
1470 2701 1619 2773 Gregorius
1631 2720 1637 2754 :
1649 2702 1792 2772 Antiquae

130 2775 262 2859 quidquid
280 2775 393 2849 experiri
415 2776 513 2847 potuit,
536 2777 563 2832 id
581 2785 633 2844 est,
648 2776 721 2848 quod
744 2791 890 2846 personam
904 2784 933 2833 ιι
1021 2779 1069 2832 stis
1083 2781 1175 2831 corrtrc
1192 2778 1311 2845 primum
1325 2774 1456 2828 hominem
1475 2777 1613 2843 parentem
1625 2776 1749 2827 nostrum
1761 2774 1791 2827 in

130 2848 314 2903 conditionem
325 2847 384 2919 ejus
394 2862 450 2902 non
457 2847 616 2912 dedecebat,
627 2846 709 2902 etfiui
720 2861 801 2916 quem
811 2846 862 2902 sibi
874 2861 932 2917 pro
987 2848 1075 2902 tribus
1083 2862 1111 2901 sc
1123 2847 1313 2900 tentutionibus
1322 2846 1418 2906 erexit,
1429 2846 1492 2914 quib
1503 2844 1571 2898 bunc
1580 2843 1707 2897 uidelicet
1712 2843 1790 2912 qula,

131 2926 268 2988 posuerat,
289 2917 381 2982 idest,
405 2917 588 2988 redemptioni
605 2917 763 2985 hominum,
788 2924 931 2971 consenta-
985 2933 1060 2972 uuna
1074 2917 1194 2986 qlonuct
1204 2917 1465 2980 quontitatentuuits
1480 2915 1527 2970 sed
1538 2915 1669 2979 tentando
1680 2929 1792 2984 supero

129 3003 214 3042 neum
227 2994 296 3041 erat.
310 2990 403 3059 ltaque
416 2994 537 3042 tentatus
551 2994 593 3041 est
612 3001 627 3040 a
639 2985 749 3041 diabolo
764 3000 813 3055 per
826 2986 930 3053 omnia,
985 2990 1034 3050 uit,
1051 2991 1119 3058 quio
1132 2989 1185 3041 sibi
1204 3003 1264 3042 eum
1276 3003 1326 3057 per
1340 3001 1495 3041 corrsensum
1510 2985 1643 3040 subdidit.
1659 2987 1705 3040 Es
1724 2985 1790 3055 quic

132 3056 224 3118 idest,
239 3054 329 3110 modis
349 3056 478 3110 omnibus
495 3054 594 3126 quibus
606 3062 712 3125 poterat
727 3063 754 3110 et
765 3056 933 3126 congruebat
985 3061 1085 3130 quippe
1095 3061 1219 3120 tentavit,
1233 3074 1292 3112 cum
1303 3059 1391 3113 cibum
1401 3058 1469 3125 ligni
1477 3059 1554 3110 uetiti
1565 3055 1693 3119 ostendit,
1706 3061 1791 3127 utque

131 3141 195 3181 eum
214 3125 321 3205 tentari,
336 3124 390 3205 sed·
406 3140 454 3194 per
473 3125 639 3181 exteriorem
651 3133 759 3181 tantum
779 3127 929 3199 suggestio·
984 3130 1022 3184 ad
1033 3130 1552 3186 cornedendumsuusit.daoununutem
1563 3127 1790 3196 promerentem,

130 3211 206 3250 nem.
236 3197 287 3249 Per
310 3203 471 3250 interrorem
497 3195 570 3251 enim
589 3212 640 3251 nec
660 3213 676 3252 a
700 3196 820 3262 diabolo,
843 3214 895 3255 nec
915 3215 931 3255 a
984 3217 1043 3255 eum
1056 3203 1173 3257 diceet:
1189 3202 1274 3256 Eritis
1287 3204 1354 3254 siuet
1368 3200 1418 3253 dii.
1432 3203 1467 3254 nt
1480 3214 1513 3253 ιιι
1523 3202 1649 3268 prouectu
1660 3200 1791 3255 αιιιιιιι

131 3281 225 3333 carne,
239 3281 289 3320 nec
302 3280 317 3320 ι
330 3265 434 3321 mundo
454 3268 549 3323 tentari
583 3268 663 3324 otuit.
680 3269 748 3322 Nam
761 3269 875 3326 tentatio
889 3270 930 3325 in·
947 3244 970 3308 C
984 3275 1107 3335 tentavit,
1120 3288 1179 3326 cum
1189 3273 1289 3326 diceret
1298 3289 1306 3325 ε
1316 3272 1431 3326 scientos
1444 3271 1540 3323 bonurn
1549 3273 1575 3323 et
1588 3269 1703 3323 anulum
1716 3272 1792 3325 Auu-

131 3337 216 3418 terior
229 3352 284 3418 non
302 3337 332 3392 ιιι
345 3336 404 3392 sine
427 3337 517 3408 aliqua
531 3283 710 3395 delectatione
724 3348 752 3394 et
765 3349 844 3396 motu
867 3355 933 3396 oon·
984 3345 1050 3397 ritio
1058 3346 1128 3398 enirn
1135 3343 1279 3398 nonsolurn
1285 3343 1404 3412 pecunie
1414 3345 1462 3407 est,
1471 3341 1608 3394 sedetiam
1619 3341 1789 3396 atumdznu.

131 3417 315 3480 cupiscentum,
336 3423 398 3480 quae
421 3424 478 3463 non
502 3416 543 3465 est
560 3409 613 3465 nisi
628 3409 655 3465 in
677 3425 757 3466 carne
772 3410 930 3481 peccatrice,
984 3417 1062 3470 Recte
1075 3417 1147 3469 enim
1159 3415 1279 3468 auaritia
1293 3413 1405 3479 dicitur,
1419 3427 1481 3466 cum
1493 3411 1696 3480 supramodum
1706 3411 1791 3467 subli-

131 3478 231 3543 idest,
254 3494 302 3551 per
331 3488 470 3550 peccatum
501 3480 631 3548 sauciata,
652 3496 702 3536 uec
728 3481 805 3552 plene
828 3491 930 3546 sauata
984 3487 1067 3539 mitae
1079 3486 1210 3539 ambitur.
1225 3485 1335 3540 sienim
1347 3498 1400 3538 reon
1413 3483 1450 3536 cel
1461 3484 1608 3536 ouantium
1619 3483 1728 3536 limeris
1742 3497 1791 3536 ro·

128 3552 193 3607 Non
206 3548 318 3605 decebat
331 3558 422 3605 autem
440 3550 579 3607 Christum
602 3551 685 3606 talem
707 3560 833 3607 naturam
854 3568 931 3608 assu·
981 3557 1050 3624 pinu
1061 3558 1219 3624 pertineret,
1235 3570 1405 3624 nequequam
1424 3553 1526 3609 Paulus
1544 3553 1725 3621 ιιιιιιιιιίιι
1740 3555 1792 3609 Dei

131 3637 216 3685 mere,
233 3619 280 3676 sed
294 3620 328 3676 ab
343 3621 419 3675 omui
437 3621 562 3693 contagio
584 3621 684 3693 peccati
707 3621 822 3677 liberam
841 3629 868 3678 et
880 3623 932 3678 im·
984 3627 1054 3681 Filio
1080 3626 1202 3680 diceret:
1225 3627 1283 3681 Non
1303 3627 1430 3694 rupinum
1452 3625 1604 3678 arbitratus
1624 3628 1663 3679 est
1684 3639 1713 3678 se
1735 3637 1791 3679 csse

132 3707 255 3758 munem,
278 3706 314 3746 ne
328 3697 356 3746 et
373 3691 429 3763 ipse
450 3691 600 3748 secundum
621 3700 788 3763 assumptam
805 3700 932 3749 naturam
985 3695 1117 3765 equalem
1142 3700 1194 3752 Deo
1220 3695 1331 3765 (Philip.
1349 3698 1407 3763 iul.
1429 3695 1627 3751 introeuntem
1647 3694 1790 3750 demtum

132 3763 305 3834 redemptore
319 3771 345 3817 et
359 3763 503 3818 liberatore
518 3763 658 3835 indigeret.
684 3765 761 3818 Hanc
778 3763 932 3820 doctrinam
982 3770 1126 3837 parentem
1140 3770 1261 3820 nostrum
1281 3766 1318 3819 od
1334 3767 1487 3835 superbiora
1502 3767 1598 3828 trusit,
1610 3780 1661 3834 quo
1673 3780 1737 3818 eum
1749 3765 1791 3821 cd

131 3834 230 3890 diserte
252 3833 335 3888 tradit
354 3843 382 3889 et
404 3833 524 3905 explicat
549 3836 585 3889 D.
607 3834 755 3906 Gregorius
779 3833 820 3888 his
845 3835 933 3890 verbis
986 3838 1130 3891 ouantium
1153 3835 1329 3891 sublimitatis
1352 3839 1489 3892 recitauit.
1513 3837 1567 3892 Sed
1584 3835 1680 3905 quibus
1700 3837 1790 3891 modis

133 3906 219 3977 (Hom.
237 3908 269 3960 16
284 3907 312 3958 in
326 3905 456 3974 ilocupl:
477 3906 629 3968 scendunt,
649 3905 747 3976 inquit,
765 3909 830 3975 quio
846 3907 933 3961 tribus
983 3910 1101 3978 primurn
1117 3909 1249 3962 hominem
1267 3910 1375 3970 strauit,
1391 3908 1489 3962 eisdem
1508 3908 1594 3962 orodis
1612 3907 1727 3962 sectando
1744 3907 1790 3962 ho·

131 3978 217 4032 modis
244 3979 353 4030 tentatio
377 3978 478 4044 egitur,
504 3979 676 4045 suggestione,
708 3976 880 4032 delectatione
907 3982 934 4033 et
986 3981 1056 4033 mini
1065 3984 1181 4034 tentator
1190 3981 1337 4034 succubuit.
1348 3981 1399 4033 Per
1407 3979 1499 4047 pulum
1509 3981 1610 4048 quippe
1620 3982 1789 4041 tentatorem

132 4064 269 4102 conseruo.
281 4051 316 4102 Et
330 4062 377 4101 nos
387 4063 446 4101 cunt
457 4052 601 4110 tentamur,
615 4048 773 4117 plerumque
783 4051 812 4102 in
823 4049 933 4103 delectu·
987 4050 1071 4104 dicit:
1086 4053 1135 4106 Dic
1149 4055 1180 4104 ut
1192 4050 1296 4120 lapides
1312 4051 1359 4104 isti
1369 4065 1454 4119 porres
1462 4053 1538 4118 fiunt.
1552 4052 1602 4104 Per
1615 4064 1716 4103 conum
1730 4049 1787 4119 gio·

131 4122 229 4174 tionem
239 4121 378 4173 autetiam
390 4120 418 4172 in
427 4135 579 4175 consensum
589 4120 715 4183 labimur,
728 4119 836 4189 quiade
844 4121 932 4174 cornis
987 4124 1057 4175 riom
1070 4125 1164 4188 tentet,
1178 4137 1237 4175 nrm
1248 4122 1333 4175 d'mit:
1350 4121 1382 4176 Si
1390 4121 1464 4189 filius
1480 4123 1529 4176 Dei
1536 4135 1573 4182 es,
1585 4121 1664 4174 mitte
1676 4125 1702 4175 te
1713 4120 1787 4175 deor·

130 4195 236 4259 peceato
254 4193 402 4259 propagati
419 4192 448 4244 in
461 4192 603 4262 nobisipsis
624 4194 705 4246 eitum
722 4192 847 4259 perimus,
863 4191 933 4245 unde
986 4207 1055 4246 sum.
1078 4195 1129 4247 Per
1146 4192 1321 4246 srtblimitotis
1339 4193 1486 4245 atteritiorn
1507 4195 1602 4253 tentat,
1627 4207 1687 4245 curn
1705 4206 1787 4261 reque

131 4263 278 4313 certamina
288 4260 438 4314 toleramus.
451 4265 521 4316 Deus
532 4278 602 4325 vero,
616 4265 666 4331 qui
680 4265 709 4316 in
718 4267 794 4315 utero
809 4263 932 4330 Virginis
987 4265 1077 4316 omnin
1091 4263 1186 4317 mundi
1200 4262 1316 4317 ostendit
1328 4262 1435 4317 diceres:
1451 4264 1513 4317 Hoec
1529 4264 1622 4316 omniu
1641 4262 1696 4316 tibi
1708 4262 1785 4325 dubo,

131 4332 298 4389 incoenatus,
319 4331 348 4381 iu
372 4332 504 4384 mundum
521 4335 578 4386 sine
594 4338 701 4401 peccato
722 4337 839 4393 ueneat,
863 4332 934 4385 nihil
987 4334 1159 4402 siprocidcns
1179 4334 1334 4388 udoromris
1353 4349 1402 4387 me.
1422 4333 1475 4389 Sed
1487 4332 1586 4387 eisdem
1605 4334 1694 4388 modt's
1712 4349 1731 4388 u
1745 4347 1786 4388 se-

132 4399 352 4476 controdicticuis
366 4401 396 4452 in
414 4404 552 4468 semetipso
570 4403 710 4455 tolerabat.
737 4405 847 4456 Tenturi
869 4417 933 4470 erqo
987 4404 1072 4457 cundo
1091 4404 1195 4458 homine
1208 4407 1336 4471 vinetus,
1353 4405 1452 4475 quibus
1470 4405 1591 4474 primurn
1607 4405 1742 4459 homiuem
1758 4417 1784 4458 ιι

129 4482 180 4535 per
194 4470 386 4533 suggestionem
394 4470 494 4535 potuit,
504 4470 551 4523 sed
560 4471 616 4537 ejus
628 4476 741 4524 mentem
747 4475 851 4540 peceati
861 4473 933 4527 dele·
986 4474 1079 4528 ιιιιιιι
1096 4475 1274 4542 gloriebatur,
1296 4479 1327 4529 ut
1343 4492 1360 4528 a
1378 4477 1478 4530 nostris
1487 4475 1612 4530 cordibus
1631 4477 1689 4544 ipso
1711 4475 1785 4529 udde

131 4539 212 4591 ctutio
226 4551 278 4590 non
294 4536 450 4617 nmmordit3
465 4543 546 4607 utque
564 4540 623 4593 ideo
638 4543 723 4594 omnis
737 4541 871 4595 simbolica
884 4542 934 4596 illu
987 4549 1080 4613 coptus
1091 4551 1167 4600 eaeut
1176 4562 1227 4615 quo
1235 4562 1282 4601 nos
1289 4547 1367 4601 aditu
1374 4547 1543 4605 intromissus
1560 4547 1678 4600 tenebat.
1691 4547 1786 4602 nacte

133 4609 245 4689 tentatio
266 4608 345 4687 forts,
371 4624 424 4662 non
446 4613 528 4672 entus,
556 4611 621 4677 suit.
639 4611 683 4666 Sic
700 4618 727 4664 et
749 4614 934 4667 Damascenus
987 4630 1040 4670 nus
1052 4616 1210 4687 Gregorius.
1224 4620 1314 4688 Atque
1326 4616 1453 4672 eumdem
1469 4615 1592 4672 ordinem
1604 4618 1785 4672 tentationum

132 4679 178 4734 hb.
195 4694 234 4735 ιιι
254 4679 288 4734 de
302 4677 367 4733 lide
385 4678 501 4734 Orthod.
515 4695 574 4749 cap.
595 4684 627 4735 ιιι
643 4700 649 4736 :
666 4682 812 4749 Moliqnus,
836 4682 932 4754 inquit,
987 4687 1111 4758 sequitur
1124 4695 1152 4742 et
1164 4688 1288 4757 explanat
1300 4690 1328 4743 S.
1343 4689 1465 4743 Thomas
1482 4697 1618 4759 rrrparte,
1631 4691 1783 4759 quescit,

131 4752 243 4818 deforis
258 4751 427 4820 supperebut,
442 4767 495 4807 non
509 4767 558 4822 per
570 4755 752 4822 cogitationes,
764 4761 817 4810 etc.
832 4754 933 4811 Audie-
987 4759 1101 4813 articulo
1120 4764 1148 4814 4.
1163 4759 1249 4815 Aliter
1271 4767 1362 4815 tamen
1380 4761 1409 4815 S.
1430 4759 1598 4831 Augustinus
1620 4767 1704 4815 tract.
1724 4765 1740 4814 ι
1759 4756 1785 4813 ιιι

131 4823 178 4877 bat
190 4823 301 4894 quidem
315 4821 437 4878 Christus
451 4822 589 4879 diabolum
602 4824 652 4878 sibi
671 4833 868 4897 proponentem
881 4842 931 4898 gu·

132 4893 176 4958 lar,
191 4893 349 4949 cenodoxiae
368 4903 395 4949 et
408 4893 541 4966 superbiae
554 4904 672 4966 peccata,
688 4904 716 4951 et
730 4895 840 4952 illorum
854 4913 929 4953 com·

133 4963 225 5028 moda,
240 4979 290 5017 nec
312 4979 381 5032 opus
401 4974 442 5019 est
456 4965 566 5022 credere
580 4967 643 5023 nihil
659 4983 722 5022 eum
742 4967 776 5024 de
796 4968 838 5023 bis
857 4969 931 5042 cogi·

133 5041 214 5102 tasse,
233 5042 354 5088 attamen
375 5035 466 5091 mullus
486 5037 513 5090 in
532 5052 565 5092 eo
585 5038 626 5093 rel
646 5039 777 5094 minimus
795 5042 932 5111 appetitus

26 5152 29 5157 ,
90 5149 94 5156 .
133 5105 166 5161 ad
182 5121 211 5160 ea
227 5107 358 5160 excitatus
372 5111 428 5159 est:
445 5122 508 5160 cum
522 5106 548 5161 in
562 5109 643 5164 nobis
657 5126 805 5180 numquam
823 5119 869 5166 aut
888 5127 932 5166 ra·

131 5176 241 5301 {issime
255 5177 313 5233 ιιιιι
327 5183 498 5246 separentur,
515 5187 548 5233 ut
561 5179 618 5234 siue
634 5179 736 5236 aiiectu
751 5182 842 5252 aliquo
856 5181 934 5255 cogi-

144 5261 232 5300 emus.

168 5318 180 5346 ¹¹
197 5314 270 5370 inira
280 5314 358 5370 dicit:
373 5319 404 5372 ιι
417 5318 459 5372 his
478 5319 563 5373 tribus
577 5324 661 5384 uitiis,
682 5322 747 5389 pulo
760 5322 870 5384 seilicet,
889 5338 930 5378 ee·

133 5387 259 5448 eudoxio,
274 5387 305 5439 id
318 5391 367 5449 est,
380 5404 450 5443 vurta
462 5391 560 5458 pluria,
571 5397 596 5446 et
607 5393 742 5461 superbio.
756 5390 859 5446 Eodem
874 5391 930 5450 fere

133 5457 217 5513 modo
232 5460 264 5511 ι).
282 5458 429 5528 Gregorius
449 5462 556 5532 (ilomil.
574 5465 605 5517 ru
622 5465 649 5516 in
662 5466 781 5530 strong.)
798 5462 930 5533 triplicem

132 5529 233 5583 Christi
256 5530 433 5585 tentationem
453 5533 574 5602 exponit,
600 5542 710 5588 etcum
735 5534 930 5591 tentationibus

133 5599 229 5654 Adami
255 5599 372 5665 confert,
396 5602 448 5656 nisi
468 5603 539 5673 quod
560 5619 610 5675 pro
635 5603 763 5673 superbia
788 5607 929 5661 avaritiam

134 5670 212 5723 tertio
231 5669 290 5725 loco
308 5673 399 5742 ponit,
419 5673 465 5728 sed
490 5674 638 5746 improprie
659 5683 686 5729 et
706 5674 816 5730 abusive
835 5677 877 5757 (ut
896 5694 930 5732 ex

133 5739 275 5812 ipsiusmet
296 5742 375 5797 dietis
401 5744 546 5815 colligitur)
564 5744 704 5800 avaritiam
716 5761 767 5819 pro
785 5748 930 5820 cupiditate

987 4831 1009 4883 E
1030 4829 1072 4883 ist.
1083 4831 1162 4884 Joau.

1012 4846 1034 4934 pl
1050 4901 1124 4955 horo
1137 4900 1218 4970 hujus
1233 4900 1378 4973 leguntalii
1394 4900 1558 4972 hujusmodi,
1568 4901 1782 4972 etputorectius,

987 4978 1018 5024 ut
1033 4971 1171 5027 Christum
1187 4973 1326 5042 respiciat3
1349 4973 1456 5029 sienim
1473 4972 1611 5028 Adamum
1632 4974 1783 5044 respiceret,

986 5040 1133 5097 dicendum
1147 5041 1244 5098 suisset
1259 5043 1345 5111 iilius,
1359 5050 1417 5098 bon
1431 5045 1521 5113 hujrus,
1537 5058 1601 5097 cum
1624 5043 1660 5099 de
1678 5044 1790 5101 Christo

986 5114 1110 5183 proxime
1130 5122 1158 5169 et
1176 5113 1333 5170 immediate
1351 5115 1457 5170 loeutus
1479 5120 1558 5169 esset.
1584 5114 1688 5171 Sensus
1707 5116 1784 5188 igittu

985 5192 1040 5240 est:
1058 5184 1294 5255 Quemadmodum
1309 5187 1429 5257 oportuit
1445 5185 1481 5256 (id
1496 5193 1545 5252 est,
1562 5201 1722 5258 congruum
1737 5183 1785 5242 tuit

985 5262 1013 5309 et
1035 5256 1132 5310 rationi
1147 5257 1370 5328 consentaneum)
1393 5265 1423 5313 ut
1444 5256 1567 5314 Christus
1589 5273 1678 5313 novus
1698 5257 1784 5314 Adam

985 5324 1094 5380 easdem
1119 5326 1177 5381 illas
1197 5327 1362 5383 tentationes
1382 5345 1413 5384 su
1434 5344 1463 5383 ra
1486 5336 1665 5396 memoratas,
1686 5328 1786 5385 seilicet

984 5395 1066 5476 gulae,
1089 5412 1163 5453 vanae
1180 5399 1273 5478 gloriae
1292 5406 1320 5454 et
1331 5345 1475 5470 superfiiae,
1496 5398 1522 5452 in
1536 5414 1564 5454 se
1586 5393 1786 5471 susciperetur

984 5475 1139 5531 sustineret,
1153 5470 1251 5540 quibus
1285 5471 1372 5526 rimus
1383 5471 1473 5526 Adam
1485 5471 1621 5541 appetitus
1631 5480 1658 5526 et
1668 5471 1786 5543 dejecttrt

985 5536 1091 5619 fuerat:
1116 5540 1153 5595 ita
1177 5557 1231 5595 non
1256 5487 1308 5596 AEit
1322 5557 1431 5598 necesse
1446 5550 1476 5597 ut
1489 5541 1571 5596 aliam
1592 5542 1784 5611 tentationem,

984 5624 1073 5663 cantis
1089 5611 1147 5666 scil.
1169 5628 1216 5667 seu
1239 5613 1359 5680 luxuria,
1374 5614 1547 5696 experiretur,
1568 5628 1652 5682 quam
1665 5629 1719 5671 nee
1732 5612 1783 5689 pri·

984 5695 1046 5736 ntus
1058 5682 1146 5738 Adam
1161 5683 1186 5737 iu
1196 5691 1267 5739 statu
1278 5683 1440 5742 innocentiae
1452 5692 1578 5755 expertus
1588 5682 1698 5742 luisset.
