<?xml version="1.0" encoding="UTF-8"?>
<!DOCTYPE html PUBLIC "-//W3C//DTD XHTML 1.0 Transitional//EN"
    "http://www.w3.org/TR/xhtml1/DTD/xhtml1-transitional.dtd">
<html xmlns="http://www.w3.org/1999/xhtml" xml:lang="en" lang="en">
 <head>
  <title>
</title>
<meta http-equiv="Content-Type" content="text/html;charset=utf-8" />
  <meta name='ocr-system' content='tesseract 3.04.00' />
  <meta name='ocr-capabilities' content='ocr_page ocr_carea ocr_par ocr_line ocrx_word'/>
</head>
<body>
  <div class='ocr_page' id='page_1' title='image "./patrologiaecurs29unkngoog_0259.png"; bbox 0 0 3848 6158; ppageno 0'>
   <div class='ocr_carea' id='block_1_1' title="bbox 184 206 1837 332">
    <p class='ocr_par' dir='ltr' id='par_1_1' title="bbox 184 206 1837 332">
     <span class='ocr_line' id='line_1_1' title="bbox 184 206 1837 332; baseline -0.01 -14"><span class='ocrx_word' id='word_1_1' title='bbox 184 264 235 318; x_wconf 82' lang='lat' dir='ltr'>soa</span> <span class='ocrx_word' id='word_1_2' title='bbox 724 251 864 309; x_wconf 77' lang='lat' dir='ltr'>innuitis</span> <span class='ocrx_word' id='word_1_3' title='bbox 883 248 1035 306; x_wconf 83' lang='lat' dir='ltr'>uxssiiiu</span> <span class='ocrx_word' id='word_1_4' title='bbox 1053 206 1298 332; x_wconf 65' lang='lat' dir='ltr'>concisiones.</span> <span class='ocrx_word' id='word_1_5' title='bbox 1783 247 1837 302; x_wconf 79' lang='lat' dir='ltr'>soi</span> 
     </span>
    </p>
   </div>
   <div class='ocr_carea' id='block_1_2' title="bbox 102 365 1873 3647">
    <p class='ocr_par' dir='ltr' id='par_1_2' title="bbox 102 365 1873 3647">
     <span class='ocr_line' id='line_1_2' title="bbox 183 365 1839 459; baseline -0.01 -16"><span class='ocrx_word' id='word_1_6' title='bbox 183 386 302 444; x_wconf 85' lang='lat' dir='ltr'>Abraliae</span> <span class='ocrx_word' id='word_1_7' title='bbox 322 386 448 459; x_wconf 84' lang='lat' dir='ltr'>requiem</span> <span class='ocrx_word' id='word_1_8' title='bbox 467 384 648 457; x_wconf 78' lang='lat' dir='ltr'>promeretur,</span> <span class='ocrx_word' id='word_1_9' title='bbox 667 377 737 435; x_wconf 91' lang='lat' dir='ltr'>alius</span> <span class='ocrx_word' id='word_1_10' title='bbox 758 375 919 433; x_wconf 81' lang='lat' dir='ltr'>intolerabili</span> <span class='ocrx_word' id='word_1_11' title='bbox 939 390 983 430; x_wconf 91' lang='lat' dir='ltr'>ar·</span> <span class='ocrx_word' id='word_1_12' title='bbox 997 376 1024 441; x_wconf 81' lang='grc' dir='ltr'>Α</span> <span class='ocrx_word' id='word_1_13' title='bbox 1037 373 1120 446; x_wconf 88' lang='lat' dir='ltr'>ipsius</span> <span class='ocrx_word' id='word_1_14' title='bbox 1133 371 1232 429; x_wconf 83' lang='lat' dir='ltr'>animae</span> <span class='ocrx_word' id='word_1_15' title='bbox 1243 378 1340 427; x_wconf 87' lang='lat' dir='ltr'>natura</span> <span class='ocrx_word' id='word_1_16' title='bbox 1353 365 1505 425; x_wconf 89' lang='lat' dir='ltr'>secundum</span> <span class='ocrx_word' id='word_1_17' title='bbox 1516 365 1733 424; x_wconf 87' lang='lat' dir='ltr'>mediocritatem</span> <span class='ocrx_word' id='word_1_18' title='bbox 1742 365 1839 426; x_wconf 77' lang='lat' dir='ltr'>sensis</span> 
     </span>
     <span class='ocr_line' id='line_1_3' title="bbox 183 461 1839 550; baseline -0.01 -14"><span class='ocrx_word' id='word_1_19' title='bbox 183 479 250 538; x_wconf 90' lang='lat' dir='ltr'>dore</span> <span class='ocrx_word' id='word_1_20' title='bbox 264 479 357 536; x_wconf 81' lang='lat' dir='ltr'>aetemi</span> <span class='ocrx_word' id='word_1_21' title='bbox 380 478 447 550; x_wconf 90' lang='lat' dir='ltr'>ignis</span> <span class='ocrx_word' id='word_1_22' title='bbox 462 475 592 534; x_wconf 81' lang='lat' dir='ltr'>exuritur.</span> <span class='ocrx_word' id='word_1_23' title='bbox 612 474 639 530; x_wconf 89' lang='lat' dir='ltr'>Si</span> <span class='ocrx_word' id='word_1_24' title='bbox 661 480 752 528; x_wconf 89' lang='lat' dir='ltr'>autem</span> <span class='ocrx_word' id='word_1_25' title='bbox 771 479 798 527; x_wconf 92' lang='lat' dir='ltr'>et</span> <span class='ocrx_word' id='word_1_26' title='bbox 824 468 890 526; x_wconf 94' lang='lat' dir='ltr'>illnd</span> <span class='ocrx_word' id='word_1_27' title='bbox 909 468 984 541; x_wconf 85' lang='lat' dir='ltr'>quod</span> <span class='ocrx_word' id='word_1_28' title='bbox 1036 468 1124 525; x_wconf 88' lang='lat' dir='ltr'>nostri</span> <span class='ocrx_word' id='word_1_29' title='bbox 1138 465 1231 539; x_wconf 89' lang='lat' dir='ltr'>paucis</span> <span class='ocrx_word' id='word_1_30' title='bbox 1249 464 1337 537; x_wconf 91' lang='lat' dir='ltr'>aliqua</span> <span class='ocrx_word' id='word_1_31' title='bbox 1350 461 1534 535; x_wconf 84' lang='lat' dir='ltr'>disputemus,</span> <span class='ocrx_word' id='word_1_32' title='bbox 1551 476 1643 518; x_wconf 93' lang='lat' dir='ltr'>nonne</span> <span class='ocrx_word' id='word_1_33' title='bbox 1656 461 1728 518; x_wconf 89' lang='lat' dir='ltr'>ultra</span> <span class='ocrx_word' id='word_1_34' title='bbox 1747 461 1839 520; x_wconf 88' lang='lat' dir='ltr'>omnir</span> 
     </span>
     <span class='ocr_line' id='line_1_4' title="bbox 183 553 1839 644; baseline -0.01 -14"><span class='ocrx_word' id='word_1_35' title='bbox 183 573 284 630; x_wconf 88' lang='lat' dir='ltr'>dicitur</span> <span class='ocrx_word' id='word_1_36' title='bbox 301 572 334 629; x_wconf 92' lang='lat' dir='ltr'>ad</span> <span class='ocrx_word' id='word_1_37' title='bbox 352 572 508 629; x_wconf 89' lang='lat' dir='ltr'>latronem:</span> <span class='ocrx_word' id='word_1_38' title='bbox 523 568 609 625; x_wconf 81' lang='lat' dir='ltr'>Hodie</span> <span class='ocrx_word' id='word_1_39' title='bbox 627 570 679 623; x_wconf 89' lang='lat' dir='ltr'>eris</span> <span class='ocrx_word' id='word_1_40' title='bbox 698 581 799 621; x_wconf 88' lang='lat' dir='ltr'>mecum</span> <span class='ocrx_word' id='word_1_41' title='bbox 812 567 842 619; x_wconf 91' lang='lat' dir='ltr'>iii</span> <span class='ocrx_word' id='word_1_42' title='bbox 853 564 983 634; x_wconf 77' lang='lat' dir='ltr'>paradiso</span> <span class='ocrx_word' id='word_1_43' title='bbox 1037 559 1147 632; x_wconf 81' lang='lat' dir='ltr'>ineptiae</span> <span class='ocrx_word' id='word_1_44' title='bbox 1161 558 1318 644; x_wconf 74' lang='lat' dir='ltr'>nundinam</span> <span class='ocrx_word' id='word_1_45' title='bbox 1334 553 1565 624; x_wconf 85' lang='lat' dir='ltr'>taiuiiaiem,sed</span> <span class='ocrx_word' id='word_1_46' title='bbox 1582 553 1714 610; x_wconf 90' lang='lat' dir='ltr'>insaniam</span> <span class='ocrx_word' id='word_1_47' title='bbox 1733 562 1776 611; x_wconf 87' lang='lat' dir='ltr'>est</span> <span class='ocrx_word' id='word_1_48' title='bbox 1795 555 1839 613; x_wconf 87' lang='lat' dir='ltr'>vel</span> 
     </span>
     <span class='ocr_line' id='line_1_5' title="bbox 180 648 1841 736; baseline -0.011 -10"><span class='ocrx_word' id='word_1_49' title='bbox 180 673 276 736; x_wconf 82' lang='lat' dir='ltr'>(Luce</span> <span class='ocrx_word' id='word_1_50' title='bbox 290 670 399 735; x_wconf 86' lang='lat' dir='ltr'>xxiii),</span> <span class='ocrx_word' id='word_1_51' title='bbox 408 664 577 723; x_wconf 84' lang='lat' dir='ltr'>voluerimus</span> <span class='ocrx_word' id='word_1_52' title='bbox 590 661 742 733; x_wconf 89' lang='lat' dir='ltr'>intendere,</span> <span class='ocrx_word' id='word_1_53' title='bbox 755 660 820 733; x_wconf 91' lang='lat' dir='ltr'>quid</span> <span class='ocrx_word' id='word_1_54' title='bbox 843 659 916 717; x_wconf 90' lang='lat' dir='ltr'>aliud</span> <span class='ocrx_word' id='word_1_55' title='bbox 927 675 984 716; x_wconf 93' lang='lat' dir='ltr'>nia·</span> <span class='ocrx_word' id='word_1_56' title='bbox 1036 655 1131 713; x_wconf 85' lang='lat' dir='ltr'>leviter</span> <span class='ocrx_word' id='word_1_57' title='bbox 1146 653 1275 726; x_wconf 88' lang='lat' dir='ltr'>suspicari</span> <span class='ocrx_word' id='word_1_58' title='bbox 1298 652 1372 708; x_wconf 88' lang='lat' dir='ltr'>illam</span> <span class='ocrx_word' id='word_1_59' title='bbox 1395 649 1585 723; x_wconf 77' lang='lat' dir='ltr'>pretiosiorem</span> <span class='ocrx_word' id='word_1_60' title='bbox 1597 648 1717 705; x_wconf 91' lang='lat' dir='ltr'>hominis</span> <span class='ocrx_word' id='word_1_61' title='bbox 1736 649 1841 722; x_wconf 84' lang='lat' dir='ltr'>portio·</span> 
     </span>
     <span class='ocr_line' id='line_1_6' title="bbox 184 742 1841 834; baseline -0.012 -14"><span class='ocrx_word' id='word_1_62' title='bbox 184 763 280 821; x_wconf 83' lang='lat' dir='ltr'>nifesie</span> <span class='ocrx_word' id='word_1_63' title='bbox 297 761 432 834; x_wconf 88' lang='lat' dir='ltr'>designat,</span> <span class='ocrx_word' id='word_1_64' title='bbox 452 774 536 832; x_wconf 92' lang='lat' dir='ltr'>quam</span> <span class='ocrx_word' id='word_1_65' title='bbox 552 757 699 831; x_wconf 90' lang='lat' dir='ltr'>perdurare</span> <span class='ocrx_word' id='word_1_66' title='bbox 719 756 748 812; x_wconf 92' lang='lat' dir='ltr'>in</span> <span class='ocrx_word' id='word_1_67' title='bbox 767 754 910 811; x_wconf 82' lang='lat' dir='ltr'>animabus</span> <span class='ocrx_word' id='word_1_68' title='bbox 927 768 985 810; x_wconf 94' lang='lat' dir='ltr'>non</span> <span class='ocrx_word' id='word_1_69' title='bbox 1037 765 1111 818; x_wconf 88' lang='lat' dir='ltr'>nem,</span> <span class='ocrx_word' id='word_1_70' title='bbox 1125 753 1137 781; x_wconf 79' lang='lat'>⁰</span> <span class='ocrx_word' id='word_1_71' title='bbox 1150 748 1238 820; x_wconf 90' lang='lat' dir='ltr'>inqua</span> <span class='ocrx_word' id='word_1_72' title='bbox 1254 747 1343 818; x_wconf 82' lang='lat' dir='ltr'>imago</span> <span class='ocrx_word' id='word_1_73' title='bbox 1353 747 1418 813; x_wconf 88' lang='lat' dir='ltr'>Dei,</span> <span class='ocrx_word' id='word_1_74' title='bbox 1432 742 1584 803; x_wconf 91' lang='lat' dir='ltr'>secundum</span> <span class='ocrx_word' id='word_1_75' title='bbox 1595 742 1707 799; x_wconf 88' lang='lat' dir='ltr'>beatum</span> <span class='ocrx_word' id='word_1_76' title='bbox 1717 745 1841 816; x_wconf 86' lang='lat' dir='ltr'>Aposto-</span> 
     </span>
     <span class='ocr_line' id='line_1_7' title="bbox 184 835 1840 925; baseline -0.012 -10"><span class='ocrx_word' id='word_1_77' title='bbox 184 857 275 914; x_wconf 89' lang='lat' dir='ltr'>solum</span> <span class='ocrx_word' id='word_1_78' title='bbox 296 855 424 925; x_wconf 86' lang='lat' dir='ltr'>pristinos</span> <span class='ocrx_word' id='word_1_79' title='bbox 444 852 612 922; x_wconf 65' lang='lat' dir='ltr'>intellectum</span> <span class='ocrx_word' id='word_1_80' title='bbox 631 850 679 908; x_wconf 91' lang='lat' dir='ltr'>sed</span> <span class='ocrx_word' id='word_1_81' title='bbox 701 849 783 907; x_wconf 90' lang='lat' dir='ltr'>etiam</span> <span class='ocrx_word' id='word_1_82' title='bbox 803 847 984 905; x_wconf 89' lang='lat' dir='ltr'>vicissitudine</span> <span class='ocrx_word' id='word_1_83' title='bbox 1038 845 1096 900; x_wconf 94' lang='lat' dir='ltr'>lum</span> <span class='ocrx_word' id='word_1_84' title='bbox 1109 845 1136 912; x_wconf 89' lang='lat' dir='ltr'>(l</span> <span class='ocrx_word' id='word_1_85' title='bbox 1153 844 1212 899; x_wconf 81' lang='lat' dir='ltr'>cor.</span> <span class='ocrx_word' id='word_1_86' title='bbox 1228 857 1271 909; x_wconf 88' lang='lat' dir='ltr'>xi,</span> <span class='ocrx_word' id='word_1_87' title='bbox 1289 842 1384 897; x_wconf 76' lang='lat' dir='ltr'>conss.</span> <span class='ocrx_word' id='word_1_88' title='bbox 1406 843 1471 908; x_wconf 87' lang='lat'>111),</span> <span class='ocrx_word' id='word_1_89' title='bbox 1486 852 1518 894; x_wconf 94' lang='lat' dir='ltr'>ac</span> <span class='ocrx_word' id='word_1_90' title='bbox 1535 835 1683 894; x_wconf 90' lang='lat' dir='ltr'>similitudo</span> <span class='ocrx_word' id='word_1_91' title='bbox 1696 838 1840 908; x_wconf 80' lang='lat' dir='ltr'>consistit,</span> 
     </span>
     <span class='ocr_line' id='line_1_8' title="bbox 184 930 1843 1026; baseline -0.011 -19"><span class='ocrx_word' id='word_1_92' title='bbox 184 965 230 1007; x_wconf 91' lang='lat' dir='ltr'>eas</span> <span class='ocrx_word' id='word_1_93' title='bbox 243 963 363 1021; x_wconf 86' lang='lat' dir='ltr'>congrua</span> <span class='ocrx_word' id='word_1_94' title='bbox 379 946 604 1021; x_wconf 88' lang='lat' dir='ltr'>promeritomm</span> <span class='ocrx_word' id='word_1_95' title='bbox 617 952 781 1016; x_wconf 83' lang='lat' dir='ltr'>actuumque</span> <span class='ocrx_word' id='word_1_96' title='bbox 795 957 984 1014; x_wconf 87' lang='lat' dir='ltr'>snorumper·</span> <span class='ocrx_word' id='word_1_97' title='bbox 1038 937 1160 1010; x_wconf 91' lang='lat' dir='ltr'>deposita</span> <span class='ocrx_word' id='word_1_98' title='bbox 1186 935 1238 991; x_wconf 89' lang='lat' dir='ltr'>hac</span> <span class='ocrx_word' id='word_1_99' title='bbox 1265 949 1318 1006; x_wconf 92' lang='lat' dir='ltr'>qua</span> <span class='ocrx_word' id='word_1_100' title='bbox 1347 931 1504 1026; x_wconf 77' lang='lat' dir='ltr'>reconditur</span> <span class='ocrx_word' id='word_1_101' title='bbox 1525 931 1555 987; x_wconf 93' lang='lat' dir='ltr'>in</span> <span class='ocrx_word' id='word_1_102' title='bbox 1579 930 1706 1003; x_wconf 71' lang='lat' dir='ltr'>presenti</span> <span class='ocrx_word' id='word_1_103' title='bbox 1733 932 1843 989; x_wconf 86' lang='lat' dir='ltr'>sarcina</span> 
     </span>
     <span class='ocr_line' id='line_1_9' title="bbox 183 1026 1844 1117; baseline -0.009 -16"><span class='ocrx_word' id='word_1_104' title='bbox 183 1043 237 1102; x_wconf 81' lang='lat' dir='ltr'>irui</span> <span class='ocrx_word' id='word_1_105' title='bbox 250 1043 395 1117; x_wconf 81' lang='lat' dir='ltr'>qualitate?</span> <span class='ocrx_word' id='word_1_106' title='bbox 407 1044 468 1098; x_wconf 82' lang='lat' dir='ltr'>Hoc</span> <span class='ocrx_word' id='word_1_107' title='bbox 491 1040 563 1097; x_wconf 89' lang='lat' dir='ltr'>enim</span> <span class='ocrx_word' id='word_1_108' title='bbox 585 1038 622 1095; x_wconf 92' lang='lat' dir='ltr'>illi</span> <span class='ocrx_word' id='word_1_109' title='bbox 634 1052 805 1110; x_wconf 92' lang='lat' dir='ltr'>nequaquam</span> <span class='ocrx_word' id='word_1_110' title='bbox 823 1039 899 1093; x_wconf 89' lang='lat' dir='ltr'>Deus</span> <span class='ocrx_word' id='word_1_111' title='bbox 918 1051 985 1108; x_wconf 92' lang='lat' dir='ltr'>pro·</span> <span class='ocrx_word' id='word_1_112' title='bbox 1037 1031 1185 1106; x_wconf 84' lang='lat' dir='ltr'>corporali,</span> <span class='ocrx_word' id='word_1_113' title='bbox 1204 1028 1388 1087; x_wconf 89' lang='lat' dir='ltr'>insensibilem</span> <span class='ocrx_word' id='word_1_114' title='bbox 1412 1026 1486 1096; x_wconf 88' lang='lat' dir='ltr'>fieri,</span> <span class='ocrx_word' id='word_1_115' title='bbox 1507 1042 1569 1100; x_wconf 83' lang='lat' dir='ltr'>quae</span> <span class='ocrx_word' id='word_1_116' title='bbox 1592 1041 1704 1083; x_wconf 90' lang='lat' dir='ltr'>omnem</span> <span class='ocrx_word' id='word_1_117' title='bbox 1725 1027 1844 1087; x_wconf 88' lang='lat' dir='ltr'>rationis</span> 
     </span>
     <span class='ocr_line' id='line_1_10' title="bbox 184 1119 1843 1206; baseline -0.011 -10"><span class='ocrx_word' id='word_1_118' title='bbox 184 1137 313 1205; x_wconf 85' lang='lat' dir='ltr'>misisset,</span> <span class='ocrx_word' id='word_1_119' title='bbox 330 1129 354 1193; x_wconf 86' lang='lat' dir='ltr'>si</span> <span class='ocrx_word' id='word_1_120' title='bbox 373 1135 431 1206; x_wconf 82' lang='lat' dir='ltr'>ejus</span> <span class='ocrx_word' id='word_1_121' title='bbox 451 1133 573 1191; x_wconf 89' lang='lat' dir='ltr'>animam</span> <span class='ocrx_word' id='word_1_122' title='bbox 588 1140 682 1190; x_wconf 85' lang='lat' dir='ltr'>nosset</span> <span class='ocrx_word' id='word_1_123' title='bbox 703 1139 766 1204; x_wconf 89' lang='lat' dir='ltr'>post</span> <span class='ocrx_word' id='word_1_124' title='bbox 786 1130 984 1204; x_wconf 82' lang='lat' dir='ltr'>separationem</span> <span class='ocrx_word' id='word_1_125' title='bbox 1038 1125 1130 1183; x_wconf 89' lang='lat' dir='ltr'>vimin</span> <span class='ocrx_word' id='word_1_126' title='bbox 1144 1140 1173 1182; x_wconf 90' lang='lat' dir='ltr'>se</span> <span class='ocrx_word' id='word_1_127' title='bbox 1183 1123 1325 1180; x_wconf 90' lang='lat' dir='ltr'>continens</span> <span class='ocrx_word' id='word_1_128' title='bbox 1338 1120 1421 1178; x_wconf 89' lang='lat' dir='ltr'>etiam</span> <span class='ocrx_word' id='word_1_129' title='bbox 1435 1127 1543 1176; x_wconf 90' lang='lat' dir='ltr'>mutam</span> <span class='ocrx_word' id='word_1_130' title='bbox 1554 1127 1636 1192; x_wconf 88' lang='lat' dir='ltr'>atque</span> <span class='ocrx_word' id='word_1_131' title='bbox 1652 1119 1843 1178; x_wconf 87' lang='lat' dir='ltr'>insensibilem</span> 
     </span>
     <span class='ocr_line' id='line_1_11' title="bbox 183 1212 1844 1305; baseline -0.01 -17"><span class='ocrx_word' id='word_1_132' title='bbox 183 1232 282 1298; x_wconf 87' lang='lat' dir='ltr'>carnis,</span> <span class='ocrx_word' id='word_1_133' title='bbox 295 1231 336 1286; x_wconf 88' lang='lat' dir='ltr'>vel</span> <span class='ocrx_word' id='word_1_134' title='bbox 352 1227 514 1300; x_wconf 87' lang='lat' dir='ltr'>privandam</span> <span class='ocrx_word' id='word_1_135' title='bbox 532 1242 631 1296; x_wconf 88' lang='lat' dir='ltr'>sensu,</span> <span class='ocrx_word' id='word_1_136' title='bbox 646 1225 687 1305; x_wconf 77' lang='lat' dir='ltr'>iel</span> <span class='ocrx_word' id='word_1_137' title='bbox 709 1226 738 1282; x_wconf 96' lang='lat' dir='ltr'>in</span> <span class='ocrx_word' id='word_1_138' title='bbox 759 1224 875 1282; x_wconf 91' lang='lat' dir='ltr'>nihilum</span> <span class='ocrx_word' id='word_1_139' title='bbox 896 1223 984 1280; x_wconf 90' lang='lat' dir='ltr'>resol-</span> <span class='ocrx_word' id='word_1_140' title='bbox 1038 1221 1182 1277; x_wconf 88' lang='lat' dir='ltr'>materiam</span> <span class='ocrx_word' id='word_1_141' title='bbox 1202 1219 1290 1274; x_wconf 90' lang='lat' dir='ltr'>camis</span> <span class='ocrx_word' id='word_1_142' title='bbox 1313 1213 1524 1289; x_wconf 73' lang='lat' dir='ltr'>participatione}</span> <span class='ocrx_word' id='word_1_143' title='bbox 1533 1214 1575 1270; x_wconf 91' lang='lat' dir='ltr'>sui</span> <span class='ocrx_word' id='word_1_144' title='bbox 1588 1212 1652 1270; x_wconf 83' lang='lat' dir='ltr'>facit</span> <span class='ocrx_word' id='word_1_145' title='bbox 1671 1229 1729 1273; x_wconf 86' lang='lat' dir='ltr'>esse</span> <span class='ocrx_word' id='word_1_146' title='bbox 1748 1216 1844 1273; x_wconf 89' lang='lat' dir='ltr'>sensi-</span> 
     </span>
     <span class='ocr_line' id='line_1_12' title="bbox 184 1307 1844 1393; baseline -0.008 -13"><span class='ocrx_word' id='word_1_147' title='bbox 184 1323 316 1392; x_wconf 79' lang='lat' dir='ltr'>rendam3</span> <span class='ocrx_word' id='word_1_148' title='bbox 344 1339 401 1379; x_wconf 95' lang='lat' dir='ltr'>non</span> <span class='ocrx_word' id='word_1_149' title='bbox 425 1322 498 1378; x_wconf 90' lang='lat' dir='ltr'>enim</span> <span class='ocrx_word' id='word_1_150' title='bbox 523 1335 587 1377; x_wconf 89' lang='lat' dir='ltr'>caro</span> <span class='ocrx_word' id='word_1_151' title='bbox 616 1320 675 1393; x_wconf 92' lang='lat' dir='ltr'>ejus</span> <span class='ocrx_word' id='word_1_152' title='bbox 691 1320 719 1377; x_wconf 91' lang='lat' dir='ltr'>in</span> <span class='ocrx_word' id='word_1_153' title='bbox 740 1319 911 1392; x_wconf 85' lang='lat' dir='ltr'>paradisum,</span> <span class='ocrx_word' id='word_1_154' title='bbox 935 1317 983 1375; x_wconf 89' lang='lat' dir='ltr'>sed</span> <span class='ocrx_word' id='word_1_155' title='bbox 1036 1316 1136 1373; x_wconf 83' lang='lat' dir='ltr'>bilem?</span> <span class='ocrx_word' id='word_1_156' title='bbox 1160 1328 1223 1371; x_wconf 93' lang='lat' dir='ltr'>cum</span> <span class='ocrx_word' id='word_1_157' title='bbox 1244 1311 1338 1383; x_wconf 88' lang='lat' dir='ltr'>utique</span> <span class='ocrx_word' id='word_1_158' title='bbox 1363 1323 1531 1382; x_wconf 90' lang='lat' dir='ltr'>consequens</span> <span class='ocrx_word' id='word_1_159' title='bbox 1551 1308 1600 1378; x_wconf 91' lang='lat' dir='ltr'>sit,</span> <span class='ocrx_word' id='word_1_160' title='bbox 1630 1316 1657 1366; x_wconf 91' lang='lat' dir='ltr'>et</span> <span class='ocrx_word' id='word_1_161' title='bbox 1681 1307 1734 1366; x_wconf 89' lang='lat' dir='ltr'>hoc</span> <span class='ocrx_word' id='word_1_162' title='bbox 1756 1310 1844 1367; x_wconf 89' lang='lat' dir='ltr'>ratio·</span> 
     </span>
     <span class='ocr_line' id='line_1_13' title="bbox 102 1401 1843 1489; baseline -0.008 -14"><span class='ocrx_word' id='word_1_163' title='bbox 102 1404 106 1410; x_wconf 57' lang='grc'>’</span> <span class='ocrx_word' id='word_1_164' title='bbox 184 1420 275 1475; x_wconf 87' lang='lat' dir='ltr'>anima</span> <span class='ocrx_word' id='word_1_165' title='bbox 294 1426 353 1476; x_wconf 90' lang='lat' dir='ltr'>erat</span> <span class='ocrx_word' id='word_1_166' title='bbox 374 1419 526 1489; x_wconf 88' lang='lat' dir='ltr'>ingressura</span> <span class='ocrx_word' id='word_1_167' title='bbox 546 1431 609 1472; x_wconf 91' lang='lat' dir='ltr'>cuni</span> <span class='ocrx_word' id='word_1_168' title='bbox 622 1414 739 1472; x_wconf 85' lang='lat' dir='ltr'>Christo.</span> <span class='ocrx_word' id='word_1_169' title='bbox 760 1412 884 1470; x_wconf 79' lang='lat' dir='ltr'>carenda</span> <span class='ocrx_word' id='word_1_170' title='bbox 907 1428 985 1478; x_wconf 88' lang='lat' dir='ltr'>sane,</span> <span class='ocrx_word' id='word_1_171' title='bbox 1037 1412 1080 1469; x_wconf 90' lang='lat' dir='ltr'>nis</span> <span class='ocrx_word' id='word_1_172' title='bbox 1096 1410 1181 1483; x_wconf 91' lang='lat' dir='ltr'>ipsius</span> <span class='ocrx_word' id='word_1_173' title='bbox 1199 1408 1268 1465; x_wconf 85' lang='lat' dir='ltr'>ordo</span> <span class='ocrx_word' id='word_1_174' title='bbox 1287 1406 1435 1475; x_wconf 88' lang='lat' dir='ltr'>contineat,</span> <span class='ocrx_word' id='word_1_175' title='bbox 1456 1411 1487 1461; x_wconf 92' lang='lat' dir='ltr'>ut</span> <span class='ocrx_word' id='word_1_176' title='bbox 1507 1411 1588 1461; x_wconf 88' lang='lat' dir='ltr'>exuta</span> <span class='ocrx_word' id='word_1_177' title='bbox 1603 1418 1682 1461; x_wconf 90' lang='lat' dir='ltr'>mens</span> <span class='ocrx_word' id='word_1_178' title='bbox 1698 1401 1749 1460; x_wconf 88' lang='lat' dir='ltr'>ista</span> <span class='ocrx_word' id='word_1_179' title='bbox 1776 1419 1843 1462; x_wconf 89' lang='lat' dir='ltr'>car-</span> 
     </span>
     <span class='ocr_line' id='line_1_14' title="bbox 183 1498 1843 1587; baseline -0.008 -18"><span class='ocrx_word' id='word_1_180' title='bbox 183 1513 270 1569; x_wconf 89' lang='lat' dir='ltr'>immo</span> <span class='ocrx_word' id='word_1_181' title='bbox 283 1520 342 1569; x_wconf 87' lang='lat' dir='ltr'>toto</span> <span class='ocrx_word' id='word_1_182' title='bbox 362 1510 478 1568; x_wconf 87' lang='lat' dir='ltr'>horrore</span> <span class='ocrx_word' id='word_1_183' title='bbox 490 1518 532 1568; x_wconf 92' lang='lat' dir='ltr'>est</span> <span class='ocrx_word' id='word_1_184' title='bbox 549 1508 707 1568; x_wconf 90' lang='lat' dir='ltr'>detestanda</span> <span class='ocrx_word' id='word_1_185' title='bbox 723 1507 877 1580; x_wconf 84' lang='lat' dir='ltr'>pravissima</span> <span class='ocrx_word' id='word_1_186' title='bbox 901 1505 987 1563; x_wconf 85' lang='lat' dir='ltr'>hacre-</span> <span class='ocrx_word' id='word_1_187' title='bbox 1040 1504 1109 1574; x_wconf 94' lang='lat' dir='ltr'>nali,</span> <span class='ocrx_word' id='word_1_188' title='bbox 1125 1519 1179 1576; x_wconf 92' lang='lat' dir='ltr'>qua</span> <span class='ocrx_word' id='word_1_189' title='bbox 1202 1516 1280 1579; x_wconf 89' lang='lat' dir='ltr'>nunc</span> <span class='ocrx_word' id='word_1_190' title='bbox 1298 1501 1439 1587; x_wconf 82' lang='lat' dir='ltr'>hebetatur</span> <span class='ocrx_word' id='word_1_191' title='bbox 1459 1498 1636 1572; x_wconf 87' lang='lat' dir='ltr'>pinguedine,</span> <span class='ocrx_word' id='word_1_192' title='bbox 1659 1498 1843 1557; x_wconf 87' lang='lat' dir='ltr'>intellectuale</span> 
     </span>
     <span class='ocr_line' id='line_1_15' title="bbox 182 1593 1842 1673; baseline -0.006 -12"><span class='ocrx_word' id='word_1_193' title='bbox 182 1607 301 1662; x_wconf 89' lang='lat' dir='ltr'>ticomm</span> <span class='ocrx_word' id='word_1_194' title='bbox 316 1604 360 1660; x_wconf 92' lang='lat' dir='ltr'>illa</span> <span class='ocrx_word' id='word_1_195' title='bbox 379 1602 533 1668; x_wconf 89' lang='lat' dir='ltr'>distinctio,</span> <span class='ocrx_word' id='word_1_196' title='bbox 552 1601 681 1673; x_wconf 93' lang='lat' dir='ltr'>quidum</span> <span class='ocrx_word' id='word_1_197' title='bbox 701 1615 758 1657; x_wconf 93' lang='lat' dir='ltr'>non</span> <span class='ocrx_word' id='word_1_198' title='bbox 776 1599 893 1657; x_wconf 89' lang='lat' dir='ltr'>credunt</span> <span class='ocrx_word' id='word_1_199' title='bbox 904 1597 982 1655; x_wconf 88' lang='lat' dir='ltr'>Chri·</span> <span class='ocrx_word' id='word_1_200' title='bbox 1037 1601 1151 1657; x_wconf 84' lang='lat' dir='ltr'>virtutes</span> <span class='ocrx_word' id='word_1_201' title='bbox 1165 1613 1228 1656; x_wconf 90' lang='lat' dir='ltr'>snas</span> <span class='ocrx_word' id='word_1_202' title='bbox 1242 1597 1271 1653; x_wconf 94' lang='lat' dir='ltr'>iu</span> <span class='ocrx_word' id='word_1_203' title='bbox 1293 1596 1391 1653; x_wconf 86' lang='lat' dir='ltr'>melius</span> <span class='ocrx_word' id='word_1_204' title='bbox 1415 1601 1536 1667; x_wconf 87' lang='lat' dir='ltr'>reparet,</span> <span class='ocrx_word' id='word_1_205' title='bbox 1553 1602 1581 1650; x_wconf 90' lang='lat' dir='ltr'>et</span> <span class='ocrx_word' id='word_1_206' title='bbox 1593 1593 1719 1667; x_wconf 88' lang='lat' dir='ltr'>puriores</span> <span class='ocrx_word' id='word_1_207' title='bbox 1741 1607 1787 1651; x_wconf 84' lang='lat' dir='ltr'>eas</span> <span class='ocrx_word' id='word_1_208' title='bbox 1807 1609 1842 1652; x_wconf 86' lang='lat' dir='ltr'>ac</span> 
     </span>
     <span class='ocr_line' id='line_1_16' title="bbox 183 1687 1843 1769; baseline -0.005 -14"><span class='ocrx_word' id='word_1_209' title='bbox 183 1707 257 1755; x_wconf 89' lang='lat' dir='ltr'>stum</span> <span class='ocrx_word' id='word_1_210' title='bbox 278 1697 398 1769; x_wconf 86' lang='lat' dir='ltr'>potuisse</span> <span class='ocrx_word' id='word_1_211' title='bbox 419 1697 518 1762; x_wconf 82' lang='lat' dir='ltr'>eodem</span> <span class='ocrx_word' id='word_1_212' title='bbox 536 1696 647 1768; x_wconf 90' lang='lat' dir='ltr'>diequo</span> <span class='ocrx_word' id='word_1_213' title='bbox 664 1690 812 1750; x_wconf 85' lang='lat' dir='ltr'>ininferna</span> <span class='ocrx_word' id='word_1_214' title='bbox 832 1691 983 1761; x_wconf 87' lang='lat' dir='ltr'>descendit,</span> <span class='ocrx_word' id='word_1_215' title='bbox 1037 1693 1191 1753; x_wconf 90' lang='lat' dir='ltr'>subtiliores</span> <span class='ocrx_word' id='word_1_216' title='bbox 1205 1691 1314 1764; x_wconf 90' lang='lat' dir='ltr'>recipiat</span> <span class='ocrx_word' id='word_1_217' title='bbox 1329 1691 1419 1763; x_wconf 89' lang='lat' dir='ltr'>potius</span> <span class='ocrx_word' id='word_1_218' title='bbox 1441 1705 1523 1763; x_wconf 82' lang='lat' dir='ltr'>quam</span> <span class='ocrx_word' id='word_1_219' title='bbox 1544 1687 1661 1745; x_wconf 85' lang='lat' dir='ltr'>amittat.</span> <span class='ocrx_word' id='word_1_220' title='bbox 1684 1691 1716 1745; x_wconf 95' lang='lat' dir='ltr'>ln</span> <span class='ocrx_word' id='word_1_221' title='bbox 1729 1695 1843 1746; x_wconf 88' lang='lat' dir='ltr'>tantum</span> 
     </span>
     <span class='ocr_line' id='line_1_17' title="bbox 119 1781 1842 1865; baseline -0.009 -10"><span class='ocrx_word' id='word_1_222' title='bbox 119 1830 133 1855; x_wconf 73' lang='lat' dir='ltr'><em>t</em></span> <span class='ocrx_word' id='word_1_223' title='bbox 182 1792 443 1865; x_wconf 85' lang='lat' dir='ltr'>ctiaminparadiso</span> <span class='ocrx_word' id='word_1_224' title='bbox 467 1790 595 1863; x_wconf 89' lang='lat' dir='ltr'>reperiri,</span> <span class='ocrx_word' id='word_1_225' title='bbox 610 1790 647 1848; x_wconf 90' lang='lat' dir='ltr'>ita</span> <span class='ocrx_word' id='word_1_226' title='bbox 660 1790 851 1863; x_wconf 90' lang='lat' dir='ltr'>distinguunt:</span> <span class='ocrx_word' id='word_1_227' title='bbox 869 1789 1021 1863; x_wconf 66' lang='lat' dir='ltr'>“Amenss</span> <span class='ocrx_word' id='word_1_228' title='bbox 1037 1798 1130 1848; x_wconf 88' lang='lat' dir='ltr'>autem</span> <span class='ocrx_word' id='word_1_229' title='bbox 1148 1788 1201 1845; x_wconf 94' lang='lat' dir='ltr'>hoc</span> <span class='ocrx_word' id='word_1_230' title='bbox 1214 1787 1289 1860; x_wconf 93' lang='lat' dir='ltr'>quod</span> <span class='ocrx_word' id='word_1_231' title='bbox 1307 1783 1440 1854; x_wconf 89' lang='lat' dir='ltr'>dicimus,</span> <span class='ocrx_word' id='word_1_232' title='bbox 1454 1782 1550 1840; x_wconf 85' lang='lat' dir='ltr'>beatus</span> <span class='ocrx_word' id='word_1_233' title='bbox 1574 1781 1724 1854; x_wconf 82' lang='lat' dir='ltr'>Apostolus</span> <span class='ocrx_word' id='word_1_234' title='bbox 1742 1797 1842 1840; x_wconf 83' lang='lat' dir='ltr'>rerum</span> 
     </span>
     <span class='ocr_line' id='line_1_18' title="bbox 181 1875 1841 1957; baseline -0.007 -14"><span class='ocrx_word' id='word_1_235' title='bbox 181 1888 240 1944; x_wconf 87' lang='lat' dir='ltr'>dico</span> <span class='ocrx_word' id='word_1_236' title='bbox 258 1889 309 1943; x_wconf 85' lang='lat' dir='ltr'>tibi</span> <span class='ocrx_word' id='word_1_237' title='bbox 326 1888 412 1951; x_wconf 79' lang='lat' dir='ltr'>hodie,</span> <span class='ocrx_word' id='word_1_238' title='bbox 426 1894 454 1942; x_wconf 92' lang='lat' dir='ltr'>et</span> <span class='ocrx_word' id='word_1_239' title='bbox 473 1884 631 1957; x_wconf 84' lang='lat' dir='ltr'>interposita</span> <span class='ocrx_word' id='word_1_240' title='bbox 651 1882 826 1940; x_wconf 89' lang='lat' dir='ltr'>distinetione</span> <span class='ocrx_word' id='word_1_241' title='bbox 848 1880 980 1949; x_wconf 81' lang='lat' dir='ltr'>inferunt,</span> <span class='ocrx_word' id='word_1_242' title='bbox 1036 1899 1095 1942; x_wconf 87' lang='lat' dir='ltr'>esse</span> <span class='ocrx_word' id='word_1_243' title='bbox 1115 1881 1268 1956; x_wconf 84' lang='lat' dir='ltr'>cognoscit,</span> <span class='ocrx_word' id='word_1_244' title='bbox 1288 1888 1319 1938; x_wconf 94' lang='lat' dir='ltr'>ut</span> <span class='ocrx_word' id='word_1_245' title='bbox 1333 1880 1414 1936; x_wconf 89' lang='lat' dir='ltr'>etiam</span> <span class='ocrx_word' id='word_1_246' title='bbox 1438 1886 1515 1951; x_wconf 88' lang='lat' dir='ltr'>optet</span> <span class='ocrx_word' id='word_1_247' title='bbox 1535 1877 1570 1933; x_wconf 88' lang='lat' dir='ltr'>ab</span> <span class='ocrx_word' id='word_1_248' title='bbox 1582 1877 1633 1934; x_wconf 92' lang='lat' dir='ltr'>hac</span> <span class='ocrx_word' id='word_1_249' title='bbox 1646 1891 1724 1934; x_wconf 88' lang='lat' dir='ltr'>earne</span> <span class='ocrx_word' id='word_1_250' title='bbox 1747 1875 1841 1934; x_wconf 75' lang='lat' dir='ltr'>dhoe-</span> 
     </span>
     <span class='ocr_line' id='line_1_19' title="bbox 181 1970 1844 2050; baseline -0.007 -11"><span class='ocrx_word' id='word_1_251' title='bbox 181 1998 283 2039; x_wconf 87' lang='lat' dir='ltr'>mecum</span> <span class='ocrx_word' id='word_1_252' title='bbox 303 1983 356 2038; x_wconf 83' lang='lat' dir='ltr'>eri‘s</span> <span class='ocrx_word' id='word_1_253' title='bbox 369 1984 399 2037; x_wconf 88' lang='lat' dir='ltr'>in</span> <span class='ocrx_word' id='word_1_254' title='bbox 415 1976 548 2050; x_wconf 86' lang='lat' dir='ltr'>paradiso</span> <span class='ocrx_word' id='word_1_255' title='bbox 567 1986 621 2034; x_wconf 89' lang='lat' dir='ltr'>:nt</span> <span class='ocrx_word' id='word_1_256' title='bbox 642 1976 744 2033; x_wconf 88' lang='lat' dir='ltr'>scilicet</span> <span class='ocrx_word' id='word_1_257' title='bbox 762 1976 821 2032; x_wconf 85' lang='lat' dir='ltr'>haec</span> <span class='ocrx_word' id='word_1_258' title='bbox 838 1974 982 2047; x_wconf 88' lang='lat' dir='ltr'>promissio</span> <span class='ocrx_word' id='word_1_259' title='bbox 1036 1977 1113 2045; x_wconf 88' lang='lat' dir='ltr'>dere,</span> <span class='ocrx_word' id='word_1_260' title='bbox 1126 1986 1157 2034; x_wconf 89' lang='lat' dir='ltr'>nt</span> <span class='ocrx_word' id='word_1_261' title='bbox 1169 1975 1336 2048; x_wconf 87' lang='lat' dir='ltr'>separatione</span> <span class='ocrx_word' id='word_1_262' title='bbox 1351 1974 1409 2046; x_wconf 90' lang='lat' dir='ltr'>ejus</span> <span class='ocrx_word' id='word_1_263' title='bbox 1429 1973 1536 2029; x_wconf 85' lang='lat' dir='ltr'>enixius</span> <span class='ocrx_word' id='word_1_264' title='bbox 1549 1971 1636 2029; x_wconf 84' lang='lat' dir='ltr'>valeat</span> <span class='ocrx_word' id='word_1_265' title='bbox 1659 1970 1778 2028; x_wconf 89' lang='lat' dir='ltr'>Domino</span> <span class='ocrx_word' id='word_1_266' title='bbox 1791 1986 1844 2027; x_wconf 90' lang='lat' dir='ltr'>co-</span> 
     </span>
     <span class='ocr_line' id='line_1_20' title="bbox 182 2055 1843 2144; baseline -0.006 -13"><span class='ocrx_word' id='word_1_267' title='bbox 182 2091 239 2131; x_wconf 96' lang='lat' dir='ltr'>non</span> <span class='ocrx_word' id='word_1_268' title='bbox 259 2073 351 2129; x_wconf 89' lang='lat' dir='ltr'>statim</span> <span class='ocrx_word' id='word_1_269' title='bbox 375 2080 437 2142; x_wconf 88' lang='lat' dir='ltr'>post</span> <span class='ocrx_word' id='word_1_270' title='bbox 455 2069 599 2127; x_wconf 89' lang='lat' dir='ltr'>transitum</span> <span class='ocrx_word' id='word_1_271' title='bbox 615 2068 676 2124; x_wconf 80' lang='lat' dir='ltr'>ritae</span> <span class='ocrx_word' id='word_1_272' title='bbox 698 2067 778 2140; x_wconf 89' lang='lat' dir='ltr'>hujus</span> <span class='ocrx_word' id='word_1_273' title='bbox 792 2066 917 2139; x_wconf 90' lang='lat' dir='ltr'>impleta,</span> <span class='ocrx_word' id='word_1_274' title='bbox 936 2065 984 2123; x_wconf 88' lang='lat' dir='ltr'>sed</span> <span class='ocrx_word' id='word_1_275' title='bbox 1037 2069 1140 2144; x_wconf 79' lang='lat' dir='ltr'>pulani,</span> <span class='ocrx_word' id='word_1_276' title='bbox 1153 2067 1245 2125; x_wconf 89' lang='lat' dir='ltr'>dicens</span> <span class='ocrx_word' id='word_1_277' title='bbox 1262 2087 1268 2123; x_wconf 90' lang='lat'>:</span> <span class='ocrx_word' id='word_1_278' title='bbox 1284 2055 1480 2123; x_wconf 86' lang='lat' dir='ltr'>dliesi&#39;derinm</span> <span class='ocrx_word' id='word_1_279' title='bbox 1494 2066 1575 2120; x_wconf 85' lang='lat' dir='ltr'>babeo</span> <span class='ocrx_word' id='word_1_280' title='bbox 1597 2065 1721 2132; x_wconf 81' lang='lat' dir='ltr'>dissolui,</span> <span class='ocrx_word' id='word_1_281' title='bbox 1735 2067 1761 2119; x_wconf 85' lang='lat' dir='ltr'>et</span> <span class='ocrx_word' id='word_1_282' title='bbox 1780 2079 1843 2122; x_wconf 77' lang='lat' dir='ltr'>nen</span> 
     </span>
     <span class='ocr_line' id='line_1_21' title="bbox 182 2159 1843 2238; baseline -0.006 -16"><span class='ocrx_word' id='word_1_283' title='bbox 182 2173 244 2238; x_wconf 90' lang='lat' dir='ltr'>post</span> <span class='ocrx_word' id='word_1_284' title='bbox 266 2163 474 2222; x_wconf 88' lang='lat' dir='ltr'>resurrectionis</span> <span class='ocrx_word' id='word_1_285' title='bbox 497 2162 555 2235; x_wconf 88' lang='lat' dir='ltr'>ejus</span> <span class='ocrx_word' id='word_1_286' title='bbox 576 2162 724 2221; x_wconf 84' lang='lat' dir='ltr'>adventum</span> <span class='ocrx_word' id='word_1_287' title='bbox 748 2159 911 2234; x_wconf 83' lang='lat' dir='ltr'>intelligatur</span> <span class='ocrx_word' id='word_1_288' title='bbox 935 2160 984 2217; x_wconf 94' lang='lat' dir='ltr'>im·</span> <span class='ocrx_word' id='word_1_289' title='bbox 1038 2166 1143 2224; x_wconf 78' lang='lat' dir='ltr'>christo</span> <span class='ocrx_word' id='word_1_290' title='bbox 1158 2179 1222 2227; x_wconf 82' lang='lat' dir='ltr'>esse,</span> <span class='ocrx_word' id='word_1_291' title='bbox 1236 2162 1320 2218; x_wconf 85' lang='lat' dir='ltr'>multo</span> <span class='ocrx_word' id='word_1_292' title='bbox 1332 2159 1405 2216; x_wconf 87' lang='lat' dir='ltr'>enim</span> <span class='ocrx_word' id='word_1_293' title='bbox 1423 2161 1516 2214; x_wconf 86' lang='lat' dir='ltr'>melias</span> <span class='ocrx_word' id='word_1_294' title='bbox 1537 2160 1699 2229; x_wconf 69' lang='lat' dir='ltr'>(Philini),</span> <span class='ocrx_word' id='word_1_295' title='bbox 1711 2161 1843 2228; x_wconf 66' lang='lat' dir='ltr'>quanm</span> 
     </span>
     <span class='ocr_line' id='line_1_22' title="bbox 182 2255 1845 2330; baseline 0 -18"><span class='ocrx_word' id='word_1_296' title='bbox 182 2256 289 2330; x_wconf 88' lang='lat' dir='ltr'>plenda.</span> <span class='ocrx_word' id='word_1_297' title='bbox 316 2258 378 2312; x_wconf 88' lang='lat' dir='ltr'>Non</span> <span class='ocrx_word' id='word_1_298' title='bbox 397 2255 574 2328; x_wconf 88' lang='lat' dir='ltr'>intelligentes</span> <span class='ocrx_word' id='word_1_299' title='bbox 592 2255 674 2325; x_wconf 92' lang='lat' dir='ltr'>illud,</span> <span class='ocrx_word' id='word_1_300' title='bbox 689 2256 763 2329; x_wconf 92' lang='lat' dir='ltr'>quod</span> <span class='ocrx_word' id='word_1_301' title='bbox 783 2263 846 2313; x_wconf 90' lang='lat' dir='ltr'>ante</span> <span class='ocrx_word' id='word_1_302' title='bbox 860 2270 983 2313; x_wconf 87' lang='lat' dir='ltr'>resurre-</span> <span class='ocrx_word' id='word_1_303' title='bbox 1038 2260 1102 2315; x_wconf 88' lang='lat' dir='ltr'>dum</span> <span class='ocrx_word' id='word_1_304' title='bbox 1117 2273 1208 2315; x_wconf 88' lang='lat' dir='ltr'>sumus</span> <span class='ocrx_word' id='word_1_305' title='bbox 1229 2260 1258 2311; x_wconf 89' lang='lat' dir='ltr'>in</span> <span class='ocrx_word' id='word_1_306' title='bbox 1277 2271 1393 2326; x_wconf 83' lang='lat' dir='ltr'>corpore,</span> <span class='ocrx_word' id='word_1_307' title='bbox 1412 2255 1620 2324; x_wconf 81' lang='lat' dir='ltr'>peregrinamur</span> <span class='ocrx_word' id='word_1_308' title='bbox 1633 2269 1651 2308; x_wconf 90' lang='lat' dir='ltr'>a</span> <span class='ocrx_word' id='word_1_309' title='bbox 1664 2255 1778 2311; x_wconf 80' lang='lat' dir='ltr'>Domino</span> <span class='ocrx_word' id='word_1_310' title='bbox 1791 2273 1801 2310; x_wconf 77' lang='grc' dir='ltr'><strong><em>ε</em></strong></span> <span class='ocrx_word' id='word_1_311' title='bbox 1813 2263 1845 2312; x_wconf 89' lang='lat' dir='ltr'>et</span> 
     </span>
     <span class='ocr_line' id='line_1_23' title="bbox 184 2348 1873 2424; baseline -0.001 -18"><span class='ocrx_word' id='word_1_312' title='bbox 184 2350 284 2406; x_wconf 92' lang='lat' dir='ltr'>ctionis</span> <span class='ocrx_word' id='word_1_313' title='bbox 297 2364 355 2406; x_wconf 77' lang='lat' dir='ltr'>suae</span> <span class='ocrx_word' id='word_1_314' title='bbox 369 2348 442 2405; x_wconf 89' lang='lat' dir='ltr'>diem</span> <span class='ocrx_word' id='word_1_315' title='bbox 462 2348 576 2421; x_wconf 88' lang='lat' dir='ltr'>protulit</span> <span class='ocrx_word' id='word_1_316' title='bbox 595 2349 628 2406; x_wconf 92' lang='lat' dir='ltr'>ad</span> <span class='ocrx_word' id='word_1_317' title='bbox 650 2350 776 2415; x_wconf 84' lang='lat' dir='ltr'>ludaeos,</span> <span class='ocrx_word' id='word_1_318' title='bbox 792 2348 838 2424; x_wconf 93' lang='lat' dir='ltr'>qui</span> <span class='ocrx_word' id='word_1_319' title='bbox 859 2363 939 2418; x_wconf 91' lang='lat' dir='ltr'>eum,</span> <span class='ocrx_word' id='word_1_320' title='bbox 953 2354 985 2406; x_wconf 93' lang='lat' dir='ltr'>ut</span> <span class='ocrx_word' id='word_1_321' title='bbox 1037 2352 1136 2410; x_wconf 89' lang='lat' dir='ltr'>idcireo</span> <span class='ocrx_word' id='word_1_322' title='bbox 1150 2352 1278 2406; x_wconf 84' lang='lat' dir='ltr'>audemus</span> <span class='ocrx_word' id='word_1_323' title='bbox 1291 2349 1593 2405; x_wconf 81' lang='lat' dir='ltr'>eiomamiaininaiem</span> <span class='ocrx_word' id='word_1_324' title='bbox 1605 2349 1730 2405; x_wconf 84' lang='lat' dir='ltr'>babemus</span> <span class='ocrx_word' id='word_1_325' title='bbox 1748 2351 1843 2420; x_wconf 77' lang='lat' dir='ltr'>magis</span> <span class='ocrx_word' id='word_1_326' title='bbox 1870 2358 1873 2363; x_wconf 83' lang='grc'><strong>’</strong></span> 
     </span>
     <span class='ocr_line' id='line_1_24' title="bbox 182 2442 1842 2520; baseline -0.001 -19"><span class='ocrx_word' id='word_1_327' title='bbox 182 2444 358 2516; x_wconf 83' lang='lat' dir='ltr'>semetipsos,</span> <span class='ocrx_word' id='word_1_328' title='bbox 380 2442 526 2500; x_wconf 87' lang='lat' dir='ltr'>credebant</span> <span class='ocrx_word' id='word_1_329' title='bbox 548 2443 677 2516; x_wconf 88' lang='lat' dir='ltr'>angustiis</span> <span class='ocrx_word' id='word_1_330' title='bbox 697 2443 822 2501; x_wconf 87' lang='lat' dir='ltr'>humanis</span> <span class='ocrx_word' id='word_1_331' title='bbox 842 2451 870 2500; x_wconf 89' lang='lat' dir='ltr'>et</span> <span class='ocrx_word' id='word_1_332' title='bbox 883 2443 984 2500; x_wconf 91' lang='lat' dir='ltr'>carnali</span> <span class='ocrx_word' id='word_1_333' title='bbox 1030 2447 1204 2520; x_wconf 79' lang='lat' dir='ltr'>&#39;peregrinari</span> <span class='ocrx_word' id='word_1_334' title='bbox 1216 2459 1365 2515; x_wconf 81' lang='lat' dir='ltr'>amrpore,</span> <span class='ocrx_word' id='word_1_335' title='bbox 1379 2448 1403 2498; x_wconf 89' lang='lat' dir='ltr'>et</span> <span class='ocrx_word' id='word_1_336' title='bbox 1414 2447 1560 2514; x_wconf 80' lang='lat' dir='ltr'>presentes</span> <span class='ocrx_word' id='word_1_337' title='bbox 1573 2457 1627 2499; x_wconf 88' lang='lat' dir='ltr'>esse</span> <span class='ocrx_word' id='word_1_338' title='bbox 1639 2442 1842 2503; x_wconf 84' lang='lat' dir='ltr'>adliomi&#39;num.</span> 
     </span>
     <span class='ocr_line' id='line_1_25' title="bbox 183 2536 1845 2612; baseline 0.001 -18"><span class='ocrx_word' id='word_1_339' title='bbox 183 2537 340 2596; x_wconf 88' lang='lat' dir='ltr'>infirmitate</span> <span class='ocrx_word' id='word_1_340' title='bbox 359 2536 505 2595; x_wconf 92' lang='lat' dir='ltr'>concludi:</span> <span class='ocrx_word' id='word_1_341' title='bbox 521 2539 617 2601; x_wconf 85' lang='lat' dir='ltr'>Nemo,</span> <span class='ocrx_word' id='word_1_342' title='bbox 641 2537 740 2610; x_wconf 90' lang='lat' dir='ltr'>inquit,</span> <span class='ocrx_word' id='word_1_343' title='bbox 753 2538 873 2593; x_wconf 87' lang='lat' dir='ltr'>ascendit</span> <span class='ocrx_word' id='word_1_344' title='bbox 888 2540 917 2593; x_wconf 88' lang='lat' dir='ltr'>in</span> <span class='ocrx_word' id='word_1_345' title='bbox 935 2553 984 2593; x_wconf 83' lang='lat' dir='ltr'>cu·</span> <span class='ocrx_word' id='word_1_346' title='bbox 1040 2544 1151 2612; x_wconf 80' lang='lat' dir='ltr'>Propter</span> <span class='ocrx_word' id='word_1_347' title='bbox 1164 2540 1331 2610; x_wconf 85' lang='lat' dir='ltr'>quodetiam</span> <span class='ocrx_word' id='word_1_348' title='bbox 1350 2538 1548 2602; x_wconf 81' lang='lat' dir='ltr'>contendimus,</span> <span class='ocrx_word' id='word_1_349' title='bbox 1564 2539 1617 2593; x_wconf 85' lang='lat' dir='ltr'>siue</span> <span class='ocrx_word' id='word_1_350' title='bbox 1637 2538 1845 2609; x_wconf 55' lang='lat' dir='ltr'>noanneane</span> 
     </span>
     <span class='ocr_line' id='line_1_26' title="bbox 183 2631 1844 2708; baseline 0.004 -22"><span class='ocrx_word' id='word_1_351' title='bbox 183 2633 248 2696; x_wconf 85' lang='lat' dir='ltr'>lum,</span> <span class='ocrx_word' id='word_1_352' title='bbox 260 2635 315 2688; x_wconf 85' lang='lat' dir='ltr'>nisi</span> <span class='ocrx_word' id='word_1_353' title='bbox 325 2636 374 2702; x_wconf 86' lang='lat' dir='ltr'>qui</span> <span class='ocrx_word' id='word_1_354' title='bbox 387 2632 565 2688; x_wconf 85' lang='lat' dir='ltr'>descenditde</span> <span class='ocrx_word' id='word_1_355' title='bbox 578 2633 652 2701; x_wconf 77' lang='lat' dir='ltr'>calo,</span> <span class='ocrx_word' id='word_1_356' title='bbox 666 2634 752 2689; x_wconf 83' lang='lat' dir='ltr'>Filius</span> <span class='ocrx_word' id='word_1_357' title='bbox 764 2632 935 2702; x_wconf 83' lang='lat' dir='ltr'>hominisqui</span> <span class='ocrx_word' id='word_1_358' title='bbox 945 2637 984 2690; x_wconf 87' lang='lat' dir='ltr'>esi</span> <span class='ocrx_word' id='word_1_359' title='bbox 1034 2640 1181 2708; x_wconf 81' lang='lat' dir='ltr'>praesentes</span> <span class='ocrx_word' id='word_1_360' title='bbox 1196 2636 1302 2705; x_wconf 84' lang='lat' dir='ltr'>placere</span> <span class='ocrx_word' id='word_1_361' title='bbox 1321 2634 1366 2689; x_wconf 84' lang='lat' dir='ltr'>illi</span> <span class='ocrx_word' id='word_1_362' title='bbox 1385 2633 1425 2701; x_wconf 88' lang='lat' dir='ltr'>(ll</span> <span class='ocrx_word' id='word_1_363' title='bbox 1441 2633 1501 2690; x_wconf 80' lang='lat' dir='ltr'>cor.</span> <span class='ocrx_word' id='word_1_364' title='bbox 1515 2635 1567 2701; x_wconf 85' lang='lat' dir='ltr'>v);</span> <span class='ocrx_word' id='word_1_365' title='bbox 1591 2631 1844 2692; x_wconf 85' lang='lat' dir='ltr'>commorationem</span> 
     </span>
     <span class='ocr_line' id='line_1_27' title="bbox 181 2723 1844 2799; baseline 0.002 -18"><span class='ocrx_word' id='word_1_366' title='bbox 181 2727 211 2782; x_wconf 84' lang='lat' dir='ltr'>iii</span> <span class='ocrx_word' id='word_1_367' title='bbox 217 2727 279 2782; x_wconf 82' lang='lat' dir='ltr'>celo</span> <span class='ocrx_word' id='word_1_368' title='bbox 288 2730 378 2795; x_wconf 81' lang='lat' dir='ltr'>(loun.</span> <span class='ocrx_word' id='word_1_369' title='bbox 390 2730 456 2797; x_wconf 88' lang='grc' dir='ltr'>ιιι).</span> <span class='ocrx_word' id='word_1_370' title='bbox 470 2725 574 2795; x_wconf 83' lang='lat' dir='ltr'>Quibus</span> <span class='ocrx_word' id='word_1_371' title='bbox 581 2723 726 2783; x_wconf 85' lang='lat' dir='ltr'>manifeste</span> <span class='ocrx_word' id='word_1_372' title='bbox 737 2724 868 2798; x_wconf 89' lang='lat' dir='ltr'>probatur</span> <span class='ocrx_word' id='word_1_373' title='bbox 879 2725 984 2783; x_wconf 88' lang='lat' dir='ltr'>animas</span> <span class='ocrx_word' id='word_1_374' title='bbox 1037 2728 1143 2785; x_wconf 88' lang='lat' dir='ltr'>scilicet</span> <span class='ocrx_word' id='word_1_375' title='bbox 1153 2726 1264 2797; x_wconf 86' lang='lat' dir='ltr'>animae,</span> <span class='ocrx_word' id='word_1_376' title='bbox 1280 2738 1341 2798; x_wconf 83' lang='lat' dir='ltr'>quai</span> <span class='ocrx_word' id='word_1_377' title='bbox 1362 2725 1392 2782; x_wconf 93' lang='lat' dir='ltr'>in</span> <span class='ocrx_word' id='word_1_378' title='bbox 1407 2725 1460 2782; x_wconf 89' lang='lat' dir='ltr'>hae</span> <span class='ocrx_word' id='word_1_379' title='bbox 1472 2740 1555 2782; x_wconf 87' lang='lat' dir='ltr'>carae</span> <span class='ocrx_word' id='word_1_380' title='bbox 1572 2732 1629 2794; x_wconf 92' lang='lat' dir='ltr'>est,</span> <span class='ocrx_word' id='word_1_381' title='bbox 1643 2726 1844 2799; x_wconf 82' lang='lat' dir='ltr'>peregrinatio·</span> 
     </span>
     <span class='ocr_line' id='line_1_28' title="bbox 181 2806 1844 2894; baseline 0 -17"><span class='ocrx_word' id='word_1_382' title='bbox 181 2819 375 2878; x_wconf 86' lang='lat' dir='ltr'>defunctorum</span> <span class='ocrx_word' id='word_1_383' title='bbox 386 2815 400 2852; x_wconf 63' lang='lat'><em>⁶</em></span> <span class='ocrx_word' id='word_1_384' title='bbox 412 2834 470 2877; x_wconf 96' lang='lat' dir='ltr'>non</span> <span class='ocrx_word' id='word_1_385' title='bbox 480 2818 571 2876; x_wconf 92' lang='lat' dir='ltr'>solum</span> <span class='ocrx_word' id='word_1_386' title='bbox 590 2819 646 2876; x_wconf 92' lang='lat' dir='ltr'>suis</span> <span class='ocrx_word' id='word_1_387' title='bbox 658 2818 783 2877; x_wconf 89' lang='lat' dir='ltr'>sensibus</span> <span class='ocrx_word' id='word_1_388' title='bbox 798 2834 855 2876; x_wconf 93' lang='lat' dir='ltr'>non</span> <span class='ocrx_word' id='word_1_389' title='bbox 869 2819 983 2892; x_wconf 86' lang='lat' dir='ltr'>privari,</span> <span class='ocrx_word' id='word_1_390' title='bbox 1036 2836 1100 2877; x_wconf 92' lang='lat' dir='ltr'>nem</span> <span class='ocrx_word' id='word_1_391' title='bbox 1113 2835 1129 2877; x_wconf 88' lang='lat' dir='ltr'>a</span> <span class='ocrx_word' id='word_1_392' title='bbox 1141 2818 1273 2888; x_wconf 91' lang='lat' dir='ltr'>Domino,</span> <span class='ocrx_word' id='word_1_393' title='bbox 1289 2826 1370 2891; x_wconf 86' lang='lat' dir='ltr'>atque</span> <span class='ocrx_word' id='word_1_394' title='bbox 1385 2817 1537 2876; x_wconf 89' lang='lat' dir='ltr'>absentiam</span> <span class='ocrx_word' id='word_1_395' title='bbox 1549 2833 1566 2874; x_wconf 90' lang='lat' dir='ltr'>a</span> <span class='ocrx_word' id='word_1_396' title='bbox 1579 2806 1690 2878; x_wconf 76' lang='lat' dir='ltr'>cunici</span> <span class='ocrx_word' id='word_1_397' title='bbox 1702 2834 1764 2877; x_wconf 88' lang='lat' dir='ltr'>esse</span> <span class='ocrx_word' id='word_1_398' title='bbox 1775 2834 1844 2894; x_wconf 88' lang='lat' dir='ltr'>pro·</span> 
     </span>
     <span class='ocr_line' id='line_1_29' title="bbox 181 2910 1846 2989; baseline 0.001 -19"><span class='ocrx_word' id='word_1_399' title='bbox 181 2913 231 2970; x_wconf 88' lang='lat' dir='ltr'>sed</span> <span class='ocrx_word' id='word_1_400' title='bbox 242 2927 277 2969; x_wconf 90' lang='lat' dir='ltr'>ne</span> <span class='ocrx_word' id='word_1_401' title='bbox 288 2912 348 2969; x_wconf 91' lang='lat' dir='ltr'>istis</span> <span class='ocrx_word' id='word_1_402' title='bbox 356 2913 466 2984; x_wconf 91' lang='lat' dir='ltr'>quidem</span> <span class='ocrx_word' id='word_1_403' title='bbox 480 2910 639 2981; x_wconf 81' lang='lat' dir='ltr'>affectibus,</span> <span class='ocrx_word' id='word_1_404' title='bbox 658 2912 686 2970; x_wconf 91' lang='lat' dir='ltr'>id</span> <span class='ocrx_word' id='word_1_405' title='bbox 702 2919 758 2981; x_wconf 91' lang='lat' dir='ltr'>est,</span> <span class='ocrx_word' id='word_1_406' title='bbox 773 2926 821 2983; x_wconf 87' lang='lat' dir='ltr'>spe</span> <span class='ocrx_word' id='word_1_407' title='bbox 837 2920 920 2983; x_wconf 90' lang='lat' dir='ltr'>atque</span> <span class='ocrx_word' id='word_1_408' title='bbox 932 2912 982 2968; x_wconf 89' lang='lat' dir='ltr'>tri·</span> <span class='ocrx_word' id='word_1_409' title='bbox 1036 2913 1177 2984; x_wconf 81' lang='lat' dir='ltr'>nuntians3</span> <span class='ocrx_word' id='word_1_410' title='bbox 1193 2913 1304 2985; x_wconf 87' lang='lat' dir='ltr'>ejusque</span> <span class='ocrx_word' id='word_1_411' title='bbox 1316 2912 1350 2969; x_wconf 92' lang='lat' dir='ltr'>ab</span> <span class='ocrx_word' id='word_1_412' title='bbox 1371 2912 1423 2970; x_wconf 85' lang='lat' dir='ltr'>hac</span> <span class='ocrx_word' id='word_1_413' title='bbox 1437 2927 1520 2971; x_wconf 85' lang='lat' dir='ltr'>carno</span> <span class='ocrx_word' id='word_1_414' title='bbox 1539 2913 1742 2987; x_wconf 74' lang='lat' dir='ltr'>separatienem</span> <span class='ocrx_word' id='word_1_415' title='bbox 1759 2923 1846 2989; x_wconf 83' lang='lat' dir='ltr'>atquo</span> 
     </span>
     <span class='ocr_line' id='line_1_30' title="bbox 182 3006 1843 3080; baseline 0.002 -15"><span class='ocrx_word' id='word_1_416' title='bbox 182 3007 269 3078; x_wconf 83' lang='lat' dir='ltr'>stitia,</span> <span class='ocrx_word' id='word_1_417' title='bbox 285 3007 383 3080; x_wconf 92' lang='lat' dir='ltr'>gaudio</span> <span class='ocrx_word' id='word_1_418' title='bbox 404 3023 437 3064; x_wconf 89' lang='lat' dir='ltr'>ac</span> <span class='ocrx_word' id='word_1_419' title='bbox 450 3015 526 3064; x_wconf 89' lang='lat' dir='ltr'>metu</span> <span class='ocrx_word' id='word_1_420' title='bbox 543 3023 649 3077; x_wconf 86' lang='lat' dir='ltr'>carere,</span> <span class='ocrx_word' id='word_1_421' title='bbox 666 3014 694 3065; x_wconf 93' lang='lat' dir='ltr'>et</span> <span class='ocrx_word' id='word_1_422' title='bbox 710 3007 796 3065; x_wconf 87' lang='lat' dir='ltr'>exeis</span> <span class='ocrx_word' id='word_1_423' title='bbox 812 3008 937 3080; x_wconf 88' lang='lat' dir='ltr'>quaesibi</span> <span class='ocrx_word' id='word_1_424' title='bbox 955 3009 983 3065; x_wconf 89' lang='lat' dir='ltr'>in</span> <span class='ocrx_word' id='word_1_425' title='bbox 1036 3007 1198 3077; x_wconf 89' lang='lat' dir='ltr'>discessum,</span> <span class='ocrx_word' id='word_1_426' title='bbox 1212 3006 1385 3079; x_wconf 70' lang='lat' dir='ltr'>presentiam</span> <span class='ocrx_word' id='word_1_427' title='bbox 1399 3021 1458 3063; x_wconf 88' lang='lat' dir='ltr'>esse</span> <span class='ocrx_word' id='word_1_428' title='bbox 1472 3007 1506 3065; x_wconf 91' lang='lat' dir='ltr'>ad</span> <span class='ocrx_word' id='word_1_429' title='bbox 1520 3006 1661 3063; x_wconf 89' lang='lat' dir='ltr'>Christum</span> <span class='ocrx_word' id='word_1_430' title='bbox 1669 3015 1727 3066; x_wconf 85' lang='lat' dir='ltr'>tota</span> <span class='ocrx_word' id='word_1_431' title='bbox 1741 3008 1843 3068; x_wconf 88' lang='lat' dir='ltr'>credu-</span> 
     </span>
     <span class='ocr_line' id='line_1_31' title="bbox 156 3099 1843 3176; baseline 0.002 -20"><span class='ocrx_word' id='word_1_432' title='bbox 156 3160 159 3166; x_wconf 70' lang='grc'><strong>,</strong></span> <span class='ocrx_word' id='word_1_433' title='bbox 182 3101 229 3158; x_wconf 92' lang='lat' dir='ltr'>illo</span> <span class='ocrx_word' id='word_1_434' title='bbox 241 3100 359 3173; x_wconf 88' lang='lat' dir='ltr'>generali</span> <span class='ocrx_word' id='word_1_435' title='bbox 371 3101 497 3157; x_wconf 85' lang='lat' dir='ltr'>examine</span> <span class='ocrx_word' id='word_1_436' title='bbox 520 3108 705 3170; x_wconf 85' lang='lat' dir='ltr'>reservantur,</span> <span class='ocrx_word' id='word_1_437' title='bbox 720 3100 850 3174; x_wconf 86' lang='lat' dir='ltr'>quiddam</span> <span class='ocrx_word' id='word_1_438' title='bbox 869 3118 915 3160; x_wconf 92' lang='lat' dir='ltr'>eas</span> <span class='ocrx_word' id='word_1_439' title='bbox 926 3102 984 3176; x_wconf 88' lang='lat' dir='ltr'>jam</span> <span class='ocrx_word' id='word_1_440' title='bbox 1036 3101 1111 3160; x_wconf 88' lang='lat' dir='ltr'>litate</span> <span class='ocrx_word' id='word_1_441' title='bbox 1128 3100 1278 3159; x_wconf 90' lang='lat' dir='ltr'>conlidens.</span> <span class='ocrx_word' id='word_1_442' title='bbox 1298 3103 1335 3158; x_wconf 86' lang='lat' dir='ltr'>Et</span> <span class='ocrx_word' id='word_1_443' title='bbox 1351 3099 1502 3158; x_wconf 87' lang='lat' dir='ltr'>evidentius</span> <span class='ocrx_word' id='word_1_444' title='bbox 1511 3101 1612 3157; x_wconf 91' lang='lat' dir='ltr'>iterum</span> <span class='ocrx_word' id='word_1_445' title='bbox 1625 3117 1704 3174; x_wconf 89' lang='lat' dir='ltr'>super</span> <span class='ocrx_word' id='word_1_446' title='bbox 1715 3101 1769 3160; x_wconf 91' lang='lat' dir='ltr'>hoc</span> <span class='ocrx_word' id='word_1_447' title='bbox 1777 3103 1843 3176; x_wconf 87' lang='lat' dir='ltr'>ipso</span> 
     </span>
     <span class='ocr_line' id='line_1_32' title="bbox 182 3192 1845 3270; baseline 0.003 -20"><span class='ocrx_word' id='word_1_448' title='bbox 182 3193 300 3266; x_wconf 89' lang='lat' dir='ltr'>incipere</span> <span class='ocrx_word' id='word_1_449' title='bbox 314 3202 497 3270; x_wconf 84' lang='lat' dir='ltr'>praegustare;</span> <span class='ocrx_word' id='word_1_450' title='bbox 512 3209 563 3251; x_wconf 92' lang='lat' dir='ltr'>nec</span> <span class='ocrx_word' id='word_1_451' title='bbox 575 3194 725 3254; x_wconf 89' lang='lat' dir='ltr'>secundum</span> <span class='ocrx_word' id='word_1_452' title='bbox 743 3195 902 3268; x_wconf 90' lang='lat' dir='ltr'>opinionem</span> <span class='ocrx_word' id='word_1_453' title='bbox 912 3195 1019 3270; x_wconf 82' lang='lat' dir='ltr'>quo-C</span> <span class='ocrx_word' id='word_1_454' title='bbox 1038 3193 1383 3252; x_wconf 77' lang='lat' dir='ltr'>nraohsimoanimariim</span> <span class='ocrx_word' id='word_1_455' title='bbox 1415 3201 1488 3251; x_wconf 89' lang='lat' dir='ltr'>statu</span> <span class='ocrx_word' id='word_1_456' title='bbox 1517 3192 1589 3251; x_wconf 92' lang='lat' dir='ltr'>idem</span> <span class='ocrx_word' id='word_1_457' title='bbox 1610 3195 1766 3268; x_wconf 88' lang='lat' dir='ltr'>apostolus,</span> <span class='ocrx_word' id='word_1_458' title='bbox 1785 3198 1845 3255; x_wconf 80' lang='lat' dir='ltr'>Sed</span> 
     </span>
     <span class='ocr_line' id='line_1_33' title="bbox 181 3285 1845 3364; baseline 0.004 -21"><span class='ocrx_word' id='word_1_459' title='bbox 181 3285 309 3362; x_wconf 81' lang='lat' dir='ltr'>rumdam</span> <span class='ocrx_word' id='word_1_460' title='bbox 324 3285 486 3353; x_wconf 85' lang='lat' dir='ltr'>infidelium,</span> <span class='ocrx_word' id='word_1_461' title='bbox 499 3286 653 3345; x_wconf 87' lang='lat' dir='ltr'>innihilum</span> <span class='ocrx_word' id='word_1_462' title='bbox 665 3304 711 3346; x_wconf 89' lang='lat' dir='ltr'>eas</span> <span class='ocrx_word' id='word_1_463' title='bbox 723 3289 821 3346; x_wconf 84' lang='lat' dir='ltr'>resolvi</span> <span class='ocrx_word' id='word_1_464' title='bbox 831 3289 984 3364; x_wconf 83' lang='lat' dir='ltr'>posthujus</span> <span class='ocrx_word' id='word_1_465' title='bbox 1036 3293 1191 3353; x_wconf 76' lang='lat' dir='ltr'>mcessntis,</span> <span class='ocrx_word' id='word_1_466' title='bbox 1203 3287 1301 3361; x_wconf 90' lang='lat' dir='ltr'>inquit,</span> <span class='ocrx_word' id='word_1_467' title='bbox 1316 3288 1427 3345; x_wconf 88' lang='lat' dir='ltr'>udSion</span> <span class='ocrx_word' id='word_1_468' title='bbox 1444 3292 1573 3355; x_wconf 69' lang='lat' dir='ltr'>montem</span> <span class='ocrx_word' id='word_1_469' title='bbox 1589 3294 1615 3345; x_wconf 88' lang='lat' dir='ltr'>et</span> <span class='ocrx_word' id='word_1_470' title='bbox 1634 3292 1768 3346; x_wconf 69' lang='lat' dir='ltr'>dietmari</span> <span class='ocrx_word' id='word_1_471' title='bbox 1791 3295 1845 3349; x_wconf 85' lang='lat' dir='ltr'>Dei</span> 
     </span>
     <span class='ocr_line' id='line_1_34' title="bbox 181 3371 1844 3464; baseline 0.002 -27"><span class='ocrx_word' id='word_1_472' title='bbox 181 3381 407 3439; x_wconf 89' lang='lat' dir='ltr'>commorationis</span> <span class='ocrx_word' id='word_1_473' title='bbox 429 3397 587 3451; x_wconf 87' lang='lat' dir='ltr'>excessum,</span> <span class='ocrx_word' id='word_1_474' title='bbox 612 3382 661 3440; x_wconf 88' lang='lat' dir='ltr'>sed</span> <span class='ocrx_word' id='word_1_475' title='bbox 683 3384 801 3464; x_wconf 77' lang='lat' dir='ltr'>vinarius</span> <span class='ocrx_word' id='word_1_476' title='bbox 819 3384 982 3455; x_wconf 88' lang='lat' dir='ltr'>subsistere,</span> <span class='ocrx_word' id='word_1_477' title='bbox 1036 3388 1148 3442; x_wconf 77' lang='lat' dir='ltr'>vineatis</span> <span class='ocrx_word' id='word_1_478' title='bbox 1159 3371 1305 3441; x_wconf 82' lang='lat' dir='ltr'>Jerusalem</span> <span class='ocrx_word' id='word_1_479' title='bbox 1319 3384 1459 3449; x_wconf 82' lang='lat' dir='ltr'>calestem,</span> <span class='ocrx_word' id='word_1_480' title='bbox 1473 3384 1546 3439; x_wconf 88' lang='lat' dir='ltr'>etad</span> <span class='ocrx_word' id='word_1_481' title='bbox 1560 3385 1704 3441; x_wconf 83' lang='lat' dir='ltr'>multoiniii</span> <span class='ocrx_word' id='word_1_482' title='bbox 1724 3386 1844 3442; x_wconf 73' lang='lat' dir='ltr'>militine</span> 
     </span>
     <span class='ocr_line' id='line_1_35' title="bbox 181 3473 1842 3560; baseline 0.005 -32"><span class='ocrx_word' id='word_1_483' title='bbox 181 3473 286 3545; x_wconf 89' lang='lat' dir='ltr'>Deiquo</span> <span class='ocrx_word' id='word_1_484' title='bbox 307 3473 433 3532; x_wconf 89' lang='lat' dir='ltr'>laudibus</span> <span class='ocrx_word' id='word_1_485' title='bbox 460 3475 591 3534; x_wconf 85' lang='lat' dir='ltr'>intentius</span> <span class='ocrx_word' id='word_1_486' title='bbox 615 3477 757 3536; x_wconf 79' lang='lat' dir='ltr'>inhaerere.</span> <span class='ocrx_word' id='word_1_487' title='bbox 778 3481 814 3534; x_wconf 83' lang='lat' dir='ltr'>Et</span> <span class='ocrx_word' id='word_1_488' title='bbox 840 3494 933 3536; x_wconf 84' lang='lat' dir='ltr'>revera</span> <span class='ocrx_word' id='word_1_489' title='bbox 953 3488 984 3537; x_wconf 92' lang='lat' dir='ltr'>ut</span> <span class='ocrx_word' id='word_1_490' title='bbox 1036 3483 1193 3551; x_wconf 79' lang='lat' dir='ltr'>angelornm</span> <span class='ocrx_word' id='word_1_491' title='bbox 1207 3482 1424 3550; x_wconf 69' lang='grc' dir='ltr'>[((ᾳιιεπιίαηι,ο</span> <span class='ocrx_word' id='word_1_492' title='bbox 1442 3483 1468 3535; x_wconf 86' lang='lat' dir='ltr'>et</span> <span class='ocrx_word' id='word_1_493' title='bbox 1482 3479 1627 3536; x_wconf 68' lang='lat' dir='ltr'>diensium</span> <span class='ocrx_word' id='word_1_494' title='bbox 1636 3480 1842 3560; x_wconf 68' lang='lat' dir='ltr'>primitivarum</span> 
     </span>
     <span class='ocr_line' id='line_1_36' title="bbox 181 3565 1843 3647; baseline 0.005 -25"><span class='ocrx_word' id='word_1_495' title='bbox 181 3568 358 3639; x_wconf 86' lang='lat' dir='ltr'>sequestratis</span> <span class='ocrx_word' id='word_1_496' title='bbox 378 3569 521 3647; x_wconf 84' lang='lat' dir='ltr'>paulisper</span> <span class='ocrx_word' id='word_1_497' title='bbox 533 3570 699 3629; x_wconf 87' lang='lat' dir='ltr'>testimoniis</span> <span class='ocrx_word' id='word_1_498' title='bbox 727 3572 928 3645; x_wconf 89' lang='lat' dir='ltr'>Scripturamm</span> <span class='ocrx_word' id='word_1_499' title='bbox 949 3573 984 3631; x_wconf 89' lang='lat' dir='ltr'>de</span> <span class='ocrx_word' id='word_1_500' title='bbox 1038 3577 1087 3646; x_wconf 85' lang='lat' dir='ltr'>qni</span> <span class='ocrx_word' id='word_1_501' title='bbox 1095 3575 1237 3645; x_wconf 85' lang='lat' dir='ltr'>conscripti</span> <span class='ocrx_word' id='word_1_502' title='bbox 1248 3574 1439 3637; x_wconf 83' lang='lat' dir='ltr'>sentiacalr&#39;s,</span> <span class='ocrx_word' id='word_1_503' title='bbox 1451 3565 1461 3604; x_wconf 82' lang='lat'>¹</span> <span class='ocrx_word' id='word_1_504' title='bbox 1473 3577 1500 3629; x_wconf 84' lang='lat' dir='ltr'>et</span> <span class='ocrx_word' id='word_1_505' title='bbox 1509 3574 1763 3645; x_wconf 74' lang='lat' dir='ltr'>spiritusi&#39;ustorum</span> <span class='ocrx_word' id='word_1_506' title='bbox 1770 3589 1843 3646; x_wconf 82' lang='lat' dir='ltr'>per-</span> 
     </span>
    </p>
   </div>
   <div class='ocr_carea' id='block_1_3' title="bbox 732 3722 1289 3781">
    <p class='ocr_par' dir='ltr' id='par_1_3' title="bbox 732 3722 1289 3781">
     <span class='ocr_line' id='line_1_37' title="bbox 732 3722 1289 3781; baseline 0.004 -5"><span class='ocrx_word' id='word_1_507' title='bbox 732 3722 860 3779; x_wconf 78' lang='lat' dir='ltr'>Anauni</span> <span class='ocrx_word' id='word_1_508' title='bbox 880 3724 992 3781; x_wconf 81' lang='lat' dir='ltr'>GAZAEl</span> <span class='ocrx_word' id='word_1_509' title='bbox 1010 3723 1289 3781; x_wconf 73' lang='lat' dir='ltr'>conuenientes</span> 
     </span>
    </p>
   </div>
   <div class='ocr_carea' id='block_1_4' title="bbox 180 3843 1844 4493">
    <p class='ocr_par' dir='ltr' id='par_1_4' title="bbox 180 3843 1844 4493">
     <span class='ocr_line' id='line_1_38' title="bbox 216 3843 1844 3920; baseline 0.009 -24"><span class='ocrx_word' id='word_1_510' title='bbox 216 3845 229 3873; x_wconf 72' lang='lat'>²</span> <span class='ocrx_word' id='word_1_511' title='bbox 255 3843 332 3897; x_wconf 87' lang='lat' dir='ltr'>Hanc</span> <span class='ocrx_word' id='word_1_512' title='bbox 362 3856 506 3898; x_wconf 80' lang='lat' dir='ltr'>emoneam</span> <span class='ocrx_word' id='word_1_513' title='bbox 539 3843 790 3916; x_wconf 88' lang='lat' dir='ltr'>interpretationem</span> <span class='ocrx_word' id='word_1_514' title='bbox 817 3854 845 3903; x_wconf 90' lang='lat' dir='ltr'>et</span> <span class='ocrx_word' id='word_1_515' title='bbox 870 3862 981 3920; x_wconf 84' lang='lat' dir='ltr'>pravam</span> <span class='ocrx_word' id='word_1_516' title='bbox 1070 3848 1130 3905; x_wconf 68' lang='lat' dir='ltr'>‘ld</span> <span class='ocrx_word' id='word_1_517' title='bbox 1149 3857 1199 3916; x_wconf 84' lang='lat' dir='ltr'>est,</span> <span class='ocrx_word' id='word_1_518' title='bbox 1223 3847 1259 3906; x_wconf 92' lang='lat' dir='ltr'>ad</span> <span class='ocrx_word' id='word_1_519' title='bbox 1283 3849 1451 3920; x_wconf 86' lang='lat' dir='ltr'>societatem,</span> <span class='ocrx_word' id='word_1_520' title='bbox 1469 3865 1518 3908; x_wconf 86' lang='lat' dir='ltr'>seu</span> <span class='ocrx_word' id='word_1_521' title='bbox 1538 3848 1705 3908; x_wconf 88' lang='lat' dir='ltr'>consortium</span> <span class='ocrx_word' id='word_1_522' title='bbox 1727 3861 1844 3910; x_wconf 88' lang='lat' dir='ltr'>sancto·</span> 
     </span>
     <span class='ocr_line' id='line_1_39' title="bbox 181 3911 1843 4004; baseline 0.008 -36"><span class='ocrx_word' id='word_1_523' title='bbox 181 3911 382 3994; x_wconf 83' lang='lat' dir='ltr'>distinctionem</span> <span class='ocrx_word' id='word_1_524' title='bbox 402 3911 493 3970; x_wconf 73' lang='lat' dir='ltr'>relcrt‘</span> <span class='ocrx_word' id='word_1_525' title='bbox 507 3913 588 3970; x_wconf 78' lang='lat' dir='ltr'>edam</span> <span class='ocrx_word' id='word_1_526' title='bbox 610 3915 830 3988; x_wconf 67' lang='lat' dir='ltr'>theophylactus</span> <span class='ocrx_word' id='word_1_527' title='bbox 855 3918 883 3974; x_wconf 93' lang='lat' dir='ltr'>in</span> <span class='ocrx_word' id='word_1_528' title='bbox 903 3920 982 3975; x_wconf 86' lang='lat' dir='ltr'>Com·</span> <span class='ocrx_word' id='word_1_529' title='bbox 1034 3927 1107 3989; x_wconf 85' lang='lat' dir='ltr'>rum,</span> <span class='ocrx_word' id='word_1_530' title='bbox 1121 3936 1169 3977; x_wconf 89' lang='lat' dir='ltr'>seu</span> <span class='ocrx_word' id='word_1_531' title='bbox 1183 3920 1343 3988; x_wconf 89' lang='lat' dir='ltr'>electorum,</span> <span class='ocrx_word' id='word_1_532' title='bbox 1359 3937 1477 3993; x_wconf 87' lang='lat' dir='ltr'>quornm</span> <span class='ocrx_word' id='word_1_533' title='bbox 1494 3923 1604 3980; x_wconf 90' lang='lat' dir='ltr'>nomina</span> <span class='ocrx_word' id='word_1_534' title='bbox 1616 3920 1716 4004; x_wconf 88' lang='lat' dir='ltr'>scripta</span> <span class='ocrx_word' id='word_1_535' title='bbox 1728 3925 1843 3982; x_wconf 87' lang='lat' dir='ltr'>suntin</span> 
     </span>
     <span class='ocr_line' id='line_1_40' title="bbox 181 3985 1841 4066; baseline 0.008 -28"><span class='ocrx_word' id='word_1_536' title='bbox 181 3991 316 4064; x_wconf 72' lang='lat' dir='ltr'>mentatio</span> <span class='ocrx_word' id='word_1_537' title='bbox 342 4003 349 4039; x_wconf 74' lang='grc' dir='ltr'><em>ι</em></span> <span class='ocrx_word' id='word_1_538' title='bbox 375 3999 457 4056; x_wconf 89' lang='lat' dir='ltr'>quani</span> <span class='ocrx_word' id='word_1_539' title='bbox 490 3985 587 4042; x_wconf 90' lang='lat' dir='ltr'>merito</span> <span class='ocrx_word' id='word_1_540' title='bbox 614 3985 658 4043; x_wconf 92' lang='lat' dir='ltr'>hic</span> <span class='ocrx_word' id='word_1_541' title='bbox 687 3988 772 4044; x_wconf 92' lang='lat' dir='ltr'>abbas</span> <span class='ocrx_word' id='word_1_542' title='bbox 794 3988 982 4047; x_wconf 86' lang='lat' dir='ltr'>detestandam</span> <span class='ocrx_word' id='word_1_543' title='bbox 1034 3992 1106 4049; x_wconf 89' lang='lat' dir='ltr'>libro</span> <span class='ocrx_word' id='word_1_544' title='bbox 1120 3991 1192 4057; x_wconf 79' lang='lat' dir='ltr'>ritae,</span> <span class='ocrx_word' id='word_1_545' title='bbox 1206 3992 1252 4064; x_wconf 92' lang='lat' dir='ltr'>qui</span> <span class='ocrx_word' id='word_1_546' title='bbox 1266 4000 1293 4048; x_wconf 89' lang='lat' dir='ltr'>et</span> <span class='ocrx_word' id='word_1_547' title='bbox 1309 3992 1436 4064; x_wconf 83' lang='lat' dir='ltr'>primitivi</span> <span class='ocrx_word' id='word_1_548' title='bbox 1448 3993 1504 4049; x_wconf 85' lang='lat' dir='ltr'>sive</span> <span class='ocrx_word' id='word_1_549' title='bbox 1513 3992 1683 4065; x_wconf 90' lang='lat' dir='ltr'>primogeniti</span> <span class='ocrx_word' id='word_1_550' title='bbox 1696 3991 1841 4066; x_wconf 89' lang='lat' dir='ltr'>dicuntur,</span> 
     </span>
     <span class='ocr_line' id='line_1_41' title="bbox 181 4053 1841 4138; baseline 0.007 -28"><span class='ocrx_word' id='word_1_551' title='bbox 181 4053 260 4122; x_wconf 90' lang='lat' dir='ltr'>dicit,</span> <span class='ocrx_word' id='word_1_552' title='bbox 278 4062 339 4111; x_wconf 91' lang='lat' dir='ltr'>tum</span> <span class='ocrx_word' id='word_1_553' title='bbox 356 4055 431 4126; x_wconf 92' lang='lat' dir='ltr'>quod</span> <span class='ocrx_word' id='word_1_554' title='bbox 444 4056 575 4114; x_wconf 76' lang='lat' dir='ltr'>doctrinas</span> <span class='ocrx_word' id='word_1_555' title='bbox 597 4057 737 4115; x_wconf 74' lang='lat' dir='ltr'>catholicae</span> <span class='ocrx_word' id='word_1_556' title='bbox 758 4068 902 4132; x_wconf 90' lang='lat' dir='ltr'>repugnet,</span> <span class='ocrx_word' id='word_1_557' title='bbox 921 4069 982 4119; x_wconf 89' lang='lat' dir='ltr'>tum</span> <span class='ocrx_word' id='word_1_558' title='bbox 1035 4064 1132 4120; x_wconf 86' lang='lat' dir='ltr'>Graeoe</span> <span class='ocrx_word' id='word_1_559' title='bbox 1145 4066 1308 4135; x_wconf 80' lang='grc' dir='ltr'>πρωτότοκοι.</span> <span class='ocrx_word' id='word_1_560' title='bbox 1325 4066 1413 4133; x_wconf 86' lang='lat' dir='ltr'>llam,</span> <span class='ocrx_word' id='word_1_561' title='bbox 1430 4072 1462 4120; x_wconf 90' lang='lat' dir='ltr'>ut</span> <span class='ocrx_word' id='word_1_562' title='bbox 1479 4057 1593 4136; x_wconf 85' lang='lat' dir='ltr'>exponit</span> <span class='ocrx_word' id='word_1_563' title='bbox 1603 4063 1841 4138; x_wconf 70' lang='lat' dir='ltr'>theophylactus,</span> 
     </span>
     <span class='ocr_line' id='line_1_42' title="bbox 180 4124 1842 4210; baseline 0.009 -30"><span class='ocrx_word' id='word_1_564' title='bbox 180 4124 256 4196; x_wconf 93' lang='lat' dir='ltr'>qnod</span> <span class='ocrx_word' id='word_1_565' title='bbox 278 4140 404 4208; x_wconf 74' lang='lat' dir='ltr'>enervem</span> <span class='ocrx_word' id='word_1_566' title='bbox 432 4127 513 4210; x_wconf 88' lang='lat' dir='ltr'>plane</span> <span class='ocrx_word' id='word_1_567' title='bbox 541 4137 569 4183; x_wconf 90' lang='lat' dir='ltr'>et</span> <span class='ocrx_word' id='word_1_568' title='bbox 593 4127 737 4200; x_wconf 89' lang='lat' dir='ltr'>insipidam</span> <span class='ocrx_word' id='word_1_569' title='bbox 760 4130 857 4187; x_wconf 91' lang='lat' dir='ltr'>reddat</span> <span class='ocrx_word' id='word_1_570' title='bbox 882 4130 982 4190; x_wconf 81' lang='lat' dir='ltr'>Christi</span> <span class='ocrx_word' id='word_1_571' title='bbox 1035 4150 1123 4190; x_wconf 80' lang='lat' dir='ltr'>menes</span> <span class='ocrx_word' id='word_1_572' title='bbox 1144 4136 1251 4207; x_wconf 86' lang='lat' dir='ltr'>quidem</span> <span class='ocrx_word' id='word_1_573' title='bbox 1270 4137 1387 4190; x_wconf 75' lang='lat' dir='ltr'>honines</span> <span class='ocrx_word' id='word_1_574' title='bbox 1406 4138 1537 4195; x_wconf 68' lang='lat' dir='ltr'>meadum</span> <span class='ocrx_word' id='word_1_575' title='bbox 1558 4138 1610 4207; x_wconf 70' lang='lat' dir='ltr'>Alii</span> <span class='ocrx_word' id='word_1_576' title='bbox 1631 4138 1682 4193; x_wconf 87' lang='lat' dir='ltr'>Dei</span> <span class='ocrx_word' id='word_1_577' title='bbox 1698 4141 1777 4203; x_wconf 71' lang='lat' dir='ltr'>suntr</span> <span class='ocrx_word' id='word_1_578' title='bbox 1792 4140 1842 4195; x_wconf 83' lang='lat' dir='ltr'>sod</span> 
     </span>
     <span class='ocr_line' id='line_1_43' title="bbox 180 4198 1841 4278; baseline 0.007 -26"><span class='ocrx_word' id='word_1_579' title='bbox 180 4204 357 4260; x_wconf 89' lang='lat' dir='ltr'>sententiam,</span> <span class='ocrx_word' id='word_1_580' title='bbox 370 4212 393 4253; x_wconf 92' lang='lat' dir='ltr'>si</span> <span class='ocrx_word' id='word_1_581' title='bbox 415 4213 455 4255; x_wconf 90' lang='lat' dir='ltr'>sic</span> <span class='ocrx_word' id='word_1_582' title='bbox 476 4198 608 4255; x_wconf 88' lang='lat' dir='ltr'>dixisset:</span> <span class='ocrx_word' id='word_1_583' title='bbox 622 4205 711 4257; x_wconf 86' lang='lat' dir='ltr'>Amen</span> <span class='ocrx_word' id='word_1_584' title='bbox 735 4200 798 4258; x_wconf 91' lang='lat' dir='ltr'>dico</span> <span class='ocrx_word' id='word_1_585' title='bbox 818 4203 869 4258; x_wconf 91' lang='lat' dir='ltr'>tilii</span> <span class='ocrx_word' id='word_1_586' title='bbox 890 4202 981 4261; x_wconf 90' lang='lat' dir='ltr'>hodie.</span> <span class='ocrx_word' id='word_1_587' title='bbox 1035 4207 1359 4276; x_wconf 79' lang='lat' dir='ltr'>adoptionepri‘moqeiiiti</span> <span class='ocrx_word' id='word_1_588' title='bbox 1371 4208 1494 4278; x_wconf 63' lang='lat' dir='ltr'>cuntulit</span> <span class='ocrx_word' id='word_1_589' title='bbox 1505 4209 1590 4272; x_wconf 83' lang='lat' dir='ltr'>electi,</span> <span class='ocrx_word' id='word_1_590' title='bbox 1601 4224 1715 4278; x_wconf 88' lang='lat' dir='ltr'>quorum</span> <span class='ocrx_word' id='word_1_591' title='bbox 1727 4211 1841 4265; x_wconf 85' lang='lat' dir='ltr'>nomina</span> 
     </span>
     <span class='ocr_line' id='line_1_44' title="bbox 180 4267 1839 4351; baseline 0.009 -29"><span class='ocrx_word' id='word_1_592' title='bbox 180 4267 317 4349; x_wconf 83' lang='lat' dir='ltr'>Quorsum</span> <span class='ocrx_word' id='word_1_593' title='bbox 331 4268 403 4324; x_wconf 93' lang='lat' dir='ltr'>enim</span> <span class='ocrx_word' id='word_1_594' title='bbox 424 4268 490 4351; x_wconf 86' lang='lat' dir='ltr'>illud</span> <span class='ocrx_word' id='word_1_595' title='bbox 520 4271 596 4325; x_wconf 84' lang='lat' dir='ltr'>bodie</span> <span class='ocrx_word' id='word_1_596' title='bbox 617 4279 645 4326; x_wconf 93' lang='lat' dir='ltr'>et</span> <span class='ocrx_word' id='word_1_597' title='bbox 677 4287 741 4328; x_wconf 89' lang='lat' dir='ltr'>uam</span> <span class='ocrx_word' id='word_1_598' title='bbox 762 4273 913 4345; x_wconf 92' lang='lat' dir='ltr'>emphasim</span> <span class='ocrx_word' id='word_1_599' title='bbox 935 4274 984 4330; x_wconf 89' lang='lat' dir='ltr'>ha·</span> <span class='ocrx_word' id='word_1_600' title='bbox 1037 4279 1215 4346; x_wconf 75' lang='lat' dir='ltr'>scriptumne</span> <span class='ocrx_word' id='word_1_601' title='bbox 1232 4278 1262 4331; x_wconf 90' lang='lat' dir='ltr'>in</span> <span class='ocrx_word' id='word_1_602' title='bbox 1276 4277 1355 4331; x_wconf 87' lang='lat' dir='ltr'>coelis.</span> <span class='ocrx_word' id='word_1_603' title='bbox 1372 4277 1425 4332; x_wconf 90' lang='lat' dir='ltr'>Alii</span> <span class='ocrx_word' id='word_1_604' title='bbox 1441 4278 1529 4351; x_wconf 88' lang='lat' dir='ltr'>primo</span> <span class='ocrx_word' id='word_1_605' title='bbox 1563 4280 1637 4335; x_wconf 89' lang='lat' dir='ltr'>nitus</span> <span class='ocrx_word' id='word_1_606' title='bbox 1660 4278 1713 4335; x_wconf 90' lang='lat' dir='ltr'>dici</span> <span class='ocrx_word' id='word_1_607' title='bbox 1727 4279 1839 4348; x_wconf 84' lang='lat' dir='ltr'>volunt,</span> 
     </span>
     <span class='ocr_line' id='line_1_45' title="bbox 180 4336 1840 4421; baseline 0.01 -29"><span class='ocrx_word' id='word_1_608' title='bbox 180 4336 299 4419; x_wconf 80' lang='lat' dir='ltr'>buisset?</span> <span class='ocrx_word' id='word_1_609' title='bbox 319 4340 418 4394; x_wconf 88' lang='lat' dir='ltr'>Nonne</span> <span class='ocrx_word' id='word_1_610' title='bbox 442 4339 551 4396; x_wconf 86' lang='lat' dir='ltr'>ridebat</span> <span class='ocrx_word' id='word_1_611' title='bbox 574 4341 644 4397; x_wconf 90' lang='lat' dir='ltr'>latro</span> <span class='ocrx_word' id='word_1_612' title='bbox 693 4344 818 4401; x_wconf 90' lang='lat' dir='ltr'>ominum</span> <span class='ocrx_word' id='word_1_613' title='bbox 842 4345 915 4416; x_wconf 92' lang='lat' dir='ltr'>loqui</span> <span class='ocrx_word' id='word_1_614' title='bbox 937 4345 982 4401; x_wconf 88' lang='lat' dir='ltr'>illa</span> <span class='ocrx_word' id='word_1_615' title='bbox 1037 4346 1084 4417; x_wconf 92' lang='lat' dir='ltr'>qni</span> <span class='ocrx_word' id='word_1_616' title='bbox 1100 4346 1236 4417; x_wconf 89' lang='lat' dir='ltr'>prioribus</span> <span class='ocrx_word' id='word_1_617' title='bbox 1257 4346 1363 4404; x_wconf 89' lang='lat' dir='ltr'>saeculis</span> <span class='ocrx_word' id='word_1_618' title='bbox 1376 4349 1436 4405; x_wconf 89' lang='lat' dir='ltr'>Deo</span> <span class='ocrx_word' id='word_1_619' title='bbox 1450 4349 1530 4421; x_wconf 84' lang='lat' dir='ltr'>perii</span> <span class='ocrx_word' id='word_1_620' title='bbox 1550 4365 1595 4406; x_wconf 89' lang='lat' dir='ltr'>em</span> <span class='ocrx_word' id='word_1_621' title='bbox 1615 4348 1790 4421; x_wconf 89' lang='lat' dir='ltr'>placuerunt,</span> <span class='ocrx_word' id='word_1_622' title='bbox 1808 4359 1840 4408; x_wconf 88' lang='lat' dir='ltr'>ut</span> 
     </span>
     <span class='ocr_line' id='line_1_46' title="bbox 180 4407 1841 4493; baseline 0.008 -28"><span class='ocrx_word' id='word_1_623' title='bbox 180 4407 240 4465; x_wconf 78' lang='lat' dir='ltr'>dei</span> <span class='ocrx_word' id='word_1_624' title='bbox 251 4416 259 4476; x_wconf 79' lang='lat' dir='ltr'>l</span> <span class='ocrx_word' id='word_1_625' title='bbox 269 4410 336 4466; x_wconf 87' lang='lat' dir='ltr'>Vide</span> <span class='ocrx_word' id='word_1_626' title='bbox 344 4411 471 4465; x_wconf 76' lang='lat' dir='ltr'>Bellone.</span> <span class='ocrx_word' id='word_1_627' title='bbox 485 4411 531 4466; x_wconf 87' lang='lat' dir='ltr'>lib.</span> <span class='ocrx_word' id='word_1_628' title='bbox 542 4412 596 4466; x_wconf 90' lang='lat' dir='ltr'>ide</span> <span class='ocrx_word' id='word_1_629' title='bbox 603 4414 694 4468; x_wconf 82' lang='lat' dir='ltr'>Sonat.</span> <span class='ocrx_word' id='word_1_630' title='bbox 704 4416 778 4469; x_wconf 84' lang='lat' dir='ltr'>Beat.</span> <span class='ocrx_word' id='word_1_631' title='bbox 795 4431 817 4469; x_wconf 92' lang='lat' dir='ltr'>c.</span> <span class='ocrx_word' id='word_1_632' title='bbox 831 4421 875 4482; x_wconf 82' lang='lat'>3.)</span> <span class='ocrx_word' id='word_1_633' title='bbox 1035 4416 1120 4472; x_wconf 91' lang='lat' dir='ltr'>sancti</span> <span class='ocrx_word' id='word_1_634' title='bbox 1136 4417 1293 4489; x_wconf 81' lang='lat' dir='ltr'>patriarchis</span> <span class='ocrx_word' id='word_1_635' title='bbox 1312 4425 1340 4473; x_wconf 90' lang='lat' dir='ltr'>et</span> <span class='ocrx_word' id='word_1_636' title='bbox 1354 4419 1504 4492; x_wconf 80' lang='lat' dir='ltr'>prophetae.</span> <span class='ocrx_word' id='word_1_637' title='bbox 1525 4420 1579 4476; x_wconf 85' lang='lat' dir='ltr'>Alii</span> <span class='ocrx_word' id='word_1_638' title='bbox 1597 4420 1714 4493; x_wconf 90' lang='lat' dir='ltr'>denique</span> <span class='ocrx_word' id='word_1_639' title='bbox 1727 4429 1841 4479; x_wconf 85' lang='lat' dir='ltr'>sanctos</span> 
     </span>
    </p>
   </div>
   <div class='ocr_carea' id='block_1_5' title="bbox 215 4472 1840 4612">
    <p class='ocr_par' dir='ltr' id='par_1_5' title="bbox 215 4472 1840 4612">
     <span class='ocr_line' id='line_1_47' title="bbox 215 4472 1840 4612; baseline 0.009 -77"><span class='ocrx_word' id='word_1_640' title='bbox 215 4472 345 4536; x_wconf 80' lang='lat' dir='ltr'>¹’Sensus</span> <span class='ocrx_word' id='word_1_641' title='bbox 364 4480 481 4552; x_wconf 88' lang='lat' dir='ltr'>intellige</span> <span class='ocrx_word' id='word_1_642' title='bbox 500 4496 556 4536; x_wconf 93' lang='lat' dir='ltr'>non</span> <span class='ocrx_word' id='word_1_643' title='bbox 577 4488 741 4553; x_wconf 85' lang='lat' dir='ltr'>corporeos,</span> <span class='ocrx_word' id='word_1_644' title='bbox 754 4484 802 4541; x_wconf 90' lang='lat' dir='ltr'>scd</span> <span class='ocrx_word' id='word_1_645' title='bbox 813 4485 980 4612; x_wconf 51' lang='lat' dir='ltr'>spirituales,</span> <span class='ocrx_word' id='word_1_646' title='bbox 1024 4488 1173 4559; x_wconf 45' lang='lat' dir='ltr'>‘apostolos</span> <span class='ocrx_word' id='word_1_647' title='bbox 1189 4489 1236 4560; x_wconf 94' lang='lat' dir='ltr'>qui</span> <span class='ocrx_word' id='word_1_648' title='bbox 1257 4489 1384 4561; x_wconf 89' lang='lat' dir='ltr'>primitus</span> <span class='ocrx_word' id='word_1_649' title='bbox 1407 4498 1435 4548; x_wconf 91' lang='lat' dir='ltr'>et</span> <span class='ocrx_word' id='word_1_650' title='bbox 1448 4490 1630 4549; x_wconf 85' lang='lat' dir='ltr'>abundantius</span> <span class='ocrx_word' id='word_1_651' title='bbox 1648 4491 1720 4548; x_wconf 90' lang='lat' dir='ltr'>dona</span> <span class='ocrx_word' id='word_1_652' title='bbox 1742 4495 1840 4564; x_wconf 75' lang='lat' dir='ltr'>gratim</span> 
     </span>
    </p>
   </div>
   <div class='ocr_carea' id='block_1_6' title="bbox 90 4550 1840 5918">
    <p class='ocr_par' dir='ltr' id='par_1_6' title="bbox 90 4550 1840 5918">
     <span class='ocr_line' id='line_1_48' title="bbox 180 4550 1837 4635; baseline 0.009 -30"><span class='ocrx_word' id='word_1_653' title='bbox 180 4565 250 4632; x_wconf 85' lang='lat' dir='ltr'>quos</span> <span class='ocrx_word' id='word_1_654' title='bbox 271 4550 342 4606; x_wconf 81' lang='lat' dir='ltr'>inira</span> <span class='ocrx_word' id='word_1_655' title='bbox 365 4559 444 4607; x_wconf 82' lang='lat' dir='ltr'>vocat</span> <span class='ocrx_word' id='word_1_656' title='bbox 465 4552 659 4608; x_wconf 86' lang='lat' dir='ltr'>intellectuales</span> <span class='ocrx_word' id='word_1_657' title='bbox 676 4555 799 4611; x_wconf 87' lang='lat' dir='ltr'>virtutes.</span> <span class='ocrx_word' id='word_1_658' title='bbox 845 4571 894 4612; x_wconf 93' lang='lat' dir='ltr'>um</span> <span class='ocrx_word' id='word_1_659' title='bbox 907 4557 980 4613; x_wconf 93' lang='lat' dir='ltr'>enim</span> <span class='ocrx_word' id='word_1_660' title='bbox 1034 4568 1225 4631; x_wconf 80' lang='lat' dir='ltr'>perceperunt3</span> <span class='ocrx_word' id='word_1_661' title='bbox 1268 4576 1299 4616; x_wconf 87' lang='lat' dir='ltr'>er</span> <span class='ocrx_word' id='word_1_662' title='bbox 1321 4575 1391 4632; x_wconf 90' lang='lat' dir='ltr'>quos</span> <span class='ocrx_word' id='word_1_663' title='bbox 1418 4561 1617 4620; x_wconf 81' lang='lat' dir='ltr'>derivatorum</span> <span class='ocrx_word' id='word_1_664' title='bbox 1635 4562 1665 4618; x_wconf 92' lang='lat' dir='ltr'>in</span> <span class='ocrx_word' id='word_1_665' title='bbox 1694 4572 1837 4635; x_wconf 87' lang='lat' dir='ltr'>posteros,</span> 
     </span>
     <span class='ocr_line' id='line_1_49' title="bbox 179 4576 1840 4710; baseline 0.01 -34"><span class='ocrx_word' id='word_1_666' title='bbox 179 4637 300 4704; x_wconf 29' lang='lat' dir='ltr'>anima-a</span> <span class='ocrx_word' id='word_1_667' title='bbox 315 4637 429 4705; x_wconf 74' lang='lat' dir='ltr'>corpere</span> <span class='ocrx_word' id='word_1_668' title='bbox 444 4638 492 4695; x_wconf 90' lang='lat' dir='ltr'>per</span> <span class='ocrx_word' id='word_1_669' title='bbox 505 4631 624 4679; x_wconf 89' lang='lat' dir='ltr'>mortem</span> <span class='ocrx_word' id='word_1_670' title='bbox 646 4633 798 4698; x_wconf 87' lang='lat' dir='ltr'>separatur,</span> <span class='ocrx_word' id='word_1_671' title='bbox 814 4642 910 4683; x_wconf 90' lang='lat' dir='ltr'>omnes</span> <span class='ocrx_word' id='word_1_672' title='bbox 924 4627 981 4710; x_wconf 78' lang='lat' dir='ltr'>ejus</span> <span class='ocrx_word' id='word_1_673' title='bbox 1033 4576 1267 4689; x_wconf 64' lang='lat' dir='ltr'>secundumilluif</span> <span class='ocrx_word' id='word_1_674' title='bbox 1267 4634 1351 4688; x_wconf 83' lang='lat' dir='ltr'>Rom.</span> <span class='ocrx_word' id='word_1_675' title='bbox 1362 4646 1421 4689; x_wconf 83' lang='lat' dir='ltr'>rin</span> <span class='ocrx_word' id='word_1_676' title='bbox 1434 4637 1566 4706; x_wconf 84' lang='lat' dir='ltr'>:Nosi&#39;psi</span> <span class='ocrx_word' id='word_1_677' title='bbox 1567 4637 1712 4706; x_wconf 77' lang='lat' dir='ltr'>primitias</span> <span class='ocrx_word' id='word_1_678' title='bbox 1720 4637 1840 4706; x_wconf 80' lang='lat' dir='ltr'>spiritus</span> 
     </span>
     <span class='ocr_line' id='line_1_50' title="bbox 180 4683 1407 4768; baseline 0.011 -21"><span class='ocrx_word' id='word_1_679' title='bbox 180 4701 307 4763; x_wconf 88' lang='lat' dir='ltr'>potentiae</span> <span class='ocrx_word' id='word_1_680' title='bbox 321 4702 456 4751; x_wconf 86' lang='lat' dir='ltr'>sensitiiae</span> <span class='ocrx_word' id='word_1_681' title='bbox 476 4707 542 4751; x_wconf 89' lang='lat' dir='ltr'>cum</span> <span class='ocrx_word' id='word_1_682' title='bbox 559 4709 672 4767; x_wconf 90' lang='lat' dir='ltr'>corpore</span> <span class='ocrx_word' id='word_1_683' title='bbox 694 4697 845 4768; x_wconf 87' lang='lat' dir='ltr'>intereunt,</span> <span class='ocrx_word' id='word_1_684' title='bbox 860 4697 919 4754; x_wconf 90' lang='lat' dir='ltr'>sola</span> <span class='ocrx_word' id='word_1_685' title='bbox 936 4716 980 4756; x_wconf 92' lang='lat' dir='ltr'>in·</span> <span class='ocrx_word' id='word_1_686' title='bbox 994 4683 1019 4745; x_wconf 80' lang='lat' dir='ltr'>D</span> <span class='ocrx_word' id='word_1_687' title='bbox 1034 4701 1167 4757; x_wconf 77' lang='lat' dir='ltr'>lubartes.</span> <span class='ocrx_word' id='word_1_688' title='bbox 1181 4704 1222 4758; x_wconf 90' lang='lat' dir='ltr'>lta</span> <span class='ocrx_word' id='word_1_689' title='bbox 1235 4705 1263 4761; x_wconf 93' lang='lat' dir='ltr'>S.</span> <span class='ocrx_word' id='word_1_690' title='bbox 1278 4703 1407 4761; x_wconf 89' lang='lat' dir='ltr'>Thomas.</span> 
     </span>
     <span class='ocr_line' id='line_1_51' title="bbox 178 4763 1838 4849; baseline 0.008 -31"><span class='ocrx_word' id='word_1_691' title='bbox 178 4763 315 4845; x_wconf 81' lang='lat' dir='ltr'>teligentia</span> <span class='ocrx_word' id='word_1_692' title='bbox 341 4774 369 4822; x_wconf 89' lang='lat' dir='ltr'>et</span> <span class='ocrx_word' id='word_1_693' title='bbox 393 4763 519 4823; x_wconf 85' lang='lat' dir='ltr'>laenitate</span> <span class='ocrx_word' id='word_1_694' title='bbox 541 4766 664 4823; x_wconf 88' lang='lat' dir='ltr'>rationali</span> <span class='ocrx_word' id='word_1_695' title='bbox 683 4768 733 4840; x_wconf 93' lang='lat' dir='ltr'>ipsi</span> <span class='ocrx_word' id='word_1_696' title='bbox 755 4778 926 4839; x_wconf 89' lang='lat' dir='ltr'>remanente,</span> <span class='ocrx_word' id='word_1_697' title='bbox 950 4780 981 4828; x_wconf 94' lang='lat' dir='ltr'>ut</span> <span class='ocrx_word' id='word_1_698' title='bbox 1069 4765 1243 4831; x_wconf 77' lang='lat' dir='ltr'>‘Intermisit</span> <span class='ocrx_word' id='word_1_699' title='bbox 1256 4775 1359 4832; x_wconf 88' lang='lat' dir='ltr'>Auctor</span> <span class='ocrx_word' id='word_1_700' title='bbox 1370 4774 1429 4831; x_wconf 85' lang='lat' dir='ltr'>haec</span> <span class='ocrx_word' id='word_1_701' title='bbox 1441 4776 1537 4844; x_wconf 85' lang='lat' dir='ltr'>rerba,</span> <span class='ocrx_word' id='word_1_702' title='bbox 1551 4792 1614 4849; x_wconf 84' lang='lat' dir='ltr'>quan</span> <span class='ocrx_word' id='word_1_703' title='bbox 1635 4778 1678 4833; x_wconf 91' lang='lat' dir='ltr'>his</span> <span class='ocrx_word' id='word_1_704' title='bbox 1696 4776 1838 4849; x_wconf 89' lang='lat' dir='ltr'>sequenti·</span> 
     </span>
     <span class='ocr_line' id='line_1_52' title="bbox 177 4832 1838 4919; baseline 0.008 -30"><span class='ocrx_word' id='word_1_705' title='bbox 177 4832 281 4890; x_wconf 89' lang='lat' dir='ltr'>dictum</span> <span class='ocrx_word' id='word_1_706' title='bbox 295 4844 352 4918; x_wconf 41' lang='lat'>⁰⁸&amp;</span> <span class='ocrx_word' id='word_1_707' title='bbox 1033 4841 1087 4900; x_wconf 90' lang='lat' dir='ltr'>bus</span> <span class='ocrx_word' id='word_1_708' title='bbox 1103 4844 1138 4901; x_wconf 90' lang='lat' dir='ltr'>ab</span> <span class='ocrx_word' id='word_1_709' title='bbox 1151 4845 1285 4917; x_wconf 84' lang='lat' dir='ltr'>Apostolo</span> <span class='ocrx_word' id='word_1_710' title='bbox 1316 4847 1501 4904; x_wconf 84' lang='lat' dir='ltr'>raemittuntur</span> <span class='ocrx_word' id='word_1_711' title='bbox 1516 4865 1523 4904; x_wconf 92' lang='lat'><strong>:</strong></span> <span class='ocrx_word' id='word_1_712' title='bbox 1540 4849 1702 4919; x_wconf 84' lang='lat' dir='ltr'>Etjudicem</span> <span class='ocrx_word' id='word_1_713' title='bbox 1715 4851 1838 4903; x_wconf 69' lang='lat' dir='ltr'>minii</span> 
     </span>
     <span class='ocr_line' id='line_1_53' title="bbox 214 4908 1837 4990; baseline 0.011 -33"><span class='ocrx_word' id='word_1_714' title='bbox 214 4914 225 4939; x_wconf 81' lang='lat'><strong>⁰</strong></span> <span class='ocrx_word' id='word_1_715' title='bbox 244 4908 367 4975; x_wconf 81' lang='lat' dir='ltr'>Respicit</span> <span class='ocrx_word' id='word_1_716' title='bbox 388 4908 455 4965; x_wconf 94' lang='lat' dir='ltr'>illud</span> <span class='ocrx_word' id='word_1_717' title='bbox 473 4909 596 4981; x_wconf 78' lang='lat' dir='ltr'>Apostoli</span> <span class='ocrx_word' id='word_1_718' title='bbox 617 4910 764 4966; x_wconf 88' lang='lat' dir='ltr'>lCorintb.</span> <span class='ocrx_word' id='word_1_719' title='bbox 784 4927 838 4970; x_wconf 89' lang='lat' dir='ltr'>xi:</span> <span class='ocrx_word' id='word_1_720' title='bbox 856 4914 907 4970; x_wconf 86' lang='lat' dir='ltr'>Vir</span> <span class='ocrx_word' id='word_1_721' title='bbox 925 4929 979 4969; x_wconf 90' lang='lat' dir='ltr'>non</span> <span class='ocrx_word' id='word_1_722' title='bbox 1032 4918 1127 4972; x_wconf 85' lang='lat' dir='ltr'>Deum.</span> <span class='ocrx_word' id='word_1_723' title='bbox 1151 4915 1253 4973; x_wconf 87' lang='lat' dir='ltr'>Deinde</span> <span class='ocrx_word' id='word_1_724' title='bbox 1266 4931 1298 4973; x_wconf 93' lang='lat' dir='ltr'>sn</span> <span class='ocrx_word' id='word_1_725' title='bbox 1337 4918 1416 4974; x_wconf 90' lang='lat' dir='ltr'>itur:</span> <span class='ocrx_word' id='word_1_726' title='bbox 1441 4921 1477 4974; x_wconf 84' lang='lat' dir='ltr'>nt</span> <span class='ocrx_word' id='word_1_727' title='bbox 1489 4922 1602 4990; x_wconf 56' lang='lat' dir='ltr'>meinis</span> <span class='ocrx_word' id='word_1_728' title='bbox 1617 4920 1767 4989; x_wconf 77' lang='lat' dir='ltr'>justornm,</span> <span class='ocrx_word' id='word_1_729' title='bbox 1781 4927 1837 4989; x_wconf 89' lang='lat' dir='ltr'>etc,</span> 
     </span>
     <span class='ocr_line' id='line_1_54' title="bbox 178 4974 1839 5069; baseline 0.013 -42"><span class='ocrx_word' id='word_1_730' title='bbox 178 4974 353 5030; x_wconf 81' lang='lat' dir='ltr'>ilebetcelnie</span> <span class='ocrx_word' id='word_1_731' title='bbox 363 4985 443 5046; x_wconf 84' lang='lat' dir='ltr'>caput</span> <span class='ocrx_word' id='word_1_732' title='bbox 454 4995 547 5060; x_wconf 80' lang='lat' dir='ltr'>sunm,</span> <span class='ocrx_word' id='word_1_733' title='bbox 561 4984 786 5054; x_wconf 81' lang='lat' dir='ltr'>quoniumi&#39;maqo</span> <span class='ocrx_word' id='word_1_734' title='bbox 796 4990 822 5040; x_wconf 89' lang='lat' dir='ltr'>et</span> <span class='ocrx_word' id='word_1_735' title='bbox 833 4986 919 5056; x_wconf 81' lang='lat' dir='ltr'>qlom&#39;a</span> <span class='ocrx_word' id='word_1_736' title='bbox 930 4988 981 5040; x_wconf 82' lang='lat' dir='ltr'>liei</span> <span class='ocrx_word' id='word_1_737' title='bbox 1032 4986 1089 5043; x_wconf 91' lang='lat' dir='ltr'>Ubi</span> <span class='ocrx_word' id='word_1_738' title='bbox 1103 4987 1202 5069; x_wconf 86' lang='lat' dir='ltr'>triplex</span> <span class='ocrx_word' id='word_1_739' title='bbox 1218 4987 1354 5046; x_wconf 82' lang='lat' dir='ltr'>invenitur</span> <span class='ocrx_word' id='word_1_740' title='bbox 1365 4989 1454 5045; x_wconf 90' lang='lat' dir='ltr'>lectio.</span> <span class='ocrx_word' id='word_1_741' title='bbox 1475 4990 1593 5059; x_wconf 86' lang='lat' dir='ltr'>Quidam</span> <span class='ocrx_word' id='word_1_742' title='bbox 1611 4992 1725 5063; x_wconf 91' lang='lat' dir='ltr'>legunt:</span> <span class='ocrx_word' id='word_1_743' title='bbox 1741 4993 1839 5062; x_wconf 71' lang='lat' dir='ltr'>saepi</span> 
     </span>
     <span class='ocr_line' id='line_1_55' title="bbox 178 5049 1840 5130; baseline 0.013 -31"><span class='ocrx_word' id='word_1_744' title='bbox 178 5050 229 5127; x_wconf 48' lang='lat' dir='ltr'>est,</span> <span class='ocrx_word' id='word_1_745' title='bbox 248 5049 350 5103; x_wconf 87' lang='lat' dir='ltr'>Verum</span> <span class='ocrx_word' id='word_1_746' title='bbox 369 5061 522 5119; x_wconf 80' lang='lat' dir='ltr'>expressior</span> <span class='ocrx_word' id='word_1_747' title='bbox 536 5054 723 5110; x_wconf 85' lang='lat' dir='ltr'>estscntentia</span> <span class='ocrx_word' id='word_1_748' title='bbox 746 5056 858 5113; x_wconf 87' lang='lat' dir='ltr'>Genesis</span> <span class='ocrx_word' id='word_1_749' title='bbox 877 5071 918 5124; x_wconf 84' lang='grc' dir='ltr'>ιι,</span> <span class='ocrx_word' id='word_1_750' title='bbox 932 5056 978 5113; x_wconf 92' lang='lat' dir='ltr'>ubi</span> <span class='ocrx_word' id='word_1_751' title='bbox 1030 5059 1116 5113; x_wconf 84' lang='lat' dir='ltr'>ritum</span> <span class='ocrx_word' id='word_1_752' title='bbox 1130 5064 1266 5128; x_wconf 70' lang='lat' dir='ltr'>pnstomm</span> <span class='ocrx_word' id='word_1_753' title='bbox 1285 5062 1479 5130; x_wconf 72' lang='lat' dir='ltr'>perfectorum,</span> <span class='ocrx_word' id='word_1_754' title='bbox 1502 5061 1530 5118; x_wconf 94' lang='lat' dir='ltr'>id</span> <span class='ocrx_word' id='word_1_755' title='bbox 1554 5070 1610 5125; x_wconf 87' lang='lat' dir='ltr'>cst.</span> <span class='ocrx_word' id='word_1_756' title='bbox 1630 5060 1783 5117; x_wconf 89' lang='lat' dir='ltr'>accessistis</span> <span class='ocrx_word' id='word_1_757' title='bbox 1802 5061 1840 5120; x_wconf 84' lang='lat' dir='ltr'>ad</span> 
     </span>
     <span class='ocr_line' id='line_1_56' title="bbox 178 5116 1840 5215; baseline 0.011 -44"><span class='ocrx_word' id='word_1_758' title='bbox 178 5116 278 5201; x_wconf 77' lang='lat' dir='ltr'>dicitur</span> <span class='ocrx_word' id='word_1_759' title='bbox 291 5124 360 5176; x_wconf 86' lang='lat' dir='ltr'>Deus</span> <span class='ocrx_word' id='word_1_760' title='bbox 373 5135 475 5174; x_wconf 83' lang='lat' dir='ltr'>creasse</span> <span class='ocrx_word' id='word_1_761' title='bbox 487 5121 618 5178; x_wconf 84' lang='lat' dir='ltr'>bominem</span> <span class='ocrx_word' id='word_1_762' title='bbox 627 5126 664 5180; x_wconf 89' lang='lat' dir='ltr'>ud</span> <span class='ocrx_word' id='word_1_763' title='bbox 678 5129 824 5195; x_wconf 79' lang='lat' dir='ltr'>imaginem</span> <span class='ocrx_word' id='word_1_764' title='bbox 836 5133 862 5184; x_wconf 91' lang='lat' dir='ltr'>et</span> <span class='ocrx_word' id='word_1_765' title='bbox 879 5128 975 5183; x_wconf 84' lang='lat' dir='ltr'>simili·</span> <span class='ocrx_word' id='word_1_766' title='bbox 1032 5129 1164 5211; x_wconf 88' lang='lat' dir='ltr'>Spiritum</span> <span class='ocrx_word' id='word_1_767' title='bbox 1180 5138 1303 5186; x_wconf 91' lang='lat' dir='ltr'>sanctum</span> <span class='ocrx_word' id='word_1_768' title='bbox 1316 5131 1362 5203; x_wconf 90' lang='lat' dir='ltr'>qui</span> <span class='ocrx_word' id='word_1_769' title='bbox 1375 5130 1439 5188; x_wconf 85' lang='lat' dir='ltr'>iacit</span> <span class='ocrx_word' id='word_1_770' title='bbox 1451 5131 1587 5204; x_wconf 81' lang='lat' dir='ltr'>periectos</span> <span class='ocrx_word' id='word_1_771' title='bbox 1599 5133 1626 5188; x_wconf 94' lang='lat' dir='ltr'>in</span> <span class='ocrx_word' id='word_1_772' title='bbox 1640 5132 1753 5215; x_wconf 71' lang='lat' dir='ltr'>iustitia.</span> <span class='ocrx_word' id='word_1_773' title='bbox 1768 5135 1840 5190; x_wconf 88' lang='lat' dir='ltr'>Om-</span> 
     </span>
     <span class='ocr_line' id='line_1_57' title="bbox 178 5189 1838 5279; baseline 0.011 -38"><span class='ocrx_word' id='word_1_774' title='bbox 178 5189 304 5272; x_wconf 80' lang='lat' dir='ltr'>tudinem¹</span> <span class='ocrx_word' id='word_1_775' title='bbox 320 5193 469 5272; x_wconf 70' lang='lat' dir='ltr'>suamne</span> <span class='ocrx_word' id='word_1_776' title='bbox 489 5190 540 5247; x_wconf 91' lang='lat' dir='ltr'>hac</span> <span class='ocrx_word' id='word_1_777' title='bbox 552 5208 651 5278; x_wconf 40' lang='lat' dir='ltr'>perro·</span> <span class='ocrx_word' id='word_1_778' title='bbox 666 5197 786 5267; x_wconf 91' lang='lat' dir='ltr'>imagine</span> <span class='ocrx_word' id='word_1_779' title='bbox 808 5206 842 5279; x_wconf 85' lang='lat' dir='ltr'>et¹</span> <span class='ocrx_word' id='word_1_780' title='bbox 856 5199 978 5255; x_wconf 91' lang='lat' dir='ltr'>similitu·</span> <span class='ocrx_word' id='word_1_781' title='bbox 1030 5215 1074 5255; x_wconf 90' lang='lat' dir='ltr'>nis</span> <span class='ocrx_word' id='word_1_782' title='bbox 1094 5201 1169 5257; x_wconf 92' lang='lat' dir='ltr'>enim</span> <span class='ocrx_word' id='word_1_783' title='bbox 1181 5200 1283 5273; x_wconf 88' lang='lat' dir='ltr'>justitia</span> <span class='ocrx_word' id='word_1_784' title='bbox 1303 5211 1331 5258; x_wconf 87' lang='lat' dir='ltr'>et</span> <span class='ocrx_word' id='word_1_785' title='bbox 1373 5201 1483 5260; x_wconf 88' lang='lat' dir='ltr'>erlectio</span> <span class='ocrx_word' id='word_1_786' title='bbox 1506 5213 1577 5261; x_wconf 90' lang='lat' dir='ltr'>esta</span> <span class='ocrx_word' id='word_1_787' title='bbox 1605 5203 1708 5276; x_wconf 90' lang='lat' dir='ltr'>Spiritu</span> <span class='ocrx_word' id='word_1_788' title='bbox 1728 5213 1838 5262; x_wconf 88' lang='lat' dir='ltr'>sancto.</span> 
     </span>
     <span class='ocr_line' id='line_1_58' title="bbox 178 5217 1840 5359; baseline 0.014 -48"><span class='ocrx_word' id='word_1_789' title='bbox 178 5257 241 5313; x_wconf 89' lang='lat' dir='ltr'>dine</span> <span class='ocrx_word' id='word_1_790' title='bbox 255 5264 306 5340; x_wconf 82' lang='lat' dir='ltr'>Dei</span> <span class='ocrx_word' id='word_1_791' title='bbox 326 5277 355 5316; x_wconf 92' lang='lat' dir='ltr'>in</span> <span class='ocrx_word' id='word_1_792' title='bbox 377 5277 468 5317; x_wconf 92' lang='lat' dir='ltr'>anima</span> <span class='ocrx_word' id='word_1_793' title='bbox 484 5261 612 5330; x_wconf 87' lang='lat' dir='ltr'>hominis,</span> <span class='ocrx_word' id='word_1_794' title='bbox 627 5266 688 5324; x_wconf 86' lang='lat' dir='ltr'>vide</span> <span class='ocrx_word' id='word_1_795' title='bbox 710 5267 862 5340; x_wconf 80' lang='lat' dir='ltr'>Magistra</span> <span class='ocrx_word' id='word_1_796' title='bbox 880 5271 979 5325; x_wconf 76' lang='lat' dir='ltr'>asen-</span> <span class='ocrx_word' id='word_1_797' title='bbox 1031 5272 1072 5327; x_wconf 89' lang='lat' dir='ltr'>lta</span> <span class='ocrx_word' id='word_1_798' title='bbox 1092 5273 1119 5328; x_wconf 91' lang='lat' dir='ltr'>S.</span> <span class='ocrx_word' id='word_1_799' title='bbox 1140 5273 1275 5340; x_wconf 86' lang='lat' dir='ltr'>Thomas,</span> <span class='ocrx_word' id='word_1_800' title='bbox 1290 5274 1336 5345; x_wconf 94' lang='lat' dir='ltr'>qui</span> <span class='ocrx_word' id='word_1_801' title='bbox 1355 5217 1424 5330; x_wconf 65' lang='lat' dir='ltr'>flans</span> <span class='ocrx_word' id='word_1_802' title='bbox 1446 5273 1591 5333; x_wconf 88' lang='lat' dir='ltr'>lectionem</span> <span class='ocrx_word' id='word_1_803' title='bbox 1610 5275 1696 5359; x_wconf 84' lang='lat' dir='ltr'>magis</span> <span class='ocrx_word' id='word_1_804' title='bbox 1716 5273 1840 5346; x_wconf 84' lang='lat' dir='ltr'>probare</span> 
     </span>
     <span class='ocr_line' id='line_1_59' title="bbox 90 5328 1840 5459; baseline 0.014 -80"><span class='ocrx_word' id='word_1_805' title='bbox 90 5372 93 5378; x_wconf 83' lang='lat'><strong>.</strong></span> <span class='ocrx_word' id='word_1_806' title='bbox 177 5332 245 5410; x_wconf 79' lang='lat' dir='ltr'>tent.</span> <span class='ocrx_word' id='word_1_807' title='bbox 259 5328 322 5456; x_wconf 53' lang='lat' dir='ltr'>elligi.</span> <span class='ocrx_word' id='word_1_808' title='bbox 348 5337 395 5459; x_wconf 55' lang='lat'>166</span> <span class='ocrx_word' id='word_1_809' title='bbox 415 5334 442 5389; x_wconf 89' lang='lat' dir='ltr'>S.</span> <span class='ocrx_word' id='word_1_810' title='bbox 459 5333 596 5417; x_wconf 82' lang='lat' dir='ltr'>Thomam</span> <span class='ocrx_word' id='word_1_811' title='bbox 608 5351 621 5393; x_wconf 91' lang='lat'>1</span> <span class='ocrx_word' id='word_1_812' title='bbox 635 5347 726 5421; x_wconf 74' lang='lat' dir='ltr'>parte,</span> <span class='ocrx_word' id='word_1_813' title='bbox 747 5352 775 5410; x_wconf 85' lang='lat' dir='ltr'>q.</span> <span class='ocrx_word' id='word_1_814' title='bbox 793 5344 845 5408; x_wconf 81' lang='lat'>93;</span> <span class='ocrx_word' id='word_1_815' title='bbox 856 5346 884 5396; x_wconf 91' lang='lat' dir='ltr'>et</span> <span class='ocrx_word' id='word_1_816' title='bbox 899 5342 979 5396; x_wconf 85' lang='lat' dir='ltr'>Pere-</span> <span class='ocrx_word' id='word_1_817' title='bbox 1031 5341 1138 5426; x_wconf 78' lang='lat' dir='ltr'>ridetur</span> <span class='ocrx_word' id='word_1_818' title='bbox 1151 5346 1195 5424; x_wconf 72' lang='lat' dir='ltr'>(S.</span> <span class='ocrx_word' id='word_1_819' title='bbox 1213 5346 1303 5400; x_wconf 80' lang='lat' dir='ltr'>Tbom.</span> <span class='ocrx_word' id='word_1_820' title='bbox 1316 5347 1346 5400; x_wconf 88' lang='lat' dir='ltr'>in</span> <span class='ocrx_word' id='word_1_821' title='bbox 1356 5347 1528 5417; x_wconf 79' lang='lat' dir='ltr'>commem).</span> <span class='ocrx_word' id='word_1_822' title='bbox 1543 5346 1604 5402; x_wconf 87' lang='lat' dir='ltr'>Alia</span> <span class='ocrx_word' id='word_1_823' title='bbox 1616 5347 1694 5429; x_wconf 74' lang='lat' dir='ltr'>lectio</span> <span class='ocrx_word' id='word_1_824' title='bbox 1707 5362 1715 5399; x_wconf 74' lang='grc' dir='ltr'><strong><em>ε</em></strong></span> <span class='ocrx_word' id='word_1_825' title='bbox 1727 5348 1840 5430; x_wconf 39' lang='lat' dir='ltr'>Iit-spi:-</span> 
     </span>
     <span class='ocr_line' id='line_1_60' title="bbox 178 5407 1840 5561; baseline 0.011 -35"><span class='ocrx_word' id='word_1_826' title='bbox 178 5407 866 5556; x_wconf 38' lang='lat' dir='ltr'>nffifnlmiiiulrvtaliglflffseeliffltsffiieiltaetsilsnil&#39;esiderium</span> <span class='ocrx_word' id='word_1_827' title='bbox 880 5481 978 5540; x_wconf 72' lang='lat' dir='ltr'>animae</span> <span class='ocrx_word' id='word_1_828' title='bbox 1030 5417 1771 5561; x_wconf 44' lang='lat' dir='ltr'>{idiliffiigiiffissioeitqgimpffiffigiifeiiggbw{jegdgnpssgiti</span> <span class='ocrx_word' id='word_1_829' title='bbox 1794 5433 1840 5477; x_wconf 55' lang='lat' dir='ltr'>uu</span> 
     </span>
     <span class='ocr_line' id='line_1_61' title="bbox 176 5544 1840 5632; baseline 0.011 -36"><span class='ocrx_word' id='word_1_830' title='bbox 176 5544 301 5599; x_wconf 89' lang='lat' dir='ltr'>rauonali</span> <span class='ocrx_word' id='word_1_831' title='bbox 317 5555 445 5616; x_wconf 88' lang='lat' dir='ltr'>insitum,</span> <span class='ocrx_word' id='word_1_832' title='bbox 459 5548 533 5618; x_wconf 90' lang='lat' dir='ltr'>quod</span> <span class='ocrx_word' id='word_1_833' title='bbox 554 5549 597 5606; x_wconf 92' lang='lat' dir='ltr'>his</span> <span class='ocrx_word' id='word_1_834' title='bbox 618 5551 707 5608; x_wconf 84' lang='lat' dir='ltr'>verbis</span> <span class='ocrx_word' id='word_1_835' title='bbox 724 5552 849 5622; x_wconf 81' lang='lat' dir='ltr'>Apostoli</span> <span class='ocrx_word' id='word_1_836' title='bbox 865 5551 979 5611; x_wconf 90' lang='lat' dir='ltr'>insinua·</span> <span class='ocrx_word' id='word_1_837' title='bbox 1031 5555 1126 5628; x_wconf 87' lang='lat' dir='ltr'>gneius</span> <span class='ocrx_word' id='word_1_838' title='bbox 1151 5565 1278 5615; x_wconf 89' lang='lat' dir='ltr'>nostrum</span> <span class='ocrx_word' id='word_1_839' title='bbox 1300 5559 1498 5632; x_wconf 86' lang='lat' dir='ltr'>interpreteml</span> <span class='ocrx_word' id='word_1_840' title='bbox 1533 5562 1585 5617; x_wconf 90' lang='lat' dir='ltr'>isse</span> <span class='ocrx_word' id='word_1_841' title='bbox 1607 5561 1747 5619; x_wconf 77' lang='lat' dir='ltr'>insinno</span> <span class='ocrx_word' id='word_1_842' title='bbox 1760 5579 1840 5615; x_wconf 76' lang='grc' dir='ltr'>πνιι·</span> 
     </span>
     <span class='ocr_line' id='line_1_62' title="bbox 176 5619 1839 5702; baseline 0.014 -36"><span class='ocrx_word' id='word_1_843' title='bbox 176 5619 232 5680; x_wconf 88' lang='lat' dir='ltr'>tur,</span> <span class='ocrx_word' id='word_1_844' title='bbox 245 5628 375 5697; x_wconf 86' lang='lat' dir='ltr'>magnum</span> <span class='ocrx_word' id='word_1_845' title='bbox 390 5626 432 5674; x_wconf 91' lang='lat' dir='ltr'>est</span> <span class='ocrx_word' id='word_1_846' title='bbox 455 5619 746 5702; x_wconf 67' lang='lat' dir='ltr'>immortalitatisque</span> <span class='ocrx_word' id='word_1_847' title='bbox 768 5633 976 5695; x_wconf 84' lang='lat' dir='ltr'>argumentum3</span> <span class='ocrx_word' id='word_1_848' title='bbox 1033 5627 1134 5699; x_wconf 76' lang='grc' dir='ltr'><strong>μάτων,</strong></span> <span class='ocrx_word' id='word_1_849' title='bbox 1150 5628 1247 5698; x_wconf 90' lang='lat' dir='ltr'>idest,</span> <span class='ocrx_word' id='word_1_850' title='bbox 1263 5631 1426 5702; x_wconf 78' lang='lat' dir='ltr'>spirituum,</span> <span class='ocrx_word' id='word_1_851' title='bbox 1441 5639 1509 5688; x_wconf 83' lang='lat' dir='ltr'>stre</span> <span class='ocrx_word' id='word_1_852' title='bbox 1522 5631 1574 5688; x_wconf 88' lang='lat' dir='ltr'>arri</span> <span class='ocrx_word' id='word_1_853' title='bbox 1589 5631 1624 5690; x_wconf 91' lang='lat' dir='ltr'>ad</span> <span class='ocrx_word' id='word_1_854' title='bbox 1646 5632 1786 5701; x_wconf 64' lang='lat' dir='ltr'>indicem</span> <span class='ocrx_word' id='word_1_855' title='bbox 1806 5639 1839 5690; x_wconf 86' lang='lat' dir='ltr'>ut</span> 
     </span>
     <span class='ocr_line' id='line_1_63' title="bbox 176 5688 1837 5776; baseline 0.014 -38"><span class='ocrx_word' id='word_1_856' title='bbox 176 5697 209 5764; x_wconf 80' lang='lat' dir='ltr'>ex</span> <span class='ocrx_word' id='word_1_857' title='bbox 233 5698 288 5755; x_wconf 94' lang='lat' dir='ltr'>qno</span> <span class='ocrx_word' id='word_1_858' title='bbox 309 5694 390 5744; x_wconf 89' lang='lat' dir='ltr'>etiam</span> <span class='ocrx_word' id='word_1_859' title='bbox 410 5688 509 5745; x_wconf 92' lang='lat' dir='ltr'>ethnici</span> <span class='ocrx_word' id='word_1_860' title='bbox 532 5691 687 5764; x_wconf 90' lang='lat' dir='ltr'>philosophi</span> <span class='ocrx_word' id='word_1_861' title='bbox 707 5692 829 5750; x_wconf 91' lang='lat' dir='ltr'>animam</span> <span class='ocrx_word' id='word_1_862' title='bbox 852 5696 974 5754; x_wconf 90' lang='lat' dir='ltr'>hominis</span> <span class='ocrx_word' id='word_1_863' title='bbox 1028 5699 1064 5756; x_wconf 88' lang='lat' dir='ltr'>sit</span> <span class='ocrx_word' id='word_1_864' title='bbox 1083 5715 1179 5757; x_wconf 91' lang='lat' dir='ltr'>seusus</span> <span class='ocrx_word' id='word_1_865' title='bbox 1195 5701 1270 5773; x_wconf 93' lang='lat' dir='ltr'>quod</span> <span class='ocrx_word' id='word_1_866' title='bbox 1284 5702 1411 5760; x_wconf 87' lang='lat' dir='ltr'>Christus</span> <span class='ocrx_word' id='word_1_867' title='bbox 1422 5702 1507 5776; x_wconf 88' lang='lat' dir='ltr'>judex</span> <span class='ocrx_word' id='word_1_868' title='bbox 1530 5711 1571 5760; x_wconf 88' lang='lat' dir='ltr'>est</span> <span class='ocrx_word' id='word_1_869' title='bbox 1590 5703 1731 5773; x_wconf 88' lang='lat' dir='ltr'>omnium,</span> <span class='ocrx_word' id='word_1_870' title='bbox 1748 5704 1837 5761; x_wconf 82' lang='lat' dir='ltr'>otiaris</span> 
     </span>
     <span class='ocr_line' id='line_1_64' title="bbox 176 5757 1835 5846; baseline 0.014 -36"><span class='ocrx_word' id='word_1_871' title='bbox 176 5757 362 5813; x_wconf 89' lang='lat' dir='ltr'>immortalem</span> <span class='ocrx_word' id='word_1_872' title='bbox 376 5771 550 5844; x_wconf 35' lang='lat' dir='ltr'>&#39;agnoverunt</span> <span class='ocrx_word' id='word_1_873' title='bbox 572 5771 599 5818; x_wconf 86' lang='lat' dir='ltr'>et</span> <span class='ocrx_word' id='word_1_874' title='bbox 612 5762 833 5845; x_wconf 76' lang='lat' dir='ltr'>comprobarunt.</span> <span class='ocrx_word' id='word_1_875' title='bbox 849 5769 926 5826; x_wconf 89' lang='lat' dir='ltr'>Plato</span> <span class='ocrx_word' id='word_1_876' title='bbox 946 5769 992 5825; x_wconf 83' lang='lat' dir='ltr'>in‘</span> <span class='ocrx_word' id='word_1_877' title='bbox 1023 5770 1163 5844; x_wconf 76' lang='lat' dir='ltr'>iustorum</span> <span class='ocrx_word' id='word_1_878' title='bbox 1191 5781 1219 5830; x_wconf 92' lang='lat' dir='ltr'>et</span> <span class='ocrx_word' id='word_1_879' title='bbox 1236 5773 1420 5845; x_wconf 88' lang='lat' dir='ltr'>perlectomm</span> <span class='ocrx_word' id='word_1_880' title='bbox 1434 5773 1595 5846; x_wconf 89' lang='lat' dir='ltr'>spirituum,</span> <span class='ocrx_word' id='word_1_881' title='bbox 1607 5774 1635 5832; x_wconf 91' lang='lat' dir='ltr'>id</span> <span class='ocrx_word' id='word_1_882' title='bbox 1653 5783 1712 5843; x_wconf 90' lang='lat' dir='ltr'>est,</span> <span class='ocrx_word' id='word_1_883' title='bbox 1726 5775 1835 5833; x_wconf 66' lang='lat' dir='ltr'>mms-</span> 
     </span>
     <span class='ocr_line' id='line_1_65' title="bbox 174 5826 1835 5918; baseline 0.012 -35"><span class='ocrx_word' id='word_1_884' title='bbox 174 5826 321 5890; x_wconf 77' lang='lat' dir='ltr'>Phaedone.</span> <span class='ocrx_word' id='word_1_885' title='bbox 335 5831 493 5891; x_wconf 81' lang='lat' dir='ltr'>Austoteles</span> <span class='ocrx_word' id='word_1_886' title='bbox 502 5831 549 5890; x_wconf 92' lang='lat' dir='ltr'>lib.</span> <span class='ocrx_word' id='word_1_887' title='bbox 563 5848 588 5892; x_wconf 91' lang='lat' dir='ltr'>ii</span> <span class='ocrx_word' id='word_1_888' title='bbox 600 5833 635 5893; x_wconf 88' lang='lat' dir='ltr'>de</span> <span class='ocrx_word' id='word_1_889' title='bbox 649 5839 759 5893; x_wconf 88' lang='lat' dir='ltr'>Anima.</span> <span class='ocrx_word' id='word_1_890' title='bbox 1018 5857 1099 5907; x_wconf 84' lang='lat' dir='ltr'>rum.</span> <span class='ocrx_word' id='word_1_891' title='bbox 1113 5847 1151 5900; x_wconf 87' lang='lat' dir='ltr'>At</span> <span class='ocrx_word' id='word_1_892' title='bbox 1160 5844 1270 5918; x_wconf 84' lang='lat' dir='ltr'>vulgata</span> <span class='ocrx_word' id='word_1_893' title='bbox 1281 5853 1309 5905; x_wconf 91' lang='lat' dir='ltr'>et</span> <span class='ocrx_word' id='word_1_894' title='bbox 1322 5852 1444 5904; x_wconf 80' lang='lat' dir='ltr'>cementa</span> <span class='ocrx_word' id='word_1_895' title='bbox 1456 5845 1546 5903; x_wconf 81' lang='lat' dir='ltr'>versio</span> <span class='ocrx_word' id='word_1_896' title='bbox 1568 5845 1665 5903; x_wconf 85' lang='lat' dir='ltr'>Latina</span> <span class='ocrx_word' id='word_1_897' title='bbox 1684 5861 1762 5904; x_wconf 87' lang='lat' dir='ltr'>nunc</span> <span class='ocrx_word' id='word_1_898' title='bbox 1781 5844 1835 5903; x_wconf 86' lang='lat' dir='ltr'>lia·</span> 
     </span>
    </p>
   </div>
   <div class='ocr_carea' id='block_1_7' title="bbox 0 0 1928 6150">
    <p class='ocr_par' dir='ltr' id='par_1_7' title="bbox 0 0 1928 6150">
     <span class='ocr_line' id='line_1_66' title="bbox 0 0 1928 6150; baseline 0 0"><span class='ocrx_word' id='word_1_899' title='bbox 0 0 1928 6150; x_wconf 95' lang='lat' dir='ltr'> </span> 
     </span>
    </p>
   </div>
  </div>
 </body>
</html>
