3848 6158
118 248 154 301 89
364 247 408 302 DE
427 245 668 304 cOEnosslctttlrt
686 247 805 303 lNS'sl'l'.
829 249 892 304 tta.
914 250 944 306 ll.
964 279 1000 291 ·-
1019 251 1063 305 DE
1081 248 1274 306 aestuatus
1292 247 1531 304 cuntramnus.
1737 251 1772 303 90

126 385 146 426 n
177 370 321 427 nocturnis
345 371 541 428 conventiculis
560 371 728 440 custodiri,⁸
754 372 853 445 quibus
878 372 917 431 le·
933 378 960 442 Α
974 375 1080 432 sabbati
1094 376 1133 431 rel
1147 373 1290 431 Dominico
1305 382 1449 445 ustrasque
1464 372 1498 429 de
1511 387 1584 429 novo
1595 373 1708 428 recitant
1721 375 1773 430 Tc·

115 464 222 521 ctiones
238 464 361 537 geminas
380 463 568 538 adiungentes,
592 465 618 522 id
637 476 690 535 est,
705 482 788 523 unam
808 469 916 538 veteris,
971 476 1123 535 stamento,
1148 467 1176 525 id
1195 475 1247 536 est,
1268 483 1351 524 unam
1373 467 1408 525 do
1427 466 1572 538 Apostolo,
1598 467 1637 521 vel
1657 467 1772 524 Actibus

114 558 237 616 etaliam
249 557 312 615 novi
327 558 504 627 Testamenti,
519 568 661 633 tamquam
677 576 734 618 ase
746 560 916 618 eastraditas
970 561 1169 639 apostolorum,
1191 569 1218 617 et
1238 561 1319 617 aliam
1346 560 1380 617 de
1402 561 1564 633 Evangeliis.
1586 559 1666 631 Quod
1690 560 1771 616 etianr

115 661 145 709 et
156 653 231 709 velut
252 651 492 717 extraordinarias,
507 653 662 711 volentibus
682 664 804 723 tentum,
828 671 860 712 ac
873 655 915 712 di·
970 655 1059 711 totisc
1075 655 1315 728 Quinquagesimac
1332 654 1428 711 diebus
1447 654 1548 710 iaciunt
1567 654 1594 709 hi
1612 654 1710 725 quihus
1728 653 1767 710 le·

116 748 240 804 vittarum
255 747 460 819 Scripturarnm
472 749 634 804 memoriam
657 748 794 822 possidere
811 751 916 809 assidua
970 751 1025 809 ctio
1038 765 1112 810 curae
1124 758 1175 819 est,
1191 765 1238 809 seu
1253 749 1385 809 memoria
1399 749 1609 825 scripturarum.

113 841 292 900 meditatione
313 839 488 900 studentibus
511 840 713 903 addiderunt.¹’
733 847 765 901 ln
788 844 831 903 die
852 861 915 904 sero

666 1003 794 1059 ALARDl
812 1004 925 1060 GAZAEl
944 1003 1221 1060 COMMENTARIUS.

103 1142 178 1208 *liter
189 1139 349 1196 dictitantur
363 1142 392 1195 ia
401 1145 501 1212 septem
514 1145 865 1218 noctiumaiqiliaslnempe
874 1153 917 1202 to·
968 1145 1140 1203 testimoniis.
1165 1144 1289 1200 tustinus
1313 1147 1414 1216 llartyr
1438 1145 1468 1199 in
1493 1145 1624 1217 Apologia
1649 1144 1767 1202 secunda

113 1215 169 1268 tius
195 1210 388 1282 hebdomadae)
406 1213 552 1283 partiendo
572 1218 736 1285 omnesqui
752 1218 916 1286 protectores
971 1218 1022 1274 sub
1038 1216 1120 1272 duem
1137 1216 1201 1273 dicit
1218 1237 1223 1270 ι
1242 1219 1374 1273 Lectiones
1389 1233 1423 1270 ea
1435 1217 1572 1286 apostolis,
1592 1221 1618 1271 et
1627 1220 1766 1286 prophetis

113 1290 180 1338 sunt
194 1282 251 1353 (ub
271 1281 344 1353 apud
357 1298 409 1338 nos
426 1282 486 1338 lieri
507 1283 608 1351 soleti,
626 1290 651 1340 et
665 1287 804 1342 duodecim
816 1291 919 1358 psalmi
969 1291 999 1343 in
1010 1294 1139 1343 contemtu
1153 1289 1272 1358 fidelium
1288 1286 1341 1357 lapi
1357 1290 1461 1342 solitas.
1475 1287 1624 1344 Concilium
1639 1289 1769 1344 Laodice-

111 1357 729 1425 perunamquamqaeconstituarrtarnectern3
740 1364 770 1413 ot
789 1363 918 1415 aeomni-
971 1376 1037 1415 num
1058 1369 1120 1416 ante
1135 1374 1222 1415 annos
1241 1359 1313 1414 nrille
1329 1358 1460 1413 ducentos
1477 1357 1646 1413 celebratum
1664 1360 1767 1421 statuit,

115 1428 165 1508 bats
179 1425 264 1480 mods's
276 1425 306 1478 id
318 1425 489 1487 attundetur,
504 1430 536 1479 ut
551 1429 624 1480 omni
636 1376 804 1483 bebdomaAa
811 1433 916 1499 psalte·
971 1436 1002 1486 ut
1018 1433 1132 1513 psalmis
1147 1432 1269 1485 lectiones
1288 1433 1529 1510 interponerentur.
1551 1430 1579 1484 S.
1600 1429 1769 1509 Augustinus

113 1500 916 1583 rrumerardepronnmerocentumquinquapiatapsalmo·
971 1502 1047 1558 initio
1072 1501 1249 1575 expositionis
1273 1501 1300 1556 iu
1327 1515 1444 1572 primam
1464 1500 1577 1555 loannis
1605 1499 1765 1580 Epistolam‚

113 1583 177 1622 rum
186 1567 339 1638 peditatum
354 1570 380 1622 et
391 1569 527 1623 Dominico
540 1567 584 1622 die
596 1584 727 1640 sernpern
742 1576 828 1641 capite
842 1588 917 1643 repe·

113 1644 193 1694 tatur
203 1638 241 1693 ad
251 1639 372 1706 ciqilrirs3
385 1641 462 1708 quia,
479 1637 577 1709 inquit,
589 1641 668 1695 nimis
680 1644 752 1696 iners
769 1642 915 1698 devotionis

112 1725 171 1764 snoe
180 1710 318 1764 serentum
328 1709 473 1764 ostendunt
482 1710 615 1773 monachi,
627 1713 676 1780 qui
685 1715 774 1767 minsas
786 1715 915 1782 psalterio

112 1796 174 1834 cum
188 1782 298 1835 conticis
311 1780 553 1835 cornuetudiaoriis
560 1797 610 1851 per
621 1785 777 1852 septimanae
786 1786 915 1840 arculam

109 1852 249 1922 psallunt;
263 1866 322 1905 cam
335 1852 454 1920 legamus
465 1855 570 1906 serastes
583 1854 677 1908 Patres
690 1859 795 1910 nestros
808 1872 861 1910 uno
871 1856 916 1912 die

112 1928 223 1977 streame
232 1923 389 1991 impleuisse,
404 1922 477 1992 quod
488 1938 535 1977 nos
549 1923 634 1993 tepridi
643 1927 750 1979 atirmm
762 1930 915 2007 septimana

112 1996 221 2063 ntteqra
232 1993 426 2064 persolvamus.
444 1993 550 2063 Quibus
563 1993 652 2050 verbis
669 2005 779 2052 sanctos
791 1997 852 2053 rllos
864 2000 914 2053 Pa-

111 2071 173 2119 tres
195 2071 223 2119 et
244 2063 395 2120 monachos
417 2064 531 2120 intruere
551 2063 667 2133 videtur,
684 2065 719 2122 de
738 2066 836 2137 quibus
849 2069 913 2124 Cas-

111 2135 209 2190 sianus
223 2134 315 2190 scribit
328 2149 357 2190 ca
380 2177 386 2188 .
400 2142 416 2189 t
429 2134 514 2206 hujus
531 2133 602 2201 libri,
613 2152 654 2190 eos
669 2137 701 2193 de
716 2154 827 2193 name-ro
837 2138 914 2209 psol-

111 2221 223 2260 morurn
236 2208 266 2259 in
277 2150 441 2275 percusionis
454 2207 561 2276 officiis,
575 2210 629 2262 sire
645 2210 869 2274 solemnitatibus,
885 2216 916 2267 at

113 2280 206 2338 coeat,
225 2277 389 2331 instituendo
404 2280 452 2347 piu
464 2280 628 2333 contentione
646 2284 770 2343 certasse,
787 2281 852 2334 dum
866 2283 917 2336 olii

112 2350 331 2416 quirtqaapenos,
346 2349 396 2401 alii
406 2363 560 2417 sexagenos,
572 2351 693 2404 attinere
704 2367 737 2404 ne
749 2352 797 2405 boc
807 2353 915 2422 quictem

112 2434 227 2471 tatemere
240 2421 358 2472 contenti
369 2419 531 2474 arcadicum
545 2421 640 2475 debere
651 2426 795 2476 cernerent.
813 2425 912 2480 Verum

113 2488 195 2545 aliam
216 2488 348 2543 rationem
368 2489 476 2560 tropolo
495 2490 566 2546 icam
587 2491 664 2546 istius
677 2493 853 2549 institutionis
874 2498 909 2551 D.

114 2558 263 2625 Benedicti,
275 2558 309 2614 de
322 2575 438 2616 numero
449 2505 552 2617 scDieet
568 2562 735 2632 psalmorum
746 2562 911 2621 duodenario

114 2632 141 2686 in
164 2630 304 2686 nocturnis
325 2629 507 2698 decantando,
531 2632 597 2688 scite
616 2635 747 2705 expressit
767 2635 913 2693 Durandus

113 2701 284 2757 blimatensis
297 2700 340 2756 his
351 2702 440 2759 verbis
453 2707 574 2760 :Beatus
591 2705 747 2760 Benedictus
759 2708 840 2761 aliter
852 2709 914 2776 osri-

113 2776 185 2826 mum
198 2775 282 2827 noctis
297 2773 451 2843 ordinauitr
460 2789 515 2830 noa
530 2779 619 2829 tamen
636 2776 794 2832 dissentiens
808 2793 826 2831 a
841 2793 914 2847 prar-

113 2847 197 2898 missa
211 2845 333 2900 Ecclesiae
343 2844 571 2909 ordinatumve
583 2847 626 2900 illi
636 2849 664 2900 in
675 2849 767 2917 alique
779 2850 914 2903 contradi-

113 2931 188 2981 ceas3
203 2914 249 2969 sed
263 2915 357 2969 ordini
373 2931 421 2970 sao
438 2916 570 2986 paricidam
586 2919 720 2987 pecul-iare
741 2922 913 2975 corastitueas.

113 2988 173 3055 lpse
185 3001 301 3055 nemque
312 2988 431 3041 instituit
440 2987 520 3041 semel
531 2987 587 3042 dici
596 3008 604 3042 :
616 2993 695 3052 Dens,
706 2992 735 3043 ia
746 2991 914 3060 adjutoriam

112 3073 201 3111 meum
214 3056 440 3113 ieameamer:
453 3061 573 3120 Domine,
583 3060 656 3114 labia
664 3076 721 3115 mea
733 3063 845 3131 operies,
852 3078 915 3133 pro

112 3132 177 3198 pter
188 3129 368 3183 renermtiam
382 3131 501 3184 Deitatis
513 3135 539 3183 et
553 3133 706 3186 Trinitatis.
721 3132 823 3188 Deinde
834 3135 914 3190 Psat-

113 3214 192 3253 mum
204 3216 214 3254 a
226 3201 356 3262 Domine,
372 3199 440 3269 quid
452 3201 635 3270 multiplicati,
656 3218 684 3257 eo
701 3203 773 3271 quod
788 3220 805 3257 a
818 3219 916 3260 sommo

971 1573 1097 1629 meminit
1121 1573 1268 1629 lectionum
1296 1587 1359 1644 quae
1380 1573 1408 1627 in
1428 1572 1537 1628 eeclesia
1569 1580 1649 1627 cerns
1672 1570 1767 1628 diebus

972 1645 1077 1700 recitari
1096 1644 1219 1700 solebant
1243 1663 1249 1698 :
1269 1646 1342 1711 Deo,
1364 1642 1460 1715 inquit,
1477 1646 1517 1697 ita
1532 1646 1596 1697 seint
1611 1657 1719 1704 onaan,
1736 1649 1768 1699 ut

969 1716 1031 1770 alim
1051 1731 1105 1770 esse
1125 1731 1178 1769 nora
1193 1717 1308 1784 possint.
1322 1715 1408 1769 Porro
1429 1713 1456 1768 in
1468 1722 1602 1769 nocturno
1617 1712 1707 1768 otlicio
1727 1713 1765 1769 le·

969 1794 1072 1853 guntur
1094 1784 1222 1841 lectiones
1252 1785 1292 1839 vel
1317 1799 1350 1838 ex
1371 1785 1456 1840 saeris
1483 1784 1556 1840 libris
1583 1784 1689 1848 veteris,
1719 1793 1766 1841 aut

968 1857 1031 1912 novi
1054 1855 1230 1923 Testamenti,
1252 1864 1282 1910 ut
1304 1853 1349 1909 hie
1372 1854 1486 1911 habetur
1506 1873 1512 1909 :
1536 1854 1577 1909 vel
1594 1869 1628 1909 en
1649 1855 1767 1912 homiliis

972 1930 1097 1993 Patrem,
1120 1928 1159 1982 vel
1177 1942 1210 1981 ea
1231 1925 1300 1981 Vitis
1316 1933 1343 1981 et
1361 1925 1442 1996 gestis
1454 1933 1620 1981 sanctorum.
1639 1926 1720 1982 Unde
1738 1928 1767 1983 in

932 1973 1086 2054 Bconcilio
1112 1996 1314 2068 Carthaginensi
1339 1999 1379 2051 lll
1402 1995 1617 2067 praescribuntur
1640 1996 1768 2054 lectiones

971 2085 1025 2125 non
1038 2077 1145 2125 tantum
1160 2084 1190 2124 er
1205 2069 1361 2138 scripturis,
1378 2067 1426 2123 sed
1440 2082 1472 2122 ex
1487 2067 1563 2123 Actis
1579 2074 1607 2122 et
1629 2068 1765 2122 Passioni-

970 2140 1022 2196 bus
1041 2149 1109 2195 mart
1123 2155 1204 2203 vrum,
1225 2154 1289 2193 eum
1308 2137 1481 2193 anniversarii
1498 2138 1555 2192 dies
1574 2152 1669 2192 eorum
1694 2139 1765 2194 cele·

968 2210 1091 2266 bruatur.
1112 2157 1153 2264 De
1176 2209 1336 2265 lectionibus
1361 2224 1424 2263 vero
1444 2224 1476 2264 ex
1498 2207 1617 2263 homiliis
1633 2210 1764 2276 Petrum,

968 2290 1082 2337 testatur
1094 2285 1128 2336 D.
1145 2280 1328 2352 Hieronymus
1336 2280 1364 2333 in
1376 2278 1444 2335 libro
1457 2278 1490 2334 de
1503 2278 1633 2349 Scriptor.
1646 2278 1764 2346 Eccles,

968 2352 1013 2408 ubi
1038 2352 1104 2408 dicit
1126 2367 1266 2408 sermones
1286 2353 1319 2406 B.
1340 2350 1458 2421 Ephrem
1481 2349 1531 2419 legi
1547 2349 1716 2405 consuevisse
1737 2350 1764 2405 in

966 2423 1075 2479 eeclesia
1090 2431 1151 2494 post
1167 2423 1295 2478 lectiones
1315 2423 1501 2491 apostolorum
1516 2429 1543 2475 et
1558 2420 1761 2491 prophetarum.

967 2496 1002 2550 Bt
1019 2498 1052 2549 D.
1071 2492 1234 2549 Benedictus
1254 2508 1313 2563 cap.
1337 2493 1481 2564 Dilegulae
1507 2493 1644 2553 :Codices
1664 2491 1762 2563 inquit,

966 2566 1123 2634 leqantarin
1135 2567 1245 2633 sigiliis,
1255 2569 1311 2619 tant
1321 2568 1416 2618 ceteris
1426 2566 1589 2619 Testamenti
1598 2579 1680 2633 qteam
1690 2567 1761 2626 nott,

966 2638 1065 2690 divina
1073 2639 1244 2690 auctoritatis
1258 2654 1266 2689 ε
1279 2636 1326 2688 sed
1339 2641 1365 2689 et
1377 2637 1552 2705 copositianes
1564 2651 1667 2695 cerrum,
1679 2650 1765 2703 ‹precno

965 2708 1187 2764 rtonrinatissimis
1214 2706 1366 2760 (tectonicas
1396 2706 1553 2761 orthodoxis
1579 2709 1604 2759 et
1629 2706 1765 2759 catholicis

968 2779 1096 2833 Palatius
1110 2779 1272 2844 factasunt.
1287 2778 1326 2830 De
1337 2774 1431 2831 ordine
1445 2791 1522 2845 vero,
1533 2789 1649 2829 numero
1658 2784 1685 2829 et
1700 2783 1767 2829 tem·

968 2864 1033 2918 pore
1050 2848 1196 2904 lectionum
1221 2848 1297 2920 plura
1319 2845 1441 2902 Gelasius
1463 2845 1583 2916 pontilex
1608 2843 1679 2970 agad
1698 2845 1766 2900 Gra-

968 2920 1082 2984 tianum,
1095 2918 1158 2975 dist.
1178 2924 1220 2986 td,
1240 2933 1301 2972 ean.
1316 2919 1413 2974 Sarteta
1433 2920 1561 2976 Dominio,
1576 2923 1602 2969 et
1642 2915 1765 2985 regorius

968 2986 1100 3060 septimus
1114 2989 1140 3044 in
1155 2989 1270 3045 coneilio
1287 2988 1417 3060 generali.
1437 2987 1512 3042 Unde
1531 2993 1620 3042 exstat
1637 2985 1765 3041 caslonin

972 3061 1030 3116 lraec
1041 3061 1121 3116 verba
1136 3064 1184 3117 :ln
1197 3062 1240 3115 die
1255 3061 1463 3117 Besa-rrectienis
1477 3056 1611 3127 usquead
1624 3056 1766 3111 sisebutum

971 3135 999 3186 in
1013 3134 1100 3196 Albis,
1124 3137 1149 3187 ct
1170 3135 1198 3186 ia
1217 3133 1261 3186 elie
1282 3134 1443 3186 Pcrttccostes
1466 3145 1549 3199 nsque
1571 3130 1599 3182 in
1622 3128 1765 3183 sabbatum

971 3204 1098 3272 rjandam,
1114 3208 1167 3258 tres
1183 3204 1301 3273 psalmos
1316 3206 1420 3256 tar-ratum
1443 3201 1479 3254 ad
1493 3205 1644 3262 nocturnos,
1660 3203 1766 3269 tresque

112 3282 231 3338 snrqent
240 3269 338 3324 dicitis
348 3285 377 3324 eo
388 3273 462 3340 :qu
473 3271 598 3334 dormivi,
607 3277 633 3326 et
643 3287 773 3327 sommum
783 3277 848 3343 cepi,
860 3282 912 3330 etc.
971 3277 1090 3330 lectiones
1101 3277 1212 3344 antiquo
1226 3291 1298 3327 more
1311 3276 1448 3327 cantamus
1462 3275 1487 3325 et
1501 3273 1621 3339 leqimus.
1638 3271 1765 3326 Omnibus

112 3340 237 3406 (Psalm.
248 3344 310 3406 ιιι).
322 3341 422 3397 Danda
434 3343 559 3411 inprime
571 3347 699 3397 nocturno
708 3347 880 3414 senpsalmos
889 3352 914 3401 et
932 3351 954 3414 c
968 3346 1061 3399 diebus
1073 3347 1135 3399 aliis
1147 3362 1197 3415 per
1209 3349 1293 3400 totum
1307 3359 1417 3404 aternam,
1430 3345 1455 3397 si
1465 3344 1598 3409 festivitas
1612 3346 1659 3405 est,
1673 3357 1764 3396 norrun

112 3415 236 3481 quatuor
248 3412 366 3466 income
377 3428 436 3466 mam
449 3413 560 3467 totidem
571 3417 745 3483 responsoriis
755 3418 864 3470 carituri
874 3419 915 3471 in-
965 3418 1082 3486 psalmos
1097 3421 1122 3470 et
1133 3432 1224 3471 raonem
1236 3415 1356 3469 lectiones
1367 3415 1490 3467 decimus.
1510 3414 1581 3468 Aliis
1598 3428 1659 3467 aero
1671 3412 1764 3468 aneas

112 3485 207 3538 stituit
222 3486 270 3537 :et
280 3483 390 3538 totidem
404 3485 432 3538 in
444 3484 574 3552 secundm·
586 3500 636 3554 per
648 3486 694 3540 boc
705 3489 789 3540 citum
799 3492 915 3543 contem-
968 3488 1107 3541 duedeeim
1118 3482 1237 3557 psalmos
1252 3489 1277 3541 ct
1292 3490 1345 3539 tres
1360 3487 1480 3539 lectiones
1499 3486 1651 3538 rediemus.
1669 3487 1699 3538 ln
1712 3488 1764 3539 De-

112 3553 249 3623 platinam
264 3556 387 3616 intruens,
400 3560 425 3608 et
438 3557 563 3609 activam.
576 3557 705 3611 Suectius
715 3560 785 3612 ertim
793 3561 912 3628 psalmo·
967 3561 1070 3613 rnr‘nicis
1083 3559 1175 3612 diceus
1189 3558 1328 3612 octodecim
1337 3557 1455 3626 psalmos
1466 3559 1590 3625 (ensuite
1600 3555 1644 3608 die
1656 3556 1767 3610 Pasclvoe

113 3639 312 3679 sumnumerus
319 3626 535 3695 aitamdesiqnut
545 3628 671 3690 aeneam,
680 3630 769 3698 inqua
779 3644 827 3684 sea
833 3647 914 3701 opera
968 3635 993 3685 et
1007 3633 1182 3695 Pentecosten)
1197 3633 1222 3682 et
1236 3644 1326 3682 nostem
1340 3628 1461 3681 lectiones
1480 3627 1602 3680 dicimus.
1616 3627 1663 3680 illi
1672 3632 1762 3680 (aretem

113 3697 309 3750 mesericordia
320 3698 441 3750 cmreenit
449 3699 576 3761 eaerceri,
590 3701 616 3752 si
628 3701 689 3768 quis
701 3700 738 3754 ad
749 3703 913 3772 contemplo·
968 3704 1017 3770 qai
1031 3704 1059 3755 in
1071 3701 1237 3770 quotidianis
1249 3699 1341 3753 diebus
1355 3703 1408 3753 tres
1422 3702 1526 3752 tanturn
1537 3698 1656 3767 psalmas
1669 3701 1694 3751 et
1708 3701 1762 3750 tres

112 3769 438 3837 tieoeoitoeperfcetionem
446 3768 560 3822 coluerat
565 3772 713 3838 perantiae,
721 3787 781 3840 qaoe
785 3788 835 3841 per
844 3789 914 3842 qae-
969 3774 1089 3826 lectiones
1112 3773 1245 3825 celebrare
1261 3772 1364 3832 rolant,
1381 3785 1432 3823 ιιι
1449 3786 1483 3823 en
1496 3770 1591 3837 requio
1610 3772 1763 3821 secretiorum

113 3842 178 3892 tuor
192 3839 344 3907 Boarrpelia
360 3838 529 3907 decipiatur,
550 3844 575 3894 et
587 3856 638 3909 per
671 3846 770 3896 uatuor
793 3844 914 3899 lectiones
967 3843 1198 3906 Prrrrumseacc
1211 3842 1325 3910 fastidio
1340 3841 1538 3910 ctrreqliqeatie
1551 3839 1763 3909 probanturboc

113 3910 644 3981 similiterfiquratur.vaterrmriusqu'
663 3916 914 3984 mnriumerusopud
967 3917 1066 3982 facere.
1079 3916 1146 3970 llaec
1160 3913 1206 3968 ihi.

112 3981 258 4035 amnocbes
269 3980 437 4051 quadratam
448 3982 634 4044 stabilitatem,
648 3987 674 4036 ct
687 3986 877 4052 Eevrnqeh'cam
884 3987 913 4039 ia

113 4053 217 4106 sandes
226 4053 424 4121 caprimitzsea
431 4052 634 4122 quadruplicem
642 4068 749 4107 sensum
757 4055 913 4123 Scriptura·

113 4138 191 4185 mam,
202 4127 312 4193 propter
321 4122 472 4193 quadripes
479 4124 683 4186 Aminadab,id
693 4124 912 4189 esthistorialem,
936 4154 939 4159 «

115 4193 299 4261 alleporicam,
322 4195 523 4263 tropolopicum
542 4199 567 4249 et
581 4197 765 4264 orcaqopicum.
786 4198 817 4251 ln
836 4199 914 4251 tertio

114 4280 179 4318 erere
191 4270 318 4320 andurae
330 4261 502 4321 triaCantica
513 4269 623 4320 carituri
633 4268 761 4328 instituit,
769 4267 797 4320 in
808 4267 914 4322 lccaelem

115 4337 295 4399 Trinitatem
305 4352 359 4406 quo
367 4336 510 4391 nobisoitoe
516 4337 706 4406 perforationem
716 4339 914 4392 dacicumclaa-

112 4408 142 4460 ri
154 4412 199 4462 ate
217 4408 349 4461 eredimus
366 4412 391 4462 et
408 4422 559 4477 speramns,
575 4416 626 4462 etc.
649 4410 720 4473 (Lib.
740 4424 757 4463 v
774 4411 912 4465 Dittierrui.

112 4494 175 4547 cap.
195 4483 222 4541 3,
236 4482 262 4532 et
280 4495 314 4533 en
334 4493 363 4532 eo
379 4481 457 4533 icari.
471 4479 632 4535 Seletbns'in
643 4480 739 4550 enplie.
757 4481 835 4550 offic.
852 4497 911 4551 cap.

111 4553 175 4614 23).
192 4551 260 4605 liaec
276 4548 328 4604 ille.
344 4548 432 4618 Quem
448 4557 477 4605 et
487 4549 546 4620 ejus
559 4549 732 4606 abbreviator
744 4552 823 4606 Joan.
839 4552 912 4607 Sele·

110 4618 178 4675 thus
192 4627 304 4675 secutus
321 4629 372 4676 est.
395 4621 479 4675 Porro
498 4636 547 4675 cur
560 4620 585 4674 in
603 4622 736 4692 vesperis,
750 4636 797 4677 seu
812 4621 912 4678 Oliieio

1002 3979 1016 4016 ι’
1035 3986 1085 4040 Sus
1106 3985 1169 4040 icari
1189 3983 1248 4054 quis
1268 3991 1358 4053 posset
1378 3982 1450 4038 diem
1469 3979 1572 4035 sabbati
1588 3994 1637 4059 pro
1654 3977 1761 4046 eodem,

967 4071 1063 4126 nempe
1097 4055 1120 4109 ie
1141 4054 1284 4109 Dominieo
1298 4068 1463 4124 synonymus
1482 4051 1526 4106 hic
1538 4050 1631 4119 accipi,
1648 4049 1683 4103 ob
1696 4064 1762 4103 con·

964 4127 1134 4195 junctionem
1157 4126 1228 4190 (vel)
1241 4140 1292 4194 qua
1313 4124 1428 4177 alterurn
1450 4120 1485 4175 ab
1496 4121 1581 4175 altero
1598 4118 1703 4173 videtur
1717 4135 1762 4172 ex·

968 4195 1041 4267 poni.
1058 4197 1089 4249 Et
1122 4195 1163 4249 uia
1178 4193 1320 4249 sabbatum
1341 4191 1501 4246 ludaeorum
1520 4187 1633 4244 indiam
1646 4187 1762 4244 domini-

968 4281 1031 4321 cum
1049 4211 1120 4336 apuA
1135 4263 1301 4319 Christianos
1314 4269 1452 4316 mutatum
1472 4260 1515 4317 sit.
1533 4265 1569 4315 At
1581 4276 1636 4315 rron
1651 4259 1686 4315 ita
1705 4275 1763 4316 esse

968 4337 1035 4391 satis
1048 4344 1138 4406 aperte
1151 4334 1280 4407 cdligitur
1295 4349 1327 4388 ex
1343 4333 1400 4388 aliis
1417 4333 1537 4389 Cassiani
1551 4331 1616 4387 loeis
1629 4345 1691 4387 cum
1708 4330 1762 4387 hoc

967 4407 1080 4474 collatis,
1105 4406 1205 4479 quibus
1236 4405 1380 4461 sabbatum
1407 4420 1470 4460 cum
1491 4405 1534 4460 die
1558 4403 1695 4460 dominico
1725 4403 1762 4460 ita

967 4476 1151 4551 cunjungitur,
1185 4486 1215 4533 ut
1244 4485 1337 4533 tamen
1362 4475 1433 4533 duos
1458 4475 1578 4533 diversos
1605 4474 1680 4540 dies,
1707 4490 1762 4530 non

955 4565 1063 4615 unum,
1086 4548 1168 4606 fuisse
1188 4548 1335 4621 sigiheetnr
1356 4566 1363 4602 a
1388 4557 1415 4603 et
1433 4556 1579 4618 utrumque
1597 4546 1671 4601 diem
1690 4545 1762 4616 apud

966 4621 1106 4702 AEgyptios
1126 4621 1275 4676 monachos
1296 4620 1323 4675 in
1343 4619 1399 4691 pari
1418 4618 1570 4674 honoreac
1591 4616 1762 4672 veneratione

110 4691 269 4762 vespertino
281 4705 337 4747 non
355 4689 499 4746 duodecim
518 4690 625 4762 psalmi,
638 4692 760 4748 similiter
776 4700 806 4748 ut
821 4693 847 4747 in
860 4709 910 4749 no·
965 4691 1088 4748 habitum
1115 4700 1142 4747 et
1172 4690 1228 4748 iere
1258 4691 1361 4747 eisdem
1389 4688 1558 4746 eaeremoniis
1587 4690 1761 4743 observatum

109 4769 227 4827 sturno,
250 4760 298 4818 sed
323 4761 466 4833 pauciores
488 4777 503 4816 a
525 4765 559 4817 D.
579 4763 733 4829 Benedicta,
753 4771 781 4818 et
799 4762 832 4818 ab
853 4764 911 4821 aliis

109 4832 264 4958 fraescripti
284 4831 347 4895 sint,
368 4847 448 4889 causa
467 4830 551 4888 fuisse
572 4831 686 4900 videtur,
708 4834 781 4904 quod
801 4834 910 4891 illorum

119 4919 173 4959 oco
188 4903 406 4974 completorium
426 4912 487 4975 post
502 4906 635 4974 vesperas
651 4904 805 4961 institutum
826 4915 853 4961 et
870 4906 911 4962 in·

108 4975 273 5030 traductum
284 4973 374 5030 luerit.
386 4977 457 5031 Nam
471 4973 592 5029 cilicium
603 4976 777 5048 completorii
789 4992 844 5031 non
854 4993 911 5034 esse

107 5061 190 5117 arque
215 5045 367 5115 antiquum,
386 5061 417 5101 ac
435 5045 549 5101 aliarum
570 5045 700 5102 horarum
720 5045 911 5114 cilicinarum

107 5117 266 5174 observarit
282 5115 443 5187 liudulphus
461 5117 626 5188 Tungrensis
648 5119 676 5173 in
697 5118 764 5174 libro
779 5119 812 5175 dc
825 5120 911 5175 Cano·

106 5203 175 5244 nurrr
191 5187 380 5244 observatione
391 5203 500 5259 propos.
516 5195 555 5243 tt.
570 5188 909 5262 indicatquidcmtempus

106 5258 286 5331 snmpletorii
311 5257 478 5315 suboBseure
498 5260 526 5315 S.
549 5259 712 5316 Anthrosius
739 5261 786 5317 tib.
813 5277 849 5317 ιιι
875 5261 910 5317 de

107 5330 273 5402 Virginibus.
292 5329 346 5386 Sed
366 5344 492 5402 expressa
511 5330 615 5386 mentio
637 5331 771 5391 invenitur
790 5332 909 5402 privnum

108 5403 180 5472 apud
198 5402 313 5459 Graecos
330 5400 356 5455 in
372 5399 482 5471 Regalis
506 5404 539 5456 D.
558 5400 647 5457 Basilii
670 5399 754 5457 lusius
768 5402 909 5472 disputatis

110 5487 137 5539 q.
155 5480 201 5529 tt.
229 5472 311 5543 Apud
334 5471 448 5526 latinos
470 5480 610 5527 autemst
632 5487 733 5528 nonren
755 5482 782 5528 et
800 5482 909 5545 tempus

111 5543 286 5667 c(iitrmpletorii
301 5542 420 5615 primurn
442 5542 576 5599 invenitur
597 5543 624 5599 iu
643 5544 748 5617 Regula
766 5547 802 5599 D.
825 5547 909 5602 Bone·

132 5614 175 5668 uti
188 5629 218 5669 ea
239 5619 305 5671 .16.

148 5688 161 5714 ¹
173 5631 257 5741 Usvfm
265 5684 412 5742 lectionum
422 5684 641 5757 antiquissimum
652 5701 710 5742 esse
721 5686 747 5741 in
759 5684 850 5742 cilicio
865 5703 910 5743 ee·

107 5753 272 5827 clesiastico,
285 5756 436 5828 presertim
455 5765 601 5822 nocturno,
633 5757 786 5827 eripieuum
802 5766 843 5813 est
856 5774 911 5814 nou

104 5841 139 5883 ex
163 5826 217 5884 hoe
232 5835 340 5885 tantum
356 5827 430 5898 loco,
444 5827 492 5885 sed
512 5842 545 5911 es
560 5772 655 5885 maim
670 5828 728 5886 aliis
746 5828 911 5900 antiquitatis

927 4730 952 4793 D
967 4762 1048 4819 tuisse
1063 4784 1068 4819 :
1083 4772 1201 4834 utroque
1221 4762 1293 4817 enim
1308 4761 1435 4817 lectiones
1452 4777 1483 4817 es
1503 4774 1574 4814 novo
1586 4762 1761 4813 Testamento

964 4834 1124 4900 recitabant,
1145 4832 1270 4889 videlicet
1291 4832 1318 4886 iu
1341 4832 1448 4903 signum
1469 4829 1637 4909 Eva-agelium
1661 4823 1759 4896 praedi-

965 4907 1088 4971 cationis,
1103 4914 1134 4961 ut
1149 4905 1191 4959 hie
1208 4901 1321 4958 habetur
1341 4921 1347 4956 :
1368 4912 1483 4971 utroque
1491 4901 1592 4971 Jeyuura
1609 4896 1759 4962 solvebant,

965 4977 1026 5032 lin.
1049 4978 1206 5046 [recapit.
1230 4975 1301 5027 Utro
1323 4989 1356 5027 ue
1375 4972 1498 5026 similiter
1516 4970 1549 5024 ad
1573 4968 1760 5033 relectionem,

964 5047 1021 5102 sine
1039 5044 1188 5117 psalmodia
1210 4990 1384 5099 accedeAraut.
1400 5041 1461 5096 Lib.
1478 5056 1515 5096 ιιι
1530 5057 1589 5113 cap.
1605 5039 1654 5096 ult.
1677 5041 1761 5094 Utro-

965 5133 1017 5188 que
1050 5115 1208 5171 solemniter
1241 5113 1274 5170 ad
1309 5113 1449 5168 ecclesiam
1482 5112 1691 5174 conveniebant,
1726 5110 1761 5167 ad

964 5187 1109 5257 orandum,
1128 5184 1346 5253 sacrificandum,
1359 5185 1627 5241 communicandum.
1645 5182 1705 5238 Lilt.
1722 5196 1760 5238 ιιι

963 5275 992 5314 ca
1016 5267 1064 5315 ,2.

996 5277 1280 5403 ῘέΩιιιιιιιιιιιιιιιιιιιιι
1300 5327 1342 5384 hie
1362 5335 1440 5383 vocat
1454 5335 1558 5389 auctor,
1575 5340 1656 5402 quam
1671 5326 1752 5382 Grac

964 5405 1154 5468 Pentecosten,
1180 5401 1300 5472 spatium
1320 5399 1385 5455 illud
1409 5398 1598 5470 quinquaginta
1619 5397 1724 5478 diercrnr
1744 5413 1760 5451 ι

962 5473 1161 5530 resurrectione
1177 5473 1298 5538 Domini,
1319 5486 1404 5541 usque
1424 5469 1458 5525 ad
1479 5471 1625 5525 adveutum
1644 5469 1760 5538 Spiriuys

963 5546 1066 5608 ειιιιῑις
1091 5544 1231 5615 utiturque
1246 5543 1296 5599 hac
1317 5557 1382 5597 vore
1401 5557 1505 5607 rursus,
1527 5548 1554 5597 et
1570 5540 1666 5596 eodem
1679 5539 1761 5611 sigui·

966 5615 1048 5672 livatu
1064 5615 1111 5671 lih.
1128 5631 1153 5673 ιι
1165 5630 1224 5687 cap.
1247 5620 1290 5680 ts,
1309 5623 1335 5669 et
1348 5613 1444 5669 Collat.
1460 5619 1488 5667 tl
1504 5628 1533 5667 ca
1559 5652 1566 5666 .
1589 5617 1616 5665 8.
1633 5611 1762 5665 Bahanus

967 5687 1036 5743 haue
1058 5695 1138 5742 vocat
1157 5687 1227 5756 Quin
1249 5686 1415 5757 ungesimnm
1434 5629 1552 5740 PasclraA

966 5760 1084 5814 ctionem
1100 5758 1211 5814 alterius
1225 5701 1470 5827 Dotoquegcsimae,
1483 5769 1544 5825 quar
1560 5761 1601 5808 est
1616 5760 1678 5807 ante
1690 5755 1761 5820 Qua·

966 5829 1146 5902 dragesimam
1165 5847 1170 5883 :
1187 5837 1215 5885 et
1235 5829 1269 5888 de
1282 5838 1396 5911 utraque
1408 5826 1467 5884 line
1481 5825 1531 5881 alio
1548 5825 1606 5879 loeo
1625 5821 1758 5877 subnotn-
1823 5864 1832 5877 .

1544 5698 1600 5748 em,
1616 5681 1649 5737 ad
1668 5681 1761 5736 distin·
1847 5687 1854 5711 l
