3824 6164
156 322 207 379 8l'l
693 304 834 363 lOdb'NlS
851 302 1003 361 cassineti
1021 300 1267 359 contacturum.
1758 298 1812 357 818

155 446 251 505 moriat
263 444 422 517 episcopum
443 441 585 497 Castorem
595 449 650 507 quo
668 431 808 505 potuimus
828 443 956 487 mone
970 434 996 497 Α
1009 428 1088 486 vobis
1103 427 1205 486 credidi
1219 424 1430 492 consecrandas,
1445 422 1544 495 quibus
1557 436 1591 479 ea
1613 436 1678 495 quae
1697 422 1734 479 de
1749 438 1811 497 per-

154 538 384 612 conscripsimus,
408 549 460 591 nec
481 532 576 589 decem
600 524 797 585 collationesiu
828 522 954 597 Scythica
1008 520 1122 577 lectione
1151 522 1181 576 in
1198 520 1349 593 praeteritis
1375 518 1475 574 nostris
1498 516 1637 589 opusculis
1661 515 1809 577 obscurius

156 653 249 695 eremo
261 630 494 692 commorantium
509 629 631 693 Patrem,
648 638 718 696 quas
735 618 955 693 praecipientibus
1008 612 1121 671 forsitan
1139 612 1338 685 comprehensa
1364 609 1407 667 vel
1425 610 1613 683 praetermissa
1640 617 1723 677 suut,
1750 624 1811 685 sup

154 730 259 789 ,ancus
278 726 384 785 finagio
399 733 426 781 ,t
448 722 564 781 Leonti,
581 718 730 794 episcopis,
749 724 897 787 utcumque
911 713 953 771 ps.
1008 706 1142 779 ptenntur.
1161 705 1189 763 Si
1201 720 1265 761 uero
1278 710 1401 760 sanctam
1427 699 1510 759 studii
1526 700 1610 756 uestri
1634 700 1708 757 sitim
1727 702 1812 761 etiam

155 823 311 897 gessimus,
338 818 494 877 ,missam
521 822 689 890 menemus,
715 826 788 868 nune
816 810 900 867 utiam
923 816 954 865 ue
1006 800 1065 857 lraee
1073 800 1170 857 satiare
1183 798 1394 871 nonquirerint,
1408 804 1514 868 septem
1540 793 1607 851 alias
1631 794 1806 867 collationes,

154 916 260 975 itineris
272 914 358 971 nostri
377 914 449 970 ratio
472 920 500 967 et
519 908 587 965 ordo
618 914 807 979 cognoscatur,
830 903 912 962 trium
925 902 954 958 in
1006 910 1069 967 quae
1082 892 1118 951 ad
1129 900 1238 949 sanctos
1253 892 1299 964 qui
1321 892 1373 947 iu·
1388 888 1579 947 stoechadibus
1600 888 1759 946 consistunt
1771 889 1811 947 iu·

153 1012 308 1069 atiaeremo
324 1004 541 1071 consistentium,
557 1016 626 1073 quos
637 1000 741 1072 primos
757 996 887 1063 vidimus,
901 998 954 1053 Pa·
1007 987 1313 1046 sulisemittendarsunt
1324 983 1433 1053 tratres,
1445 980 1619 1051 desiderium,
1633 980 1807 1049 atarbitror,

154 1113 230 1162 trum
258 1110 363 1175 septem
392 1098 563 1165 collationes,
587 1093 644 1167 pari
670 1092 841 1163 conscriptas
865 1088 953 1159 stylo,
1008 1084 1089 1141 uestri
1102 1082 1207 1141 ardoris
1216 1079 1372 1153 explebunt.

705 1216 832 1273 nbatttbt
850 1215 963 1271 Gan-m
981 1210 1261 1270 COMMENTARIUS.

190 1339 368 1399 ‘Staeclrades
383 1336 478 1393 insulae
500 1343 556 1391 tres
570 1334 596 1389 in
615 1334 683 1389 mari
711 1331 817 1389 Gallico
827 1331 906 1396 sitae,
921 1337 949 1384 ct
1001 1332 1038 1385 sis
1060 1330 1219 1399 praetentu,
1239 1342 1295 1397 praa
1314 1325 1459 1405 litteriones
1473 1323 1572 1391 duetus
1591 1322 1622 1376 in
1648 1336 1725 1375 mace
1742 1320 1807 1375 caii.

152 1411 361 1470 Massiliensium
376 1408 459 1464 littori
471 1406 585 1471 rieirraet
604 1404 638 1460 de
653 1403 755 1473 paribus
772 1402 878 1457 Plinius
899 1401 945 1455 lib.
1004 1399 1143 1457 Ennodius
1162 1398 1258 1453 inlita
1280 1394 1425 1469 Epiphann
1442 1392 1683 1477 Stoeclradaseum
1706 1392 1809 1447 Leroue

154 1498 195 1541 ιιι
217 1498 276 1553 cap.
295 1484 312 1537 5
337 1478 506 1535 :Sarcinulas
520 1482 574 1531 teca
587 1492 605 1529 u
621 1477 715 1529 ricinis
736 1473 945 1528 Massiliensibus
999 1478 1028 1528 et
1047 1470 1155 1537 Licino,
1167 1469 1201 1525 de
1218 1468 1318 1540 quibus
1339 1481 1432 1536 supra,
1452 1474 1483 1520 ut
1498 1478 1602 1519 sternas
1616 1462 1721 1519 insulas
1746 1476 1808 1517 con-

153 1550 769 1623 dicteeproptererrdinemquositiasecretaneus
782 1544 945 1599 itemnmni-
996 1540 1086 1612 jungit
1113 1540 1156 1595 iris
1188 1539 1276 1595 uerbis
1300 1558 1307 1593 :
1327 1538 1487 1606 Regrediens
1517 1535 1627 1603 singule
1655 1538 1808 1589 mercturam

155 1622 493 1691 noretsinpulissocietatis,
503 1617 946 1684 ProtenctMessenaqueeetl’em-
1002 1613 1163 1667 bitationum
1172 1612 1226 1665 loen
1237 1611 1368 1672 uisitauit,
1376 1608 1514 1662 rneeiienes
1523 1606 1637 1669 tenuius,
1654 1604 1809 1687 Stertinius·

152 1698 276 1768 pertineto
298 1694 417 1755 dieitur-3
439 1692 520 1746 tertie
543 1690 669 1758 lippata..
689 1685 810 1741 isidorus
825 1685 870 1739 tib.
894 1698 949 1739 ιιι
1006 1684 1065 1745 eliis,
1090 1688 1185 1737 terrun
1203 1680 1483 1751 ipsnuipuenutn'eent
1498 1680 1809 1734 summerumrnontrunt

157 1766 313 1837 Etymolog.
329 1785 334 1819 :
351 1762 502 1820 Steecluudes
513 1762 607 1814 interdie
625 1758 850 1818 Massiliensium,
867 1770 951 1811 semt-
1001 1754 1114 1823 paleariam
1128 1754 1262 1809 birinum.

154 1840 231 1908 pirate
244 1838 360 1891 millium
370 1836 484 1907 spertioo
498 1833 644 1887 continenti
655 1832 685 1884 in
699 1828 952 1895 sconteb'urbonen·

157 1946 1803 1983 .......-....----————-————-————-

544 2057 934 2161 COLLATIO
975 2054 1415 2172 UNDECIMA,

630 2228 709 2301 Quae
728 2228 778 2291 est
795 2224 909 2314 prima
928 2222 1062 2291 abbatis
1082 2220 1324 2307 Chaeremonis,

831 2356 872 2406 ue
891 2352 1123 2407 centemnens.

858 2490 1108 2507 -Ψ

398 2614 520 2671 CAPUT
549 2614 709 2669 PltlllUM.
967 2613 1127 2685 ssundique
1141 2613 1372 2681 circumluuntur,
1396 2620 1425 2668 ut
1442 2610 1525 2675 solis,
1560 2610 1623 2683 quia
1634 2620 1706 2667 terra
1721 2609 1807 2679 deest,

186 2710 280 2765 cumr
291 2707 319 2763 in
333 2707 462 2763 coerrobio
474 2706 558 2779 Syriae
571 2707 765 2773 consistentes,
780 2715 842 2779 post
860 2707 948 2779 prima
1004 2706 1231 2779 negotiationibus
1253 2704 1347 2773 dediti,
1373 2719 1439 2775 opes
1461 2712 1543 2776 atque
1556 2702 1743 2759 substantiam
1765 2718 1809 2759 na·

149 2801 212 2859 iidei
244 2800 399 2858 rudimenta
424 2800 632 2857 succedentibus
654 2800 825 2871 aliquatenus
854 2800 948 2855 incre·
1005 2801 1054 2855 sali
1073 2799 1239 2854 eorrnnereio
1259 2805 1367 2871 parent,
1393 2798 1430 2853 ita
1453 2796 1621 2853 utacditrciis
1636 2812 1700 2853 cunr
1713 2796 1808 2853 solue·

149 2894 266 2967 mentis,
298 2894 434 2967 nrnjorem
457 2892 630 2965 perfectiouis
650 2891 802 2949 desiderare
834 2892 949 2965 gratiam
1003 2894 1059 2949 rint
1072 2891 1245 2948 exstruendis
1259 2901 1330 2947 terra
1349 2906 1404 2946 nou
1419 2898 1556 2963 suppetat,
1573 2888 1671 2947 nisido
1689 2888 1803 2961 longiu-

149 2990 338 3064 coepissemus‚
353 2988 499 3045 statuimus
513 2986 659 3043 confestim
674 2988 820 3057 AEgyptunr
848 2993 948 3057 petere,
1003 3001 1058 3059 quo
1069 2986 1182 3059 nauigiis
1200 2992 1372 3057 apportetur.

148 3098 180 3140 ae
191 3076 395 3140 remotissimal
407 3082 488 3137 ctiam
508 3079 663 3137 tlueluaidos
682 3095 776 3137 eremo
793 3088 948 3151 penetrata,
1303 3078 1423 3135 CAPUT
1440 3081 1475 3134 11.

64 3230 69 3235 .
147 3186 306 3235 sanctorum
319 3176 463 3248 plurimos,
479 3190 600 3247 quorum
614 3174 728 3247 gloriam
740 3172 811 3229 fama
827 3188 875 3247 per
889 3174 948 3230 uni·
1241 3176 1278 3228 De
1296 3176 1417 3243 episeopo
1427 3172 1571 3230 decircbiu.

147 3286 224 3327 uersa
245 3268 405 3338 diffuderat,
425 3269 448 3325 si
469 3284 524 3325 uon
551 3268 716 3338 maculandi,
738 3268 836 3325 saltem
862 3283 948 3340 agno·
1037 3267 1093 3324 Ubi
1121 3282 1187 3323 eum
1213 3264 1420 3323 aduenientilnrs
1441 3266 1523 3322 uobis
1546 3265 1643 3324 sarens
1661 3268 1807 3329 desideriis

147 3362 238 3420 scendi
251 3360 341 3419 studio
354 3362 479 3418 inuisere.
503 3362 591 3435 igitur
604 3372 614 3397 ⁰
628 3361 662 3418 ad
680 3361 814 3434 oppidum
828 3360 947 3435 dgypti,
1001 3361 1101 3417 nostris
1131 3359 1256 3417 diuinitas
1275 3346 1289 3390 ‘¹
1313 3358 1461 3414 beatissimi
1488 3367 1574 3430 atque
1601 3360 1734 3433 praecipui
1760 3364 1808 3421 viri

147 3456 192 3507 cui
207 3453 366 3509 tliermesus
380 3468 482 3510 nomen
495 3463 552 3523 cst,
574 3470 684 3511 emensa
694 3455 867 3527 nauigatione
892 3469 948 3526 per·
1001 3452 1129 3510 Arelrebii
1141 3451 1258 3524 episcopi
1273 3451 1446 3522 praestitisset
1458 3450 1620 3522 adrentum,
1638 3454 1685 3525 quii
1709 3465 1809 3528 raptus

148 3544 281 3599 renirnus.
297 3546 489 3615 Cujusaceolac
512 3546 548 3601 ita
568 3546 608 3601 rei
618 3547 687 3602 nrari
704 3550 744 3603 sel
760 3547 862 3619 stagnis
871 3548 948 3603 salsis
1000 3548 1035 3604 de
1059 3546 1288 3601 anachoretarum
1314 3552 1400 3614 eoetu,
1422 3550 1451 3601 ct
1465 3545 1631 3617 episcopus‘
1650 3547 1809 3623 Panephysi

693 3672 820 3727 abtum
840 3674 952 3728 Gau-m
971 3672 1251 3729 cottttextautts.

180 3784 256 3841 ⁸illo
269 3784 399 3841 nimirum
418 3784 637 3852 bethleemitico,
657 3786 731 3858 qtrod
756 3802 772 3842 a
800 3787 829 3843 S.
859 3790 943 3844 Paula
996 3788 1081 3843 merita
1095 3788 1320 3858 perscripserunt.
1333 3788 1390 3843 Nec
1406 3801 1471 3843 cero
1483 3786 1568 3843 solum
1587 3788 1807 3857 Egyptiorum,

144 3854 304 3924 fundatum,
330 3874 346 3913 a
369 3861 402 3913 li.
431 3856 602 3929 llierouymo
620 3862 663 3929 (ln
692 3860 942 3930 spernentesne)
998 3860 1171 3924 Graecorum,
1192 3860 1378 3929 syrorumque
1395 3856 1548 3924 iiouiinum,
1559 3856 1607 3913 sed
1630 3858 1807 3919 latinorum

143 3926 344 4000 amplilieatum
365 3936 394 3984 et
420 3928 657 3995 administratum,
688 3938 716 3984 et
736 3929 897 3999 antiquitate
918 3938 946 3986 et
998 3930 1079 3985 etiaim
1091 3938 1243 3985 corruentes
1256 3929 1284 3984 in
1293 3930 1324 3984 iis
1338 3928 1483 3985 'lirebaieis
1492 3928 1653 3985 monasteris
1668 3930 1805 4003 trequen-

142 3996 285 4071 dignitate,
318 4008 346 4054 et
367 3999 566 4055 monachorum
589 3998 737 4071 trequentia
764 4007 791 4054 et
805 4000 946 4057 sanctitate
999 4001 1097 4056 tissimi
1124 4008 1213 4067 eraut,
1231 4009 1297 4055 teste
1318 4004 1353 4055 b.
1377 4000 1547 4057 llieronrmo
1567 3999 1614 4072 qui
1640 4004 1804 4059 monasticae

142 4072 248 4127 eatenis
260 4070 522 4143 syrianiouasrcriis
532 4071 713 4142 praecellebat.
730 4070 813 4129 Unde
823 4079 850 4127 et
862 4070 946 4143 Syriae
999 4072 1061 4127 vita
1081 4080 1215 4143 praecepta
1236 4070 1399 4127 diuinitnsa
1424 4056 1582 4138 pachomio,
1604 4072 1757 4130 Tlreodoro
1775 4080 1801 4131 et

142 4142 301 4199 coenobium
322 4142 395 4197 uelut
423 4142 645 4198 antortomastice
665 4143 793 4213 appellari
808 4142 946 4211 existimo,
1000 4143 1120 4198 Orsiesio
1136 4142 1288 4223 Aegyptiace
1301 4142 1451 4213 Graeceque
1462 4143 1616 4212 conscripta
1633 4144 1732 4200 latine
1743 4144 1800 4201 red·

141 4213 215 4284 quod
225 4214 299 4269 inter
321 4222 421 4269 caetera
438 4214 525 4285 Syriae
546 4229 594 4268 seu
610 4213 761 4270 Palaestinae
777 4214 944 4270 monasteria
960 4231 982 4295 C
998 4212 1066 4269 didit
1089 4222 1120 4268 ut
1134 4213 1237 4269 meiius
1251 4212 1333 4268 etiam
1344 4212 1487 4269 monacbis
1501 4214 1528 4268 in
1543 4213 1618 4269 illius
1631 4216 1796 4271 nronacbalis

140 4284 311 4353 praecipuum
325 4292 394 4339 esset
409 4292 436 4337 et
451 4284 622 4354 primarium.
637 4287 745 4357 Deque
761 4284 854 4340 itidem
876 4285 941 4340 Cas·
1018 4284 1146 4339 rotineiac
1171 4283 1248 4353 quasi
1276 4284 1394 4340 statione
1414 4284 1591 4340 manentibus
1609 4286 1674 4342 usui
1698 4294 1791 4343 essent.

141 4354 235 4407 sianus
254 4352 301 4406 lib.
317 4367 355 4407 ιιι
373 4354 466 4407 instit.
492 4369 553 4424 cap.
568 4361 585 4408 1
602 4356 653 4410 :ln
666 4362 768 4423 ancistro,
786 4354 942 4423 altmona—
997 4300 1084 4410 herro
1106 4353 1280 4409 in'lbebaide
1308 4354 1401 4410 tloruit
1423 4357 1453 4412 S.
1474 4356 1615 4414 Antonius
1642 4358 1793 4414 aronastieae

141 4425 231 4481 stet-rb.
258 4423 307 4475 ubi
327 4426 455 4477 rninuuu
468 4429 556 4477 rainstei·
576 4426 651 4479 icam
665 4428 785 4483 dinisius
803 4433 886 4481 attilus
907 4443 941 4482 ee
995 4424 1284 4495 disciplinacparenset
1295 4434 1468 4551 propagator,
1482 4442 1498 4483 a
1511 4441 1566 4498 quo
1582 4426 1789 4485 innumerabiles

145 4494 256 4561 l'irpine
264 4493 387 4546 neutrumne
399 4494 526 4558 tridentine
537 4496 671 4563 suscipere
681 4498 942 4566 intremueritedipna·
995 4494 1196 4550 monachorum
1216 4496 1299 4551 dtrccs
1325 4512 1375 4568 pro
1396 4505 1506 4567 rerunt,
1530 4505 1559 4553 et
1583 4497 1613 4554 hi
1640 4500 1669 4555 iu
1707 4498 1787 4561 rimis.

141 4566 194 4627 ins,
206 4569 325 4619 suestram
343 4578 447 4633 spretique
464 4564 553 4617 nullane
577 4564 608 4617 in
632 4566 758 4633 religione
778 4570 896 4621 tenerem
915 4572 941 4623 et
995 4568 1130 4633 Ammon,
1155 4566 1290 4633 Milanion,
1316 4568 1451 4625 Macarius
1469 4576 1497 4624 et
1529 4567 1590 4635 alii,
1605 4584 1623 4625 a
1638 4516 1737 4642 quihus
1762 4568 1786 4623 iu

140 4635 279 4693 iactantem
294 4637 441 4704 insontium
450 4650 500 4689 sere
512 4636 604 4702 puertia
617 4638 790 4705 contumescit.
802 4638 940 4695 Etrursus
995 4652 1105 4692 onmem
1114 4638 1207 4693 Asiam
1224 4646 1251 4693 et
1262 4638 1380 4695 Africam
1389 4646 1583 4711 propagataest
1593 4640 1786 4697 monacboruru

139 4722 198 4779 cap.
214 4706 320 4775 tlrtrjus
334 4705 503 4763 collationis:
519 4706 655 4761 internae
666 4706 848 4763 soiterniarboc
868 4712 941 4765 tenti
994 4708 1148 4775 reticium
1167 4709 1303 4766 Thebaide
1318 4719 1448 4781 praeterea
1469 4709 1575 4766 exstitit
1599 4711 1729 4775 isidorus,
1762 4706 1784 4763 ui

137 4780 247 4835 itiieeris
257 4780 385 4841 obtinere,
393 4778 465 4847 «praed
474 4777 524 4831 lutee
533 4778 566 4831 ele
574 4779 766 4833 bethleemitici
775 4780 886 4835 certabit
892 4796 939 4835 rn-
993 4780 1069 4835 mille
1088 4780 1284 4836 nronacborum
1298 4796 1393 4836 curam
1411 4782 1503 4853 gessit.
1523 4784 1639 4853 Deque
1660 4782 1723 4839 alias
1733 4722 1784 4853 phe-

138 4848 275 4915 diinentis,
286 4852 467 4905 institutionis
475 4855 568 4905 restem
577 4849 742 4906 desiderioet
748 4850 883 4921 preelectus
891 4867 938 4907 ne·
991 4850 1055 4907 uius
1068 4850 1201 4921 agendum
1213 4854 1318 4923 (initui.
1330 4856 1363 4907 rs
1375 4868 1405 4907 eu
1428 4894 1435 4907 .
1452 4852 1505 4919 15).

137 4922 191 4973 stri
200 4934 289 4973 ninere
299 4924 513 4989 properavimus.
527 4920 596 4976 tlibi
607 4922 690 4977 etiam
701 4921 772 4989 (bib.
790 4936 822 4979 tv
833 4924 862 4977 in
876 4938 936 4993 cup.
1028 4932 1039 4957 ⁰
1053 4926 1094 4977 be
1106 4921 1250 4978 'ilrenneso
1261 4922 1361 4994 oppido
1373 4870 1451 4989 nihii,
1474 4922 1647 4996 nequeapnd
1667 4922 1781 4983 Plinium

140 4992 184 5059 12,
193 4995 219 5045 et
233 4988 321 5045 collat.
337 4995 368 5043 17
379 5006 440 5059 enp.
453 4996 480 5053 t)
490 4992 620 5061 spelaeum
633 5002 722 5057 uocat,
737 4992 764 5048 in
776 4994 938 5063 quoDomi-
992 5008 1078 5065 neque
1087 4992 1159 5065 apud
1184 4994 1365 5050 Ptolomaeum
1379 4994 1499 5066 reperies
1514 5014 1521 5049 ι
1537 5010 1589 5051 nee
1610 4994 1701 5057 miror,
1718 5004 1778 5046 euru

137 5068 332 5117 nusnosterex
347 5059 408 5115 aula
424 5060 494 5116 uteri
509 5062 642 5133 virginalis
654 5064 766 5121 eliulsit.
778 5064 858 5145 Quod
873 5080 936 5121 rere
993 5062 1040 5119 ilie
1060 5065 1116 5120 duo
1131 5064 1215 5119 millia
1229 5064 1376 5137 insignium
1387 5065 1563 5137 oppidorum,
1580 5064 1625 5123 hic
1647 5063 1717 5119 mille
1732 5064 1780 5117 sot
1835 5112 1837 5119 .

136 5141 237 5258 flenter
249 5131 302 5188 lroo
313 5130 548 5212 bethleemiticum
563 5134 713 5192 multaalia
726 5134 827 5191 tuerint
840 5150 937 5191 coeno·
991 5136 1109 5207 AEgyptc
1124 5134 1253 5201 tribuant,
1268 5151 1386 5218 quorum
1408 5144 1500 5192 mmen
1525 5152 1613 5208 pauca
1637 5130 1776 5191 admodum

155 5204 179 5259 ia
195 5204 313 5275 insyria
327 5202 648 5272 etPalaestma,testatur
663 5208 695 5262 u.
711 5206 895 5275 llieroupmus
908 5206 936 5262 in
991 5206 1137 5261 illustriora
1149 5206 1314 5263 nominatam
1329 5217 1560 5263 commemorant.

135 5274 195 5329 Vita
209 5274 362 5331 llitarionis.
1024 5264 1093 5330 dlie
1118 5276 1170 5331 boc
1190 5277 1329 5335 dreirebio
1349 5278 1415 5335 alias
1434 5278 1543 5350 egimus
1570 5278 1678 5350 (lies
1699 5276 1774 5335 instit.

168 5338 336 5411 ”Thebais
364 5344 404 5401 uel
430 5345 586 5416 Thebaida,
615 5352 647 5401 ut
664 5346 729 5401 alias
749 5344 852 5402 dictum
881 5356 935 5418 est,
987 5362 1047 5415 cepa.
1061 5348 1117 5409 tt).

130 5418 336 5499 AEgyptircgio,
355 5414 390 5473 ad
410 5418 578 5489 alittriopiam
598 5430 723 5489 uergens,
745 5416 812 5472 olim
840 5434 934 5475 mona·
1023 5420 1085 5473 ‘De
1098 5417 1250 5490 Panephpsi
1263 5418 1371 5477 ciuitate
1385 5420 1493 5492 AEgypti
1509 5419 1686 5477 baecmnrum
1705 5416 1774 5475 babel

129 5488 219 5543 sterias
237 5488 336 5569 plena,
361 5496 388 5545 et
418 5488 618 5545 monachorum
642 5503 742 5555 magna
764 5489 938 5547 multitudine
991 5488 1363 5561 Ptolomaeuslib.rvGeogr.
1376 5488 1773 5549 :trienniistuteuuetuatc

128 5567 338 5637 monasticaque
346 5562 408 5615 uitae
420 5560 573 5641 disciplina,
585 5568 667 5685 atque
686 5558 817 5617 institutis
828 5560 930 5618 lieren·
990 5562 1075 5616 ticum
1084 5562 1391 5618 amnesintcrestnernus
1403 5566 1428 5617 et
1443 5564 1598 5635 metropolis
1607 5558 1769 5633 canapium

126 5632 252 5683 tissima:
277 5630 351 5700 quod
370 5646 402 5687 ex
416 5632 566 5693 messano,
585 5634 621 5686 Pr
634 5628 717 5695 ladio,
740 5630 926 5702 Tlreodoreto,
942 5626 968 5689 b
983 5630 1030 5687 ubi
1045 5632 1223 5689 ruomusidem
1237 5647 1269 5688 ae
1289 5630 1464 5705 praefecturas
1475 5634 1632 5707 eujusmodi
1643 5627 1769 5690 duodeni!

125 5698 258 5773 Evagrio,
275 5698 437 5771 llicepboro,
451 5714 593 5757 necnona
607 5702 655 5758 SS.
676 5702 810 5759 Patribus.
824 5703 927 5759 Hiero·
979 5716 1079 5758 nomos
1092 5717 1141 5758 sen
1159 5700 1332 5775 praeiecturas
1358 5703 1523 5777 oppidorum
1540 5704 1570 5762 in
1587 5700 1722 5763 Thebaide
1735 5710 1767 5757 rt·

122 5784 208 5845 nyma
217 5779 245 5829 et
257 5770 424 5844 dragustino,
434 5770 592 5840 didicimus,
607 5772 653 5845 qui
665 5771 699 5829 de
711 5774 794 5830 eremi
806 5774 924 5831 Thebai·
980 5780 1075 5831 censet
1089 5772 1191 5831 Plinius
1201 5774 1249 5831 tib.
1264 5791 1280 5831 u
1295 5790 1355 5849 cap.
1371 5781 1397 5834 b.

122 5856 164 5901 eae
179 5842 331 5904 cultoribus
354 5856 506 5917 eorumque
519 5840 633 5905 instituti
656 5844 799 5911 monastici
821 5846 926 5905 rationo
