3848 6158
88 250 145 303 293
350 247 394 302 bb*
411 246 649 304 effluosstonuii
670 247 791 304 insiti.
811 248 874 305 ΗΒ.
898 249 954 303 l'll.
974 277 1010 290 -
1030 251 1074 307 nb·
1092 249 1227 307 SPllllTU
1248 252 1503 308 cultissima.
1701 258 1756 314 tot

94 369 258 426 inviscerata
274 370 364 438 carui,
388 369 492 442 ipsique
508 370 708 442 propemodum
718 386 811 428 conia
825 372 895 429 nati-
911 376 938 440 Α
952 376 1156 445 reparationem
1172 375 1276 432 sobolis
1287 385 1315 432 et
1324 377 1494 449 posteritatis
1507 379 1686 451 propaginem
1703 396 1750 438 sus

89 461 168 519 vitati
195 461 388 519 discretionem
412 461 477 519 boni
500 463 619 536 malique
630 464 810 536 npraeveniunt
836 483 843 520 :
870 473 898 523 et
951 467 1109 536 citandam,
1128 468 1233 526 utiliter
1255 478 1319 526 suut
1337 472 1444 543 corpori
1469 480 1564 528 nostro
1587 473 1754 544 providentia

90 557 154 615 licet
168 557 258 629 prima
280 555 411 629 arripiant
425 557 581 627 bominem,
595 559 677 632 longo
697 567 790 618 tamen
804 559 897 619 labore
951 561 1082 617 creaturis
1105 561 1199 618 inserti
1225 581 1231 618 :
1256 578 1313 619 non
1329 562 1365 619 ad
1386 563 1566 637 perpetranda
1595 573 1753 639 stupromm

91 651 248 706 uincuntur.
950 655 1062 728 flagitia,
1091 663 1118 712 ct
1142 655 1289 725 adulteria,
1319 673 1381 730 quae
1405 658 1473 732 legis
1487 660 1570 716 etiam
1584 661 1749 720 auctoritato

404 742 524 799 CAPUT
549 744 583 798 11.
950 749 1129 807 damnantur.
1143 758 1155 790 ⁸
1172 752 1224 807 lrae
1238 751 1322 807 etiam
1337 752 1447 809 aculeus
1458 768 1551 810 nonne
1570 753 1753 812 saluberrime

166 843 241 913 Quod
262 843 430 913 parabimus
449 846 486 898 sit
504 845 613 901 morbus
634 846 824 917 pidarppria.
949 842 1028 914 pubis
1053 843 1231 916 intelligimus
1253 845 1415 916 attributus,
1448 854 1479 902 ut
1502 847 1607 904 nostris
1630 848 1704 904 vitiis
1727 856 1755 905 et

127 960 183 1016 ffic
196 973 263 1014 vem
280 957 394 1014 morbus
414 959 548 1030 posterius
568 961 776 1033 superveniens,
799 970 826 1019 et
850 977 897 1019 ex,
949 937 1087 996 erroribus
1109 938 1271 1005 irascentes,
1297 938 1443 996 virtutibus
1469 941 1559 1012 potius
1587 956 1619 997 ac
1641 941 1755 1015 spirita-

91 1055 227 1111 ΜΕΝ
241 1052 372 1110 medem
383 1053 500 1121 animm,
514 1063 616 1128 ,immo
630 1054 734 1112 sappus
747 1057 897 1130 merim,
949 1030 1019 1087 libus
1037 1029 1136 1089 studiis
1158 1046 1335 1104 aucupemur,
1354 1048 1466 1089 omnem
1485 1034 1649 1092 charitatem
1671 1038 1752 1104 Deo,

91 1155 158 1214 mg,
170 1162 202 1203 a,
219 1146 325 1219 respui,
341 1154 418 1203 mum
434 1148 572 1221 neglectus
586 1157 613 1204 εἴ
626 1148 799 1207 intromissus
810 1151 895 1207 semel
949 1134 977 1182 et
991 1127 1150 1196 patientiam
1172 1125 1273 1182 nostris
1287 1125 1418 1182 iratribus
1430 1125 1612 1184 exhibentes?
1627 1128 1755 1187 Tristitia

91 1239 184 1308 cordi,
202 1239 233 1296 ῆι
247 1239 426 1312 perniciosior
441 1239 563 1308 cumps,
581 1239 772 1317 difficiliusque
784 1243 896 1317 propp,
949 1234 1057 1291 quoquc
1073 1218 1175 1276 utilitas
1197 1227 1299 1290 quanta
1322 1218 1357 1275 sit
1369 1221 1516 1288 novimus,
1532 1235 1595 1291 quaa
1612 1220 1683 1277 inter
1702 1238 1754 1280 eae·

94 1336 168 1392 fimf·
183 1334 320 1391 Malorum
333 1349 451 1407 nmque
464 1334 588 1391 omnium
603 1333 722 1395 ,mm
734 1337 897 1406 mdqmuq,
926 1340 930 1348 ¹
950 1321 1008 1369 tera
1022 1312 1084 1369 sitia
1106 1328 1169 1370 cnm
1190 1313 1219 1369 in
1232 1314 1401 1371 contrariam
1421 1312 1553 1370 aiiectum
1568 1323 1610 1371 est
1630 1325 1754 1384 mutata,

92 1429 197 1504 ,in
212 1428 376 1487 fructificans
389 1428 500 1487 fomite,
513 1430 655 1488 ,iliorum
951 1414 1173 1464 connumeratur.
1189 1410 1239 1464 Est
1254 1408 1326 1464 enini
1349 1416 1377 1464 et
1388 1407 1539 1465 secundum
1554 1409 1605 1465 Dei
1623 1409 1755 1466 timorem

409 1548 530 1605 cppUT
543 1548 596 1604 ΠΙ.
952 1500 1162 1607 pernecessaria,
1176 1499 1368 1557 etsecundum
1380 1500 1511 1559 saeaulum
1527 1500 1677 1560 admodum
1691 1518 1755 1575 per.

304 1662 310 1673 ·
341 1662 347 1674 ·
585 1661 590 1673 ·
675 1662 680 1672 ·
747 1662 774 1672 ..
950 1595 1069 1665 nicwffli
1088 1604 1120 1654 111
1139 1594 1222 1654 docet
1243 1597 1394 1670 Apostolus
1408 1595 1525 1654 dicens:
1549 1600 1613 1669 Qira
1631 1602 1756 1655 enimse·

167 1661 321 1750 Ouoepnubis
335 1677 363 1715 in
375 1664 448 1715 uitiis
467 1660 640 1715 naturalibus
654 1663 690 1715 sit
709 1660 825 1716 utilitas.
951 1691 1067 1745 mudum
1079 1695 1164 1747 mm
1180 1695 1220 1747 est
1234 1693 1364 1755 mma,
1377 1695 1565 1763 mmmm
1582 1694 1619 1748 ad
1641 1695 1755 1749 salutem

128 1777 142 1806 ¹
158 1776 277 1849 Utputa
289 1775 378 1832 turnis
391 1774 528 1847 Simplices
546 1782 655 1841 11101118,
668 1789 761 1831 11011119
776 1773 899 1831 Videmus
913 1795 938 1858 Β
950 1786 1074 1841 stabilem
1097 1790 1228 1856 merctur
1252 1804 1259 1840 :
1287 1787 1380 1840 sacnti
1400 1790 1491 1840 uittam
1510 1789 1622 1842 tristitia
1643 1792 1755 1842 mortem

91 1882 152 1923 non
173 1869 264 1925 solum
283 1867 311 1925 iu
330 1869 442 1940 pueris,
462 1867 610 1941 inquibus
631 1867 721 1925 adliuc
742 1867 898 1925 innocentia
954 1884 1083 1950 queratur
1094 1881 1132 1946 (11
1150 1881 1210 1937 eor,
1225 1883 1294 1945 vn),

92 1960 173 2030 boni,
191 1962 311 2035 malique
324 1962 453 2034 praercnit
472 1961 683 2030 discretionem,
704 1961 899 2020 verumetiam
1253 1989 1373 2045 quUT
1403 1992 1452 2046 lv,

91 2053 120 2110 in
137 2056 276 2127 parvulis,
289 2064 371 2129 atque
388 2055 568 2113 lactentibus?
582 2056 633 2126 Qui
650 2071 715 2113 cuni
733 2071 769 2113 ne
790 2055 900 2112 initium
1027 2082 1104 2151 Quod
1124 2085 1209 2137 mess,
1222 2082 1298 2137 „Opis
1316 2084 1442 2154 quaedam
1462 2087 1602 2139 „mmuh-0
1617 2089 1684 2141 ,qn-a

91 2147 209 2219 quidem
219 2149 301 2217 ullius
318 2148 436 2206 libidinis
447 2150 475 2206 iu
486 2151 643 2223 semetipsis
655 2149 790 2216 babeant,
806 2158 901 2208 motus
1114 2157 1170 2208 siric
1184 2156 1313 2209 mentoris
1338 2153 1460 2208 dicamus
1479 2155 1593 2224 injuria.

92 2243 191 2303 ο111111
213 2243 329 2301 murali
359 2243 539 2301 111111111110
564 2244 614 2301 Sibi
639 2243 726 2301 1119111
746 2243 899 2316 (118ῑὸ118111·
989 2245 1003 2289 ‘¹
1027 2260 1090 2314 Nun
1116 2255 1214 2330 ergusi
1230 2254 1382 2313 dixerimus
1402 2256 1454 2313 bus
1475 2265 1569 2313 motus
1592 2273 1606 2312 a
1627 2258 1755 2316 creatore

94 2337 426 2412 iliaquoqueaculeos
442 2348 636 2396 rmcasnunnc
654 2338 820 2396 similiicriu
840 2355 900 2412 aar·
955 2349 1071 2407 insertos
1097 2349 1195 2416 nabis,
1220 2363 1253 2405 ci
1275 2363 1309 2404 eo
1327 2347 1471 2421 culpabilis
1493 2347 1539 2405 ilic
1560 2348 1708 2419 videbitur,
1732 2351 1755 2407 si

92 2440 167 2497 iulis
177 2438 237 2511 jain
257 2437 346 2510 vigere
366 2437 565 2509 conspicimus,
587 2446 614 2495 et
626 2446 773 2511 antequam
790 2438 899 2510 paticn-
953 2442 1078 2516 nequiter
1099 2442 1139 2500 liis
1156 2441 1234 2498 abusi
1256 2442 1435 2499 maluerimus
1456 2459 1505 2500 eos
1518 2443 1552 2500 ad
1573 2444 1653 2501 noxia
1666 2446 1756 2516 potius

92 2536 142 2592 tiaa
159 2533 287 2611 virtutem
308 2542 470 2607 agnoscant,
483 2533 588 2606 injuriis
604 2549 652 2591 eos
667 2531 804 2591 cernimus
818 2548 899 2590 cnm·
951 2536 1102 2594 ministeria
1125 2537 1303 2609 detorquere,
1322 2545 1350 2593 et
1368 2536 1484 2594 velimus
1504 2553 1554 2609 pro
1576 2537 1754 2597 infructuosis

94 2626 217 2692 mareri,
229 2633 257 2682 et
272 2627 422 2682 uerborum
437 2626 540 2683 sentire
553 2625 635 2684 etiam
649 2626 811 2698 perjurum.
831 2642 897 2684 con·
952 2641 980 2690 et
994 2632 1169 2690 sacularibus
1184 2631 1282 2698 lucris,
1306 2645 1361 2687 non
1383 2647 1433 2702 pio
1448 2630 1561 2688 salutari
1580 2633 1754 2705 pauitantia,

95 2718 224 2776 trimalias
248 2717 401 2792 irrogatas?
423 2735 455 2775 ac
486 2734 694 2792 nonnumquam
725 2734 788 2775 cum
811 2718 900 2777 desint
953 2725 1129 2782 elvitiorum
1151 2723 1320 2781 comestione
1344 2723 1447 2779 tristari
1471 2745 1477 2781 :
1504 2725 1544 2781 rel
1559 2733 1633 2781 certe
1654 2726 1677 2782 si
1698 2743 1756 2783 non

93 2813 181 2882 circs,
196 2812 321 2870 voluutas
341 2821 435 2869 tamen
456 2811 584 2879 ultionis,
608 2811 646 2868 ira
672 2810 831 2885 instigante,
843 2827 900 2869 uon
952 2816 1158 2889 nobismetipsis
1178 2816 1292 2883 utiliter,
1312 2814 1360 2873 sed
1377 2825 1474 2872 contra
1496 2816 1675 2874 interdictum
1696 2823 1755 2875 Du-

93 2907 184 2964 deest.
199 2909 258 2963 Nec
271 2906 324 2964 lioc
336 2907 413 2974 dieo,
433 2923 488 2979 quo
506 2922 603 2963 iucem
621 2915 749 2964 naturam
761 2906 900 2963 conditio-
953 2912 1020 2968 mini
1041 2911 1143 2969 nostris
1167 2910 1298 2983 iratribus
1319 2911 1479 2968 irascamur.
1506 2913 1578 2968 Nam
1604 2913 1626 2968 si
1650 2911 1756 2970 serrum

95 3001 140 3058 nis
154 3000 182 3056 iii
194 2999 315 3072 culpam,
330 3000 378 3057 scd
398 3016 454 3074 quo
466 3015 585 3058 asseram
601 3009 694 3058 mutus
705 3001 767 3070 lios,
781 3001 826 3073 qui
839 3015 901 3074 pro·
940 3005 1015 3077 ⁴quis
1028 3004 1062 3061 ad
1081 3002 1265 3061 necessarium
1286 3012 1313 3060 et
1325 3003 1389 3061 utile
1411 3003 1595 3061 ministerium
1606 3005 1754 3062 contribu-

95 3095 202 3154 cedunt
221 3111 255 3154 ex
269 3095 366 3164 nubis,
387 3095 523 3168 quosdam
539 3097 650 3169 quidem
673 3096 798 3154 utilitatis
818 3112 901 3155 causa
954 3106 1031 3167 tum,
1045 3096 1080 3154 ad
1093 3113 1189 3156 necem
1203 3096 1318 3154 volucrit
1336 3096 1486 3154 insontium
1500 3105 1676 3171 retorquere,
1700 3114 1757 3156 non

95 3190 182 3247 nobis
202 3189 333 3258 insertos,
352 3190 487 3262 quosdam
510 3207 576 3248 vcro
588 3191 757 3265 negligentia
777 3190 856 3263 vitio,
871 3208 903 3250 ac
919 3205 988 3269 cei
1004 3190 1058 3247 boc
1076 3188 1222 3246 infamabit
1240 3189 1361 3246 materiae
1380 3189 1552 3246 conditorem
1561 3232 1571 3261 ,
1584 3191 1608 3248 si
1627 3191 1700 3263 qnod
1712 3191 1757 3248 illc

97 3283 185 3341 inalae
208 3284 353 3341 voluntatis
374 3285 487 3341 arbitrio
508 3284 676 3341 extrinsecus
698 3283 843 3342 introduci.
864 3284 901 3341 Hi
955 3283 990 3342 ad
1001 3298 1082 3340 usum
1096 3283 1165 3340 bene
1180 3281 1285 3339 vivendi
1297 3289 1401 3354 aptum,
1416 3298 1449 3339 ac
1457 3285 1640 3341 necessarium
1652 3285 1759 3358 prasti-

95 3393 238 3452 namque,
261 3393 330 3451 quos
345 3392 429 3451 supra
448 3376 583 3447 diximus,
605 3385 698 3434 mutus
720 3377 842 3435 carnales
865 3377 902 3435 ob
956 3378 1001 3446 tit,
1016 3376 1067 3434 istc
1079 3375 1132 3434 lioc
1146 3391 1212 3433 usus
1223 3385 1264 3433 est
1278 3375 1312 3433 ad
1325 3375 1493 3433 nocendum.

410 3465 415 3488 ⁴
648 3499 777 3556 ieiuni
797 3496 1208 3557 uiznicuiiiiauiinius

135 3612 150 3643 ⁸
166 3610 207 3666 lta
221 3607 343 3683 plerique
356 3617 414 3665 tani
434 3623 499 3666 nisa.
515 3608 699 3682 quamexcusi
711 3609 747 3666 ab
764 3607 907 3668 hisserbis
959 3611 1260 3674 vitaratr'uconstucat;
1274 3611 1306 3662 iit
1321 3607 1458 3664 libidinem
1473 3609 1758 3680 producendasubuli's

97 3689 185 3753 eaput
198 3679 252 3737 boc
262 3680 373 3736 tertium
385 3678 437 3736 sub
447 3681 588 3753 praemisso
603 3679 683 3737 titulo
695 3680 833 3737 inchoant.
848 3681 906 3738 Cia·
962 3681 1056 3749 pretia
1075 3679 1151 3735 dedit
1171 3697 1179 3732 :
1194 3681 1233 3734 sic
1251 3681 1323 3733 iram
1336 3680 1541 3735 cobibcndurnm
1555 3697 1637 3737 cansa
1652 3683 1760 3738 delicto-

97 3751 320 3834 aoniustanicn,
334 3751 427 3834 nescio
441 3767 477 3834 aii
493 3767 525 3809 ex
543 3751 680 3808 Vaticanis
697 3751 854 3836 codicibus,
871 3751 906 3808 ab
961 3768 1032 3876 mim.
1054 3751 1410 3876 l‹’crmrgi1ig,dqiiintzscit';int
1423 3754 1491 3876 gnus
1514 3753 1758 3877 borgcgiamtncdma·

98 3821 907 3974 dtllblttflltltltllultlllilttttt}
962 3837 1149 3976 11111111.
1157 3836 1268 3976 illiti
1277 3837 1758 3975 listmatatatfilmt

98 3965 200 4036 gratia.
226 3964 351 4036 Explicat
367 3965 441 4020 enim
464 3964 538 4036 quod
561 3964 687 4035 superius
710 3962 830 4032 dixerat,
850 3965 907 4019 alia
961 3980 1027 4033 quus
1041 3964 1102 4018 odeo
1116 3964 1228 4026 liabent,
1242 3967 1408 4027 cruentatur,
1422 3968 1471 4018 unt
1478 3964 1602 4032 paribus,
1616 3967 1665 4017 unt
1677 3968 1758 4018 enum

98 4037 170 4091 uitia
179 4036 252 4092 uelut
266 4038 387 4106 impertita
399 4038 428 4090 iii
438 4037 515 4091 nubis
532 4036 629 4091 babere
638 4036 786 4104 principia,
802 4039 828 4089 ct
837 4049 907 4105 quu-
961 4035 1144 4105 superioribus
1160 4035 1243 4105 (Luat.
1261 4034 1295 4089 dc
1309 4034 1418 4114 11111)ιί
1430 4048 1488 4103 cup.
1498 4036 1561 4115 ¹18).

100 4107 248 4162 dammodo
260 4109 420 4163 aamceruta
434 4108 521 4170 cunii,
539 4113 592 4161 etc.
997 4093 1011 4136 ⁶
1035 4104 1153 4160 Basilius
1176 4104 1235 4159 loco
1258 4111 1321 4158 ante
1334 4109 1433 4169 citato,
1459 4103 1503 4183 aba
1529 4111 1605 4176 post,
1618 4103 1703 4158 multa
1724 4102 1759 4160 ds

138 4169 257 4234 ¹’ltal).
271 4177 442 4251 Augustinus
453 4177 501 4234 lib.
519 4173 692 4233 iconiessio.
704 4191 765 4248 cap.
778 4181 795 4231 7
810 4194 816 4230 :
830 4175 907 4237 Vidi,
962 4176 1013 4231 lrae
1028 4174 1102 4229 buno
1116 4188 1168 4230 usu
1184 4181 1210 4228 et
1223 4171 1353 4239 utilitate,
1372 4171 1508 4227 concludit
1525 4192 1530 4226 :
1545 4175 1589 4229 Sic
1611 4176 1703 4244 itaqua
1724 4191 1759 4230 cc.

101 4247 251 4375 {unt
266 4253 392 4332 unu
631 4263 746 4319 uu
760 4265 768 4301 ²
961 4249 1003 4371 a
1098 4242 1759 4315 u

893 4347 907 4358 -
974 4333 1002 4370 w,
1688 4335 1697 4372 2
1752 4350 1760 4359 .

102 4324 619 4447 'mmmrfflrizeaetmnpamotffi
628 4333 834 4456 ils'iiaugtffiigs,
848 4332 906 4444 thJm
962 4330 1142 4451 &sermm
1153 4386 1227 4441 muln
1243 4384 1346 4468 dicetur
1360 4403 1369 4440 r
1386 4386 1420 4442 ut
1437 4388 1535 4441 anima
1548 4333 1760 4459 commiserantis

102 4463 248 4534 iraequam
260 4461 392 4527 libidinis,
403 4477 459 4518 nun
474 4469 538 4517 sunt
545 4461 653 4544 proprie
664 4459 739 4528 sitia,
754 4459 907 4517 cumomni
959 4463 1039 4529 parta
1049 4459 1075 4512 si
1091 4459 1190 4527 qui'sin
1206 4457 1508 4582 corporisnulnuptatcm,
1523 4462 1549 4514 et
1561 4460 1759 4530 impurissimus

101 4533 183 4604 culpa
199 4541 323 4599 careant,
336 4532 358 4589 si
369 4533 425 4588 siut
435 4532 536 4603 absque
545 4531 649 4603 iudicio
667 4531 783 4587 rationis
799 4539 827 4587 et
838 4545 907 4586 con·
962 4532 1079 4585 actiones
1091 4530 1229 4591 abutatur,
1242 4528 1396 4583 abominubi
1406 4545 1430 4582 is
1440 4532 1571 4600 prosectu,
1593 4535 1618 4586 et
1635 4535 1760 4600 acterius

102 4617 188 4660 mu
203 4604 370 4676 voluntatis,
393 4613 424 4659 ut
442 4603 470 4658 in
492 4603 622 4674 parvulis,
641 4611 670 4658 ct
685 4600 907 4658 dormientibus:
962 4603 1058 4669 tuerit.
1082 4600 1114 4657 Si
1132 4603 1193 4670 quis
1210 4615 1272 4654 reru
1285 4600 1363 4654 illam
1380 4601 1409 4653 iri
1429 4603 1480 4656 lici
1499 4617 1530 4657 uc
1551 4605 1661 4658 lioniini
1674 4607 1762 4660 riustri

102 4675 196 4732 multo
211 4675 296 4748 mapa
309 4675 337 4731 in
350 4673 529 4730 renitentibus
548 4682 575 4729 et
593 4673 792 4737 resistentibus,
810 4680 841 4729 ut
856 4671 910 4729 du·
963 4675 1025 4727 Jcsn
1045 4672 1149 4728 Clinsti
1168 4672 1328 4727 charitatum
1349 4674 1374 4725 ct
1393 4674 1612 4741 sempiternorum
1632 4674 1757 4729 bonarum

100 4754 149 4803 aet
161 4745 235 4802 idem
247 4746 417 4819 Augustinus
430 4745 478 4802 lib.
495 4744 623 4802 idacii.
639 4742 908 4816 capasvmecoi-
962 4743 1124 4798 dcsidciinm
1143 4745 1286 4824 conrcrtat,
1306 4742 1377 4823 salia
1397 4757 1429 4796 uc
1447 4742 1548 4797 baana.
1568 4744 1757 4808 Qirumubrcrn,

103 4816 184 4874 latio.
197 4823 226 4878 5.
241 4833 267 4873 a.
284 4825 312 4873 t.
962 4817 1064 4882 franca
1082 4813 1365 4874 dilectissima-nolite,
1380 4812 1494 4876 obsecro,
1509 4828 1540 4865 ca
1554 4827 1615 4880 qna
1629 4827 1759 4869 asumma

141 4888 237 4946 eSoita
252 4889 396 4946 damasius
415 4887 462 4945 lib.
484 4886 519 4944 de
537 4889 641 4943 Natura
659 4884 780 4942 bominis
798 4900 858 4958 cap.
874 4891 905 4942 at
920 4917 947 4981 D
962 4889 1015 4941 Deo
1027 4888 1053 4938 ct
1067 4886 1184 4939 umm'nm
1196 4885 1304 4936 unctura
1316 4882 1354 4963 ad
1366 4881 1480 4963 salntem
1494 4888 1702 4965 mnerssasunt,
1714 4899 1759 4939 aa·

101 4958 176 5017 dixit
191 4963 285 5017 :irum
298 4977 352 5017 assa
365 4961 524 5016 satellitium
533 4961 665 5014 ’rationis
684 4960 719 5013 lit
732 4959 770 5013 1).
792 4956 909 5014 Basilius
961 4957 1092 5011 cessionem
1100 4957 1268 5023 pcccatorum
1280 4952 1353 5005 robis
1369 4965 1434 5021 ipsis
1445 4953 1541 5035 facere
1554 4952 1598 5009 Sic
1613 4958 1704 5024 itaqua
1717 4958 1759 5010 ira

102 5034 130 5087 in
154 5030 268 5088 bomilia
282 5032 317 5089 de
332 5034 374 5088 ira
384 5072 392 5102 ,
416 5034 488 5087 iram
511 5028 616 5086 bomini
634 5044 649 5084 a
664 5031 723 5084 Deo
744 5028 855 5096 datam,
877 5035 909 5084 ut
962 5025 1226 5108 quandouportctct
1236 5025 1270 5106 iit
1288 5025 1400 5104 oportet,
1414 5036 1448 5076 ea
1461 5026 1567 5078 ratione
1586 5024 1753 5111 dispensata,

102 5104 256 5176 imperanti
276 5103 395 5170 rationi,
416 5110 556 5173 tamquam
582 5100 662 5156 miles
683 5108 807 5156 innatus
826 5097 906 5168 duci,
961 5095 1160 5167 fortitudinem,
1179 5096 1408 5176 patientiamque,
1428 5109 1459 5148 uu
1476 5098 1758 5168 constantiensium:

101 5175 217 5232 obediat
235 5182 263 5231 ct
283 5175 320 5231 sit
341 5171 453 5246 qnidam
473 5186 575 5230 nervus
595 5170 677 5227 animi
683 5211 701 5298 ἂ
722 5169 909 5227 tortitudinem
960 5171 1058 5240 prater
1070 5169 1516 5228 resurectamrutioncmtractutu,
1527 5167 1758 5232 surorctirisurnii

101 5246 344 5319 constantiamque
368 5244 403 5302 ad
432 5259 476 5301 res
499 5244 568 5300 benc
596 5251 624 5300 et
650 5258 683 5298 ur
702 5243 744 5297 ine
779 5240 910 5315 gerendas
964 5241 1091 5309 efflatur.
1112 5237 1212 5293 Idcirco
1233 5251 1280 5290 rius
1297 5237 1417 5306 psalmus
1436 5237 1561 5293 admonet
1581 5257 1589 5293 :
1608 5241 1762 5298 irascimini
1847 5244 1851 5249 ’

103 5317 233 5389 praebens
249 5321 304 5374 :Et
320 5319 459 5379 animam,
482 5314 586 5387 inquit,
608 5315 744 5385 uoluptate
759 5314 909 5375 delinitam,
965 5316 990 5366 ct
1008 5311 1090 5365 riulitc
1105 5323 1223 5380 mucore.
1237 5307 1369 5363 Similiter
1390 5308 1513 5365 isidorus
1532 5310 1681 5369 Pelusiotes
1698 5334 1704 5370 ι
1722 5316 1760 5372 Ol>

103 5407 138 5443 aa
151 5390 344 5452 insanientum,
363 5389 446 5451 edati
459 5389 533 5455 terro
547 5387 664 5457 qaudam
679 5386 811 5447 coliibeas,
824 5388 909 5438 ansta-
964 5398 1033 5444 cum,
1048 5381 1150 5453 inquit,
1164 5394 1272 5435 causam
1285 5378 1360 5433 riubis
1379 5381 1587 5446 inamaricat,
1602 5400 1655 5439 nuri
1669 5389 1698 5439 ut
1712 5401 1760 5442 nos

104 5463 217 5524 morem,
233 5463 428 5529 fui-auremque
437 5459 564 5522 camulli,
575 5474 606 5514 ae
619 5460 729 5513 rumam
741 5457 840 5512 reddit.
856 5458 909 5512 bec
962 5469 1064 5525 quoque
1081 5467 1232 5523 pmccrnns,
1247 5465 1337 5510 numm
1351 5454 1382 5505 iit
1393 5456 1532 5522 peccantes
1549 5456 1759 5523 prubibcamus:

104 5536 177 5587 ricini
187 5535 214 5587 si
220 5538 315 5588 eontra
327 5533 498 5600 iiiiqut'tutcm
509 5529 578 5584 dasii
586 5529 749 5598 indiqnatrb,
762 5532 788 5584 ct
800 5529 852 5591 ira,
865 5542 910 5581 su·
962 5541 1008 5580 ricc
1019 5530 1051 5580 nt
1060 5541 1090 5579 ea
1104 5523 1230 5579 tiirbidns
1239 5525 1336 5584 motus,
1350 5537 1382 5577 ac
1392 5524 1499 5578 morbus
1509 5525 1547 5578 sit
1559 5543 1567 5579 ε
1578 5541 1670 5581 oerum
1679 5531 1710 5580 at
1721 5529 1761 5581 rii·

103 5606 141 5658 tr's
155 5620 216 5658 eum
227 5604 298 5666 adro,
316 5617 369 5673 qno
387 5601 478 5664 dccet,
493 5603 620 5671 persequi
626 5603 735 5670 poterit.
751 5598 909 5656 Lactantius
963 5599 1092 5652 tiusarum
1107 5597 1286 5664 affcctiunnm
1303 5593 1445 5649 medicina.
1462 5597 1514 5651 Nus
1534 5601 1623 5651 uatem
1641 5597 1760 5652 medicu-

104 5675 202 5731 itidem
217 5674 244 5730 in
261 5674 331 5730 libro
350 5675 385 5730 de
400 5675 443 5728 lia
459 5672 510 5729 liei
531 5691 537 5727 :
552 5673 628 5728 Sicut
645 5687 739 5742 corpus
762 5673 909 5727 damonum
963 5673 1079 5723 meritum
1091 5669 1119 5721 in
1130 5682 1257 5722 emerium
1268 5668 1471 5727 commutamus,
1484 5666 1548 5721 dam
1562 5682 1591 5722 cu
1601 5668 1687 5731 udeu,
1701 5684 1761 5737 qna

104 5751 176 5803 llais
186 5747 280 5802 multis
292 5744 537 5802 ctnuriisscnsr'bus
548 5743 745 5798 adimimaita
752 5742 910 5798 nummariis
963 5755 1016 5794 non
1029 5739 1137 5801 decent,
1155 5739 1293 5793 abutimur
1304 5736 1410 5819 (lsr'dor.
1432 5740 1509 5807 epist.
1529 5742 1603 5807 2³9).
1620 5738 1688 5794 Vide
1709 5740 1761 5794 la-

100 5819 240 5873 instrucit
252 5818 531 5873 :sicctanirnouarius
540 5814 668 5871 attribuit
675 5817 804 5883 uticam,
813 5813 911 5883 qiiibvs
964 5809 1094 5867 ciantium
1109 5810 1156 5865 lib.
1171 5823 1203 5865 vx
1218 5808 1301 5864 disin.
1315 5808 1394 5864 instit
1418 5821 1476 5878 cap.
1496 5812 1538 5863 ia.
