3848 6158
126 214 178 269 563
667 204 807 261 ioannis
825 202 976 258 cassinlll
995 200 1238 258 eudaemones.
1729 202 1785 257 aas

128 335 360 396 commeationis
382 334 482 392 modus
498 340 551 404 est,
571 333 619 407 qul
639 347 672 388 ex
696 329 855 387 nmessitate
876 326 929 385 de·
941 332 969 396 Α
981 328 1136 385 terminare.
1157 330 1218 385 Nec
1236 323 1338 384 enimb
1359 325 1448 385 abbati
1473 326 1556 398 Mori,
1575 325 1622 400 qui
1650 324 1787 386 habitarit

132 431 249 500 scendit,
273 446 339 488 cum
360 428 461 487 diuitiis
482 426 579 485 mundi
595 424 677 498 hujus
691 424 732 481 sel
749 422 933 496 uoluptatibus
984 423 1013 480 in
1042 424 1103 481 loco
1126 422 1204 479 istius
1224 421 1310 480 eremi
1334 421 1382 494 qui
1412 429 1423 457 ⁶
1450 421 1576 480 Calamus
1599 429 1789 494 nuncupatur,

131 526 257 601 obligati,
284 523 471 599 ingruentibus
497 528 610 595 repente
636 517 841 582 tentationibus,
867 533 930 591 quaa
985 513 1240 591 quidquamdeiult
1256 514 1292 573 ad
1308 513 1438 588 perfectae
1449 513 1627 571 beatimdinis
1642 514 1791 585 meritum,

132 619 173 678 rel
201 619 299 677 mortis
324 617 442 690 pericula
467 615 694 681 comminantur,
717 611 758 670 sel
786 612 932 671 amissione
985 608 1059 683 quod
1072 617 1149 668 metu
1160 609 1266 678 mortis,
1287 624 1350 683 quae
1368 608 1516 681 eipropter
1526 606 1668 664 homicidii
1683 607 1793 669 oimeu

134 715 271 773 bonorum
292 730 325 770 ac
336 711 535 785 proscriptione
550 707 712 782 percutiunt,
728 707 770 764 sel
783 706 932 764 charorum
985 704 1178 773 intentabatur,
1193 704 1334 779 impulsus,
1347 702 1382 761 ad
1392 702 1589 762 monasterium
1602 702 1765 762 decucurrit
1782 724 1792 761 a

135 816 225 866 morte
238 813 442 880 compungunt,
463 804 497 863 ad
518 802 673 862 Dominum
694 817 775 876 quern
802 802 878 875 sequi
906 802 932 858 iu
985 799 1050 873 quia
1069 798 1107 855 ita
1128 798 1317 856 nenessitatem
1331 797 1516 856 conversionis
1536 797 1670 870 arripuit,
1682 805 1717 857 ut
1729 813 1795 858 can

135 914 228 957 rerum
260 897 440 972 prosperitate
467 895 696 970 contempsimus,
717 894 815 951 saltem
854 893 932 951 iuviti
987 897 1016 955 in
1029 896 1198 954 voluntatem
1217 902 1345 968 prompta
1355 891 1439 950 animi
1461 892 1565 950 virtute
1577 901 1743 953 conuertens
1756 894 1794 955 ad

134 1006 282 1066 properare
303 990 504 1064 compellimur.
517 989 603 1063 cujus
622 986 774 1049 vocationis
784 988 934 1045 necessita·
987 989 1165 1065 perfectionis
1186 986 1296 1062 fastigia
1318 1002 1427 1044 summ
1441 985 1609 1058 pervenerim
1622 986 1693 1044 sicut
1705 988 1793 1049 etiam

134 1086 231 1144 ternin
246 1085 514 1159 Scripturisquoquc
530 1081 680 1156 sepissime
693 1082 854 1156 reperimus,
869 1097 933 1139 curn
987 1086 1164 1143 econtrario
1196 1081 1321 1156 piurimis
1344 1094 1414 1154 quos
1445 1079 1607 1138 nominatim
1633 1095 1795 1141 memorare

15 1182 23 1197 ⁰
135 1179 208 1238 lilios
224 1179 307 1237 lsrael
324 1178 361 1236 ob
382 1177 481 1234 merita
495 1184 670 1250 pennatorum
689 1190 804 1233 sucrum
819 1174 935 1248 legimus
988 1198 1045 1240 nnn
1059 1179 1156 1247 debeo,
1172 1177 1241 1235 nihil
1261 1174 1364 1250 proluit
1377 1174 1486 1233 Domim
1501 1174 1661 1232 senium
1676 1175 1796 1234 meliore

133 1285 149 1327 a
169 1250 290 1328 Domino
304 1268 418 1326 traditos
436 1268 560 1326 hostibus
574 1268 642 1337 suis,
657 1267 693 1324 ob
707 1281 826 1341 quorum
842 1266 935 1325 domi·
989 1275 1137 1349 arripuisse
1156 1269 1298 1346 principio,
1318 1269 1364 1343 qui
1378 1266 1518 1340 {deinceps
1533 1266 1626 1324 cordis
1639 1267 1746 1342 ignaria
1761 1284 1798 1328 ac

135 1362 276 1420 uodonem
291 1360 535 1434 crudelitatemque
551 1361 740 1425 sevissimam,
759 1375 855 1418 rursus
867 1377 937 1418 cou-
990 1367 1090 1427 duritia
1102 1364 1282 1436 subsequente
1295 1359 1325 1418 in
1344 1366 1467 1432 teporem
1480 1356 1593 1414 noxium
1615 1370 1650 1415 ao
1667 1358 1697 1414 in
1727 1374 1796 1432 pro-

138 1471 231 1514 rorsos
242 1455 277 1513 ad
290 1455 443 1513 Dominum
457 1454 638 1527 proclamasse
649 1476 657 1521 3
668 1461 696 1511 et
708 1455 840 1518 arbitris,
851 1453 938 1526 inquit
990 1460 1110 1521 fundum
1123 1458 1221 1516 mortis
1242 1455 1401 1514 barathrum
1419 1451 1607 1510 conciderunt.
1627 1454 1719 1525 Quum
1733 1470 1797 1513 rem

140 1550 287 1612 Dominus,
297 1549 463 1606 Suluotomm
469 1549 540 1614 dod,
550 1549 638 1620 tilium
647 1549 817 1618 Germfiiium
827 1549 936 1610 Jernini,
990 1555 1018 1613 in
1033 1553 1221 1628 apostotorum
1233 1564 1342 1623 quoqne
1358 1546 1501 1604 voceuoce
1514 1544 1640 1625 ridemus
1651 1545 1797 1605 evidenter

140 1645 189 1714 qui
198 1647 312 1714 utroque
318 1659 402 1698 moute
410 1643 536 1700 utebatur
546 1643 712 1715 prodentem
720 1642 816 1709 (ludio.
831 1644 887 1709 ιιι).
902 1643 939 1699 lit
991 1663 1158 1723 expressam.
1175 1643 1247 1717 Quid
1261 1643 1335 1701 onitu
1350 1639 1452 1715 proluit
1468 1638 1548 1697 Judae
1562 1640 1733 1713 apostolutrrs
1745 1656 1797 1699 su-

135 1753 258 1805 rursum,
269 1739 468 1807 clamaverunt,
479 1737 578 1810 inquit,
590 1738 628 1793 Μ
641 1739 784 1794 Dominum
794 1735 936 1810 utilitati·
950 1751 976 1816 Β
989 1742 1185 1803 blimissimum
1199 1736 1325 1813 padum,
1339 1734 1437 1793 eodem
1451 1733 1548 1792 ordine
1558 1742 1615 1807 qu'o
1628 1733 1727 1794 Petrus
1741 1752 1798 1794 cte·

137 1833 208 1889 teuit
220 1834 258 1888 eis
280 1833 450 1896 salvotorem,
467 1837 493 1888 et
506 1832 627 1889 liberum
644 1847 696 1896 eos,
712 1831 835 1890 Otbcniel
851 1831 938 1901 filium
989 1838 1096 1912 narique
1112 1833 1228 1909 apostoli
1251 1831 1327 1890 asuri
1351 1837 1431 1899 sunt,
1454 1828 1602 1888 voluntarie
1625 1829 1791 1904 παρίκει,

140 1926 222 1984 cenez
244 1928 361 1995 fratrent
375 1927 454 1984 colob
470 1925 609 1997 juratorem
625 1925 726 1995 (lim).
742 1926 779 1981 Et
790 1923 824 1980 dc
837 1922 937 1982 talibus
990 1931 1037 2006 qui
1055 1928 1205 1988 nomionis
1218 1941 1277 1984 suae
1290 1924 1420 1998 praelata
1431 1923 1568 1996 principia
1586 1920 1741 1996 cupiditatis
1757 1939 1793 1981 ac

138 2019 168 2076 iu
179 2018 415 2093 psalmodicitur:
429 2020 494 2077 Gom
506 2020 699 2081 metros,
714 2021 776 2073 tuac
785 2017 941 2088 moretoni
992 2021 1164 2098 philargyria
1182 2017 1312 2093 pestifero
1331 2015 1386 2074 dne
1411 2029 1619 2084 consummans,
1645 2031 1734 2090 usqua
1760 2015 1800 2075 ad

140 2128 210 2178 eum,
231 2118 257 2169 et
270 2114 480 2177 rmerteboatur,
501 2117 527 2167 et
539 2111 656 2167 adnuae
668 2111 809 2167 amiciunt
821 2111 858 2167 od
868 2126 938 2176 eum,
992 2116 1171 2175 traditionem
1190 2111 1302 2170 Domini
1319 2108 1523 2168 crudelissimus
1540 2107 1674 2182 parricida
1694 2124 1800 2183 proru-

139 2212 165 2263 et
176 2207 310 2264 recordati
320 2210 384 2264 sunt
394 2205 461 2277 quta
473 2211 543 2264 Dera
553 2206 663 2278 adjutor
670 2221 760 2262 eorum
773 2210 823 2271 est,
836 2212 862 2264 et
870 2211 942 2265 Dcite
993 2207 1330 2287 [litteratissimum
1341 2203 1407 2279 quid
1419 2202 1510 2261 obfuit
1523 2202 1608 2261 Paulo
1618 2202 1694 2276 quod
1701 2219 1801 2277 repere

139 2301 256 2356 eooeisus
269 2301 429 2372 Redemptor
446 2316 538 2358 eorum
551 2305 590 2357 est
613 2300 694 2373 (Prot.
710 2305 841 2370 auxen).
864 2303 942 2358 ltor-
994 2311 1153 2382 testarentur
1170 2304 1272 2369 (daton
1285 2299 1329 2371 rx)
1347 2298 1383 2357 ad
1404 2297 1476 2356 riam
1497 2297 1594 2355 saluds
1610 2297 1686 2356 voltu
1698 2297 1803 2357 inritrss

142 2407 257 2467 sumque
271 2414 278 2448 r
294 2399 330 2454 at
344 2393 529 2451 cmmcoerunt
544 2395 581 2450 ud
592 2397 735 2452 Donum
748 2411 808 2451 mm
826 2396 943 2451 tributo
995 2398 1103 2457 videaur
1121 2402 1264 2463 nttmctus,
1277 2394 1324 2468 qui
1340 2400 1435 2466 postea
1450 2391 1605 2451 Dominum
1619 2399 1698 2449 tanto
1711 2391 1802 2450 animi

141 2493 246 2555 rentur,
281 2482 309 2547 et
333 2490 367 2547 de
391 2490 594 2547 mmssitotibas
623 2504 712 2546 enum
740 2490 866 2547 liberauit
900 2506 943 2547 eos
995 2492 1103 2552 terrore
1128 2496 1249 2548 sectatus
1261 2486 1368 2545 initium
1381 2484 1551 2543 necessitatis
1574 2485 1732 2544 rmuutaria
1749 2484 1804 2544 dc-

110 2593 112 2595 ’
141 2581 224 2653 (Ptol.
243 2581 317 2656 cvr).
997 2585 1107 2644 rodono
1131 2596 1352 2648 consummans,
1372 2578 1523 2655 gloriosam
1547 2577 1632 2636 mutis
1650 2576 1805 2637 uirtutibus

450 2679 572 2740 cetur
595 2683 630 2738 v.
997 2678 1081 2735 vitam
1097 2673 1304 2748 incomparabili
1321 2672 1376 2729 bue
1399 2671 1551 2729 conclusit?
1567 2673 1672 2728 somn
1685 2683 1756 2745 ergo
1771 2671 1804 2728 in

145 2787 221 2857 Quod
231 2789 397 2846 etdesidioso
411 2791 512 2845 occatio
520 2792 613 2860 primo
626 2804 680 2845 non
688 2789 787 2860 prosit,
799 2792 825 2843 et
834 2792 942 2846 strenuo
997 2773 1052 2831 ⁶¹¹0
1070 2770 1204 2838 ‘dimittile
1216 2769 1246 2825 5¹¹
1257 2782 1312 2841 4l¹¹⁰
1323 2773 1415 2839 9⁰2⁶st
1428 2764 1488 2838 (1⁰5⁵
1501 2773 1529 2822 ‘t
1547 2763 1662 2838 ⁰9⁶⁰*
1680 2776 1820 2823 0⁰⁰*

400 2864 536 2930 POiiitmt
549 2876 601 2915 '¹⁰²²
614 2859 691 2915 obsit.
994 2865 1080 2926 monis
1112 2863 1196 2922 initiis
1226 2860 1366 2920 dedicatus
1396 2858 1509 2917 uienor
1531 2874 1579 2931 per
1601 2856 1804 2932 negligentism

179 2962 219 3014 lis
234 2958 380 3032 bisitaque
394 2957 484 3015 tribus
506 2958 597 3015 modis
619 2958 683 3014 licet
696 2958 801 3030 priores
812 2957 866 3015 duo
881 2974 944 3016 me·
996 2959 1118 3035 reperiri,
1133 2965 1161 3015 et
1182 2956 1343 3014 necessitate
1355 2961 1487 3012 attracnrs
1503 2952 1658 3010 adnomen
1673 2951 1804 3010 monachi

145 3050 259 3108 lioribus
277 3050 352 3107 inniti
382 3050 520 3124 principiis
547 3051 706 3119 videantur,
735 3067 943 3127 nonnumquam
996 3049 1266 3127 profitendumaillci
1288 3048 1485 3124 pertimerem
1504 3045 1552 3104 Dei
1572 3044 1804 3123 diligentiamque

141 3151 234 3198 mmen
248 3141 401 3198 invenimus
418 3143 500 3199 etiam
514 3143 549 3200 de
562 3142 642 3200 tertio
656 3143 752 3217 pado,
767 3145 813 3218 qui
832 3146 944 3205 iniimus
959 3155 982 3222 c
996 3146 1141 3223 perfectus.

141 3233 248 3291 uidetur
261 3251 294 3292 ao
309 3234 427 3309 tepidus,
446 3235 580 3308 periectos
591 3237 666 3295 siros
678 3253 711 3296 ac
723 3238 819 3314 spiritu
832 3239 941 3299 ferran-
1306 3239 1429 3296 CAPUT
1441 3238 1491 3294 Vl.

141 3327 263 3385 tissimus
283 3329 427 3398 exstitisse,
452 3328 559 3403 illisque
582 3331 749 3402 consimiles,
770 3333 816 3407 qui
837 3335 944 3409 optimo
1136 3337 1276 3409 dispositio
1285 3335 1368 3390 trium
1378 3332 1650 3388 obrmuatietrbnum.

144 3422 276 3496 principio
305 3422 424 3497 aggressi
448 3423 563 3480 Domini
598 3423 778 3495 famulatum,
811 3427 944 3501 reliquam
1033 3423 1716 3492 iluncdeabromrutiationibusdissereudomect,
1730 3435 1804 3496 quas

146 3531 256 3590 quoque
273 3515 356 3572 uitam
375 3514 503 3572 laudabili
523 3514 630 3574 ierrorc
643 3517 754 3590 spiritus
775 3528 942 3591 exegeruut3
998 3532 1054 3582 tres
1067 3532 1163 3582 esseet
1173 3526 1285 3581 Petrum
1295 3520 1417 3591 traditio,
1431 3527 1460 3577 et
1474 3517 1672 3592 scripturarum
1683 3522 1803 3573 mcta-

144 3619 172 3668 et
193 3611 293 3667 iterum
308 3608 343 3667 dc
365 3608 414 3666 illo
429 3609 562 3683 superiori
585 3609 670 3684 gradu
692 3610 825 3684 plurimos
838 3611 944 3685 tepefa-
986 3606 1062 3675 'rum
1076 3616 1248 3673 demonstrat
1265 3613 1424 3683 auctoritas,
1441 3626 1564 3688 qrmsque
1576 3623 1804 3684 unumquemque

142 3710 201 3761 ctos
213 3691 247 3761 ad
260 3702 464 3776 vituperabilem
474 3703 558 3761 tinem
578 3703 728 3776 saepissime
745 3704 875 3763 recidisse
894 3723 945 3764 :ac
998 3718 1124 3768 nostrum
1144 3707 1221 3765 omni
1246 3707 1337 3765 studio
1359 3714 1469 3781 oportet
1487 3705 1609 3780 implere.
1634 3703 1731 3762 Pritrm
1756 3708 1802 3762 cst

143 3797 256 3873 perinde
267 3800 349 3869 [lips.
367 3800 396 3852 iu
413 3813 501 3869 morp.
518 3797 643 3870 proinde]
667 3795 740 3855 sicut
753 3796 807 3855 illis
820 3798 887 3856 nihil
899 3799 945 3875 ob
998 3819 1052 3878 qrru
1063 3801 1241 3875 corporaliter
1255 3800 1397 3859 universas
1410 3801 1517 3859 divitias
1529 3798 1626 3858 mundi
1641 3797 1805 3857 iaemmtcs·

107 3921 110 3927 ·
143 3893 194 3950 brit
212 3892 285 3966 quod
305 3908 360 3949 uon
378 3891 600 3949 succiderentur
619 3891 743 3961 arbitrio,
762 3891 945 3950 sednecessi-
999 3911 1052 3971 que
1070 3894 1289 3964 contemnimus3
1316 3895 1436 3954 secunda
1461 3910 1513 3969 qua
1537 3909 1645 3964 mores,
1665 3908 1699 3952 ac
1724 3892 1803 3964 dtis,

143 3988 207 4044 tatis
229 3986 416 4058 compulsione
437 3985 572 4055 conversi,
593 3987 696 4059 quippe
723 3989 736 4020 ¹
760 3984 945 4060 quibusbanc
999 3987 1168 4063 adeousque
1199 3988 1330 4062 pristinos
1356 3989 1440 4047 animi
1459 3989 1606 4063 carnisque
1630 3987 1803 4062 respuimusr

144 4079 231 4151 ipsam
252 4079 445 4150 occasionem,
465 4094 519 4153 qua
543 4088 813 4154 compungerentur,
834 4082 946 4140 Domini
999 4083 1078 4142 tertia
1091 4093 1279 4159 quameutem
1293 4092 1419 4142 nostram
1431 4083 1465 4142 de
1478 4083 1660 4157 praesentibus
1670 4081 1806 4141 unirmffl

143 4174 299 4248 benignitas
321 4175 492 4247 procurarit,
516 4175 555 4233 ita
573 4175 659 4234 etiam
679 4174 737 4233 istis
748 4176 864 4235 omuino
877 4176 945 4235 nihil
999 4193 1032 4236 ac
1042 4177 1189 4236 visibilibus
1200 4185 1354 4247 evocantes,
1368 4177 1460 4236 futura
1472 4177 1668 4236 tantummodo
1680 4185 1806 4235 conmm-

142 4267 244 4337 proiuit
266 4266 426 4327 sublimiora
448 4270 635 4328 conversionis
655 4269 785 4328 babuisse
803 4270 945 4345 principia,
1000 4271 1122 4344 plamur,
1141 4279 1170 4330 et
1187 4287 1218 4329 aa
1242 4286 1305 4346 quae
1330 4279 1396 4328 sunt
1413 4268 1557 4328 invisibilia
1571 4269 1803 4344 concupiscimus.

145 4358 210 4427 quia
237 4372 294 4413 nou
312 4357 474 4415 studuerunt
497 4361 631 4430 reliquam
653 4362 738 4418 sitam
757 4362 811 4419 dne
825 4379 947 4437 congruo
1001 4366 1071 4434 Quae
1084 4367 1146 4435 tria,
1159 4375 1190 4423 ut
1204 4366 1286 4425 simul
1303 4365 1490 4440 perficiantur,
1505 4365 1587 4424 etlam
1602 4364 1722 4423 Abrahae
1734 4362 1806 4437 logi·

692 4499 820 4559 rennui
839 4504 952 4561 GAZAEl
971 4504 1252 4564 COMMENTdeUS.

179 4630 192 4656 ¹
206 4621 234 4678 S.
250 4617 388 4702 liuterius
406 4621 433 4681 iu
447 4619 557 4679 homilia
579 4623 699 4695 quodam
722 4627 809 4709 (idom.
838 4632 882 4711 aa)
895 4627 948 4687 hoc
961 4637 987 4701 1)
1001 4647 1082 4703 quom
1096 4633 1217 4716 illoque
1231 4633 1289 4702 titii
1304 4632 1465 4700 delibantur
1478 4634 1548 4716 strae
1559 4629 1808 4689 emmanuelem

144 4708 215 4778 saepe
229 4706 337 4750 evenire
344 4691 482 4776 affimat,
496 4703 529 4778 ut
548 4697 621 4778 Deus
635 4710 813 4780 rerumquae
830 4700 946 4785 tubula—
1000 4705 1227 4788 monuoqmooioe,
1236 4705 1346 4789 obicere
1355 4705 1426 4789 uuit,
1436 4705 1544 4760 ebosus
1558 4703 1699 4788 interdum
1709 4718 1808 4773 pama-

144 4765 263 4823 trourbus
275 4762 416 4848 bominem
425 4773 597 4852 engagement
610 4783 634 4824 rs
647 4782 696 4841 qur
705 4783 822 4825 namnum
833 4777 946 4856 temonis
1000 4780 1057 4839 not,
1074 4790 1154 4846 quom
1168 4775 1201 4831 de
1214 4775 1530 4831 rodustmcsemmotum.
1544 4777 1612 4832 Vada
1624 4772 1809 4859 quaedamsed

144 4836 540 4967 tttlttt‘ttdtdt'itit
560 4836 945 4971 'titt‘irt'btittltl
999 4847 1193 4974 {iiiiii
1206 4846 1807 4986 amatissimam

144 4976 470 5104 sipianigulgudoquidem
479 4996 535 5038 uon
545 4952 649 5066 possim
664 4982 805 5042 inmundo
814 4987 943 5061 consequi
997 4934 1808 5073 ribotmetptgotdaoonoersattonemfnootomm11²03⁸w

144 5050 943 5210 titillatutitrtdtltidltiltjeittitte
996 5060 1618 5206 tlttttttt'fltitittttmtt
1651 5129 1809 5205 „rosnae

145 5190 585 5321 certissimarum
597 5199 945 5327 territaretur
997 5202 1186 5331 egres,
1624 5273 1630 5286 ·
1769 5273 1777 5287 ·

144 5330 258 5387 tenbam
272 5296 392 5388 ioannes
406 5332 543 5392 Climncus
556 5334 629 5393 lruue
642 5310 692 5393 Dei
705 5352 809 5393 rnorem
824 5352 882 5395 esse
896 5339 932 5396 ait
984 5341 1024 5400 'vi
1043 5289 1112 5400 esim
1128 5271 1382 5402 sgewffrtdfflssph
1400 5272 1437 5332 de
1454 5290 1509 5404 Ἥ),
1527 5272 1666 5403 panafflm
1690 5276 1810 5401 Italam:

196 5401 201 5413 ¹
415 5403 421 5416 ⁸
709 5407 715 5420 α
828 5407 834 5419 ,
890 5381 943 5421 ,,
1024 5358 1054 5425 ς,
1114 5358 1207 5401 acu
1248 5386 1272 5429 ‚⁹
1341 5358 1717 5431 omcuusrrosen,rapt
1760 5359 1798 5429 vr·

145 5401 803 5546 tiittlittimittrltttlitillinit
824 5424 944 5538 {tritt
997 5426 1104 5496 ⁸⁰⁸³¹⁰⁰
1119 5429 1204 5543 ¹¹⁰¹l⁰’
1219 5416 1474 5510 N¹⁰⁰⁹h⁰¹³¹⁸'¹b'⁰
1491 5417 1638 5475 “mm
1657 5422 1811 5488 “mm

144 5544 211 5626 Eitis
233 5545 312 5602 rerba
331 5517 395 5602 sunt
409 5547 515 5613 (Gradu
528 5549 551 5619 i)
568 5569 576 5604 ε
593 5552 652 5608 Non
673 5494 877 5614 remaneamus,
898 5522 945 5608 in:
997 5498 1274 5616 “elffiasemuglocos
1288 5558 1443 5619 solitudinis
1455 5557 1547 5618 luitin
1646 5565 1687 5624 to,
1701 5557 1734 5616 in
1749 5572 1809 5632 quo

163 5623 214 5681 urt,
232 5617 468 5686 quosdommtmelo
481 5622 945 5691 rmuntiumcseinasopientideii-
998 5625 1079 5684 mam
1091 5628 1191 5687 Paulus
1199 5629 1315 5688 eremita
1332 5630 1473 5689 habitavit.
1489 5631 1615 5688 Meminit
1652 5629 1716 5702 ujus
1741 5645 1807 5691 mr·

191 5688 358 5771 ctionequio
368 5690 707 5776 spiritusqomdoqieprje
715 5691 942 5763 deciperent-mm.
997 5711 1048 5755 sus
1067 5699 1213 5758 Cassianos
1238 5700 1330 5759 collat.
1356 5709 1373 5760 7
1401 5702 1491 5778 eapite
1516 5701 1649 5776 vigesimo
1669 5709 1754 5762 sarto
1778 5707 1808 5761 ss

145 5758 222 5830 Saepe
239 5775 308 5814 earm
322 5760 386 5816 tuias
404 5766 569 5817 renuntiatio
584 5763 756 5833 melioratae
770 5766 942 5832 terminetur,
998 5768 1090 5828 collat.
1104 5775 1140 5828 ts
1156 5788 1215 5847 cap.
1231 5779 1260 5828 4.
