3848 6158
132 305 186 362 ³85
452 306 500 362 bs
518 306 756 365 ctlrttusslotttill
774 309 897 368 lNSTl'l'.
917 312 984 370 LlB.
1004 314 1037 370 x.
1056 314 1155 370 -DE
1173 314 1307 373 SPlRlTU
1327 317 1474 376 ACEDlAE.
1737 331 1789 386 386

99 450 107 465 ‘
132 433 221 491 aliena
243 432 358 505 quidem
383 433 507 507 largitate
525 451 557 491 ac
578 435 732 495 substantia
756 452 804 496 eos
826 439 936 497 relicere
950 444 977 508 Α
990 441 1085 498 multis
1106 457 1140 499 ex
1159 443 1247 500 causis
1263 443 1403 502 offensum
1426 446 1599 520 contingebat
1616 450 1682 507 velle
1702 451 1792 510 disee·

129 526 327 591 festinemus,
990 536 1072 604 dere,
1100 539 1123 595 si
1149 539 1278 597 solatium
1305 542 1409 599 itineris
1436 543 1477 599 uel
1500 543 1609 601 comitis
1634 547 1788 618 reperisset.

423 622 543 682 CAPUT
560 625 642 680 XIX.
991 631 1114 705 Cumqrm
1126 634 1236 692 eumad
1247 651 1413 694 eonsensum
1423 636 1536 695 occultis
1545 638 1790 720 qbtreetationibus

130 724 361 797 omnudmodum
383 726 501 794 inteltipi
518 726 612 811 dehent
632 729 764 784 :Bestius
784 733 824 784 est
843 732 933 799 erupis
988 728 1149 784 monasterii
1167 729 1331 800 pellexisset,
1351 729 1500 787 condicens
1517 733 1542 789 ei
1561 732 1669 799 boram,
1686 735 1789 807 quade

382 796 447 852 dite
461 812 542 866 ΨΜ
554 813 682 868 “witm-
987 820 1156 879 monasterio
1171 822 1285 881 deberet
1299 824 1383 894 exire,
1398 824 1438 881 vel
1457 824 1549 883 locum
1566 843 1621 899 quo
1640 843 1669 884 se
1682 844 1790 901 praeve-

166 901 203 956 Εἴ
216 897 270 955 ¹¹⁰⁰
283 899 373 970 il>sum
387 898 499 955 D0missi
513 898 580 977 diiii
590 915 650 957 0⁸⁸⁰
663 901 828 960 mandalum
843 920 850 958 ²
866 904 934 972 0¹1⁰·
987 913 1064 972 niens
1081 925 1260 987 exspectaret,
1280 918 1338 990 ipse
1357 919 1431 975 velut
1444 918 1514 976 illico
1528 921 1726 978 subsecuturus
1740 922 1791 978 ibi·

128 998 207 1053 su'om
216 996 284 1065 ‘'Pits
295 993 488 1066 inquitsdt'ffl‘i,
500 993 818 1063 idtssiiflofflissutltsut
831 1017 837 1054 2
848 1001 860 1030 ⁸
871 1001 934 1054 Bw·
987 1005 1052 1065 dem
1072 1008 1247 1066 subsistebat.
1266 1008 1371 1083 Illoque
1383 1012 1453 1083 jam,
1467 1029 1517 1085 pro
1530 1013 1666 1072 discessus
1681 1017 1723 1072 sui
1743 1032 1789 1073 re·

129 1091 184 1146 tius
197 1092 237 1144 est
252 1091 342 1157 inopis
355 1088 421 1144 dure
435 1104 518 1158 quom
532 1092 650 1160 occipere
664 1092 771 1158 (Actor.
791 1090 855 1163 xx).
870 1095 933 1148 llos
986 1101 1126 1170 recondis,
1142 1117 1200 1158 non
1219 1102 1336 1159 audente
1352 1104 1388 1160 ad
1404 1107 1603 1163 monasterium
1619 1107 1653 1165 de
1667 1124 1721 1182 quo
1740 1125 1790 1165 au·
1867 1108 1873 1121 ¹

128 1193 183 1254 est,
203 1182 384 1256 impartientis
406 1183 512 1239 beatior
533 1182 644 1256 largitos
664 1200 749 1257 quam
773 1185 933 1259 accipientis
986 1190 1093 1266 fugerat
1106 1196 1219 1252 ulterius
1236 1198 1385 1269 aggregari,
1400 1196 1493 1254 infelix
1509 1204 1522 1231 0
1537 1199 1607 1272 fugae
1619 1201 1678 1273 ejus
1694 1213 1790 1260 auctor

129 1280 255 1353 pmurie,
272 1291 335 1349 quae
355 1291 412 1332 non
433 1275 468 1334 de
486 1277 601 1349 pecunia
616 1293 664 1350 per
682 1278 871 1336 infidelitatem
891 1280 933 1338 vei
986 1290 1014 1347 in
1025 1289 1151 1347 coenobio
1163 1289 1306 1347 residebat.
1322 1292 1384 1346 lloe
1396 1307 1483 1347 unum
1495 1292 1652 1363 exemplum
1666 1296 1699 1350 de
1710 1296 1789 1352 istius

128 1370 309 1431 &fidentiam
337 1378 488 1440 reservata,
511 1387 562 1428 nec
589 1371 624 1428 de
645 1372 791 1430 reconditis
812 1374 933 1433 avaritiae
986 1383 1062 1441 modi
1085 1398 1184 1457 genere
1204 1383 1348 1441 bominum
1377 1399 1429 1456 pro
1450 1384 1637 1457 incipientium
1661 1388 1787 1444 cautione

128 1464 263 1524 dimotis
277 1464 454 1536 impenditur.
468 1463 516 1521 ted
528 1479 591 1537 (111oe
609 1464 644 1521 de
659 1464 750 1522 fructu
764 1467 856 1538 operis
869 1483 933 1539 itto-
985 1477 1087 1536 dixisse
1100 1477 1229 1549 sufficiat,
1244 1493 1298 1550 quo
1314 1485 1404 1551 pateat
1420 1478 1581 1547 evidentius,
1598 1487 1697 1551 quanta
1715 1479 1787 1535 mala

129 1559 181 1633 prii
193 1568 221 1616 et
232 1560 278 1632 pio
290 1557 392 1615 sudore
406 1557 554 1630 profertur·
572 1561 608 1615 Ei
621 1559 682 1616 ideo
702 1561 808 1617 &alies
819 1567 859 1618 est
870 1579 930 1618 mtt-
986 1572 1122 1640 otiositas,
1145 1571 1297 1628 secundum
1321 1572 1470 1644 seripturae
1491 1572 1654 1629 sententiam
1677 1573 1786 1639 (becles.

129 1655 173 1725 pis
185 1654 253 1709 dore
270 1670 356 1724 quam
379 1655 508 1724 occipere,
523 1654 585 1726 quia
600 1671 665 1712 eum
686 1655 759 1713 illius
772 1657 819 1730 qui
834 1659 933 1732 accipit
986 1666 1110 1734 xxxm),
1123 1665 1150 1720 in
1161 1664 1290 1722 monaehi
1301 1673 1394 1722 mente
1407 1665 1547 1738 parturiat,
1558 1666 1600 1722 vel
1610 1666 1789 1738 quemadmo

130 1740 184 1806 bis
199 1749 246 1821 qui
260 1748 355 1804 tribuit
369 1746 471 1805 habeut
485 1757 684 1821 paupertatem,
697 1751 877 1810 nihilominus
891 1752 933 1809 lu·
986 1758 1053 1816 (lum
1076 1767 1256 1833 corrumpant
1281 1759 1370 1816 bonos
1393 1774 1485 1815 mores
1508 1759 1644 1832 colloquia
1665 1760 1739 1816 mala
1763 1763 1785 1830 (l

128 1841 197 1900 bore
215 1840 324 1914 proprio
345 1856 402 1896 non
416 1840 506 1907 solum
521 1857 580 1898 suae
601 1843 771 1901 necessitatis
791 1844 970 1912 suffimen-B
987 1855 1045 1912 eor,
1058 1857 1121 1921 xv),

131 1934 211 2005 dam,
223 1950 319 1992 verum
339 1934 421 1992 edam
440 1935 514 2008 quod
529 1936 632 1993 tribuat
651 1937 793 2011 indigenti,
813 1939 856 2010 pia
875 1939 933 1998 sol·
1276 1949 1397 2005 CAPUT
1416 1949 1498 2004 xxi.

131 2027 280 2095 licitudine,
302 2045 398 2101 parare
418 2028 529 2087 festinat
553 2049 560 2084 :
585 2030 686 2103 duplici
711 2033 798 2105 gratia
818 2033 933 2090 deeora·
1022 2044 1181 2098 praenesten
1193 2042 1439 2098 Salomonecontra
1451 2043 1574 2097 acediam
1589 2044 1749 2098 testimonio.

131 2128 187 2186 tus,
196 2121 268 2194 quod
276 2131 302 2180 et
313 2123 459 2195 perfectam
469 2123 622 2181 nuditatem
633 2125 732 2182 Christi
740 2126 931 2183 universarum
1022 2135 1103 2207 Quod
1121 2134 1269 2192 otiositatis
1287 2134 1385 2190 vitium
1402 2134 1484 2190 ctiam
1502 2135 1721 2206 sapientissimus
1737 2136 1786 2191 Sa·

134 2231 230 2273 rerum
251 2231 362 2272 sumum
381 2214 534 2288 abjectione
557 2218 703 2290 possideat,
724 2228 752 2275 et
773 2221 934 2277 munitioen-
987 2226 1081 2283 lomon
1094 2225 1295 2283 euidentissime
1308 2233 1388 2282 notat
1400 2226 1428 2281 in
1440 2225 1544 2294 multis,
1560 2225 1790 2295 itadicens10ni

135 2309 202 2367 uam
215 2309 308 2367 divitis
322 2310 412 2367 labore
424 2327 474 2367 suo
489 2311 617 2368 exhibeat
629 2319 656 2368 et
669 2311 773 2369 affeetu
789 2333 796 2368 ε
814 2313 933 2388 hic-qui·
985 2325 1103 2376 sectatur
1111 2324 1205 2384 otium,
1215 2322 1361 2391 replebitur
1367 2325 1530 2392 paupertate
1540 2320 1673 2386 (Proceri.
1682 2321 1787 2392 xviri),

135 2402 199 2460 dem
221 2401 358 2459 honorans
380 2405 467 2460 Deum
485 2403 520 2460 de
544 2405 600 2461 suis
620 2405 702 2478 justis
722 2407 881 2486 laboribus,
906 2417 934 2466 et
986 2415 1028 2470 vel
1052 2412 1154 2483 visibili,
1172 2413 1287 2483 scilieet,
1309 2414 1350 2471 vel
1378 2412 1514 2482 invisibili,
1539 2430 1591 2486 qua
1612 2427 1722 2470 necesse
1745 2421 1787 2470 est

133 2494 254 2552 delibans
268 2495 291 2551 ei
307 2495 341 2552 de
357 2494 490 2552 fructibus
501 2498 617 2569 justitiae
632 2514 689 2555 suae
710 2519 717 2554 :
738 2498 781 2557 ille
801 2517 866 2558 vero
882 2502 932 2558 otii
987 2506 1109 2563 otiosum
1124 2522 1260 2580 quemque
1272 2515 1299 2563 et
1310 2505 1421 2563 diversis
1435 2505 1506 2577 vitiis
1520 2505 1675 2562 involutum
1687 2504 1786 2572 teneri,

132 2596 244 2661 torpore
262 2596 289 2646 et
306 2588 400 2646 inertia
415 2590 561 2660 resolutus,
577 2591 718 2666 indignum
733 2610 763 2651 se
776 2610 837 2653 esse
850 2597 934 2653 etiam
987 2607 1016 2657 et
1036 2599 1156 2657 alienum
1175 2614 1284 2670 semper
1301 2598 1417 2656 existere
1443 2614 1458 2654 a
1480 2599 1711 2671 contemplatione
1735 2599 1788 2654 Dei

131 2682 194 2741 cibo
206 2683 294 2754 panis,
309 2682 436 2754 Apostoli
450 2683 545 2756 probat
558 2685 693 2743 sententia
708 2689 743 2755 (ll
760 2689 849 2745 Thess.
872 2693 933 2759 ιιι),
988 2693 1029 2748 uel
1043 2691 1146 2749 divitiis
1159 2691 1338 2763 spiritalibus,
1349 2691 1382 2748 de
1395 2691 1493 2762 quibus
1507 2688 1602 2747 beatus
1614 2691 1764 2762 Apostolus
1782 2712 1788 2747 :

132 2784 226 2834 eontra
240 2777 298 2849 ejus
310 2776 411 2833 scilicet
422 2777 596 2836 interdictum
609 2779 714 2838 otiosus
725 2798 790 2838 eum
803 2799 861 2841 non
876 2785 935 2842 sine
990 2788 1060 2856 Quia
1072 2789 1101 2841 in
1115 2787 1244 2851 omnibus,
1264 2785 1364 2858 inquit,
1377 2785 1473 2841 diuites
1486 2787 1557 2854 sucu
1568 2787 1630 2839 estis
1642 2787 1672 2840 in
1686 2786 1743 2848 illo,
1758 2787 1787 2840 in

132 2877 209 2927 reatu
224 2871 327 2942 peccati
342 2871 576 2944 contumaciaeque
589 2889 771 2947 praesumens.
989 2882 1063 2937 omui
1073 2881 1151 2935 uerbo
1164 2883 1189 2935 et
1200 2881 1231 2935 in
1245 2881 1318 2935 omiti
1330 2881 1440 2934 edentia
1455 2880 1477 2944 (l
1492 2882 1553 2934 cor.
1573 2881 1604 2945 1).
1620 2877 1723 2934 liobae
1738 2894 1789 2934 au-

427 2975 547 3030 CAPUT
565 2978 634 3032 XX.
988 2980 1047 3029 tem
1065 2972 1146 3029 otiosi
1168 2980 1328 3044 paupertate
1349 2970 1414 3028 alibi
1437 2987 1547 3044 quoque
1568 2972 1606 3027 ita
1626 2971 1755 3028 scribitur
1782 2993 1788 3029 :

133 3076 172 3132 be
195 3075 286 3141 tratre
309 3074 451 3139 desidioso,
478 3077 527 3200 qui
549 3077 618 3133 ulios
636 3077 730 3147 epredi
754 3077 787 3133 de
819 3078 936 3134 custodio
989 3058 1045 3124 ‘Ei
1058 3069 1185 3123 vestietur
1195 3068 1325 3122 wdiiiiia
1336 3069 1407 3121 ”0⁸20
1418 3071 1444 3121 ti
1454 3080 1576 3136 immiti
1588 3067 1675 3120 ⁰mm'8
1691 3069 1792 3121 somni-
1859 3120 1863 3125 -

447 3161 476 3201 ⁸⁰
488 3144 621 3202 litiissbtii·
990 3161 1093 3216 eulosus
1104 3162 1193 3226 (Pron.
1211 3162 1317 3226 xxrrr).
1333 3157 1398 3214 Sine
1413 3154 1498 3213 dubio
1510 3156 1583 3212 enim
1598 3173 1654 3213 non
1670 3156 1788 3214 merebi-

169 3249 301 3306 Norimus
315 3249 442 3318 fratrem,
456 3248 535 3321 eujus
548 3249 632 3306 etiarn
651 3266 764 3320 nomen,
782 3251 804 3307 si
817 3252 935 3324 amplius
952 3229 975 3293 C
990 3262 1036 3311 tur
1055 3253 1102 3309 illo
1123 3252 1337 3323 incorruptionis
1358 3251 1523 3307 vestimento
1546 3251 1650 3319 ornari,
1673 3251 1707 3307 de
1730 3267 1785 3324 quo

136 3340 236 3414 aliquid
251 3357 284 3399 ex
301 3342 355 3399 boe
374 3340 559 3400 instructionis
572 3342 726 3412 accederet,
743 3341 934 3414 proderemus,
989 3344 1139 3417 Apostolus
1160 3344 1283 3417 praecipit
1306 3363 1313 3399 :
1339 3344 1447 3398 induite
1470 3359 1514 3399 cos
1536 3347 1679 3400 Dominum
1696 3347 1784 3399 lesum

135 3436 182 3508 qui
199 3452 262 3492 cum
280 3436 308 3492 in
323 3436 449 3494 coenobio
469 3444 635 3506 moraretur,
656 3446 774 3509 eumque
789 3437 935 3495 heremitas
989 3438 1124 3495 Christum
1134 3438 1223 3508 (honr.
1236 3441 1322 3505 xrrr);
1334 3445 1363 3493 et
1376 3437 1476 3494 iterum
1491 3456 1497 3492 :
1511 3437 1603 3494 irritati
1614 3438 1695 3492 terim
1703 3437 1787 3506 iusti-

134 3538 272 3587 coaetaret
298 3533 310 3563 ⁰
338 3540 367 3587 nt
397 3539 531 3588 statutum
554 3531 647 3604 operis
672 3545 788 3604 pensum
812 3531 934 3604 quotidie
988 3533 1034 3588 tite
1045 3535 1071 3586 et
1082 3533 1227 3587 charitatis
1238 3534 1262 3599 (l
1278 3533 1367 3588 Thess.
1381 3532 1433 3602 v),
1448 3531 1517 3589 etde
1530 3548 1586 3606 quo
1599 3532 1682 3588 etiam
1693 3530 1789 3587 Domi·

134 3640 280 3682 meonomo
298 3625 433 3697 traderet,
448 3642 483 3684 ne
504 3627 533 3684 in
554 3627 689 3701 majorem
712 3626 803 3700 operis
820 3627 935 3684 modum
987 3642 1040 3684 nus
1053 3626 1090 3685 ad
1102 3626 1253 3684 Jerusalem
1265 3626 1385 3699 loquitur
1395 3641 1443 3700 per
1455 3624 1616 3700 prophetam
1631 3645 1637 3679 :
1651 3630 1785 3695 Ensunpe,

133 3721 248 3794 alicujus
273 3722 432 3795 propensius
454 3722 605 3781 laborantis
626 3722 784 3780 tenderetur
810 3722 851 3779 sel
872 3737 936 3779 con·
987 3737 1109 3792 casurae,
1128 3721 1282 3784 Jerusalem,
1302 3720 1415 3775 ireddere
1432 3722 1594 3775 uestimentis
1615 3721 1708 3788 pierio
1730 3722 1784 3774 tuce

132 3811 293 3873 funderetur
314 3816 455 3888 exemplo,
478 3831 544 3872 eum
565 3816 594 3871 in
623 3814 755 3873 eoenobio
779 3816 936 3889 quempiam
988 3817 1078 3883 (lsaioe
1096 3819 1161 3881 ιιι).
1181 3814 1309 3887 Quisquis
1326 3828 1425 3870 semim
1439 3814 1489 3868 otii
1504 3812 1545 3869 rel
1560 3811 1662 3868 acediae
1676 3828 1790 3882 superu-

134 3904 251 3963 fratrum
272 3908 383 3965 vidisset
403 3911 568 3980 ingressum,
590 3908 636 3977 qui
655 3908 753 3965 ardore
774 3909 835 3967 fidei
855 3909 937 3967 vellet
988 3916 1043 3978 tus,
1061 3923 1117 3965 non
1136 3907 1279 3965 industriae
1298 3922 1355 3964 suae
1374 3907 1477 3973 labore,
1498 3903 1546 3960 sed
1567 3903 1672 3960 inertia
1691 3906 1808 3977 pannis.

134 4002 240 4076 aliquid
263 4002 380 4074 amplius
399 4001 491 4073 operis
514 4000 691 4073 consignare,
715 4000 739 4055 si
760 4000 936 4060 clandestinis
989 4003 1088 4076 operiri
1106 4001 1243 4071 maluerit,
1262 4016 1331 4074 quos
1345 3998 1506 4058 abscindens
1519 3998 1553 4056 de
1568 3997 1689 4073 perfecta
1703 3999 1789 4072 pleni-

134 4112 199 4153 eum
219 4093 441 4167 persuasionibus
462 4107 590 4149 revocare
611 4091 645 4148 eb
664 4091 823 4163 huiusmodi
844 4094 936 4151 inten-
989 4093 1082 4152 tudine
1102 4104 1130 4152 et
1147 4110 1262 4166 corpore
1281 4095 1493 4166 seripturarum,
1514 4109 1571 4148 non
1591 4093 1785 4150 uestimentum

134 4190 209 4247 tione
225 4188 338 4242 minime
352 4188 497 4260 potuisset,
516 4173 531 4220 d
549 4186 675 4244 consiliis
689 4186 779 4259 prauis
796 4203 829 4246 ne
841 4204 936 4246 snutr-
990 4185 1084 4259 gloriae
1103 4203 1155 4243 nee
1173 4186 1289 4255 decoris,
1306 4186 1355 4242 sed
1372 4185 1585 4258 ignominiosum
1603 4187 1788 4243 excusationis

135 4281 292 4339 rationibus
312 4281 346 4338 ad
367 4280 617 4355 transmigrandum
631 4279 729 4339 exinde
744 4280 934 4354 persuadebat.
958 4330 960 4334 .
990 4279 1115 4337 uelamen
1128 4295 1186 4338 suae
1204 4279 1341 4352 coaptabit
1355 4278 1477 4353 ignasiae.
1495 4278 1589 4336 Solent
1605 4279 1678 4336 enim
1695 4279 1722 4336 bi
1737 4280 1787 4352 qui

136 4376 173 4431 Et
186 4389 241 4446 quo
256 4377 319 4430 euni
341 4374 443 4432 facilius
456 4381 615 4446 asportaret,
631 4389 661 4431 se
675 4389 783 4448 quoque
792 4373 849 4447 hm
870 4373 936 4431 olim
990 4380 1054 4431 sunt
1070 4373 1121 4432 hae
1139 4373 1252 4446 segnitie
1265 4373 1402 4445 dissoluti,
1418 4373 1547 4431 nolentes
1557 4389 1638 4447 opere
1651 4390 1784 4432 manuum

679 4483 807 4540 stator
825 4483 942 4539 GAZAEI
960 4481 1243 4541 COMMENTARIUS.

172 4589 185 4616 ⁵
199 4582 277 4636 Hanc
287 4581 449 4638 sententiam
463 4580 530 4638 alias
541 4580 717 4653 exposuimus
728 4585 797 4649 (Lib.
810 4598 857 4640 ιιι
869 4599 929 4654 cup.
946 4587 971 4651 l)
985 4583 1079 4640 tudine
1086 4586 1175 4639 mutia
1185 4583 1363 4655 disponentes,
1373 4588 1504 4656 etproesto
1512 4585 1644 4652 rudentes
1654 4583 1791 4652 quidquid

136 4654 275 4720 16).Eam
295 4669 358 4709 vero
376 4653 444 4709 scite
457 4660 485 4709 et
498 4653 637 4725 eleganter
653 4651 763 4724 adaptat
781 4654 930 4711 caminum
983 4656 1098 4712 ellouto
1108 4660 1221 4726 propter
1240 4653 1452 4711 imbecillitatem
1461 4657 1578 4724 compris
1586 4655 1720 4722 postulat,
1734 4658 1791 4706 tro-

133 4723 272 4780 monacho
288 4740 350 4781 vere
364 4722 485 4797 pauperi,
502 4731 530 4779 et
544 4722 720 4780 nihilominus
732 4723 767 4782 de
783 4738 865 4783 suno
900 4741 930 4783 re
984 4727 1114 4783 ditionem
1128 4730 1219 4782 tumen
1231 4728 1314 4782 etiam
1325 4728 1381 4796 ipsi
1389 4727 1508 4781 reddunt
1518 4726 1577 4788 uni,
1590 4737 1670 4789 quern
1682 4725 1789 4776 Putrem

133 4794 195 4851 aliis
215 4795 337 4863 largienti
359 4815 365 4850 :
385 4810 469 4867 quem
487 4793 590 4850 ideireo
609 4792 710 4866 duplici
730 4795 842 4852 nomine
880 4811 929 4854 ea·
982 4801 1087 4854 vocent.

133 4872 194 4922 tum
208 4867 347 4936 praedicat,
361 4883 412 4939 pau
432 4865 536 4933 ertatis,
556 4865 677 4948 inquam,
693 4873 720 4922 et
735 4864 875 4939 largitatis.
1021 4856 1036 4899 ἀ
1061 4866 1164 4923 blirum
1186 4863 1270 4920 videri
1291 4872 1381 4945 potest
1403 4862 1489 4943 talem·
1506 4861 1667 4944 quempiam
1692 4876 1791 4917 mona-

169 4929 182 4968 ¹³
197 4939 302 5010 Nempe
319 4883 481 5005 monatius,
501 4937 548 5008 qui
562 4935 624 4993 abis
640 4935 747 4994 laborat
765 4946 794 4994 et
806 4938 929 5012 largitur,
986 4935 1069 4993 ebom
1090 4936 1161 4991 inter
1182 4935 1372 4990 sanctissimos
1389 4942 1420 5015 et
1440 4931 1664 5016 religiosissimos
1677 4948 1791 5016 ’mona‘-

132 5023 199 5066 cum
212 5008 248 5064 sit
261 5010 319 5080 ipse
336 5009 535 5080 pauperrimus,
552 5015 582 5063 ut
596 5005 707 5065 inferius
720 5009 879 5080 exponitur:
986 5005 1054 5062 ebes
1074 5013 1102 5062 et
1116 5004 1294 5061 anachoretas
1307 5019 1419 5076 reperiri
1434 5012 1565 5087 potuisse,
1583 5020 1630 5077 qur
1646 5004 1717 5060 alios
1734 5019 1791 5062 suis

169 5082 181 5112 ⁰
204 5082 242 5136 lta
263 5081 404 5136 monacbis
423 5081 456 5134 AE
473 5079 554 5152 yptiis
572 5087 736 5136 consuetum
755 5095 788 5136 ae
808 5078 932 5153 praseri·
986 5075 1116 5150 malignis
1128 5073 1302 5132 suasionibus
1320 5083 1348 5131 et
1365 5075 1486 5150 consiliis
1510 5077 1546 5133 itu
1562 5083 1746 5149 perverteret,
1765 5085 1792 5132 et

130 5149 311 5232 ptumtfuisse
323 5160 438 5207 testatur
449 5096 485 5206 fi.
500 5151 686 5222 Hieronymus
700 5149 728 5207 in
740 5150 817 5223 epist.
829 5152 864 5208 ad
880 5153 933 5207 liu-
986 5163 1002 5206 e
1022 5147 1190 5204 monasterio
1213 5146 1343 5231 abigeret,
1365 5156 1476 5205 tantum
1492 5156 1523 5205 ut
1541 5163 1598 5230 suae
1618 5146 1791 5220 negligentiae

131 5222 270 5281 ttoeluum
286 5242 292 5278 :
306 5225 388 5294 Opus,
402 5222 499 5294 inquit,
513 5222 570 5279 diei
581 5226 740 5286 statumest,
751 5223 824 5293 quod
834 5223 932 5279 henne
985 5218 1150 5278 consuleret.
1167 5221 1205 5274 nt
1241 5218 1288 5275 urd
1308 5234 1418 5301 mirum,
1436 5218 1547 5293 quando
1561 5228 1633 5275 inter
1652 5219 1793 5291 apostolos

131 5294 276 5357 traditum,
292 5294 427 5363 [mturod
438 5309 607 5357 omnemne,
622 5296 702 5364 quiet
715 5295 831 5365 ipseper
841 5296 934 5363 sinqu-
985 5300 1113 5420 reffertus
1129 5298 1171 5346 est
1184 5233 1270 5347 tuias
1290 5290 1422 5363 proditor,
1444 5290 1492 5361 qui
1509 5300 1536 5347 et
1551 5290 1694 5347 Christum
1710 5305 1791 5346 conr-

132 5365 171 5421 fos
186 5381 286 5421 metues
301 5368 379 5422 Patri
393 5368 512 5421 oninium
529 5381 589 5421 cum
601 5381 701 5436 magno
715 5370 829 5421 tremore
842 5366 934 5421 reddit
987 5379 1023 5438 pu
1034 5363 1055 5419 it
1066 5362 1175 5420 dicere:
1190 5363 1283 5419 Notene
1302 5378 1350 5434 epo
1364 5377 1409 5418 nos
1426 5362 1566 5419 duodecim
1581 5365 1659 5432 slepi,
1679 5366 1703 5417 et
1723 5378 1793 5418 uirus

131 5439 263 5492 rathma
283 5440 381 5508 (Epist.
400 5443 489 5502 xxix).
506 5439 540 5493 Et
561 5441 594 5493 l).
611 5436 781 5508 Auguuinus
794 5436 842 5493 lib.
859 5450 883 5493 ιι
900 5437 933 5493 de
987 5451 1022 5492 eu
1034 5436 1107 5491 nohis
1120 5434 1246 5489 diabotus
1256 5438 1295 5490 est
1307 5435 1398 5505 (loun.
1410 5438 1478 5500 un?
1492 5450 1548 5491 non
1560 5443 1667 5500 natura,
1678 5431 1728 5488 sed
1740 5447 1786 5488 ma

133 5508 257 5565 Moribus
273 5509 401 5565 Ecclesiae
414 5509 490 5579 (cap.
507 5513 596 5577 xxxx)
611 5509 783 5580 :Opernntur
793 5525 824 5565 eo
836 5508 933 5579 quihus
987 5507 1055 5566 litia.
1071 5504 1140 5564 Vide
1160 5505 1237 5578 plura
1251 5504 1280 5561 in
1298 5504 1370 5562 hanc
1387 5520 1446 5562 rem
1463 5505 1498 5562 ad
1512 5504 1603 5561 collat.
1623 5510 1654 5558 18
1669 5518 1728 5574 sap.
1750 5508 1791 5558 16.

136 5581 162 5634 tt
179 5595 272 5651 eorpus
287 5582 364 5652 posci
379 5581 475 5651 possit,
493 5584 520 5636 et
539 5597 557 5635 u
576 5584 628 5637 lieo
647 5595 720 5636 mens
738 5581 868 5650 impediri
880 5595 934 5636 nen
1023 5579 1090 5634 ‘lta
1110 5578 1139 5634 in
1157 5576 1276 5634 editione
1291 5576 1470 5634 Plautiniana.
1490 5578 1543 5632 Pro
1578 5590 1613 5630 uo
1628 5573 1795 5629 Basileensis

133 5653 227 5720 possit
252 5654 323 5723 (ipris
344 5657 432 5707 autern
449 5667 528 5706 suum
546 5651 659 5708 trudunt
679 5653 717 5708 eis
735 5667 800 5722 ques
821 5651 934 5707 domnos
988 5647 1082 5706 etalii
1101 5648 1204 5706 habent
1229 5667 1235 5703 :
1257 5647 1327 5730 illos
1350 5649 1436 5718 supe,
1457 5647 1533 5730 quod
1549 5590 1623 5702 idem
1645 5651 1700 5701 est.
1725 5641 1794 5698 illes

134 5727 236 5786 emunt,
247 5739 275 5778 eo
289 5723 360 5793 quod
373 5726 426 5778 sint
437 5722 514 5779 denis
524 5725 718 5795 pentemimeri
726 5724 857 5778 neminem
869 5723 934 5778 illo·
988 5720 1063 5779 enim
1075 5718 1187 5790 dicitur,
1200 5719 1247 5794 qui
1259 5719 1348 5788 illicit,
1362 5734 1411 5775 seu
1423 5718 1521 5774 allidet.

133 5806 195 5848 rum
209 5810 274 5848 euro
288 5797 331 5850 sui
343 5797 459 5865 mrpcris
473 5799 578 5864 mont,
592 5809 677 5864 neque
688 5796 717 5849 in
728 5794 795 5856 cibo,
810 5808 896 5864 neque
905 5795 934 5850 in
1024 5784 1035 5825 ¹
1054 5791 1123 5850 ileo
1139 5807 1175 5851 ex
1185 5789 1318 5851 tersione
1329 5777 1823 5870 sequestremur-muitum

134 5866 300 5932 uestimento,
314 5872 366 5922 ete.
378 5866 425 5924 lili
438 5869 529 5923 uutnh
544 5864 640 5924 meti
651 5878 713 5923 tum
722 5880 826 5939 magno
838 5864 939 5926 tethd-
991 5870 1110 5928 tantum
1117 5864 1208 5927 babet
1223 5866 1393 5927 Nuntiatur
1406 5871 1515 5935 porum
1528 5851 1708 5910 dorxmtotxo.
