<?xml version="1.0" encoding="UTF-8"?>
<!DOCTYPE html PUBLIC "-//W3C//DTD XHTML 1.0 Transitional//EN"
    "http://www.w3.org/TR/xhtml1/DTD/xhtml1-transitional.dtd">
<html xmlns="http://www.w3.org/1999/xhtml" xml:lang="en" lang="en">
 <head>
  <title>
</title>
<meta http-equiv="Content-Type" content="text/html;charset=utf-8" />
  <meta name='ocr-system' content='tesseract 3.04.00' />
  <meta name='ocr-capabilities' content='ocr_page ocr_carea ocr_par ocr_line ocrx_word'/>
</head>
<body>
  <div class='ocr_page' id='page_1' title='image "./patrologiaecurs29unkngoog_0084.png"; bbox 0 0 3848 6158; ppageno 0'>
   <div class='ocr_carea' id='block_1_1' title="bbox 47 237 1753 298">
    <p class='ocr_par' dir='ltr' id='par_1_1' title="bbox 47 237 1753 298">
     <span class='ocr_line' id='line_1_1' title="bbox 47 237 1753 298; baseline -0.003 -1"><span class='ocrx_word' id='word_1_1' title='bbox 47 246 50 250; x_wconf 55' lang='lat'><strong><em>⁴</em></strong></span> <span class='ocrx_word' id='word_1_2' title='bbox 97 242 150 297; x_wconf 76' lang='lat'>¹53</span> <span class='ocrx_word' id='word_1_3' title='bbox 308 239 352 295; x_wconf 83' lang='lat' dir='ltr'>DE</span> <span class='ocrx_word' id='word_1_4' title='bbox 370 238 609 298; x_wconf 73' lang='lat' dir='ltr'>effluoatoutltt</span> <span class='ocrx_word' id='word_1_5' title='bbox 629 239 752 297; x_wconf 69' lang='lat' dir='ltr'>tussit.</span> <span class='ocrx_word' id='word_1_6' title='bbox 772 239 837 295; x_wconf 67' lang='grc' dir='ltr'>[ΑΒ.</span> <span class='ocrx_word' id='word_1_7' title='bbox 858 238 904 296; x_wconf 81' lang='lat' dir='ltr'>lv,</span> <span class='ocrx_word' id='word_1_8' title='bbox 923 267 960 280; x_wconf 90' lang='lat'><em>-</em></span> <span class='ocrx_word' id='word_1_9' title='bbox 978 238 1024 295; x_wconf 84' lang='lat' dir='ltr'>BE</span> <span class='ocrx_word' id='word_1_10' title='bbox 1042 237 1232 294; x_wconf 78' lang='lat' dir='ltr'>tustlttltls</span> <span class='ocrx_word' id='word_1_11' title='bbox 1251 237 1550 295; x_wconf 69' lang='lat' dir='ltr'>annuntiarentur.</span> <span class='ocrx_word' id='word_1_12' title='bbox 1702 239 1753 292; x_wconf 72' lang='lat' dir='ltr'>lte</span> 
     </span>
    </p>
   </div>
   <div class='ocr_carea' id='block_1_2' title="bbox 92 359 1770 1016">
    <p class='ocr_par' dir='ltr' id='par_1_2' title="bbox 92 359 1761 453">
     <span class='ocr_line' id='line_1_2' title="bbox 92 359 1761 453; baseline -0.013 -14"><span class='ocrx_word' id='word_1_13' title='bbox 92 384 150 439; x_wconf 79' lang='lat' dir='ltr'>nor</span> <span class='ocrx_word' id='word_1_14' title='bbox 166 382 224 437; x_wconf 83' lang='lat' dir='ltr'>nos&#39;</span> <span class='ocrx_word' id='word_1_15' title='bbox 240 379 420 436; x_wconf 81' lang='lat' dir='ltr'>ante-omnia</span> <span class='ocrx_word' id='word_1_16' title='bbox 439 380 544 437; x_wconf 82' lang='lat' dir='ltr'>&#39;debere</span> <span class='ocrx_word' id='word_1_17' title='bbox 568 380 755 453; x_wconf 73' lang='lat' dir='ltr'>perstringere.</span> <span class='ocrx_word' id='word_1_18' title='bbox 777 382 895 436; x_wconf 70' lang='lat' dir='ltr'>‘Tanta</span> <span class='ocrx_word' id='word_1_19' title='bbox 909 367 936 429; x_wconf 82' lang='grc' dir='ltr'><strong>Α</strong></span> <span class='ocrx_word' id='word_1_20' title='bbox 951 361 1044 419; x_wconf 78' lang='lat' dir='ltr'>blimitt</span> <span class='ocrx_word' id='word_1_21' title='bbox 1066 359 1242 434; x_wconf 84' lang='lat' dir='ltr'>perfeetionis</span> <span class='ocrx_word' id='word_1_22' title='bbox 1260 361 1364 436; x_wconf 76' lang='lat' dir='ltr'>fastigia</span> <span class='ocrx_word' id='word_1_23' title='bbox 1381 361 1477 419; x_wconf 83' lang='lat' dir='ltr'>talium</span> <span class='ocrx_word' id='word_1_24' title='bbox 1496 360 1635 418; x_wconf 90' lang='lat' dir='ltr'>initiorum</span> <span class='ocrx_word' id='word_1_25' title='bbox 1653 359 1761 418; x_wconf 87' lang='lat' dir='ltr'>funda·-</span> 
     </span>
    </p>

    <p class='ocr_par' dir='ltr' id='par_1_3' title="bbox 93 463 1770 557">
     <span class='ocr_line' id='line_1_3' title="bbox 93 463 1770 557; baseline -0.018 -15"><span class='ocrx_word' id='word_1_26' title='bbox 93 477 216 557; x_wconf 86' lang='lat' dir='ltr'>namque&#39;</span> <span class='ocrx_word' id='word_1_27' title='bbox 224 490 276 553; x_wconf 82' lang='lat' dir='ltr'>est,</span> <span class='ocrx_word' id='word_1_28' title='bbox 287 491 417 555; x_wconf 87' lang='lat' dir='ltr'>quantam</span> <span class='ocrx_word' id='word_1_29' title='bbox 429 478 569 540; x_wconf 84' lang='lat' dir='ltr'>neminem</span> <span class='ocrx_word' id='word_1_30' title='bbox 579 480 606 538; x_wconf 93' lang='lat' dir='ltr'>in</span> <span class='ocrx_word' id='word_1_31' title='bbox 616 480 786 540; x_wconf 76' lang='lat' dir='ltr'>monasteriis</span> <span class='ocrx_word' id='word_1_32' title='bbox 798 481 900 539; x_wconf 82' lang='lat' dir='ltr'>nosuis</span> <span class='ocrx_word' id='word_1_33' title='bbox 913 482 916 487; x_wconf 87' lang='lat'>&#39;</span> <span class='ocrx_word' id='word_1_34' title='bbox 953 463 1048 512; x_wconf 59' lang='lat' dir='ltr'>mm</span> <span class='ocrx_word' id='word_1_35' title='bbox 1063 463 1266 528; x_wconf 71' lang='lat' dir='ltr'>⁰⁰⁰⁸¹¹lssf³¹0¹¹f·</span> <span class='ocrx_word' id='word_1_36' title='bbox 1768 471 1770 475; x_wconf 72' lang='grc'>’</span> 
     </span>
    </p>

    <p class='ocr_par' dir='ltr' id='par_1_4' title="bbox 92 549 1672 661">
     <span class='ocr_line' id='line_1_4' title="bbox 92 549 1672 661; baseline -0.019 -17"><span class='ocrx_word' id='word_1_37' title='bbox 92 571 250 661; x_wconf 76' lang='lat' dir='ltr'>ingressum</span> <span class='ocrx_word' id='word_1_38' title='bbox 263 598 299 640; x_wconf 88' lang='lat' dir='ltr'>ne</span> <span class='ocrx_word' id='word_1_39' title='bbox 312 572 384 640; x_wconf 85' lang='lat' dir='ltr'>ann&#39;o</span> <span class='ocrx_word' id='word_1_40' title='bbox 398 578 508 656; x_wconf 85' lang='lat' dir='ltr'>quidem</span> <span class='ocrx_word' id='word_1_41' title='bbox 516 571 624 656; x_wconf 73' lang='lat' dir='ltr'>&#39;integro</span> <span class='ocrx_word' id='word_1_42' title='bbox 637 574 755 640; x_wconf 86' lang='lat' dir='ltr'>tenuisse</span> <span class='ocrx_word' id='word_1_43' title='bbox 769 580 916 641; x_wconf 68' lang='lat' dir='ltr'>memini·</span> <span class='ocrx_word' id='word_1_44' title='bbox 1037 574 1041 581; x_wconf 86' lang='lat'>&#39;</span> <span class='ocrx_word' id='word_1_45' title='bbox 1148 646 1153 656; x_wconf 28' lang='lat'>¹</span> <span class='ocrx_word' id='word_1_46' title='bbox 1256 549 1378 606; x_wconf 58' lang='lat' dir='ltr'>CAPUT</span> <span class='ocrx_word' id='word_1_47' title='bbox 1395 551 1450 656; x_wconf 30' lang='lat'><strong>&#39;¹¹¹¹-</strong></span> <span class='ocrx_word' id='word_1_48' title='bbox 1542 647 1547 657; x_wconf 33' lang='lat'>&#39;</span> <span class='ocrx_word' id='word_1_49' title='bbox 1638 646 1672 656; x_wconf 91' lang='lat'>..</span> 
     </span>
    </p>

    <p class='ocr_par' dir='ltr' id='par_1_5' title="bbox 92 644 1753 775">
     <span class='ocr_line' id='line_1_5' title="bbox 92 644 1753 775; baseline -0.023 -28"><span class='ocrx_word' id='word_1_50' title='bbox 92 705 170 761; x_wconf 90' lang='lat' dir='ltr'>mus,</span> <span class='ocrx_word' id='word_1_51' title='bbox 190 695 221 744; x_wconf 90' lang='lat' dir='ltr'>ut</span> <span class='ocrx_word' id='word_1_52' title='bbox 240 665 306 767; x_wconf 84' lang='lat' dir='ltr'>cum</span> <span class='ocrx_word' id='word_1_53' title='bbox 319 665 526 767; x_wconf 75' lang='lat' dir='ltr'>renuntiationis</span> <span class='ocrx_word' id='word_1_54' title='bbox 536 670 633 775; x_wconf 78' lang='lat' dir='ltr'>eorum</span> <span class='ocrx_word' id='word_1_55' title='bbox 643 667 794 767; x_wconf 84' lang='lat' dir='ltr'>primordia</span> <span class='ocrx_word' id='word_1_56' title='bbox 804 669 900 743; x_wconf 83' lang='lat' dir='ltr'>rideri·</span> <span class='ocrx_word' id='word_1_57' title='bbox 990 644 1047 710; x_wconf 55' lang='grc' dir='ltr'>ΟΜ</span> <span class='ocrx_word' id='word_1_58' title='bbox 1060 660 1184 769; x_wconf 54' lang='grc' dir='ltr'>ΨΜ</span> <span class='ocrx_word' id='word_1_59' title='bbox 1195 644 1717 775; x_wconf 38' lang='grc' dir='ltr'>ΡΓΟΫἮᾎΞΈῘΆΜΟΨΜΜΡΜ·</span> <span class='ocrx_word' id='word_1_60' title='bbox 1750 752 1753 757; x_wconf 23' lang='lat'>¹</span> 
     </span>
    </p>

    <p class='ocr_par' dir='ltr' id='par_1_6' title="bbox 92 768 1751 1016">
     <span class='ocr_line' id='line_1_6' title="bbox 92 768 1751 887; baseline -0.013 0"><span class='ocrx_word' id='word_1_61' title='bbox 92 807 169 862; x_wconf 70' lang='lat'><strong>‘⁰¹¹⁸’</strong></span> <span class='ocrx_word' id='word_1_62' title='bbox 185 788 358 885; x_wconf 62' lang='lat' dir='ltr'>consequens</span> <span class='ocrx_word' id='word_1_63' title='bbox 371 787 453 879; x_wconf 49' lang='lat' dir='ltr'>“fi-‘³</span> <span class='ocrx_word' id='word_1_64' title='bbox 469 768 714 887; x_wconf 62' lang='lat' dir='ltr'>btrrrig&#39;anuem</span> <span class='ocrx_word' id='word_1_65' title='bbox 733 778 836 883; x_wconf 68' lang='lat' dir='ltr'>uum</span> <span class='ocrx_word' id='word_1_66' title='bbox 848 804 898 863; x_wconf 63' lang='lat'>⁸³¹·</span> <span class='ocrx_word' id='word_1_67' title='bbox 983 801 1098 882; x_wconf 58' lang='lat' dir='ltr'>‚larue</span> <span class='ocrx_word' id='word_1_68' title='bbox 1115 808 1243 866; x_wconf 77' lang='lat' dir='ltr'>amnem</span> <span class='ocrx_word' id='word_1_69' title='bbox 1264 786 1415 881; x_wconf 70' lang='lat' dir='ltr'>qursnuua</span> <span class='ocrx_word' id='word_1_70' title='bbox 1436 807 1554 867; x_wconf 72' lang='lat' dir='ltr'>eunoun</span> <span class='ocrx_word' id='word_1_71' title='bbox 1571 808 1653 882; x_wconf 69' lang='lat' dir='ltr'>recept</span> <span class='ocrx_word' id='word_1_72' title='bbox 1672 807 1751 866; x_wconf 76' lang='lat' dir='ltr'>uru-</span> 
     </span>
     <span class='ocr_line' id='line_1_7' title="bbox 497 930 1259 1016; baseline -0.004 -26"><span class='ocrx_word' id='word_1_73' title='bbox 497 946 500 954; x_wconf 88' lang='lat'>&#39;</span> <span class='ocrx_word' id='word_1_74' title='bbox 533 958 537 963; x_wconf 78' lang='grc'><strong>’</strong></span> <span class='ocrx_word' id='word_1_75' title='bbox 641 930 906 987; x_wconf 74' lang='lat' dir='ltr'>ALARBlGAZAEl</span> <span class='ocrx_word' id='word_1_76' title='bbox 925 932 1210 990; x_wconf 67' lang='lat' dir='ltr'>COblbeNTARlUS.</span> <span class='ocrx_word' id='word_1_77' title='bbox 1256 1008 1259 1016; x_wconf 34' lang='grc' dir='ltr'>Ι</span> 
     </span>
    </p>
   </div>
   <div class='ocr_carea' id='block_1_3' title="bbox 93 1034 1772 1749">
    <p class='ocr_par' dir='ltr' id='par_1_7' title="bbox 93 1034 1772 1749">
     <span class='ocr_line' id='line_1_8' title="bbox 125 1034 1752 1112; baseline 0 -16"><span class='ocrx_word' id='word_1_78' title='bbox 125 1043 145 1072; x_wconf 80' lang='grc'>··</span> <span class='ocrx_word' id='word_1_79' title='bbox 157 1038 328 1112; x_wconf 76' lang='lat' dir='ltr'>Ambiguum</span> <span class='ocrx_word' id='word_1_80' title='bbox 342 1034 425 1093; x_wconf 84' lang='lat' dir='ltr'>videri</span> <span class='ocrx_word' id='word_1_81' title='bbox 437 1044 527 1108; x_wconf 84' lang='lat' dir='ltr'>potest</span> <span class='ocrx_word' id='word_1_82' title='bbox 539 1040 594 1110; x_wconf 81' lang='lat' dir='ltr'>quo</span> <span class='ocrx_word' id='word_1_83' title='bbox 608 1036 702 1093; x_wconf 85' lang='lat' dir='ltr'>referri</span> <span class='ocrx_word' id='word_1_84' title='bbox 716 1037 834 1094; x_wconf 90' lang='lat' dir='ltr'>debeant</span> <span class='ocrx_word' id='word_1_85' title='bbox 847 1038 898 1095; x_wconf 88' lang='lat' dir='ltr'>ista</span> <span class='ocrx_word' id='word_1_86' title='bbox 951 1040 1064 1112; x_wconf 88' lang='lat' dir='ltr'>quidem</span> <span class='ocrx_word' id='word_1_87' title='bbox 1075 1038 1193 1097; x_wconf 86' lang='lat' dir='ltr'>instituti</span> <span class='ocrx_word' id='word_1_88' title='bbox 1204 1039 1352 1112; x_wconf 81' lang='lat' dir='ltr'>vestigium</span> <span class='ocrx_word' id='word_1_89' title='bbox 1358 1041 1456 1112; x_wconf 88' lang='lat' dir='ltr'>pressit</span> <span class='ocrx_word' id='word_1_90' title='bbox 1467 1044 1502 1097; x_wconf 92' lang='lat' dir='ltr'>D.</span> <span class='ocrx_word' id='word_1_91' title='bbox 1512 1038 1677 1099; x_wconf 84' lang='lat' dir='ltr'>Benedictus</span> <span class='ocrx_word' id='word_1_92' title='bbox 1684 1039 1752 1097; x_wconf 90' lang='lat' dir='ltr'>dum</span> 
     </span>
     <span class='ocr_line' id='line_1_9' title="bbox 93 1109 1752 1183; baseline 0.001 -17"><span class='ocrx_word' id='word_1_93' title='bbox 93 1111 193 1175; x_wconf 69' lang='lat' dir='ltr'>verbm</span> <span class='ocrx_word' id='word_1_94' title='bbox 209 1126 246 1167; x_wconf 85' lang='lat' dir='ltr'>sn</span> <span class='ocrx_word' id='word_1_95' title='bbox 260 1111 294 1166; x_wconf 89' lang='lat' dir='ltr'>ad</span> <span class='ocrx_word' id='word_1_96' title='bbox 314 1109 558 1181; x_wconf 85' lang='lat' dir='ltr'>perseverantiam,</span> <span class='ocrx_word' id='word_1_97' title='bbox 573 1109 771 1175; x_wconf 73' lang='lat' dir='ltr'>humilitatem,</span> <span class='ocrx_word' id='word_1_98' title='bbox 786 1118 814 1165; x_wconf 92' lang='lat' dir='ltr'>et</span> <span class='ocrx_word' id='word_1_99' title='bbox 830 1111 899 1166; x_wconf 72' lang='lat' dir='ltr'>sub-</span> <span class='ocrx_word' id='word_1_100' title='bbox 952 1120 1008 1166; x_wconf 90' lang='lat' dir='ltr'>trcs</span> <span class='ocrx_word' id='word_1_101' title='bbox 1025 1111 1125 1182; x_wconf 78' lang='lat' dir='ltr'>gradm</span> <span class='ocrx_word' id='word_1_102' title='bbox 1143 1112 1317 1183; x_wconf 85' lang='lat' dir='ltr'>probationis</span> <span class='ocrx_word' id='word_1_103' title='bbox 1333 1113 1470 1176; x_wconf 91' lang='lat' dir='ltr'>instituit,</span> <span class='ocrx_word' id='word_1_104' title='bbox 1487 1121 1519 1168; x_wconf 90' lang='lat' dir='ltr'>ut</span> <span class='ocrx_word' id='word_1_105' title='bbox 1533 1114 1639 1167; x_wconf 74' lang='lat' dir='ltr'>nonsit</span> <span class='ocrx_word' id='word_1_106' title='bbox 1648 1115 1752 1168; x_wconf 78' lang='lat' dir='ltr'>turre·</span> 
     </span>
     <span class='ocr_line' id='line_1_10' title="bbox 93 1178 1751 1255; baseline 0 -16"><span class='ocrx_word' id='word_1_107' title='bbox 93 1182 266 1255; x_wconf 81' lang='lat' dir='ltr'>jectionem,</span> <span class='ocrx_word' id='word_1_108' title='bbox 286 1179 321 1236; x_wconf 91' lang='lat' dir='ltr'>de</span> <span class='ocrx_word' id='word_1_109' title='bbox 341 1178 442 1250; x_wconf 91' lang='lat' dir='ltr'>quibus</span> <span class='ocrx_word' id='word_1_110' title='bbox 459 1194 540 1250; x_wconf 88' lang='lat' dir='ltr'>supra</span> <span class='ocrx_word' id='word_1_111' title='bbox 561 1197 567 1233; x_wconf 90' lang='lat'>:</span> <span class='ocrx_word' id='word_1_112' title='bbox 589 1195 623 1234; x_wconf 89' lang='lat' dir='ltr'>an</span> <span class='ocrx_word' id='word_1_113' title='bbox 644 1181 676 1235; x_wconf 87' lang='lat' dir='ltr'>ad</span> <span class='ocrx_word' id='word_1_114' title='bbox 700 1179 898 1237; x_wconf 87' lang='lat' dir='ltr'>institutionem</span> <span class='ocrx_word' id='word_1_115' title='bbox 952 1190 1090 1249; x_wconf 81' lang='lat' dir='ltr'>crematus</span> <span class='ocrx_word' id='word_1_116' title='bbox 1116 1201 1123 1237; x_wconf 93' lang='lat'>:</span> <span class='ocrx_word' id='word_1_117' title='bbox 1147 1185 1265 1250; x_wconf 70' lang='lat' dir='ltr'>ortorum</span> <span class='ocrx_word' id='word_1_118' title='bbox 1282 1183 1398 1253; x_wconf 73' lang='lat' dir='ltr'>primus,</span> <span class='ocrx_word' id='word_1_119' title='bbox 1414 1183 1514 1255; x_wconf 91' lang='lat' dir='ltr'>inquit,</span> <span class='ocrx_word' id='word_1_120' title='bbox 1528 1189 1568 1239; x_wconf 87' lang='lat' dir='ltr'>est</span> <span class='ocrx_word' id='word_1_121' title='bbox 1587 1185 1625 1238; x_wconf 88' lang='lat' dir='ltr'>od</span> <span class='ocrx_word' id='word_1_122' title='bbox 1641 1188 1751 1253; x_wconf 80' lang='lat' dir='ltr'>portum</span> 
     </span>
     <span class='ocr_line' id='line_1_11' title="bbox 93 1249 1751 1324; baseline -0.002 -14"><span class='ocrx_word' id='word_1_123' title='bbox 93 1253 154 1310; x_wconf 77' lang='lat' dir='ltr'>sire</span> <span class='ocrx_word' id='word_1_124' title='bbox 172 1266 299 1318; x_wconf 83' lang='lat' dir='ltr'>eramen,</span> <span class='ocrx_word' id='word_1_125' title='bbox 317 1249 350 1306; x_wconf 91' lang='lat' dir='ltr'>de</span> <span class='ocrx_word' id='word_1_126' title='bbox 362 1264 418 1321; x_wconf 92' lang='lat' dir='ltr'>quo</span> <span class='ocrx_word' id='word_1_127' title='bbox 436 1249 492 1321; x_wconf 82' lang='lat' dir='ltr'>agit</span> <span class='ocrx_word' id='word_1_128' title='bbox 503 1265 561 1319; x_wconf 89' lang='lat' dir='ltr'>cap.</span> <span class='ocrx_word' id='word_1_129' title='bbox 577 1249 716 1322; x_wconf 78' lang='lat' dir='ltr'>sequenti,</span> <span class='ocrx_word' id='word_1_130' title='bbox 729 1252 898 1323; x_wconf 84' lang='lat' dir='ltr'>cujusetiam</span> <span class='ocrx_word' id='word_1_131' title='bbox 951 1255 1255 1323; x_wconf 83' lang='lat' dir='ltr'>mormsterii,qnutuor,</span> <span class='ocrx_word' id='word_1_132' title='bbox 1267 1258 1316 1308; x_wconf 79' lang='lat' dir='ltr'>‹rrrt</span> <span class='ocrx_word' id='word_1_133' title='bbox 1326 1253 1558 1324; x_wconf 78' lang='lat' dir='ltr'>qnirrqneeliebus;</span> <span class='ocrx_word' id='word_1_134' title='bbox 1572 1254 1704 1308; x_wconf 81' lang='lat' dir='ltr'>secundus</span> <span class='ocrx_word' id='word_1_135' title='bbox 1712 1260 1751 1308; x_wconf 88' lang='lat' dir='ltr'>est</span> 
     </span>
     <span class='ocr_line' id='line_1_12' title="bbox 96 1319 1751 1397; baseline -0.001 -18"><span class='ocrx_word' id='word_1_136' title='bbox 96 1323 181 1396; x_wconf 85' lang='lat' dir='ltr'>paulo</span> <span class='ocrx_word' id='word_1_137' title='bbox 199 1330 263 1379; x_wconf 87' lang='lat' dir='ltr'>ante</span> <span class='ocrx_word' id='word_1_138' title='bbox 281 1319 409 1377; x_wconf 80' lang='lat' dir='ltr'>meminit</span> <span class='ocrx_word' id='word_1_139' title='bbox 433 1339 439 1374; x_wconf 92' lang='lat'>:</span> <span class='ocrx_word' id='word_1_140' title='bbox 458 1327 489 1375; x_wconf 90' lang='lat' dir='ltr'>ut</span> <span class='ocrx_word' id='word_1_141' title='bbox 504 1335 600 1376; x_wconf 89' lang='lat' dir='ltr'>sensus</span> <span class='ocrx_word' id='word_1_142' title='bbox 614 1322 664 1390; x_wconf 90' lang='lat' dir='ltr'>sit,</span> <span class='ocrx_word' id='word_1_143' title='bbox 684 1330 793 1397; x_wconf 89' lang='lat' dir='ltr'>tantum</span> <span class='ocrx_word' id='word_1_144' title='bbox 816 1321 899 1379; x_wconf 90' lang='lat' dir='ltr'>fuisse</span> <span class='ocrx_word' id='word_1_145' title='bbox 953 1326 981 1378; x_wconf 87' lang='lat' dir='ltr'>in</span> <span class='ocrx_word' id='word_1_146' title='bbox 995 1324 1060 1378; x_wconf 78' lang='lat' dir='ltr'>aella</span> <span class='ocrx_word' id='word_1_147' title='bbox 1075 1324 1226 1395; x_wconf 73' lang='lat' dir='ltr'>hospitium,</span> <span class='ocrx_word' id='word_1_148' title='bbox 1242 1325 1344 1378; x_wconf 79' lang='lat' dir='ltr'>(luobus</span> <span class='ocrx_word' id='word_1_149' title='bbox 1363 1321 1624 1391; x_wconf 55' lang='lat' dir='ltr'>maniliurtmtins</span> <span class='ocrx_word' id='word_1_150' title='bbox 1636 1326 1666 1378; x_wconf 87' lang='lat' dir='ltr'>in</span> <span class='ocrx_word' id='word_1_151' title='bbox 1685 1324 1751 1378; x_wconf 88' lang='lat' dir='ltr'>cella</span> 
     </span>
     <span class='ocr_line' id='line_1_13' title="bbox 93 1390 1751 1473; baseline -0.001 -23"><span class='ocrx_word' id='word_1_152' title='bbox 93 1408 230 1461; x_wconf 85' lang='lat' dir='ltr'>examen,</span> <span class='ocrx_word' id='word_1_153' title='bbox 243 1398 274 1448; x_wconf 72' lang='lat' dir='ltr'>et·</span> <span class='ocrx_word' id='word_1_154' title='bbox 289 1390 497 1470; x_wconf 78' lang='lat' dir='ltr'>probationem,</span> <span class='ocrx_word' id='word_1_155' title='bbox 518 1396 580 1473; x_wconf 83' lang='lat' dir='ltr'>quae</span> <span class='ocrx_word' id='word_1_156' title='bbox 597 1391 758 1464; x_wconf 81' lang='lat' dir='ltr'>fiebat-&#39;ipso</span> <span class='ocrx_word' id='word_1_157' title='bbox 776 1392 899 1466; x_wconf 74' lang='lat' dir='ltr'>ingressu</span> <span class='ocrx_word' id='word_1_158' title='bbox 952 1398 1125 1458; x_wconf 71' lang='lat' dir='ltr'>remitterem,</span> <span class='ocrx_word' id='word_1_159' title='bbox 1140 1396 1394 1450; x_wconf 71' lang='lat' dir='ltr'>decernnnmsibus.</span> <span class='ocrx_word' id='word_1_160' title='bbox 1408 1395 1567 1451; x_wconf 72' lang='lat' dir='ltr'>secundeum</span> <span class='ocrx_word' id='word_1_161' title='bbox 1578 1395 1751 1450; x_wconf 68' lang='lat' dir='ltr'>&#39;institutum</span> 
     </span>
     <span class='ocr_line' id='line_1_14' title="bbox 94 1461 1772 1539; baseline 0.001 -19"><span class='ocrx_word' id='word_1_162' title='bbox 94 1463 169 1537; x_wconf 90' lang='lat' dir='ltr'>apud</span> <span class='ocrx_word' id='word_1_163' title='bbox 183 1465 244 1519; x_wconf 87' lang='lat' dir='ltr'>illos</span> <span class='ocrx_word' id='word_1_164' title='bbox 258 1463 461 1530; x_wconf 74' lang='lat' dir='ltr'>Tabennenses,</span> <span class='ocrx_word' id='word_1_165' title='bbox 472 1470 502 1517; x_wconf 91' lang='lat' dir='ltr'>ut</span> <span class='ocrx_word' id='word_1_166' title='bbox 516 1462 603 1518; x_wconf 82' lang='lat' dir='ltr'>simile</span> <span class='ocrx_word' id='word_1_167' title='bbox 613 1476 668 1518; x_wconf 94' lang='lat' dir='ltr'>non</span> <span class='ocrx_word' id='word_1_168' title='bbox 679 1461 759 1518; x_wconf 81' lang='lat' dir='ltr'>fuerit</span> <span class='ocrx_word' id='word_1_169' title='bbox 770 1477 897 1532; x_wconf 85' lang='lat' dir='ltr'>oramen,</span> <span class='ocrx_word' id='word_1_170' title='bbox 951 1464 1005 1521; x_wconf 89' lang='lat' dir='ltr'>fuit</span> <span class='ocrx_word' id='word_1_171' title='bbox 1014 1466 1111 1535; x_wconf 62' lang='lat' dir='ltr'>icteris</span> <span class='ocrx_word' id='word_1_172' title='bbox 1126 1466 1280 1536; x_wconf 80' lang='lat' dir='ltr'>vestimenti</span> <span class='ocrx_word' id='word_1_173' title='bbox 1294 1466 1470 1539; x_wconf 79' lang='lat' dir='ltr'>exspoliatio,</span> <span class='ocrx_word' id='word_1_174' title='bbox 1483 1474 1510 1521; x_wconf 87' lang='lat' dir='ltr'>et</span> <span class='ocrx_word' id='word_1_175' title='bbox 1522 1468 1586 1522; x_wconf 88' lang='lat' dir='ltr'>novi</span> <span class='ocrx_word' id='word_1_176' title='bbox 1600 1466 1725 1537; x_wconf 84' lang='lat' dir='ltr'>inductio</span> <span class='ocrx_word' id='word_1_177' title='bbox 1742 1485 1749 1521; x_wconf 79' lang='grc' dir='ltr'>ι</span> <span class='ocrx_word' id='word_1_178' title='bbox 1769 1530 1772 1536; x_wconf 44' lang='grc'>,</span> 
     </span>
     <span class='ocr_line' id='line_1_15' title="bbox 94 1532 1751 1617; baseline -0.001 -26"><span class='ocrx_word' id='word_1_179' title='bbox 94 1551 147 1591; x_wconf 89' lang='lat' dir='ltr'>seu</span> <span class='ocrx_word' id='word_1_180' title='bbox 160 1535 297 1617; x_wconf 84' lang='lat' dir='ltr'>probatio,</span> <span class='ocrx_word' id='word_1_181' title='bbox 313 1542 342 1589; x_wconf 88' lang='lat' dir='ltr'>et</span> <span class='ocrx_word' id='word_1_182' title='bbox 353 1533 489 1588; x_wconf 90' lang='lat' dir='ltr'>institutio</span> <span class='ocrx_word' id='word_1_183' title='bbox 503 1533 568 1587; x_wconf 94' lang='lat' dir='ltr'>anni</span> <span class='ocrx_word' id='word_1_184' title='bbox 582 1533 899 1609; x_wconf 74' lang='lat' dir='ltr'>integriinmouasteriis</span> <span class='ocrx_word' id='word_1_185' title='bbox 952 1537 986 1591; x_wconf 92' lang='lat' dir='ltr'>de</span> <span class='ocrx_word' id='word_1_186' title='bbox 1007 1552 1061 1608; x_wconf 93' lang='lat' dir='ltr'>quo</span> <span class='ocrx_word' id='word_1_187' title='bbox 1078 1532 1225 1610; x_wconf 80' lang='lat' dir='ltr'>Cassianus</span> <span class='ocrx_word' id='word_1_188' title='bbox 1244 1553 1303 1609; x_wconf 88' lang='lat' dir='ltr'>cap.</span> <span class='ocrx_word' id='word_1_189' title='bbox 1333 1542 1369 1604; x_wconf 82' lang='lat'>5,</span> <span class='ocrx_word' id='word_1_190' title='bbox 1389 1536 1568 1609; x_wconf 83' lang='lat' dir='ltr'>Pacbemius‚</span> <span class='ocrx_word' id='word_1_191' title='bbox 1589 1536 1705 1593; x_wconf 80' lang='lat' dir='ltr'>Basilius</span> <span class='ocrx_word' id='word_1_192' title='bbox 1723 1544 1751 1591; x_wconf 90' lang='lat' dir='ltr'>ct</span> 
     </span>
     <span class='ocr_line' id='line_1_16' title="bbox 95 1602 1750 1679; baseline 0.001 -17"><span class='ocrx_word' id='word_1_193' title='bbox 95 1604 231 1663; x_wconf 65' lang='lat' dir='ltr'>Cassmniss</span> <span class='ocrx_word' id='word_1_194' title='bbox 245 1604 282 1660; x_wconf 79' lang='lat' dir='ltr'>at</span> <span class='ocrx_word' id='word_1_195' title='bbox 298 1604 378 1674; x_wconf 83' lang='lat' dir='ltr'>prior·</span> <span class='ocrx_word' id='word_1_196' title='bbox 386 1602 540 1660; x_wconf 83' lang='lat' dir='ltr'>intellectus</span> <span class='ocrx_word' id='word_1_197' title='bbox 558 1612 590 1658; x_wconf 79' lang='lat' dir='ltr'>et</span> <span class='ocrx_word' id='word_1_198' title='bbox 626 1605 762 1675; x_wconf 91' lang='lat' dir='ltr'>romptior</span> <span class='ocrx_word' id='word_1_199' title='bbox 783 1607 898 1661; x_wconf 86' lang='lat' dir='ltr'>etcum·</span> <span class='ocrx_word' id='word_1_200' title='bbox 951 1606 1129 1672; x_wconf 80' lang='lat' dir='ltr'>Benedictus,</span> <span class='ocrx_word' id='word_1_201' title='bbox 1140 1608 1186 1664; x_wconf 94' lang='lat' dir='ltr'>ubi</span> <span class='ocrx_word' id='word_1_202' title='bbox 1198 1623 1289 1677; x_wconf 90' lang='lat' dir='ltr'>supra.</span> <span class='ocrx_word' id='word_1_203' title='bbox 1305 1608 1437 1677; x_wconf 82' lang='lat' dir='ltr'>Quirites</span> <span class='ocrx_word' id='word_1_204' title='bbox 1449 1606 1669 1679; x_wconf 89' lang='lat' dir='ltr'>anthuissimus,</span> <span class='ocrx_word' id='word_1_205' title='bbox 1680 1606 1750 1663; x_wconf 87' lang='lat' dir='ltr'>etab</span> 
     </span>
     <span class='ocr_line' id='line_1_17' title="bbox 96 1620 1748 1749; baseline -0.001 -16"><span class='ocrx_word' id='word_1_206' title='bbox 96 1676 210 1733; x_wconf 81' lang='lat' dir='ltr'>modios</span> <span class='ocrx_word' id='word_1_207' title='bbox 219 1683 335 1747; x_wconf 90' lang='lat' dir='ltr'>apparet</span> <span class='ocrx_word' id='word_1_208' title='bbox 353 1693 359 1729; x_wconf 94' lang='lat'><strong>:</strong></span> <span class='ocrx_word' id='word_1_209' title='bbox 374 1675 436 1730; x_wconf 83' lang='lat' dir='ltr'>uult</span> <span class='ocrx_word' id='word_1_210' title='bbox 447 1674 520 1730; x_wconf 92' lang='lat' dir='ltr'>enim</span> <span class='ocrx_word' id='word_1_211' title='bbox 532 1620 684 1745; x_wconf 48' lang='lat' dir='ltr'>signissmm</span> <span class='ocrx_word' id='word_1_212' title='bbox 696 1683 804 1732; x_wconf 91' lang='lat' dir='ltr'>tantam</span> <span class='ocrx_word' id='word_1_213' title='bbox 815 1676 899 1733; x_wconf 89' lang='lat' dir='ltr'>luisse</span> <span class='ocrx_word' id='word_1_214' title='bbox 952 1678 1143 1748; x_wconf 88' lang='lat' dir='ltr'>apostolorum</span> <span class='ocrx_word' id='word_1_215' title='bbox 1169 1679 1319 1735; x_wconf 82' lang='lat' dir='ltr'>traditione</span> <span class='ocrx_word' id='word_1_216' title='bbox 1333 1689 1477 1749; x_wconf 82' lang='lat' dir='ltr'>receptus,</span> <span class='ocrx_word' id='word_1_217' title='bbox 1494 1687 1525 1734; x_wconf 92' lang='lat' dir='ltr'>ut</span> <span class='ocrx_word' id='word_1_218' title='bbox 1546 1678 1616 1734; x_wconf 90' lang='lat' dir='ltr'>infra</span> <span class='ocrx_word' id='word_1_219' title='bbox 1631 1678 1748 1734; x_wconf 82' lang='lat' dir='ltr'>dicetur.</span> 
     </span>
    </p>
   </div>
   <div class='ocr_carea' id='block_1_4' title="bbox 92 1738 1774 2301">
    <p class='ocr_par' dir='ltr' id='par_1_8' title="bbox 92 1738 1774 2301">
     <span class='ocr_line' id='line_1_18' title="bbox 95 1738 1749 1826; baseline 0.001 -24"><span class='ocrx_word' id='word_1_220' title='bbox 95 1748 207 1804; x_wconf 90' lang='lat' dir='ltr'>illorum</span> <span class='ocrx_word' id='word_1_221' title='bbox 221 1745 421 1810; x_wconf 90' lang='lat' dir='ltr'>constantiam,</span> <span class='ocrx_word' id='word_1_222' title='bbox 449 1744 642 1826; x_wconf 78' lang='lat' dir='ltr'>bumilitatem,</span> <span class='ocrx_word' id='word_1_223' title='bbox 662 1755 690 1803; x_wconf 89' lang='lat' dir='ltr'>et</span> <span class='ocrx_word' id='word_1_224' title='bbox 709 1738 896 1804; x_wconf 79' lang='lat' dir='ltr'>obedientlam</span> <span class='ocrx_word' id='word_1_225' title='bbox 952 1742 1020 1804; x_wconf 90' lang='lat' dir='ltr'>lnde</span> <span class='ocrx_word' id='word_1_226' title='bbox 1033 1763 1098 1803; x_wconf 83' lang='lat' dir='ltr'>vero</span> <span class='ocrx_word' id='word_1_227' title='bbox 1113 1764 1176 1805; x_wconf 89' lang='lat' dir='ltr'>mos</span> <span class='ocrx_word' id='word_1_228' title='bbox 1190 1749 1324 1815; x_wconf 89' lang='lat' dir='ltr'>obtinuit,</span> <span class='ocrx_word' id='word_1_229' title='bbox 1337 1759 1369 1805; x_wconf 91' lang='lat' dir='ltr'>ut</span> <span class='ocrx_word' id='word_1_230' title='bbox 1381 1750 1479 1805; x_wconf 86' lang='lat' dir='ltr'>novitii</span> <span class='ocrx_word' id='word_1_231' title='bbox 1491 1749 1619 1805; x_wconf 90' lang='lat' dir='ltr'>habitum</span> <span class='ocrx_word' id='word_1_232' title='bbox 1638 1749 1749 1820; x_wconf 77' lang='lat' dir='ltr'>religio·</span> 
     </span>
     <span class='ocr_line' id='line_1_19' title="bbox 95 1817 1752 1891; baseline 0.001 -18"><span class='ocrx_word' id='word_1_233' title='bbox 95 1820 139 1874; x_wconf 86' lang='lat' dir='ltr'>rel</span> <span class='ocrx_word' id='word_1_234' title='bbox 154 1819 191 1874; x_wconf 89' lang='lat' dir='ltr'>ab</span> <span class='ocrx_word' id='word_1_235' title='bbox 206 1817 272 1891; x_wconf 87' lang='lat' dir='ltr'>ipsis</span> <span class='ocrx_word' id='word_1_236' title='bbox 285 1817 434 1884; x_wconf 81' lang='lat' dir='ltr'>tirociniis,</span> <span class='ocrx_word' id='word_1_237' title='bbox 449 1832 497 1873; x_wconf 88' lang='lat' dir='ltr'>seu</span> <span class='ocrx_word' id='word_1_238' title='bbox 510 1832 597 1888; x_wconf 79' lang='lat' dir='ltr'>pruma</span> <span class='ocrx_word' id='word_1_239' title='bbox 612 1817 797 1887; x_wconf 88' lang='lat' dir='ltr'>institutione,</span> <span class='ocrx_word' id='word_1_240' title='bbox 811 1827 838 1874; x_wconf 90' lang='lat' dir='ltr'>et</span> <span class='ocrx_word' id='word_1_241' title='bbox 847 1834 898 1875; x_wconf 75' lang='lat' dir='ltr'>no-</span> <span class='ocrx_word' id='word_1_242' title='bbox 949 1834 1012 1875; x_wconf 91' lang='lat' dir='ltr'>sum</span> <span class='ocrx_word' id='word_1_243' title='bbox 1022 1817 1338 1887; x_wconf 57' lang='lat' dir='ltr'>deferant„distinotum</span> <span class='ocrx_word' id='word_1_244' title='bbox 1352 1828 1446 1877; x_wconf 92' lang='lat' dir='ltr'>tamen</span> <span class='ocrx_word' id='word_1_245' title='bbox 1460 1819 1495 1876; x_wconf 87' lang='lat' dir='ltr'>ab</span> <span class='ocrx_word' id='word_1_246' title='bbox 1506 1820 1601 1876; x_wconf 91' lang='lat' dir='ltr'>habitu</span> <span class='ocrx_word' id='word_1_247' title='bbox 1615 1817 1752 1891; x_wconf 79' lang='lat' dir='ltr'>professo·</span> 
     </span>
     <span class='ocr_line' id='line_1_20' title="bbox 95 1885 1749 1958; baseline 0.001 -15"><span class='ocrx_word' id='word_1_248' title='bbox 95 1888 211 1955; x_wconf 71' lang='lat' dir='ltr'>riuatm</span> <span class='ocrx_word' id='word_1_249' title='bbox 225 1888 368 1945; x_wconf 90' lang='lat' dir='ltr'>utmirum</span> <span class='ocrx_word' id='word_1_250' title='bbox 383 1903 439 1944; x_wconf 91' lang='lat' dir='ltr'>non</span> <span class='ocrx_word' id='word_1_251' title='bbox 448 1889 485 1944; x_wconf 87' lang='lat' dir='ltr'>sit</span> <span class='ocrx_word' id='word_1_252' title='bbox 493 1902 543 1943; x_wconf 85' lang='lat' dir='ltr'>eos</span> <span class='ocrx_word' id='word_1_253' title='bbox 555 1885 591 1944; x_wconf 88' lang='lat' dir='ltr'>sd</span> <span class='ocrx_word' id='word_1_254' title='bbox 599 1903 740 1945; x_wconf 89' lang='lat' dir='ltr'>summam</span> <span class='ocrx_word' id='word_1_255' title='bbox 755 1887 897 1951; x_wconf 87' lang='lat' dir='ltr'>perfectio-</span> <span class='ocrx_word' id='word_1_256' title='bbox 950 1906 1026 1946; x_wconf 91' lang='lat' dir='ltr'>rum.</span> <span class='ocrx_word' id='word_1_257' title='bbox 1040 1890 1177 1958; x_wconf 81' lang='lat' dir='ltr'>Tertium,</span> <span class='ocrx_word' id='word_1_258' title='bbox 1193 1899 1225 1946; x_wconf 90' lang='lat' dir='ltr'>ut</span> <span class='ocrx_word' id='word_1_259' title='bbox 1237 1890 1339 1946; x_wconf 88' lang='lat' dir='ltr'>novitio</span> <span class='ocrx_word' id='word_1_260' title='bbox 1351 1890 1421 1948; x_wconf 91' lang='lat' dir='ltr'>nibil</span> <span class='ocrx_word' id='word_1_261' title='bbox 1435 1891 1553 1947; x_wconf 90' lang='lat' dir='ltr'>omnino</span> <span class='ocrx_word' id='word_1_262' title='bbox 1567 1891 1705 1946; x_wconf 91' lang='lat' dir='ltr'>bonorum</span> <span class='ocrx_word' id='word_1_263' title='bbox 1720 1891 1749 1945; x_wconf 93' lang='lat' dir='ltr'>in</span> 
     </span>
     <span class='ocr_line' id='line_1_21' title="bbox 93 1941 1750 2033; baseline 0 -18"><span class='ocrx_word' id='word_1_264' title='bbox 93 1975 161 2016; x_wconf 85' lang='lat' dir='ltr'>nem</span> <span class='ocrx_word' id='word_1_265' title='bbox 176 1961 205 2021; x_wconf 90' lang='lat' dir='ltr'>in</span> <span class='ocrx_word' id='word_1_266' title='bbox 217 1960 675 2031; x_wconf 81' lang='lat' dir='ltr'>extremasenectutepervenisse:</span> <span class='ocrx_word' id='word_1_267' title='bbox 694 1960 770 2032; x_wconf 88' lang='lat' dir='ltr'>quod</span> <span class='ocrx_word' id='word_1_268' title='bbox 785 1975 819 2016; x_wconf 82' lang='lat' dir='ltr'>ex</span> <span class='ocrx_word' id='word_1_269' title='bbox 832 1976 895 2018; x_wconf 83' lang='lat' dir='ltr'>vor-</span> <span class='ocrx_word' id='word_1_270' title='bbox 915 1941 939 2004; x_wconf 84' lang='grc' dir='ltr'><strong>Β</strong></span> <span class='ocrx_word' id='word_1_271' title='bbox 952 1960 1154 2023; x_wconf 87' lang='lat' dir='ltr'>monasterium</span> <span class='ocrx_word' id='word_1_272' title='bbox 1169 1959 1269 2018; x_wconf 90' lang='lat' dir='ltr'>inferre</span> <span class='ocrx_word' id='word_1_273' title='bbox 1279 1961 1383 2028; x_wconf 89' lang='lat' dir='ltr'>liceret,</span> <span class='ocrx_word' id='word_1_274' title='bbox 1399 1978 1433 2018; x_wconf 87' lang='lat' dir='ltr'>ne</span> <span class='ocrx_word' id='word_1_275' title='bbox 1447 1962 1577 2033; x_wconf 86' lang='lat' dir='ltr'>pecunias</span> <span class='ocrx_word' id='word_1_276' title='bbox 1589 1961 1702 2033; x_wconf 87' lang='lat' dir='ltr'>quidem</span> <span class='ocrx_word' id='word_1_277' title='bbox 1721 1961 1750 2016; x_wconf 92' lang='lat' dir='ltr'>in</span> 
     </span>
     <span class='ocr_line' id='line_1_22' title="bbox 93 2029 1752 2103; baseline 0.002 -17"><span class='ocrx_word' id='word_1_278' title='bbox 93 2030 141 2087; x_wconf 91' lang='lat' dir='ltr'>bis</span> <span class='ocrx_word' id='word_1_279' title='bbox 149 2030 328 2103; x_wconf 87' lang='lat' dir='ltr'>sequentibus</span> <span class='ocrx_word' id='word_1_280' title='bbox 336 2029 496 2102; x_wconf 54' lang='lat' dir='ltr'>colligitur,</span> <span class='ocrx_word' id='word_1_281' title='bbox 564 2092 567 2097; x_wconf 49' lang='grc'>,</span> <span class='ocrx_word' id='word_1_282' title='bbox 671 2064 675 2076; x_wconf 84' lang='lat'><em>-</em></span> <span class='ocrx_word' id='word_1_283' title='bbox 732 2066 736 2075; x_wconf 87' lang='lat'><em>·</em></span> <span class='ocrx_word' id='word_1_284' title='bbox 848 2084 850 2089; x_wconf 89' lang='grc'>,</span> <span class='ocrx_word' id='word_1_285' title='bbox 948 2047 1129 2089; x_wconf 89' lang='lat' dir='ltr'>communem</span> <span class='ocrx_word' id='word_1_286' title='bbox 1139 2047 1221 2088; x_wconf 90' lang='lat' dir='ltr'>usum</span> <span class='ocrx_word' id='word_1_287' title='bbox 1230 2032 1386 2089; x_wconf 86' lang='lat' dir='ltr'>monasterii</span> <span class='ocrx_word' id='word_1_288' title='bbox 1398 2032 1585 2100; x_wconf 78' lang='lat' dir='ltr'>mirlerendas,</span> <span class='ocrx_word' id='word_1_289' title='bbox 1594 2041 1627 2088; x_wconf 89' lang='lat' dir='ltr'>ut</span> <span class='ocrx_word' id='word_1_290' title='bbox 1635 2032 1752 2089; x_wconf 87' lang='lat' dir='ltr'>babetur</span> 
     </span>
     <span class='ocr_line' id='line_1_23' title="bbox 132 2095 1774 2176; baseline 0.001 -18"><span class='ocrx_word' id='word_1_291' title='bbox 132 2095 242 2158; x_wconf 61' lang='lat' dir='ltr'>triane</span> <span class='ocrx_word' id='word_1_292' title='bbox 262 2100 466 2159; x_wconf 82' lang='lat' dir='ltr'>institutionem</span> <span class='ocrx_word' id='word_1_293' title='bbox 484 2098 519 2157; x_wconf 89' lang='lat' dir='ltr'>do</span> <span class='ocrx_word' id='word_1_294' title='bbox 537 2099 686 2172; x_wconf 86' lang='lat' dir='ltr'>probandis</span> <span class='ocrx_word' id='word_1_295' title='bbox 706 2111 735 2157; x_wconf 87' lang='lat' dir='ltr'>et</span> <span class='ocrx_word' id='word_1_296' title='bbox 750 2100 895 2174; x_wconf 79' lang='lat' dir='ltr'>diligenter</span> <span class='ocrx_word' id='word_1_297' title='bbox 949 2102 1130 2176; x_wconf 84' lang='lat' dir='ltr'>eap.l;quod</span> <span class='ocrx_word' id='word_1_298' title='bbox 1137 2104 1166 2161; x_wconf 93' lang='lat' dir='ltr'>in</span> <span class='ocrx_word' id='word_1_299' title='bbox 1176 2103 1230 2159; x_wconf 89' lang='lat' dir='ltr'>illis</span> <span class='ocrx_word' id='word_1_300' title='bbox 1237 2102 1445 2160; x_wconf 83' lang='lat' dir='ltr'>monacbisfuit</span> <span class='ocrx_word' id='word_1_301' title='bbox 1452 2103 1588 2174; x_wconf 80' lang='lat' dir='ltr'>singulare</span> <span class='ocrx_word' id='word_1_302' title='bbox 1599 2118 1681 2159; x_wconf 90' lang='lat' dir='ltr'>:euru</span> <span class='ocrx_word' id='word_1_303' title='bbox 1691 2102 1752 2159; x_wconf 72' lang='lat' dir='ltr'>alus</span> <span class='ocrx_word' id='word_1_304' title='bbox 1770 2120 1774 2129; x_wconf 86' lang='grc'><em>·</em></span> 
     </span>
     <span class='ocr_line' id='line_1_24' title="bbox 92 2166 1750 2301; baseline 0 -73"><span class='ocrx_word' id='word_1_305' title='bbox 92 2170 283 2243; x_wconf 76' lang='lat' dir='ltr'>explorandis,</span> <span class='ocrx_word' id='word_1_306' title='bbox 299 2166 459 2299; x_wconf 54' lang='lat' dir='ltr'>sneqsulrito</span> <span class='ocrx_word' id='word_1_307' title='bbox 473 2171 650 2229; x_wconf 84' lang='lat' dir='ltr'>admittendis</span> <span class='ocrx_word' id='word_1_308' title='bbox 661 2172 695 2229; x_wconf 91' lang='lat' dir='ltr'>iis</span> <span class='ocrx_word' id='word_1_309' title='bbox 706 2172 752 2243; x_wconf 91' lang='lat' dir='ltr'>qui</span> <span class='ocrx_word' id='word_1_310' title='bbox 767 2172 894 2228; x_wconf 86' lang='lat' dir='ltr'>monachi</span> <span class='ocrx_word' id='word_1_311' title='bbox 909 2206 913 2211; x_wconf 70' lang='grc'><em>»</em></span> <span class='ocrx_word' id='word_1_312' title='bbox 951 2174 1084 2301; x_wconf 45' lang='lat' dir='ltr'>plerique,</span> <span class='ocrx_word' id='word_1_313' title='bbox 1094 2173 1201 2229; x_wconf 88' lang='lat' dir='ltr'>etfama</span> <span class='ocrx_word' id='word_1_314' title='bbox 1213 2174 1552 2244; x_wconf 85' lang='lat' dir='ltr'>teniporeapostolorum,</span> <span class='ocrx_word' id='word_1_315' title='bbox 1562 2171 1750 2244; x_wconf 88' lang='lat' dir='ltr'>siquidbabo-</span> 
     </span>
    </p>
   </div>
   <div class='ocr_carea' id='block_1_5' title="bbox 29 2242 1923 5861">
    <p class='ocr_par' dir='ltr' id='par_1_9' title="bbox 29 2242 1923 5861">
     <span class='ocr_line' id='line_1_25' title="bbox 93 2242 1751 2315; baseline 0 -17"><span class='ocrx_word' id='word_1_316' title='bbox 93 2244 160 2299; x_wconf 87' lang='lat' dir='ltr'>lieri</span> <span class='ocrx_word' id='word_1_317' title='bbox 175 2243 286 2310; x_wconf 80' lang='lat' dir='ltr'>sellem,</span> <span class='ocrx_word' id='word_1_318' title='bbox 364 2242 508 2299; x_wconf 85' lang='lat' dir='ltr'>scbomius</span> <span class='ocrx_word' id='word_1_319' title='bbox 519 2243 554 2299; x_wconf 90' lang='lat' dir='ltr'>ab</span> <span class='ocrx_word' id='word_1_320' title='bbox 567 2243 665 2311; x_wconf 69' lang='lat' dir='ltr'>angele</span> <span class='ocrx_word' id='word_1_321' title='bbox 684 2243 797 2315; x_wconf 74' lang='lat' dir='ltr'>Regula</span> <span class='ocrx_word' id='word_1_322' title='bbox 812 2243 899 2315; x_wconf 87' lang='lat' dir='ltr'>ipsius</span> <span class='ocrx_word' id='word_1_323' title='bbox 971 2245 1171 2312; x_wconf 82' lang='lat' dir='ltr'>antrusaeculo,</span> <span class='ocrx_word' id='word_1_324' title='bbox 1182 2245 1534 2311; x_wconf 84' lang='lat' dir='ltr'>monasteriiseonferrent,</span> <span class='ocrx_word' id='word_1_325' title='bbox 1544 2244 1612 2301; x_wconf 91' lang='lat' dir='ltr'>dum</span> <span class='ocrx_word' id='word_1_326' title='bbox 1619 2242 1751 2299; x_wconf 93' lang='lat' dir='ltr'>monacbi</span> 
     </span>
     <span class='ocr_line' id='line_1_26' title="bbox 92 2313 1750 2387; baseline 0 -17"><span class='ocrx_word' id='word_1_327' title='bbox 92 2314 240 2370; x_wconf 85' lang='lat' dir='ltr'>dictatore</span> <span class='ocrx_word' id='word_1_328' title='bbox 257 2314 373 2384; x_wconf 84' lang='lat' dir='ltr'>aceepit,</span> <span class='ocrx_word' id='word_1_329' title='bbox 386 2329 500 2384; x_wconf 86' lang='lat' dir='ltr'>eamque</span> <span class='ocrx_word' id='word_1_330' title='bbox 519 2314 581 2370; x_wconf 89' lang='lat' dir='ltr'>suis</span> <span class='ocrx_word' id='word_1_331' title='bbox 594 2314 821 2371; x_wconf 88' lang='lat' dir='ltr'>Tabennensiotis</span> <span class='ocrx_word' id='word_1_332' title='bbox 840 2322 898 2370; x_wconf 86' lang='lat' dir='ltr'>tra·</span> <span class='ocrx_word' id='word_1_333' title='bbox 953 2316 1056 2372; x_wconf 89' lang='lat' dir='ltr'>fiebant</span> <span class='ocrx_word' id='word_1_334' title='bbox 1065 2319 1141 2381; x_wconf 80' lang='lat' dir='ltr'>(Act.</span> <span class='ocrx_word' id='word_1_335' title='bbox 1154 2315 1327 2383; x_wconf 85' lang='lat' dir='ltr'>tv),utinfra</span> <span class='ocrx_word' id='word_1_336' title='bbox 1339 2315 1455 2372; x_wconf 87' lang='lat' dir='ltr'>dicetur.</span> <span class='ocrx_word' id='word_1_337' title='bbox 1466 2317 1616 2387; x_wconf 78' lang='lat' dir='ltr'>Quartum,</span> <span class='ocrx_word' id='word_1_338' title='bbox 1625 2313 1750 2371; x_wconf 90' lang='lat' dir='ltr'>utfruter</span> 
     </span>
     <span class='ocr_line' id='line_1_27' title="bbox 92 2383 1749 2469; baseline 0 -29"><span class='ocrx_word' id='word_1_339' title='bbox 92 2384 180 2443; x_wconf 86' lang='lat' dir='ltr'>didit</span> <span class='ocrx_word' id='word_1_340' title='bbox 199 2385 245 2440; x_wconf 86' lang='lat' dir='ltr'>Sic</span> <span class='ocrx_word' id='word_1_341' title='bbox 253 2384 327 2441; x_wconf 89' lang='lat' dir='ltr'>enim</span> <span class='ocrx_word' id='word_1_342' title='bbox 343 2383 568 2443; x_wconf 84' lang='lat' dir='ltr'>babetarticulus</span> <span class='ocrx_word' id='word_1_343' title='bbox 580 2390 618 2440; x_wconf 78' lang='lat'>26</span> <span class='ocrx_word' id='word_1_344' title='bbox 629 2385 753 2456; x_wconf 76' lang='lat' dir='ltr'>ejusdem</span> <span class='ocrx_word' id='word_1_345' title='bbox 767 2384 907 2456; x_wconf 67' lang='lat' dir='ltr'>ungula,</span> <span class='ocrx_word' id='word_1_346' title='bbox 952 2396 1077 2469; x_wconf 85' lang='lat' dir='ltr'>receptus</span> <span class='ocrx_word' id='word_1_347' title='bbox 1084 2388 1386 2453; x_wconf 75' lang='lat' dir='ltr'>annomintesrumsub</span> <span class='ocrx_word' id='word_1_348' title='bbox 1396 2387 1551 2444; x_wconf 87' lang='lat' dir='ltr'>obedientia</span> <span class='ocrx_word' id='word_1_349' title='bbox 1558 2385 1749 2442; x_wconf 86' lang='lat' dir='ltr'>etmonasterii</span> 
     </span>
     <span class='ocr_line' id='line_1_28' title="bbox 93 2455 1751 2531; baseline 0.001 -21"><span class='ocrx_word' id='word_1_350' title='bbox 93 2455 250 2527; x_wconf 77' lang='lat' dir='ltr'>interprete</span> <span class='ocrx_word' id='word_1_351' title='bbox 260 2460 293 2510; x_wconf 84' lang='lat' dir='ltr'>l).</span> <span class='ocrx_word' id='word_1_352' title='bbox 306 2455 475 2528; x_wconf 79' lang='lat' dir='ltr'>Hieronymo</span> <span class='ocrx_word' id='word_1_353' title='bbox 485 2475 492 2510; x_wconf 91' lang='lat'>:</span> <span class='ocrx_word' id='word_1_354' title='bbox 501 2458 532 2513; x_wconf 85' lang='lat' dir='ltr'>Si</span> <span class='ocrx_word' id='word_1_355' title='bbox 541 2457 789 2526; x_wconf 79' lang='lat' dir='ltr'>qnisnceessera&#39;tad</span> <span class='ocrx_word' id='word_1_356' title='bbox 799 2458 899 2512; x_wconf 86' lang='lat' dir='ltr'>ostium</span> <span class='ocrx_word' id='word_1_357' title='bbox 952 2458 1095 2531; x_wconf 80' lang='lat' dir='ltr'>disciplina</span> <span class='ocrx_word' id='word_1_358' title='bbox 1110 2458 1282 2529; x_wconf 86' lang='lat' dir='ltr'>probaretur.</span> <span class='ocrx_word' id='word_1_359' title='bbox 1298 2458 1421 2530; x_wconf 77' lang='lat' dir='ltr'>intellige</span> <span class='ocrx_word' id='word_1_360' title='bbox 1435 2457 1470 2515; x_wconf 89' lang='lat' dir='ltr'>de</span> <span class='ocrx_word' id='word_1_361' title='bbox 1481 2458 1596 2522; x_wconf 89' lang='lat' dir='ltr'>adultis,</span> <span class='ocrx_word' id='word_1_362' title='bbox 1611 2456 1669 2513; x_wconf 84' lang='lat' dir='ltr'>sive</span> <span class='ocrx_word' id='word_1_363' title='bbox 1681 2457 1751 2513; x_wconf 88' lang='lat' dir='ltr'>ado·</span> 
     </span>
     <span class='ocr_line' id='line_1_29' title="bbox 93 2528 1751 2599; baseline 0.001 -18"><span class='ocrx_word' id='word_1_364' title='bbox 93 2529 257 2583; x_wconf 81' lang='lat' dir='ltr'>mortostert&#39;t&#39;</span> <span class='ocrx_word' id='word_1_365' title='bbox 267 2528 355 2582; x_wconf 76' lang='lat' dir='ltr'>soleres</span> <span class='ocrx_word' id='word_1_366' title='bbox 367 2528 465 2581; x_wconf 82' lang='lat' dir='ltr'>soeeulo</span> <span class='ocrx_word' id='word_1_367' title='bbox 479 2530 650 2590; x_wconf 80' lang='lat' dir='ltr'>renurttiere,</span> <span class='ocrx_word' id='word_1_368' title='bbox 666 2532 691 2581; x_wconf 88' lang='lat' dir='ltr'>et</span> <span class='ocrx_word' id='word_1_369' title='bbox 700 2528 823 2594; x_wconf 73' lang='lat' dir='ltr'>{rutrum</span> <span class='ocrx_word' id='word_1_370' title='bbox 834 2543 895 2582; x_wconf 83' lang='lat' dir='ltr'>con·</span> <span class='ocrx_word' id='word_1_371' title='bbox 954 2529 1133 2594; x_wconf 79' lang='lat' dir='ltr'>lescontibm,</span> <span class='ocrx_word' id='word_1_372' title='bbox 1145 2545 1203 2585; x_wconf 92' lang='lat' dir='ltr'>non</span> <span class='ocrx_word' id='word_1_373' title='bbox 1216 2529 1250 2584; x_wconf 86' lang='lat' dir='ltr'>de</span> <span class='ocrx_word' id='word_1_374' title='bbox 1270 2529 1370 2599; x_wconf 88' lang='lat' dir='ltr'>pueris,</span> <span class='ocrx_word' id='word_1_375' title='bbox 1385 2538 1434 2585; x_wconf 88' lang='lat' dir='ltr'>aut</span> <span class='ocrx_word' id='word_1_376' title='bbox 1454 2528 1655 2598; x_wconf 87' lang='lat' dir='ltr'>impuberibus.</span> <span class='ocrx_word' id='word_1_377' title='bbox 1672 2528 1751 2596; x_wconf 85' lang='lat' dir='ltr'>Quod</span> 
     </span>
     <span class='ocr_line' id='line_1_30' title="bbox 94 2597 1753 2669; baseline 0.001 -18"><span class='ocrx_word' id='word_1_378' title='bbox 94 2600 212 2667; x_wconf 79' lang='lat' dir='ltr'>qreqari</span> <span class='ocrx_word' id='word_1_379' title='bbox 222 2613 344 2660; x_wconf 85' lang='lat' dir='ltr'>rrumsro,</span> <span class='ocrx_word' id='word_1_380' title='bbox 356 2614 410 2653; x_wconf 77' lang='lat' dir='ltr'>stou</span> <span class='ocrx_word' id='word_1_381' title='bbox 421 2597 529 2658; x_wconf 78' lang='lat' dir='ltr'>babebit</span> <span class='ocrx_word' id='word_1_382' title='bbox 535 2599 662 2652; x_wconf 82' lang='lat' dir='ltr'>intrandi</span> <span class='ocrx_word' id='word_1_383' title='bbox 667 2603 838 2667; x_wconf 77' lang='lat' dir='ltr'>permutem·</span> <span class='ocrx_word' id='word_1_384' title='bbox 850 2598 897 2652; x_wconf 85' lang='lat' dir='ltr'>secl</span> <span class='ocrx_word' id='word_1_385' title='bbox 951 2601 1058 2669; x_wconf 68' lang='lat' dir='ltr'>quiden</span> <span class='ocrx_word' id='word_1_386' title='bbox 1067 2605 1169 2668; x_wconf 81' lang='lat' dir='ltr'>tmpus</span> <span class='ocrx_word' id='word_1_387' title='bbox 1180 2601 1358 2668; x_wconf 80' lang='lat' dir='ltr'>probotionis,</span> <span class='ocrx_word' id='word_1_388' title='bbox 1367 2600 1425 2656; x_wconf 83' lang='lat' dir='ltr'>sire</span> <span class='ocrx_word' id='word_1_389' title='bbox 1435 2600 1595 2665; x_wconf 84' lang='lat' dir='ltr'>novitiatus,</span> <span class='ocrx_word' id='word_1_390' title='bbox 1610 2601 1685 2655; x_wconf 84' lang='lat' dir='ltr'>aSS.</span> <span class='ocrx_word' id='word_1_391' title='bbox 1701 2602 1753 2656; x_wconf 87' lang='lat' dir='ltr'>Pc-</span> 
     </span>
     <span class='ocr_line' id='line_1_31' title="bbox 93 2669 1746 2739; baseline 0.001 -16"><span class='ocrx_word' id='word_1_392' title='bbox 93 2670 176 2739; x_wconf 82' lang='lat' dir='ltr'>prius</span> <span class='ocrx_word' id='word_1_393' title='bbox 189 2669 361 2723; x_wconf 66' lang='lat' dir='ltr'>manebitur</span> <span class='ocrx_word' id='word_1_394' title='bbox 371 2671 452 2724; x_wconf 81' lang='lat' dir='ltr'>Patri</span> <span class='ocrx_word' id='word_1_395' title='bbox 461 2671 627 2732; x_wconf 83' lang='lat' dir='ltr'>monasterii,</span> <span class='ocrx_word' id='word_1_396' title='bbox 639 2675 665 2723; x_wconf 88' lang='lat' dir='ltr'>et</span> <span class='ocrx_word' id='word_1_397' title='bbox 675 2669 792 2723; x_wconf 83' lang='lat' dir='ltr'>monebit</span> <span class='ocrx_word' id='word_1_398' title='bbox 804 2671 897 2739; x_wconf 80' lang='lat' dir='ltr'>paucis</span> <span class='ocrx_word' id='word_1_399' title='bbox 953 2673 1039 2726; x_wconf 78' lang='lat' dir='ltr'>tribus</span> <span class='ocrx_word' id='word_1_400' title='bbox 1053 2671 1190 2725; x_wconf 82' lang='lat' dir='ltr'>iradultum</span> <span class='ocrx_word' id='word_1_401' title='bbox 1203 2671 1260 2736; x_wconf 74' lang='lat' dir='ltr'>ferit</span> <span class='ocrx_word' id='word_1_402' title='bbox 1273 2675 1330 2724; x_wconf 88' lang='lat' dir='ltr'>tum</span> <span class='ocrx_word' id='word_1_403' title='bbox 1341 2672 1369 2725; x_wconf 87' lang='lat' dir='ltr'>in</span> <span class='ocrx_word' id='word_1_404' title='bbox 1378 2673 1501 2739; x_wconf 75' lang='lat' dir='ltr'>sessorem</span> <span class='ocrx_word' id='word_1_405' title='bbox 1514 2673 1641 2731; x_wconf 63' lang='lat' dir='ltr'>conrueret,</span> <span class='ocrx_word' id='word_1_406' title='bbox 1655 2669 1746 2735; x_wconf 88' lang='lat' dir='ltr'>idest,</span> 
     </span>
     <span class='ocr_line' id='line_1_32' title="bbox 94 2739 1750 2809; baseline 0 -15"><span class='ocrx_word' id='word_1_407' title='bbox 94 2739 801 2809; x_wconf 71' lang='lat' dir='ltr'>diebussorisnntejnnuum3etdoeebiturorntionem</span> <span class='ocrx_word' id='word_1_408' title='bbox 810 2741 900 2794; x_wconf 83' lang='lat' dir='ltr'>Doms&#39;·</span> <span class='ocrx_word' id='word_1_409' title='bbox 952 2740 1750 2809; x_wconf 68' lang='lat' dir='ltr'>novitii,quommortusteriieutetillemoresrslius,etislmd</span> 
     </span>
     <span class='ocr_line' id='line_1_33' title="bbox 95 2810 1752 2880; baseline 0.001 -16"><span class='ocrx_word' id='word_1_410' title='bbox 95 2813 188 2871; x_wconf 77' lang='lat' dir='ltr'>nicom</span> <span class='ocrx_word' id='word_1_411' title='bbox 200 2816 226 2866; x_wconf 84' lang='lat' dir='ltr'>et</span> <span class='ocrx_word' id='word_1_412' title='bbox 234 2812 364 2874; x_wconf 75' lang='lat' dir='ltr'>Psalmos,</span> <span class='ocrx_word' id='word_1_413' title='bbox 378 2814 617 2880; x_wconf 79' lang='lat' dir='ltr'>quarrtospotuen&#39;t</span> <span class='ocrx_word' id='word_1_414' title='bbox 631 2811 746 2875; x_wconf 69' lang='lat' dir='ltr'>diseerm</span> <span class='ocrx_word' id='word_1_415' title='bbox 756 2810 901 2878; x_wconf 74' lang='lat' dir='ltr'>ctdilipen-</span> <span class='ocrx_word' id='word_1_416' title='bbox 953 2827 1039 2866; x_wconf 87' lang='lat' dir='ltr'>mores</span> <span class='ocrx_word' id='word_1_417' title='bbox 1049 2812 1123 2865; x_wconf 87' lang='lat' dir='ltr'>illius</span> <span class='ocrx_word' id='word_1_418' title='bbox 1132 2812 1223 2865; x_wconf 73' lang='lat' dir='ltr'>celent</span> <span class='ocrx_word' id='word_1_419' title='bbox 1234 2813 1364 2880; x_wconf 71' lang='lat' dir='ltr'>cupierint,</span> <span class='ocrx_word' id='word_1_420' title='bbox 1373 2811 1412 2866; x_wconf 87' lang='lat' dir='ltr'>uit</span> <span class='ocrx_word' id='word_1_421' title='bbox 1424 2810 1601 2867; x_wconf 83' lang='lat' dir='ltr'>fnnoceutius</span> <span class='ocrx_word' id='word_1_422' title='bbox 1611 2810 1652 2864; x_wconf 95' lang='lat' dir='ltr'>lll</span> <span class='ocrx_word' id='word_1_423' title='bbox 1662 2810 1752 2879; x_wconf 92' lang='lat' dir='ltr'>ponti·</span> 
     </span>
     <span class='ocr_line' id='line_1_34' title="bbox 95 2878 1751 2952; baseline -0.001 -17"><span class='ocrx_word' id='word_1_424' title='bbox 95 2887 141 2935; x_wconf 84' lang='lat' dir='ltr'>ter</span> <span class='ocrx_word' id='word_1_425' title='bbox 153 2884 200 2936; x_wconf 83' lang='lat' dir='ltr'>sui</span> <span class='ocrx_word' id='word_1_426' title='bbox 209 2884 420 2952; x_wconf 81' lang='lat' dir='ltr'>eaperimentum</span> <span class='ocrx_word' id='word_1_427' title='bbox 428 2881 520 2948; x_wconf 74' lang='lat' dir='ltr'>duum</span> <span class='ocrx_word' id='word_1_428' title='bbox 528 2883 639 2949; x_wconf 70' lang='lat' dir='ltr'>neforto</span> <span class='ocrx_word' id='word_1_429' title='bbox 648 2881 754 2950; x_wconf 85' lang='lat' dir='ltr'>aliquid</span> <span class='ocrx_word' id='word_1_430' title='bbox 760 2883 864 2948; x_wconf 70' lang='lat' dir='ltr'>fecerit,</span> <span class='ocrx_word' id='word_1_431' title='bbox 875 2886 901 2936; x_wconf 88' lang='lat' dir='ltr'>et</span> <span class='ocrx_word' id='word_1_432' title='bbox 913 2906 916 2911; x_wconf 95' lang='lat'>·</span> <span class='ocrx_word' id='word_1_433' title='bbox 955 2880 1097 2950; x_wconf 74' lang='lat' dir='ltr'>fen-(Cup.</span> <span class='ocrx_word' id='word_1_434' title='bbox 1108 2882 1156 2938; x_wconf 75' lang='lat' dir='ltr'>Ad</span> <span class='ocrx_word' id='word_1_435' title='bbox 1168 2882 1359 2951; x_wconf 72' lang='lat' dir='ltr'>apostolicam,</span> <span class='ocrx_word' id='word_1_436' title='bbox 1371 2881 1404 2935; x_wconf 86' lang='lat' dir='ltr'>de</span> <span class='ocrx_word' id='word_1_437' title='bbox 1414 2883 1571 2950; x_wconf 75' lang='lat' dir='ltr'>liopertum).</span> <span class='ocrx_word' id='word_1_438' title='bbox 1585 2878 1666 2936; x_wconf 91' lang='lat' dir='ltr'>Unde</span> <span class='ocrx_word' id='word_1_439' title='bbox 1676 2887 1704 2934; x_wconf 92' lang='lat' dir='ltr'>et</span> <span class='ocrx_word' id='word_1_440' title='bbox 1715 2883 1751 2934; x_wconf 87' lang='lat' dir='ltr'>D.</span> 
     </span>
     <span class='ocr_line' id='line_1_35' title="bbox 94 2949 1753 3024; baseline -0.001 -18"><span class='ocrx_word' id='word_1_441' title='bbox 94 2953 269 3019; x_wconf 76' lang='lat' dir='ltr'>turbuntsrul</span> <span class='ocrx_word' id='word_1_442' title='bbox 278 2954 373 3007; x_wconf 86' lang='lat' dir='ltr'>borum</span> <span class='ocrx_word' id='word_1_443' title='bbox 379 2953 660 3020; x_wconf 71' lang='lat' dir='ltr'>discesserit;‚autsub</span> <span class='ocrx_word' id='word_1_444' title='bbox 668 2953 763 3021; x_wconf 83' lang='lat' dir='ltr'>aliquo</span> <span class='ocrx_word' id='word_1_445' title='bbox 769 2953 902 3022; x_wconf 82' lang='lat' dir='ltr'>potestate</span> <span class='ocrx_word' id='word_1_446' title='bbox 955 2953 1122 3009; x_wconf 86' lang='lat' dir='ltr'>Benedictus</span> <span class='ocrx_word' id='word_1_447' title='bbox 1135 2952 1222 3008; x_wconf 91' lang='lat' dir='ltr'>tribus</span> <span class='ocrx_word' id='word_1_448' title='bbox 1236 2952 1289 3008; x_wconf 91' lang='lat' dir='ltr'>illis</span> <span class='ocrx_word' id='word_1_449' title='bbox 1297 2951 1428 3024; x_wconf 83' lang='lat' dir='ltr'>gradibus</span> <span class='ocrx_word' id='word_1_450' title='bbox 1441 2951 1611 3023; x_wconf 87' lang='lat' dir='ltr'>probationis</span> <span class='ocrx_word' id='word_1_451' title='bbox 1619 2965 1699 3018; x_wconf 90' lang='lat' dir='ltr'>supra</span> <span class='ocrx_word' id='word_1_452' title='bbox 1709 2949 1753 3006; x_wconf 92' lang='lat' dir='ltr'>di·</span> 
     </span>
     <span class='ocr_line' id='line_1_36' title="bbox 94 3019 1751 3096; baseline -0.001 -20"><span class='ocrx_word' id='word_1_453' title='bbox 94 3026 145 3085; x_wconf 83' lang='lat' dir='ltr'>sit,</span> <span class='ocrx_word' id='word_1_454' title='bbox 159 3026 288 3088; x_wconf 71' lang='lat' dir='ltr'>sistrum</span> <span class='ocrx_word' id='word_1_455' title='bbox 294 3026 379 3093; x_wconf 87' lang='lat' dir='ltr'>possit</span> <span class='ocrx_word' id='word_1_456' title='bbox 388 3026 545 3079; x_wconf 81' lang='lat' dir='ltr'>rarrnntiore</span> <span class='ocrx_word' id='word_1_457' title='bbox 555 3024 713 3094; x_wconf 82' lang='lat' dir='ltr'>parentibus</span> <span class='ocrx_word' id='word_1_458' title='bbox 725 3025 792 3086; x_wconf 86' lang='lat' dir='ltr'>suis,</span> <span class='ocrx_word' id='word_1_459' title='bbox 805 3027 831 3078; x_wconf 87' lang='lat' dir='ltr'>et</span> <span class='ocrx_word' id='word_1_460' title='bbox 838 3038 902 3092; x_wconf 81' lang='lat' dir='ltr'>pro-</span> <span class='ocrx_word' id='word_1_461' title='bbox 912 3066 921 3071; x_wconf 50' lang='grc'>.«</span> <span class='ocrx_word' id='word_1_462' title='bbox 955 3024 1008 3078; x_wconf 87' lang='lat' dir='ltr'>etis</span> <span class='ocrx_word' id='word_1_463' title='bbox 1021 3039 1126 3079; x_wconf 93' lang='lat' dir='ltr'>anuum</span> <span class='ocrx_word' id='word_1_464' title='bbox 1143 3024 1283 3096; x_wconf 80' lang='lat' dir='ltr'>integrum</span> <span class='ocrx_word' id='word_1_465' title='bbox 1298 3032 1324 3079; x_wconf 86' lang='lat' dir='ltr'>ct</span> <span class='ocrx_word' id='word_1_466' title='bbox 1338 3023 1446 3094; x_wconf 83' lang='lat' dir='ltr'>aliquot</span> <span class='ocrx_word' id='word_1_467' title='bbox 1462 3023 1520 3080; x_wconf 85' lang='lat' dir='ltr'>dies</span> <span class='ocrx_word' id='word_1_468' title='bbox 1532 3019 1751 3094; x_wconf 83' lang='lat' dir='ltr'>comprehendit.</span> 
     </span>
     <span class='ocr_line' id='line_1_37' title="bbox 92 3093 1754 3166; baseline 0.001 -18"><span class='ocrx_word' id='word_1_469' title='bbox 92 3096 552 3165; x_wconf 69' lang='lat' dir='ltr'>prinmsucultntenteontemnere.</span> <span class='ocrx_word' id='word_1_470' title='bbox 567 3095 599 3151; x_wconf 84' lang='lat' dir='ltr'>Si</span> <span class='ocrx_word' id='word_1_471' title='bbox 611 3110 670 3149; x_wconf 78' lang='lat' dir='ltr'>narn</span> <span class='ocrx_word' id='word_1_472' title='bbox 680 3094 798 3148; x_wconf 78' lang='lat' dir='ltr'>uiderint</span> <span class='ocrx_word' id='word_1_473' title='bbox 806 3099 901 3163; x_wconf 85' lang='lat' dir='ltr'>aptum</span> <span class='ocrx_word' id='word_1_474' title='bbox 916 3128 920 3135; x_wconf 87' lang='lat'><strong>·</strong></span> <span class='ocrx_word' id='word_1_475' title='bbox 956 3094 1106 3163; x_wconf 85' lang='lat' dir='ltr'>Quintum,</span> <span class='ocrx_word' id='word_1_476' title='bbox 1122 3103 1154 3150; x_wconf 92' lang='lat' dir='ltr'>ut</span> <span class='ocrx_word' id='word_1_477' title='bbox 1163 3110 1210 3166; x_wconf 88' lang='lat' dir='ltr'>per</span> <span class='ocrx_word' id='word_1_478' title='bbox 1223 3093 1249 3150; x_wconf 92' lang='lat' dir='ltr'>id</span> <span class='ocrx_word' id='word_1_479' title='bbox 1263 3103 1374 3166; x_wconf 83' lang='lat' dir='ltr'>tempus</span> <span class='ocrx_word' id='word_1_480' title='bbox 1387 3095 1557 3151; x_wconf 78' lang='lat' dir='ltr'>novitiorum</span> <span class='ocrx_word' id='word_1_481' title='bbox 1571 3103 1599 3148; x_wconf 88' lang='lat' dir='ltr'>et</span> <span class='ocrx_word' id='word_1_482' title='bbox 1610 3094 1754 3164; x_wconf 86' lang='lat' dir='ltr'>juniorum</span> 
     </span>
     <span class='ocr_line' id='line_1_38' title="bbox 94 3164 1754 3242; baseline 0 -23"><span class='ocrx_word' id='word_1_483' title='bbox 94 3164 137 3219; x_wconf 86' lang='lat' dir='ltr'>od</span> <span class='ocrx_word' id='word_1_484' title='bbox 150 3168 253 3227; x_wconf 81' lang='lat' dir='ltr'>omniu,</span> <span class='ocrx_word' id='word_1_485' title='bbox 267 3170 330 3221; x_wconf 86' lang='lat' dir='ltr'>tunc</span> <span class='ocrx_word' id='word_1_486' title='bbox 342 3165 479 3221; x_wconf 80' lang='lat' dir='ltr'>docebitm</span> <span class='ocrx_word' id='word_1_487' title='bbox 492 3167 645 3234; x_wconf 81' lang='lat' dir='ltr'>etreliques</span> <span class='ocrx_word' id='word_1_488' title='bbox 658 3165 901 3229; x_wconf 81' lang='lat' dir='ltr'>morresteriidisci·</span> <span class='ocrx_word' id='word_1_489' title='bbox 955 3164 1096 3222; x_wconf 88' lang='lat' dir='ltr'>humilitas</span> <span class='ocrx_word' id='word_1_490' title='bbox 1128 3173 1157 3220; x_wconf 87' lang='lat' dir='ltr'>et</span> <span class='ocrx_word' id='word_1_491' title='bbox 1181 3165 1338 3221; x_wconf 87' lang='lat' dir='ltr'>obedientia</span> <span class='ocrx_word' id='word_1_492' title='bbox 1370 3166 1461 3242; x_wconf 76' lang='lat' dir='ltr'>modis</span> <span class='ocrx_word' id='word_1_493' title='bbox 1489 3164 1620 3223; x_wconf 90' lang='lat' dir='ltr'>omnibus</span> <span class='ocrx_word' id='word_1_494' title='bbox 1652 3164 1754 3236; x_wconf 91' lang='lat' dir='ltr'>proba-</span> 
     </span>
     <span class='ocr_line' id='line_1_39' title="bbox 29 3236 1753 3309; baseline 0.002 -19"><span class='ocrx_word' id='word_1_495' title='bbox 29 3249 33 3257; x_wconf 90' lang='lat'><strong>·</strong></span> <span class='ocrx_word' id='word_1_496' title='bbox 91 3237 202 3306; x_wconf 73' lang='lat' dir='ltr'>pluium,</span> <span class='ocrx_word' id='word_1_497' title='bbox 218 3251 286 3306; x_wconf 85' lang='lat' dir='ltr'>quus</span> <span class='ocrx_word' id='word_1_498' title='bbox 299 3238 389 3304; x_wconf 65' lang='lat' dir='ltr'>{neers</span> <span class='ocrx_word' id='word_1_499' title='bbox 397 3236 503 3299; x_wconf 86' lang='lat' dir='ltr'>debeat,</span> <span class='ocrx_word' id='word_1_500' title='bbox 518 3236 668 3306; x_wconf 85' lang='lat' dir='ltr'>quibusque</span> <span class='ocrx_word' id='word_1_501' title='bbox 679 3237 790 3297; x_wconf 79' lang='lat' dir='ltr'>seruire,</span> <span class='ocrx_word' id='word_1_502' title='bbox 804 3239 858 3289; x_wconf 82' lang='lat' dir='ltr'>siue</span> <span class='ocrx_word' id='word_1_503' title='bbox 872 3238 904 3290; x_wconf 87' lang='lat' dir='ltr'>in-</span> <span class='ocrx_word' id='word_1_504' title='bbox 955 3245 1031 3292; x_wconf 89' lang='lat' dir='ltr'>retur</span> <span class='ocrx_word' id='word_1_505' title='bbox 1046 3246 1074 3293; x_wconf 90' lang='lat' dir='ltr'>et</span> <span class='ocrx_word' id='word_1_506' title='bbox 1095 3240 1292 3292; x_wconf 80' lang='lat' dir='ltr'>exerceretur:</span> <span class='ocrx_word' id='word_1_507' title='bbox 1313 3237 1423 3309; x_wconf 87' lang='lat' dir='ltr'>dequa</span> <span class='ocrx_word' id='word_1_508' title='bbox 1449 3236 1593 3292; x_wconf 64' lang='lat' dir='ltr'>&amp;asianus</span> <span class='ocrx_word' id='word_1_509' title='bbox 1617 3251 1632 3290; x_wconf 82' lang='lat' dir='ltr'>a</span> <span class='ocrx_word' id='word_1_510' title='bbox 1653 3251 1711 3307; x_wconf 89' lang='lat' dir='ltr'>cap.</span> <span class='ocrx_word' id='word_1_511' title='bbox 1736 3241 1753 3293; x_wconf 81' lang='lat'><strong>⁴</strong></span> 
     </span>
     <span class='ocr_line' id='line_1_40' title="bbox 93 3303 1750 3378; baseline -0.001 -16"><span class='ocrx_word' id='word_1_512' title='bbox 93 3307 213 3362; x_wconf 84' lang='lat' dir='ltr'>collecto</span> <span class='ocrx_word' id='word_1_513' title='bbox 226 3310 340 3362; x_wconf 80' lang='lat' dir='ltr'>muratum</span> <span class='ocrx_word' id='word_1_514' title='bbox 350 3309 486 3375; x_wconf 67' lang='lat' dir='ltr'>scutrum,</span> <span class='ocrx_word' id='word_1_515' title='bbox 497 3309 552 3361; x_wconf 83' lang='lat' dir='ltr'>sice</span> <span class='ocrx_word' id='word_1_516' title='bbox 560 3309 590 3360; x_wconf 87' lang='lat' dir='ltr'>in</span> <span class='ocrx_word' id='word_1_517' title='bbox 604 3307 683 3365; x_wconf 82' lang='lat' dir='ltr'>deon</span> <span class='ocrx_word' id='word_1_518' title='bbox 695 3309 740 3360; x_wconf 82' lang='lat' dir='ltr'>ceri</span> <span class='ocrx_word' id='word_1_519' title='bbox 751 3305 901 3361; x_wconf 83' lang='lat' dir='ltr'>trudendus</span> <span class='ocrx_word' id='word_1_520' title='bbox 917 3311 940 3375; x_wconf 80' lang='lat' dir='ltr'>c</span> <span class='ocrx_word' id='word_1_521' title='bbox 955 3306 1011 3362; x_wconf 86' lang='lat' dir='ltr'>fere</span> <span class='ocrx_word' id='word_1_522' title='bbox 1023 3303 1154 3377; x_wconf 86' lang='lat' dir='ltr'>usquead</span> <span class='ocrx_word' id='word_1_523' title='bbox 1165 3307 1247 3362; x_wconf 88' lang='lat' dir='ltr'>linem</span> <span class='ocrx_word' id='word_1_524' title='bbox 1260 3306 1333 3371; x_wconf 88' lang='lat' dir='ltr'>libri,</span> <span class='ocrx_word' id='word_1_525' title='bbox 1343 3308 1496 3378; x_wconf 82' lang='lat' dir='ltr'>pracsertim</span> <span class='ocrx_word' id='word_1_526' title='bbox 1508 3322 1567 3378; x_wconf 86' lang='lat' dir='ltr'>cap.</span> <span class='ocrx_word' id='word_1_527' title='bbox 1580 3311 1622 3371; x_wconf 88' lang='lat'>10,</span> <span class='ocrx_word' id='word_1_528' title='bbox 1636 3305 1682 3361; x_wconf 89' lang='lat' dir='ltr'>ubi</span> <span class='ocrx_word' id='word_1_529' title='bbox 1694 3307 1750 3362; x_wconf 89' lang='lat' dir='ltr'>ait:</span> 
     </span>
     <span class='ocr_line' id='line_1_41' title="bbox 94 3378 1753 3447; baseline 0 -14"><span class='ocrx_word' id='word_1_530' title='bbox 94 3382 150 3440; x_wconf 81' lang='lat' dir='ltr'>est,</span> <span class='ocrx_word' id='word_1_531' title='bbox 168 3379 226 3431; x_wconf 80' lang='lat' dir='ltr'>siue</span> <span class='ocrx_word' id='word_1_532' title='bbox 241 3378 403 3441; x_wconf 73' lang='lat' dir='ltr'>irruesceruli</span> <span class='ocrx_word' id='word_1_533' title='bbox 414 3378 523 3444; x_wconf 66' lang='lat' dir='ltr'>ordinm</span> <span class='ocrx_word' id='word_1_534' title='bbox 540 3382 566 3432; x_wconf 87' lang='lat' dir='ltr'>el</span> <span class='ocrx_word' id='word_1_535' title='bbox 579 3380 725 3432; x_wconf 85' lang='lat' dir='ltr'>instructus</span> <span class='ocrx_word' id='word_1_536' title='bbox 744 3382 825 3446; x_wconf 85' lang='lat' dir='ltr'>atque</span> <span class='ocrx_word' id='word_1_537' title='bbox 836 3392 900 3447; x_wconf 82' lang='lat' dir='ltr'>per·</span> <span class='ocrx_word' id='word_1_538' title='bbox 957 3381 1044 3433; x_wconf 83' lang='lat' dir='ltr'>Tanto</span> <span class='ocrx_word' id='word_1_539' title='bbox 1061 3378 1230 3433; x_wconf 82' lang='lat' dir='ltr'>obseruantia</span> <span class='ocrx_word' id='word_1_540' title='bbox 1250 3379 1406 3433; x_wconf 73' lang='lat' dir='ltr'>obedientie</span> <span class='ocrx_word' id='word_1_541' title='bbox 1426 3378 1529 3446; x_wconf 79' lang='lat' dir='ltr'>Requln</span> <span class='ocrx_word' id='word_1_542' title='bbox 1550 3378 1708 3441; x_wconf 81' lang='lat' dir='ltr'>custoditur,</span> <span class='ocrx_word' id='word_1_543' title='bbox 1723 3382 1753 3433; x_wconf 85' lang='lat' dir='ltr'>m</span> 
     </span>
     <span class='ocr_line' id='line_1_42' title="bbox 93 3449 1752 3519; baseline -0.001 -17"><span class='ocrx_word' id='word_1_544' title='bbox 93 3451 189 3516; x_wconf 77' lang='lat' dir='ltr'>leetrrs</span> <span class='ocrx_word' id='word_1_545' title='bbox 207 3451 235 3502; x_wconf 82' lang='lat' dir='ltr'>in</span> <span class='ocrx_word' id='word_1_546' title='bbox 248 3451 320 3505; x_wconf 84' lang='lat' dir='ltr'>omni</span> <span class='ocrx_word' id='word_1_547' title='bbox 333 3465 411 3519; x_wconf 86' lang='lat' dir='ltr'>opere</span> <span class='ocrx_word' id='word_1_548' title='bbox 430 3450 496 3504; x_wconf 87' lang='lat' dir='ltr'>bono</span> <span class='ocrx_word' id='word_1_549' title='bbox 510 3449 647 3516; x_wconf 69' lang='lat' dir='ltr'>fratr-ibus</span> <span class='ocrx_word' id='word_1_550' title='bbox 661 3449 807 3517; x_wconf 81' lang='lat' dir='ltr'>copatletur.</span> <span class='ocrx_word' id='word_1_551' title='bbox 828 3450 901 3503; x_wconf 76' lang='lat' dir='ltr'>lunc</span> <span class='ocrx_word' id='word_1_552' title='bbox 950 3449 1074 3519; x_wconf 73' lang='lat' dir='ltr'>iustiores</span> <span class='ocrx_word' id='word_1_553' title='bbox 1088 3449 1189 3518; x_wconf 85' lang='lat' dir='ltr'>ubsque</span> <span class='ocrx_word' id='word_1_554' title='bbox 1200 3451 1342 3518; x_wconf 71' lang='lat' dir='ltr'>prepositi</span> <span class='ocrx_word' id='word_1_555' title='bbox 1357 3451 1402 3504; x_wconf 86' lang='lat' dir='ltr'>sni</span> <span class='ocrx_word' id='word_1_556' title='bbox 1414 3451 1545 3512; x_wconf 73' lang='lat' dir='ltr'>sainct-ic,</span> <span class='ocrx_word' id='word_1_557' title='bbox 1559 3450 1752 3519; x_wconf 79' lang='lat' dir='ltr'>ue&#39;lpermissu,</span> 
     </span>
     <span class='ocr_line' id='line_1_43' title="bbox 95 3519 1755 3588; baseline 0.001 -14"><span class='ocrx_word' id='word_1_558' title='bbox 95 3519 311 3583; x_wconf 76' lang='lat' dir='ltr'>uurlubuntmm</span> <span class='ocrx_word' id='word_1_559' title='bbox 322 3523 487 3577; x_wconf 83' lang='lat' dir='ltr'>uestimentis</span> <span class='ocrx_word' id='word_1_560' title='bbox 494 3520 679 3583; x_wconf 68' lang='lat' dir='ltr'>secularibus,</span> <span class='ocrx_word' id='word_1_561' title='bbox 687 3524 714 3574; x_wconf 89' lang='lat' dir='ltr'>et</span> <span class='ocrx_word' id='word_1_562' title='bbox 725 3519 838 3574; x_wconf 84' lang='lat' dir='ltr'>induent</span> <span class='ocrx_word' id='word_1_563' title='bbox 848 3520 901 3574; x_wconf 84' lang='lat' dir='ltr'>ltu·</span> <span class='ocrx_word' id='word_1_564' title='bbox 954 3536 1008 3574; x_wconf 84' lang='lat' dir='ltr'>non</span> <span class='ocrx_word' id='word_1_565' title='bbox 1028 3521 1116 3584; x_wconf 50' lang='lat' dir='ltr'>¹solum</span> <span class='ocrx_word' id='word_1_566' title='bbox 1130 3535 1184 3574; x_wconf 84' lang='lat' dir='ltr'>non</span> <span class='ocrx_word' id='word_1_567' title='bbox 1204 3520 1325 3575; x_wconf 86' lang='lat' dir='ltr'>audeant</span> <span class='ocrx_word' id='word_1_568' title='bbox 1339 3526 1420 3575; x_wconf 75' lang='lat' dir='ltr'>antro</span> <span class='ocrx_word' id='word_1_569' title='bbox 1433 3522 1526 3575; x_wconf 85' lang='lat' dir='ltr'>cellam</span> <span class='ocrx_word' id='word_1_570' title='bbox 1543 3520 1648 3588; x_wconf 65' lang='lat' dir='ltr'>emerim</span> <span class='ocrx_word' id='word_1_571' title='bbox 1664 3520 1710 3574; x_wconf 89' lang='lat' dir='ltr'>sed</span> <span class='ocrx_word' id='word_1_572' title='bbox 1722 3536 1755 3575; x_wconf 86' lang='lat' dir='ltr'>ne</span> 
     </span>
     <span class='ocr_line' id='line_1_44' title="bbox 95 3591 1756 3660; baseline 0.002 -16"><span class='ocrx_word' id='word_1_573' title='bbox 95 3591 186 3645; x_wconf 69' lang='lat' dir='ltr'>ddum</span> <span class='ocrx_word' id='word_1_574' title='bbox 200 3592 389 3647; x_wconf 80' lang='lat' dir='ltr'>marcellorum</span> <span class='ocrx_word' id='word_1_575' title='bbox 407 3610 416 3645; x_wconf 78' lang='grc' dir='ltr'><strong><em>ε</em></strong></span> <span class='ocrx_word' id='word_1_576' title='bbox 432 3591 558 3646; x_wconf 80' lang='lat' dir='ltr'>tradetur</span> <span class='ocrx_word' id='word_1_577' title='bbox 571 3593 699 3654; x_wconf 82' lang='lat' dir='ltr'>ostiario,</span> <span class='ocrx_word' id='word_1_578' title='bbox 715 3595 747 3645; x_wconf 86' lang='lat' dir='ltr'>ut</span> <span class='ocrx_word' id='word_1_579' title='bbox 771 3592 901 3645; x_wconf 77' lang='lat' dir='ltr'>cautionis</span> <span class='ocrx_word' id='word_1_580' title='bbox 954 3593 1009 3660; x_wconf 83' lang='lat' dir='ltr'>ipsi</span> <span class='ocrx_word' id='word_1_581' title='bbox 1017 3592 1124 3660; x_wconf 80' lang='lat' dir='ltr'>quidem</span> <span class='ocrx_word' id='word_1_582' title='bbox 1131 3593 1265 3645; x_wconf 83' lang='lat' dir='ltr'>communi</span> <span class='ocrx_word' id='word_1_583' title='bbox 1273 3596 1297 3645; x_wconf 87' lang='lat' dir='ltr'>ct</span> <span class='ocrx_word' id='word_1_584' title='bbox 1304 3593 1428 3647; x_wconf 77' lang='lat' dir='ltr'>iecturali</span> <span class='ocrx_word' id='word_1_585' title='bbox 1434 3593 1756 3658; x_wconf 71' lang='lat' dir='ltr'>necessitutisotissncere</span> 
     </span>
     <span class='ocr_line' id='line_1_45' title="bbox 95 3662 1753 3732; baseline 0.001 -16"><span class='ocrx_word' id='word_1_586' title='bbox 95 3666 217 3732; x_wconf 82' lang='lat' dir='ltr'>tempore</span> <span class='ocrx_word' id='word_1_587' title='bbox 223 3662 346 3722; x_wconf 78' lang='lat' dir='ltr'>adduam</span> <span class='ocrx_word' id='word_1_588' title='bbox 355 3678 414 3717; x_wconf 77' lang='lat' dir='ltr'>earm</span> <span class='ocrx_word' id='word_1_589' title='bbox 421 3664 451 3717; x_wconf 88' lang='lat' dir='ltr'>in</span> <span class='ocrx_word' id='word_1_590' title='bbox 459 3667 624 3731; x_wconf 80' lang='lat' dir='ltr'>corrspeclum</span> <span class='ocrx_word' id='word_1_591' title='bbox 634 3663 899 3728; x_wconf 72' lang='lat' dir='ltr'>omniumsrcttum:</span> <span class='ocrx_word' id='word_1_592' title='bbox 954 3678 1005 3716; x_wconf 82' lang='lat' dir='ltr'>sua</span> <span class='ocrx_word' id='word_1_593' title='bbox 1018 3665 1180 3717; x_wconf 62' lang='lat' dir='ltr'>undositate</span> <span class='ocrx_word' id='word_1_594' title='bbox 1188 3669 1358 3732; x_wconf 75' lang='lat' dir='ltr'>praesumunt</span> <span class='ocrx_word' id='word_1_595' title='bbox 1367 3682 1375 3719; x_wconf 78' lang='lat' dir='ltr'><strong><em>z</em></strong></span> <span class='ocrx_word' id='word_1_596' title='bbox 1384 3666 1473 3732; x_wconf 83' lang='lat' dir='ltr'>sicque</span> <span class='ocrx_word' id='word_1_597' title='bbox 1481 3664 1753 3732; x_wconf 81' lang='lat' dir='ltr'>urricersceomplere,</span> 
     </span>
     <span class='ocr_line' id='line_1_46' title="bbox 93 3733 1757 3804; baseline 0.003 -17"><span class='ocrx_word' id='word_1_598' title='bbox 93 3733 201 3787; x_wconf 75' lang='lat' dir='ltr'>sedebit</span> <span class='ocrx_word' id='word_1_599' title='bbox 213 3735 243 3787; x_wconf 86' lang='lat' dir='ltr'>in</span> <span class='ocrx_word' id='word_1_600' title='bbox 255 3748 284 3788; x_wconf 86' lang='lat' dir='ltr'>co</span> <span class='ocrx_word' id='word_1_601' title='bbox 296 3734 351 3788; x_wconf 87' lang='lat' dir='ltr'>loco</span> <span class='ocrx_word' id='word_1_602' title='bbox 363 3735 391 3788; x_wconf 84' lang='lat' dir='ltr'>in</span> <span class='ocrx_word' id='word_1_603' title='bbox 410 3748 463 3802; x_wconf 90' lang='lat' dir='ltr'>quo</span> <span class='ocrx_word' id='word_1_604' title='bbox 482 3735 507 3787; x_wconf 89' lang='lat' dir='ltr'>ei</span> <span class='ocrx_word' id='word_1_605' title='bbox 519 3737 684 3803; x_wconf 75' lang='lat' dir='ltr'>precaeptum</span> <span class='ocrx_word' id='word_1_606' title='bbox 696 3734 791 3800; x_wconf 73' lang='lat' dir='ltr'>[namt.</span> <span class='ocrx_word' id='word_1_607' title='bbox 811 3734 899 3789; x_wconf 81' lang='lat' dir='ltr'>Vasti·</span> <span class='ocrx_word' id='word_1_608' title='bbox 954 3749 1126 3803; x_wconf 85' lang='lat' dir='ltr'>quoecumque</span> <span class='ocrx_word' id='word_1_609' title='bbox 1137 3735 1242 3800; x_wconf 75' lang='lat' dir='ltr'>fuerint</span> <span class='ocrx_word' id='word_1_610' title='bbox 1255 3735 1291 3788; x_wconf 87' lang='lat' dir='ltr'>nb</span> <span class='ocrx_word' id='word_1_611' title='bbox 1308 3750 1338 3788; x_wconf 88' lang='lat' dir='ltr'>eo</span> <span class='ocrx_word' id='word_1_612' title='bbox 1348 3741 1493 3804; x_wconf 72' lang='lat' dir='ltr'>precepta,</span> <span class='ocrx_word' id='word_1_613' title='bbox 1509 3740 1648 3803; x_wconf 75' lang='lat' dir='ltr'>mrnqtmm</span> <span class='ocrx_word' id='word_1_614' title='bbox 1661 3750 1679 3787; x_wconf 87' lang='lat' dir='ltr'>u</span> <span class='ocrx_word' id='word_1_615' title='bbox 1701 3736 1757 3791; x_wconf 85' lang='lat' dir='ltr'>Beo.</span> 
     </span>
     <span class='ocr_line' id='line_1_47' title="bbox 94 3804 1752 3874; baseline -0.003 -15"><span class='ocrx_word' id='word_1_616' title='bbox 94 3810 189 3859; x_wconf 81' lang='lat' dir='ltr'>menta</span> <span class='ocrx_word' id='word_1_617' title='bbox 203 3808 305 3866; x_wconf 75' lang='lat' dir='ltr'>aaran,</span> <span class='ocrx_word' id='word_1_618' title='bbox 315 3821 375 3874; x_wconf 80' lang='lat' dir='ltr'>qum</span> <span class='ocrx_word' id='word_1_619' title='bbox 388 3820 476 3866; x_wconf 79' lang='lat' dir='ltr'>secum</span> <span class='ocrx_word' id='word_1_620' title='bbox 488 3804 633 3866; x_wconf 85' lang='lat' dir='ltr'>detulerat,</span> <span class='ocrx_word' id='word_1_621' title='bbox 646 3805 777 3873; x_wconf 73' lang='lat' dir='ltr'>accipisset</span> <span class='ocrx_word' id='word_1_622' title='bbox 785 3804 901 3872; x_wconf 71' lang='lat' dir='ltr'>quilinio</span> <span class='ocrx_word' id='word_1_623' title='bbox 954 3807 1010 3859; x_wconf 84' lang='lat' dir='ltr'>sint</span> <span class='ocrx_word' id='word_1_624' title='bbox 1023 3805 1124 3860; x_wconf 74' lang='lat' dir='ltr'>celitus</span> <span class='ocrx_word' id='word_1_625' title='bbox 1141 3804 1225 3866; x_wconf 84' lang='lat' dir='ltr'>edila,</span> <span class='ocrx_word' id='word_1_626' title='bbox 1241 3807 1298 3859; x_wconf 83' lang='lat' dir='ltr'>sine</span> <span class='ocrx_word' id='word_1_627' title='bbox 1315 3805 1372 3859; x_wconf 87' lang='lat' dir='ltr'>ullu</span> <span class='ocrx_word' id='word_1_628' title='bbox 1382 3806 1544 3860; x_wconf 64' lang='lat' dir='ltr'>domatores</span> <span class='ocrx_word' id='word_1_629' title='bbox 1556 3807 1707 3871; x_wconf 79' lang='lat' dir='ltr'>festirnrnt,</span> <span class='ocrx_word' id='word_1_630' title='bbox 1721 3806 1752 3855; x_wconf 85' lang='lat' dir='ltr'>nt</span> 
     </span>
     <span class='ocr_line' id='line_1_48' title="bbox 94 3871 1752 3945; baseline -0.001 -17"><span class='ocrx_word' id='word_1_631' title='bbox 94 3877 139 3929; x_wconf 74' lang='lat' dir='ltr'>rei</span> <span class='ocrx_word' id='word_1_632' title='bbox 148 3877 292 3945; x_wconf 72' lang='lat' dir='ltr'>praepositi</span> <span class='ocrx_word' id='word_1_633' title='bbox 302 3880 389 3931; x_wconf 84' lang='lat' dir='ltr'>sunt:</span> <span class='ocrx_word' id='word_1_634' title='bbox 404 3879 430 3930; x_wconf 88' lang='lat' dir='ltr'>el</span> <span class='ocrx_word' id='word_1_635' title='bbox 448 3874 603 3942; x_wconf 75' lang='lat' dir='ltr'>irasermtur</span> <span class='ocrx_word' id='word_1_636' title='bbox 617 3877 646 3940; x_wconf 82' lang='lat' dir='ltr'>in</span> <span class='ocrx_word' id='word_1_637' title='bbox 658 3876 861 3943; x_wconf 76' lang='lat' dir='ltr'>repositorium,</span> <span class='ocrx_word' id='word_1_638' title='bbox 875 3878 901 3929; x_wconf 87' lang='lat' dir='ltr'>et</span> <span class='ocrx_word' id='word_1_639' title='bbox 954 3891 1153 3944; x_wconf 80' lang='lat' dir='ltr'>nonnumquam</span> <span class='ocrx_word' id='word_1_640' title='bbox 1162 3878 1244 3930; x_wconf 83' lang='lat' dir='ltr'>etiarn</span> <span class='ocrx_word' id='word_1_641' title='bbox 1256 3877 1433 3945; x_wconf 83' lang='lat' dir='ltr'>impossibilia</span> <span class='ocrx_word' id='word_1_642' title='bbox 1444 3877 1495 3931; x_wconf 83' lang='lat' dir='ltr'>sibi</span> <span class='ocrx_word' id='word_1_643' title='bbox 1508 3878 1642 3943; x_wconf 79' lang='lat' dir='ltr'>imperatu</span> <span class='ocrx_word' id='word_1_644' title='bbox 1656 3888 1687 3927; x_wconf 85' lang='lat' dir='ltr'>en</span> <span class='ocrx_word' id='word_1_645' title='bbox 1700 3871 1752 3940; x_wconf 75' lang='lat' dir='ltr'>lide</span> 
     </span>
     <span class='ocr_line' id='line_1_49' title="bbox 92 3942 1752 4017; baseline -0.002 -18"><span class='ocrx_word' id='word_1_646' title='bbox 92 3951 177 4001; x_wconf 80' lang='lat' dir='ltr'>crunt</span> <span class='ocrx_word' id='word_1_647' title='bbox 188 3947 661 4017; x_wconf 78' lang='lat' dir='ltr'>inpotestuteprinm&#39;pt&#39;smonnsterii.</span> <span class='ocrx_word' id='word_1_648' title='bbox 673 3946 741 3999; x_wconf 76' lang='lat' dir='ltr'>limo</span> <span class='ocrx_word' id='word_1_649' title='bbox 753 3944 801 3998; x_wconf 85' lang='lat' dir='ltr'>ini.</span> <span class='ocrx_word' id='word_1_650' title='bbox 812 3946 902 4012; x_wconf 77' lang='lat' dir='ltr'>Quam</span> <span class='ocrx_word' id='word_1_651' title='bbox 955 3963 987 4000; x_wconf 86' lang='lat' dir='ltr'>ac</span> <span class='ocrx_word' id='word_1_652' title='bbox 1005 3947 1141 4001; x_wconf 73' lang='lat' dir='ltr'>admotione</span> <span class='ocrx_word' id='word_1_653' title='bbox 1159 3949 1318 4016; x_wconf 71' lang='lat' dir='ltr'>suscipiunt,</span> <span class='ocrx_word' id='word_1_654' title='bbox 1334 3952 1365 4000; x_wconf 89' lang='lat' dir='ltr'>ut</span> <span class='ocrx_word' id='word_1_655' title='bbox 1381 3952 1439 4001; x_wconf 87' lang='lat' dir='ltr'>toto</span> <span class='ocrx_word' id='word_1_656' title='bbox 1452 3949 1562 4006; x_wconf 79' lang='lat' dir='ltr'>mrtute,</span> <span class='ocrx_word' id='word_1_657' title='bbox 1578 3960 1610 3997; x_wconf 86' lang='lat' dir='ltr'>oc</span> <span class='ocrx_word' id='word_1_658' title='bbox 1625 3946 1683 4005; x_wconf 85' lang='lat' dir='ltr'>sine</span> <span class='ocrx_word' id='word_1_659' title='bbox 1693 3942 1752 3996; x_wconf 87' lang='lat' dir='ltr'>ulla</span> 
     </span>
     <span class='ocr_line' id='line_1_50' title="bbox 93 4014 1750 4086; baseline -0.003 -16"><span class='ocrx_word' id='word_1_660' title='bbox 93 4016 326 4072; x_wconf 87' lang='lat' dir='ltr'>constitutionem</span> <span class='ocrx_word' id='word_1_661' title='bbox 350 4019 435 4072; x_wconf 86' lang='lat' dir='ltr'>etiam</span> <span class='ocrx_word' id='word_1_662' title='bbox 456 4016 503 4073; x_wconf 89' lang='lat' dir='ltr'>alii</span> <span class='ocrx_word' id='word_1_663' title='bbox 529 4017 622 4070; x_wconf 83' lang='lat' dir='ltr'>Patres</span> <span class='ocrx_word' id='word_1_664' title='bbox 648 4014 734 4072; x_wconf 86' lang='lat' dir='ltr'>secuti</span> <span class='ocrx_word' id='word_1_665' title='bbox 760 4023 840 4081; x_wconf 89' lang='lat' dir='ltr'>sunt,</span> <span class='ocrx_word' id='word_1_666' title='bbox 856 4014 903 4085; x_wconf 89' lang='lat' dir='ltr'>qui</span> <span class='ocrx_word' id='word_1_667' title='bbox 956 4017 1041 4073; x_wconf 75' lang='lat' dir='ltr'>curulis</span> <span class='ocrx_word' id='word_1_668' title='bbox 1053 4018 1230 4080; x_wconf 71' lang='lat' dir='ltr'>hesitatione,</span> <span class='ocrx_word' id='word_1_669' title='bbox 1251 4016 1750 4086; x_wconf 68' lang='lat' dir='ltr'>superfice-eeteorrsnmmnrenitnn·</span> 
     </span>
     <span class='ocr_line' id='line_1_51' title="bbox 93 4084 1751 4157; baseline -0.003 -15"><span class='ocrx_word' id='word_1_670' title='bbox 93 4086 220 4157; x_wconf 78' lang='lat' dir='ltr'>uegetas</span> <span class='ocrx_word' id='word_1_671' title='bbox 231 4087 398 4143; x_wconf 88' lang='lat' dir='ltr'>monasticas</span> <span class='ocrx_word' id='word_1_672' title='bbox 412 4087 650 4157; x_wconf 88' lang='lat' dir='ltr'>conscripserunt,</span> <span class='ocrx_word' id='word_1_673' title='bbox 667 4092 733 4155; x_wconf 91' lang='lat' dir='ltr'>puta</span> <span class='ocrx_word' id='word_1_674' title='bbox 745 4084 898 4140; x_wconf 89' lang='lat' dir='ltr'>monacho·</span> <span class='ocrx_word' id='word_1_675' title='bbox 954 4092 1009 4149; x_wconf 87' lang='lat' dir='ltr'>tur,</span> <span class='ocrx_word' id='word_1_676' title='bbox 1024 4095 1077 4142; x_wconf 90' lang='lat' dir='ltr'>etc.</span> <span class='ocrx_word' id='word_1_677' title='bbox 1093 4090 1218 4152; x_wconf 81' lang='lat' dir='ltr'>Sextum,</span> <span class='ocrx_word' id='word_1_678' title='bbox 1236 4095 1269 4142; x_wconf 94' lang='lat' dir='ltr'>ut</span> <span class='ocrx_word' id='word_1_679' title='bbox 1281 4102 1373 4141; x_wconf 85' lang='lat' dir='ltr'>annua</span> <span class='ocrx_word' id='word_1_680' title='bbox 1386 4086 1547 4157; x_wconf 88' lang='lat' dir='ltr'>probatione</span> <span class='ocrx_word' id='word_1_681' title='bbox 1560 4084 1677 4153; x_wconf 86' lang='lat' dir='ltr'>expleta,</span> <span class='ocrx_word' id='word_1_682' title='bbox 1697 4098 1751 4137; x_wconf 90' lang='lat' dir='ltr'>no-</span> 
     </span>
     <span class='ocr_line' id='line_1_52' title="bbox 93 4154 1752 4226; baseline -0.002 -15"><span class='ocrx_word' id='word_1_683' title='bbox 93 4172 167 4212; x_wconf 89' lang='lat' dir='ltr'>rum</span> <span class='ocrx_word' id='word_1_684' title='bbox 186 4156 344 4226; x_wconf 86' lang='lat' dir='ltr'>patriarcbae</span> <span class='ocrx_word' id='word_1_685' title='bbox 359 4162 394 4214; x_wconf 86' lang='lat' dir='ltr'>l).</span> <span class='ocrx_word' id='word_1_686' title='bbox 422 4158 553 4226; x_wconf 86' lang='lat' dir='ltr'>Basilius,</span> <span class='ocrx_word' id='word_1_687' title='bbox 573 4159 648 4212; x_wconf 87' lang='lat' dir='ltr'>etl).</span> <span class='ocrx_word' id='word_1_688' title='bbox 669 4154 900 4218; x_wconf 86' lang='lat' dir='ltr'>Benedictus,ut</span> <span class='ocrx_word' id='word_1_689' title='bbox 954 4156 1027 4221; x_wconf 85' lang='lat' dir='ltr'>vitii,</span> <span class='ocrx_word' id='word_1_690' title='bbox 1046 4156 1092 4226; x_wconf 88' lang='lat' dir='ltr'>qui</span> <span class='ocrx_word' id='word_1_691' title='bbox 1115 4156 1219 4215; x_wconf 86' lang='lat' dir='ltr'>habiles</span> <span class='ocrx_word' id='word_1_692' title='bbox 1240 4165 1269 4211; x_wconf 89' lang='lat' dir='ltr'>et</span> <span class='ocrx_word' id='word_1_693' title='bbox 1290 4155 1383 4210; x_wconf 91' lang='lat' dir='ltr'>idonei</span> <span class='ocrx_word' id='word_1_694' title='bbox 1412 4155 1580 4223; x_wconf 87' lang='lat' dir='ltr'>viderentur,</span> <span class='ocrx_word' id='word_1_695' title='bbox 1602 4167 1752 4225; x_wconf 75' lang='lat' dir='ltr'>congrega·</span> 
     </span>
     <span class='ocr_line' id='line_1_53' title="bbox 92 4222 1751 4300; baseline -0.001 -18"><span class='ocrx_word' id='word_1_696' title='bbox 92 4227 159 4283; x_wconf 87' lang='lat' dir='ltr'>suis</span> <span class='ocrx_word' id='word_1_697' title='bbox 182 4227 309 4300; x_wconf 83' lang='lat' dir='ltr'>cujusque</span> <span class='ocrx_word' id='word_1_698' title='bbox 327 4230 395 4286; x_wconf 84' lang='lat' dir='ltr'>locis</span> <span class='ocrx_word' id='word_1_699' title='bbox 415 4228 508 4285; x_wconf 83' lang='lat' dir='ltr'>videre</span> <span class='ocrx_word' id='word_1_700' title='bbox 533 4237 576 4285; x_wconf 89' lang='lat' dir='ltr'>est</span> <span class='ocrx_word' id='word_1_701' title='bbox 588 4229 688 4294; x_wconf 84' lang='lat' dir='ltr'>(Basil.</span> <span class='ocrx_word' id='word_1_702' title='bbox 705 4230 734 4281; x_wconf 87' lang='lat' dir='ltr'>in</span> <span class='ocrx_word' id='word_1_703' title='bbox 752 4229 819 4295; x_wconf 81' lang='lat' dir='ltr'>lleq.</span> <span class='ocrx_word' id='word_1_704' title='bbox 840 4228 897 4294; x_wconf 72' lang='lat' dir='ltr'>[aas.</span> <span class='ocrx_word' id='word_1_705' title='bbox 952 4226 1022 4282; x_wconf 91' lang='lat' dir='ltr'>tioni</span> <span class='ocrx_word' id='word_1_706' title='bbox 1043 4225 1159 4281; x_wconf 90' lang='lat' dir='ltr'>fratrum</span> <span class='ocrx_word' id='word_1_707' title='bbox 1175 4226 1353 4291; x_wconf 85' lang='lat' dir='ltr'>sociarentur,</span> <span class='ocrx_word' id='word_1_708' title='bbox 1370 4225 1398 4280; x_wconf 91' lang='lat' dir='ltr'>id</span> <span class='ocrx_word' id='word_1_709' title='bbox 1420 4233 1478 4290; x_wconf 85' lang='lat' dir='ltr'>est,</span> <span class='ocrx_word' id='word_1_710' title='bbox 1502 4225 1535 4280; x_wconf 90' lang='lat' dir='ltr'>ad</span> <span class='ocrx_word' id='word_1_711' title='bbox 1549 4222 1751 4297; x_wconf 80' lang='lat' dir='ltr'>professionem</span> 
     </span>
     <span class='ocr_line' id='line_1_54' title="bbox 92 4293 1752 4370; baseline -0.002 -16"><span class='ocrx_word' id='word_1_712' title='bbox 92 4315 119 4354; x_wconf 83' lang='lat' dir='ltr'>c.</span> <span class='ocrx_word' id='word_1_713' title='bbox 140 4304 195 4364; x_wconf 86' lang='lat' dir='ltr'>to,</span> <span class='ocrx_word' id='word_1_714' title='bbox 218 4301 314 4355; x_wconf 83' lang='lat' dir='ltr'>Bersed.</span> <span class='ocrx_word' id='word_1_715' title='bbox 330 4318 354 4355; x_wconf 88' lang='lat' dir='ltr'>c.</span> <span class='ocrx_word' id='word_1_716' title='bbox 368 4304 404 4356; x_wconf 86' lang='lat'>58</span> <span class='ocrx_word' id='word_1_717' title='bbox 419 4301 553 4370; x_wconf 79' lang='lat' dir='ltr'>llequloe).</span> <span class='ocrx_word' id='word_1_718' title='bbox 574 4297 627 4354; x_wconf 90' lang='lat' dir='ltr'>Sed</span> <span class='ocrx_word' id='word_1_719' title='bbox 643 4307 674 4355; x_wconf 91' lang='lat' dir='ltr'>ut</span> <span class='ocrx_word' id='word_1_720' title='bbox 690 4297 725 4355; x_wconf 94' lang='lat' dir='ltr'>ad</span> <span class='ocrx_word' id='word_1_721' title='bbox 748 4302 899 4354; x_wconf 81' lang='lat' dir='ltr'>Auctorem</span> <span class='ocrx_word' id='word_1_722' title='bbox 953 4298 1175 4363; x_wconf 86' lang='lat' dir='ltr'>admitterentur,</span> <span class='ocrx_word' id='word_1_723' title='bbox 1191 4293 1410 4367; x_wconf 78' lang='lat' dir='ltr'>professionem,</span> <span class='ocrx_word' id='word_1_724' title='bbox 1434 4298 1563 4369; x_wconf 84' lang='lat' dir='ltr'>inquam,</span> <span class='ocrx_word' id='word_1_725' title='bbox 1577 4295 1669 4368; x_wconf 90' lang='lat' dir='ltr'>quoad</span> <span class='ocrx_word' id='word_1_726' title='bbox 1685 4295 1752 4351; x_wconf 92' lang='lat' dir='ltr'>sub·</span> 
     </span>
     <span class='ocr_line' id='line_1_55' title="bbox 93 4365 1753 4443; baseline -0.001 -20"><span class='ocrx_word' id='word_1_727' title='bbox 93 4379 228 4427; x_wconf 81' lang='lat' dir='ltr'>nostrum</span> <span class='ocrx_word' id='word_1_728' title='bbox 242 4370 402 4440; x_wconf 84' lang='lat' dir='ltr'>redeamus;</span> <span class='ocrx_word' id='word_1_729' title='bbox 423 4371 488 4443; x_wconf 88' lang='lat' dir='ltr'>quia</span> <span class='ocrx_word' id='word_1_730' title='bbox 503 4370 628 4441; x_wconf 90' lang='lat' dir='ltr'>probatio</span> <span class='ocrx_word' id='word_1_731' title='bbox 649 4368 684 4427; x_wconf 88' lang='lat' dir='ltr'>ad</span> <span class='ocrx_word' id='word_1_732' title='bbox 700 4367 900 4442; x_wconf 79' lang='lat' dir='ltr'>professionem</span> <span class='ocrx_word' id='word_1_733' title='bbox 952 4368 1097 4434; x_wconf 89' lang='lat' dir='ltr'>stantiam,</span> <span class='ocrx_word' id='word_1_734' title='bbox 1112 4368 1239 4424; x_wconf 87' lang='lat' dir='ltr'>eamdem</span> <span class='ocrx_word' id='word_1_735' title='bbox 1257 4384 1321 4423; x_wconf 92' lang='lat' dir='ltr'>cum</span> <span class='ocrx_word' id='word_1_736' title='bbox 1342 4383 1373 4423; x_wconf 91' lang='lat' dir='ltr'>ea</span> <span class='ocrx_word' id='word_1_737' title='bbox 1388 4385 1472 4440; x_wconf 91' lang='lat' dir='ltr'>quam</span> <span class='ocrx_word' id='word_1_738' title='bbox 1496 4384 1570 4424; x_wconf 90' lang='lat' dir='ltr'>nunc</span> <span class='ocrx_word' id='word_1_739' title='bbox 1588 4367 1686 4423; x_wconf 87' lang='lat' dir='ltr'>novitii</span> <span class='ocrx_word' id='word_1_740' title='bbox 1712 4365 1726 4422; x_wconf 98' lang='lat' dir='ltr'>f</span> <span class='ocrx_word' id='word_1_741' title='bbox 1739 4397 1753 4409; x_wconf 94' lang='lat'>·</span> 
     </span>
     <span class='ocr_line' id='line_1_56' title="bbox 93 4438 1768 4512; baseline -0.003 -16"><span class='ocrx_word' id='word_1_742' title='bbox 93 4439 229 4509; x_wconf 86' lang='lat' dir='ltr'>refertur,</span> <span class='ocrx_word' id='word_1_743' title='bbox 241 4450 269 4497; x_wconf 91' lang='lat' dir='ltr'>et</span> <span class='ocrx_word' id='word_1_744' title='bbox 281 4442 356 4505; x_wconf 89' lang='lat' dir='ltr'>inea</span> <span class='ocrx_word' id='word_1_745' title='bbox 378 4443 546 4499; x_wconf 88' lang='lat' dir='ltr'>terminatur</span> <span class='ocrx_word' id='word_1_746' title='bbox 556 4449 584 4497; x_wconf 92' lang='lat' dir='ltr'>et</span> <span class='ocrx_word' id='word_1_747' title='bbox 603 4441 756 4512; x_wconf 82' lang='lat' dir='ltr'>completur</span> <span class='ocrx_word' id='word_1_748' title='bbox 770 4459 777 4495; x_wconf 73' lang='grc' dir='ltr'>ι</span> <span class='ocrx_word' id='word_1_749' title='bbox 796 4438 899 4497; x_wconf 90' lang='lat' dir='ltr'>idcirco</span> <span class='ocrx_word' id='word_1_750' title='bbox 953 4440 1046 4507; x_wconf 85' lang='lat' dir='ltr'>ciunt,</span> <span class='ocrx_word' id='word_1_751' title='bbox 1062 4454 1161 4510; x_wconf 89' lang='lat' dir='ltr'>nempe</span> <span class='ocrx_word' id='word_1_752' title='bbox 1173 4439 1258 4496; x_wconf 91' lang='lat' dir='ltr'>trium</span> <span class='ocrx_word' id='word_1_753' title='bbox 1269 4447 1412 4508; x_wconf 88' lang='lat' dir='ltr'>votorum,</span> <span class='ocrx_word' id='word_1_754' title='bbox 1425 4440 1607 4512; x_wconf 86' lang='lat' dir='ltr'>paupertatis,</span> <span class='ocrx_word' id='word_1_755' title='bbox 1617 4438 1751 4495; x_wconf 85' lang='lat' dir='ltr'>rastitatis</span> <span class='ocrx_word' id='word_1_756' title='bbox 1765 4480 1768 4490; x_wconf 95' lang='lat'><em>.</em></span> 
     </span>
     <span class='ocr_line' id='line_1_57' title="bbox 93 4502 1751 4586; baseline 0.001 -20"><span class='ocrx_word' id='word_1_757' title='bbox 93 4512 257 4584; x_wconf 83' lang='lat' dir='ltr'>promiscue</span> <span class='ocrx_word' id='word_1_758' title='bbox 274 4511 332 4571; x_wconf 86' lang='lat' dir='ltr'>fere</span> <span class='ocrx_word' id='word_1_759' title='bbox 346 4514 404 4586; x_wconf 78' lang='lat' dir='ltr'>agit</span> <span class='ocrx_word' id='word_1_760' title='bbox 417 4513 452 4568; x_wconf 68' lang='lat' dir='ltr'>in.</span> <span class='ocrx_word' id='word_1_761' title='bbox 462 4502 516 4569; x_wconf 84' lang='lat' dir='ltr'>iroc</span> <span class='ocrx_word' id='word_1_762' title='bbox 527 4511 597 4567; x_wconf 93' lang='lat' dir='ltr'>libro</span> <span class='ocrx_word' id='word_1_763' title='bbox 609 4520 666 4567; x_wconf 88' lang='lat' dir='ltr'>tam</span> <span class='ocrx_word' id='word_1_764' title='bbox 679 4510 713 4567; x_wconf 89' lang='lat' dir='ltr'>de</span> <span class='ocrx_word' id='word_1_765' title='bbox 727 4511 898 4582; x_wconf 88' lang='lat' dir='ltr'>probatione,</span> <span class='ocrx_word' id='word_1_766' title='bbox 953 4520 980 4567; x_wconf 92' lang='lat' dir='ltr'>et</span> <span class='ocrx_word' id='word_1_767' title='bbox 993 4510 1165 4568; x_wconf 79' lang='lat' dir='ltr'>obedientiae.</span> <span class='ocrx_word' id='word_1_768' title='bbox 1179 4513 1250 4572; x_wconf 86' lang='lat' dir='ltr'>llam</span> <span class='ocrx_word' id='word_1_769' title='bbox 1264 4511 1298 4566; x_wconf 89' lang='lat' dir='ltr'>de</span> <span class='ocrx_word' id='word_1_770' title='bbox 1308 4509 1478 4583; x_wconf 90' lang='lat' dir='ltr'>professione</span> <span class='ocrx_word' id='word_1_771' title='bbox 1485 4519 1514 4567; x_wconf 89' lang='lat' dir='ltr'>et</span> <span class='ocrx_word' id='word_1_772' title='bbox 1525 4511 1596 4567; x_wconf 85' lang='lat' dir='ltr'>votis</span> <span class='ocrx_word' id='word_1_773' title='bbox 1608 4510 1635 4566; x_wconf 94' lang='lat' dir='ltr'>in</span> <span class='ocrx_word' id='word_1_774' title='bbox 1651 4525 1751 4578; x_wconf 73' lang='lat' dir='ltr'>genere</span> 
     </span>
     <span class='ocr_line' id='line_1_58' title="bbox 92 4580 1748 4655; baseline -0.001 -17"><span class='ocrx_word' id='word_1_775' title='bbox 92 4598 159 4654; x_wconf 78' lang='lat' dir='ltr'>quae</span> <span class='ocrx_word' id='word_1_776' title='bbox 172 4583 359 4647; x_wconf 81' lang='lat' dir='ltr'>est-inchoata</span> <span class='ocrx_word' id='word_1_777' title='bbox 371 4583 555 4655; x_wconf 84' lang='lat' dir='ltr'>renuntiatio,</span> <span class='ocrx_word' id='word_1_778' title='bbox 570 4581 701 4655; x_wconf 90' lang='lat' dir='ltr'>quamde</span> <span class='ocrx_word' id='word_1_779' title='bbox 714 4580 898 4653; x_wconf 85' lang='lat' dir='ltr'>professione,</span> <span class='ocrx_word' id='word_1_780' title='bbox 952 4583 1082 4639; x_wconf 88' lang='lat' dir='ltr'>meminit</span> <span class='ocrx_word' id='word_1_781' title='bbox 1097 4583 1244 4639; x_wconf 87' lang='lat' dir='ltr'>Cassianus</span> <span class='ocrx_word' id='word_1_782' title='bbox 1258 4598 1318 4653; x_wconf 88' lang='lat' dir='ltr'>cap.</span> <span class='ocrx_word' id='word_1_783' title='bbox 1342 4589 1386 4648; x_wconf 80' lang='lat'>33,</span> <span class='ocrx_word' id='word_1_784' title='bbox 1406 4582 1453 4639; x_wconf 93' lang='lat' dir='ltr'>ubi</span> <span class='ocrx_word' id='word_1_785' title='bbox 1469 4582 1536 4639; x_wconf 89' lang='lat' dir='ltr'>dicit</span> <span class='ocrx_word' id='word_1_786' title='bbox 1557 4581 1642 4639; x_wconf 84' lang='lat' dir='ltr'>abbas</span> <span class='ocrx_word' id='word_1_787' title='bbox 1656 4586 1748 4652; x_wconf 82' lang='lat' dir='ltr'>Pynu-</span> 
     </span>
     <span class='ocr_line' id='line_1_59' title="bbox 95 4651 1750 4738; baseline -0.002 -30"><span class='ocrx_word' id='word_1_788' title='bbox 95 4654 127 4708; x_wconf 90' lang='lat' dir='ltr'>in</span> <span class='ocrx_word' id='word_1_789' title='bbox 141 4653 326 4738; x_wconf 72' lang='lat' dir='ltr'>quaproprie</span> <span class='ocrx_word' id='word_1_790' title='bbox 334 4665 362 4711; x_wconf 89' lang='lat' dir='ltr'>et</span> <span class='ocrx_word' id='word_1_791' title='bbox 372 4654 491 4737; x_wconf 85' lang='lat' dir='ltr'>perfecte</span> <span class='ocrx_word' id='word_1_792' title='bbox 499 4654 671 4717; x_wconf 81' lang='lat' dir='ltr'>renuntiatur</span> <span class='ocrx_word' id='word_1_793' title='bbox 686 4653 787 4710; x_wconf 84' lang='lat' dir='ltr'>saeculo</span> <span class='ocrx_word' id='word_1_794' title='bbox 804 4651 898 4708; x_wconf 90' lang='lat' dir='ltr'>:unde</span> <span class='ocrx_word' id='word_1_795' title='bbox 953 4654 1750 4727; x_wconf 68' lang='lat' dir='ltr'>plriuspernasqueomsimnsprnporeursiisquillcquloein·</span> 
     </span>
     <span class='ocr_line' id='line_1_60' title="bbox 93 4695 1775 4798; baseline -0.003 -19"><span class='ocrx_word' id='word_1_796' title='bbox 93 4733 212 4798; x_wconf 88' lang='lat' dir='ltr'>sumpta</span> <span class='ocrx_word' id='word_1_797' title='bbox 219 4724 308 4798; x_wconf 70' lang='lat' dir='ltr'>hujus</span> <span class='ocrx_word' id='word_1_798' title='bbox 319 4718 682 4797; x_wconf 75' lang='lat' dir='ltr'>libripeculiarisinscriptio</span> <span class='ocrx_word' id='word_1_799' title='bbox 697 4728 753 4783; x_wconf 80' lang='lat' dir='ltr'>:lie</span> <span class='ocrx_word' id='word_1_800' title='bbox 765 4726 898 4781; x_wconf 73' lang='lat' dir='ltr'>institut-is</span> <span class='ocrx_word' id='word_1_801' title='bbox 914 4695 939 4758; x_wconf 69' lang='lat' dir='ltr'>D</span> <span class='ocrx_word' id='word_1_802' title='bbox 953 4728 1119 4782; x_wconf 84' lang='lat' dir='ltr'>stitutionem</span> <span class='ocrx_word' id='word_1_803' title='bbox 1131 4726 1220 4796; x_wconf 82' lang='lat' dir='ltr'>tepide</span> <span class='ocrx_word' id='word_1_804' title='bbox 1236 4726 1454 4795; x_wconf 80' lang='lat' dir='ltr'>rraqls&#39;penterque</span> <span class='ocrx_word' id='word_1_805' title='bbox 1465 4727 1578 4792; x_wconf 65' lang='lat' dir='ltr'>suerint</span> <span class='ocrx_word' id='word_1_806' title='bbox 1590 4725 1716 4782; x_wconf 77' lang='lat' dir='ltr'>enseeuti,</span> <span class='ocrx_word' id='word_1_807' title='bbox 1729 4727 1755 4776; x_wconf 83' lang='lat' dir='ltr'>et</span> <span class='ocrx_word' id='word_1_808' title='bbox 1772 4752 1775 4761; x_wconf 77' lang='lat'>=</span> 
     </span>
     <span class='ocr_line' id='line_1_61' title="bbox 93 4792 1810 4868; baseline -0.005 -16"><span class='ocrx_word' id='word_1_809' title='bbox 93 4798 333 4860; x_wconf 85' lang='lat' dir='ltr'>Berruntiantium,</span> <span class='ocrx_word' id='word_1_810' title='bbox 351 4796 379 4854; x_wconf 92' lang='lat' dir='ltr'>id</span> <span class='ocrx_word' id='word_1_811' title='bbox 393 4802 453 4866; x_wconf 88' lang='lat' dir='ltr'>est,</span> <span class='ocrx_word' id='word_1_812' title='bbox 473 4794 660 4868; x_wconf 89' lang='lat' dir='ltr'>profitentium</span> <span class='ocrx_word' id='word_1_813' title='bbox 683 4795 921 4865; x_wconf 66' lang='lat' dir='ltr'>monachatum,⁴</span> <span class='ocrx_word' id='word_1_814' title='bbox 954 4797 1396 4865; x_wconf 72' lang='lat' dir='ltr'>semndumquodprofessisnnl,</span> <span class='ocrx_word' id='word_1_815' title='bbox 1416 4794 1541 4863; x_wconf 84' lang='lat' dir='ltr'>celquocl</span> <span class='ocrx_word' id='word_1_816' title='bbox 1555 4794 1589 4847; x_wconf 88' lang='lat' dir='ltr'>ob</span> <span class='ocrx_word' id='word_1_817' title='bbox 1604 4792 1754 4845; x_wconf 84' lang='lat' dir='ltr'>bominibus</span> <span class='ocrx_word' id='word_1_818' title='bbox 1800 4802 1810 4817; x_wconf 72' lang='lat'><strong>⁴</strong></span> 
     </span>
     <span class='ocr_line' id='line_1_62' title="bbox 92 4864 1752 4937; baseline -0.004 -15"><span class='ocrx_word' id='word_1_819' title='bbox 92 4868 252 4923; x_wconf 69' lang='lat' dir='ltr'>censitam</span> <span class='ocrx_word' id='word_1_820' title='bbox 267 4868 462 4935; x_wconf 87' lang='lat' dir='ltr'>monasticam,</span> <span class='ocrx_word' id='word_1_821' title='bbox 482 4876 514 4924; x_wconf 89' lang='lat' dir='ltr'>ut</span> <span class='ocrx_word' id='word_1_822' title='bbox 528 4866 632 4923; x_wconf 89' lang='lat' dir='ltr'>dictum</span> <span class='ocrx_word' id='word_1_823' title='bbox 650 4875 701 4923; x_wconf 83' lang='lat' dir='ltr'>est.</span> <span class='ocrx_word' id='word_1_824' title='bbox 713 4865 836 4931; x_wconf 77' lang='lat' dir='ltr'>Proinde</span> <span class='ocrx_word' id='word_1_825' title='bbox 852 4865 900 4937; x_wconf 86' lang='lat' dir='ltr'>ju·</span> <span class='ocrx_word' id='word_1_826' title='bbox 954 4868 1110 4929; x_wconf 81' lang='lat' dir='ltr'>ereduntur,</span> <span class='ocrx_word' id='word_1_827' title='bbox 1139 4868 1248 4933; x_wconf 69' lang='lat' dir='ltr'>{nutus</span> <span class='ocrx_word' id='word_1_828' title='bbox 1266 4869 1348 4920; x_wconf 82' lang='lat' dir='ltr'>etium</span> <span class='ocrx_word' id='word_1_829' title='bbox 1370 4879 1500 4933; x_wconf 82' lang='lat' dir='ltr'>conqruos</span> <span class='ocrx_word' id='word_1_830' title='bbox 1524 4864 1676 4916; x_wconf 78' lang='lat' dir='ltr'>soractitntis</span> <span class='ocrx_word' id='word_1_831' title='bbox 1699 4864 1752 4917; x_wconf 86' lang='lat' dir='ltr'>Deo</span> 
     </span>
     <span class='ocr_line' id='line_1_63' title="bbox 93 4932 1754 5010; baseline -0.002 -20"><span class='ocrx_word' id='word_1_832' title='bbox 93 4940 165 5009; x_wconf 81' lang='lat' dir='ltr'>serit</span> <span class='ocrx_word' id='word_1_833' title='bbox 177 4938 228 4994; x_wconf 84' lang='lat' dir='ltr'>bic</span> <span class='ocrx_word' id='word_1_834' title='bbox 239 4939 404 5003; x_wconf 84' lang='lat' dir='ltr'>summatim</span> <span class='ocrx_word' id='word_1_835' title='bbox 418 4947 633 5010; x_wconf 85' lang='lat' dir='ltr'>annotareqnae</span> <span class='ocrx_word' id='word_1_836' title='bbox 650 4936 754 4995; x_wconf 81' lang='lat' dir='ltr'>fuerint</span> <span class='ocrx_word' id='word_1_837' title='bbox 766 4936 841 5008; x_wconf 88' lang='lat' dir='ltr'>apud</span> <span class='ocrx_word' id='word_1_838' title='bbox 854 4951 899 4991; x_wconf 87' lang='lat' dir='ltr'>ve·</span> <span class='ocrx_word' id='word_1_839' title='bbox 955 4939 1078 4993; x_wconf 81' lang='lat' dir='ltr'>enln&#39;bere</span> <span class='ocrx_word' id='word_1_840' title='bbox 1096 4938 1271 5005; x_wconf 82' lang='lat' dir='ltr'>rrcqleaen&#39;nt.</span> <span class='ocrx_word' id='word_1_841' title='bbox 1284 4937 1379 4994; x_wconf 77' lang='lat' dir='ltr'>Melius</span> <span class='ocrx_word' id='word_1_842' title='bbox 1398 4940 1436 4990; x_wconf 83' lang='lat' dir='ltr'>est</span> <span class='ocrx_word' id='word_1_843' title='bbox 1453 4936 1533 4996; x_wconf 83' lang='lat' dir='ltr'>enim,</span> <span class='ocrx_word' id='word_1_844' title='bbox 1550 4932 1754 5003; x_wconf 86' lang='lat' dir='ltr'>inquit,secun-</span> 
     </span>
     <span class='ocr_line' id='line_1_64' title="bbox 92 5006 1753 5077; baseline -0.002 -14"><span class='ocrx_word' id='word_1_845' title='bbox 92 5017 167 5064; x_wconf 84' lang='lat' dir='ltr'>teres</span> <span class='ocrx_word' id='word_1_846' title='bbox 184 5007 249 5066; x_wconf 85' lang='lat' dir='ltr'>illos</span> <span class='ocrx_word' id='word_1_847' title='bbox 264 5010 418 5066; x_wconf 88' lang='lat' dir='ltr'>monachos</span> <span class='ocrx_word' id='word_1_848' title='bbox 444 5008 569 5065; x_wconf 89' lang='lat' dir='ltr'>instituta</span> <span class='ocrx_word' id='word_1_849' title='bbox 586 5006 829 5076; x_wconf 87' lang='lat' dir='ltr'>Renuntiantium,</span> <span class='ocrx_word' id='word_1_850' title='bbox 845 5006 902 5062; x_wconf 88' lang='lat' dir='ltr'>slve</span> <span class='ocrx_word' id='word_1_851' title='bbox 955 5010 1020 5075; x_wconf 72' lang='lat' dir='ltr'>deum</span> <span class='ocrx_word' id='word_1_852' title='bbox 1039 5009 1226 5077; x_wconf 84' lang='lat' dir='ltr'>scripturam,</span> <span class='ocrx_word' id='word_1_853' title='bbox 1249 5021 1302 5060; x_wconf 88' lang='lat' dir='ltr'>non</span> <span class='ocrx_word' id='word_1_854' title='bbox 1317 5022 1418 5068; x_wconf 82' lang='lat' dir='ltr'>uouere,</span> <span class='ocrx_word' id='word_1_855' title='bbox 1436 5020 1519 5074; x_wconf 83' lang='lat' dir='ltr'>quam</span> <span class='ocrx_word' id='word_1_856' title='bbox 1532 5020 1637 5068; x_wconf 86' lang='lat' dir='ltr'>novere,</span> <span class='ocrx_word' id='word_1_857' title='bbox 1656 5010 1681 5061; x_wconf 88' lang='lat' dir='ltr'>et</span> <span class='ocrx_word' id='word_1_858' title='bbox 1699 5021 1753 5060; x_wconf 89' lang='lat' dir='ltr'>non</span> 
     </span>
     <span class='ocr_line' id='line_1_65' title="bbox 93 5070 1760 5152; baseline -0.001 -17"><span class='ocrx_word' id='word_1_859' title='bbox 93 5080 142 5151; x_wconf 91' lang='lat' dir='ltr'>qui</span> <span class='ocrx_word' id='word_1_860' title='bbox 152 5081 239 5147; x_wconf 87' lang='lat' dir='ltr'>ritus,</span> <span class='ocrx_word' id='word_1_861' title='bbox 253 5094 317 5150; x_wconf 79' lang='lat' dir='ltr'>quae</span> <span class='ocrx_word' id='word_1_862' title='bbox 329 5081 410 5147; x_wconf 89' lang='lat' dir='ltr'>ratio,</span> <span class='ocrx_word' id='word_1_863' title='bbox 420 5089 448 5152; x_wconf 83' lang='lat' dir='ltr'>et</span> <span class='ocrx_word' id='word_1_864' title='bbox 459 5078 558 5136; x_wconf 85' lang='lat' dir='ltr'>modus</span> <span class='ocrx_word' id='word_1_865' title='bbox 571 5087 629 5135; x_wconf 89' lang='lat' dir='ltr'>tam</span> <span class='ocrx_word' id='word_1_866' title='bbox 645 5070 902 5151; x_wconf 85' lang='lat' dir='ltr'>probationisquaru</span> <span class='ocrx_word' id='word_1_867' title='bbox 956 5080 1077 5134; x_wconf 74' lang='lat' dir='ltr'>reddere.</span> <span class='ocrx_word' id='word_1_868' title='bbox 1092 5079 1199 5147; x_wconf 82' lang='lat' dir='ltr'>Bt-cnp.</span> <span class='ocrx_word' id='word_1_869' title='bbox 1215 5075 1341 5147; x_wconf 90' lang='lat' dir='ltr'>sequenti</span> <span class='ocrx_word' id='word_1_870' title='bbox 1353 5076 1431 5144; x_wconf 89' lang='lat' dir='ltr'>dicit,</span> <span class='ocrx_word' id='word_1_871' title='bbox 1444 5075 1616 5134; x_wconf 86' lang='lat' dir='ltr'>monachum</span> <span class='ocrx_word' id='word_1_872' title='bbox 1629 5076 1760 5133; x_wconf 89' lang='lat' dir='ltr'>similem-</span> 
     </span>
     <span class='ocr_line' id='line_1_66' title="bbox 95 5147 1752 5223; baseline -0.002 -16"><span class='ocrx_word' id='word_1_873' title='bbox 95 5151 292 5221; x_wconf 74' lang='lat' dir='ltr'>professionis,</span> <span class='ocrx_word' id='word_1_874' title='bbox 300 5150 604 5221; x_wconf 67' lang='lat' dir='ltr'>relnrusenmieus</span> <span class='ocrx_word' id='word_1_875' title='bbox 612 5150 743 5223; x_wconf 89' lang='lat' dir='ltr'>loquitur,</span> <span class='ocrx_word' id='word_1_876' title='bbox 754 5165 816 5222; x_wconf 84' lang='lat' dir='ltr'>quae</span> <span class='ocrx_word' id='word_1_877' title='bbox 823 5150 902 5204; x_wconf 84' lang='lat' dir='ltr'>disci·</span> <span class='ocrx_word' id='word_1_878' title='bbox 919 5190 922 5199; x_wconf 91' lang='lat'><em>.</em></span> <span class='ocrx_word' id='word_1_879' title='bbox 956 5165 1015 5206; x_wconf 90' lang='lat' dir='ltr'>esse</span> <span class='ocrx_word' id='word_1_880' title='bbox 1028 5148 1126 5204; x_wconf 85' lang='lat' dir='ltr'>debere</span> <span class='ocrx_word' id='word_1_881' title='bbox 1144 5147 1288 5213; x_wconf 79' lang='lat' dir='ltr'>crucifixo,</span> <span class='ocrx_word' id='word_1_882' title='bbox 1306 5147 1425 5218; x_wconf 91' lang='lat' dir='ltr'>quinon</span> <span class='ocrx_word' id='word_1_883' title='bbox 1439 5147 1531 5203; x_wconf 90' lang='lat' dir='ltr'>solum</span> <span class='ocrx_word' id='word_1_884' title='bbox 1553 5163 1610 5203; x_wconf 92' lang='lat' dir='ltr'>non</span> <span class='ocrx_word' id='word_1_885' title='bbox 1627 5148 1752 5205; x_wconf 89' lang='lat' dir='ltr'>ambulat</span> 
     </span>
     <span class='ocr_line' id='line_1_67' title="bbox 93 5217 1753 5295; baseline -0.001 -19"><span class='ocrx_word' id='word_1_886' title='bbox 93 5224 175 5292; x_wconf 70' lang='lat' dir='ltr'>pilum</span> <span class='ocrx_word' id='word_1_887' title='bbox 185 5222 557 5295; x_wconf 62' lang='lat' dir='ltr'>mucipbudornmsratrum.</span> <span class='ocrx_word' id='word_1_888' title='bbox 568 5222 693 5279; x_wconf 86' lang='lat' dir='ltr'>Primum</span> <span class='ocrx_word' id='word_1_889' title='bbox 704 5222 785 5293; x_wconf 79' lang='lat' dir='ltr'>igitur</span> <span class='ocrx_word' id='word_1_890' title='bbox 796 5220 902 5276; x_wconf 89' lang='lat' dir='ltr'>institu-</span> <span class='ocrx_word' id='word_1_891' title='bbox 957 5236 1013 5292; x_wconf 92' lang='lat' dir='ltr'>quo</span> <span class='ocrx_word' id='word_1_892' title='bbox 1031 5219 1100 5287; x_wconf 80' lang='lat' dir='ltr'>uult,</span> <span class='ocrx_word' id='word_1_893' title='bbox 1115 5235 1168 5275; x_wconf 87' lang='lat' dir='ltr'>nee</span> <span class='ocrx_word' id='word_1_894' title='bbox 1179 5217 1244 5274; x_wconf 87' lang='lat' dir='ltr'>facit</span> <span class='ocrx_word' id='word_1_895' title='bbox 1261 5218 1334 5289; x_wconf 91' lang='lat' dir='ltr'>quod</span> <span class='ocrx_word' id='word_1_896' title='bbox 1350 5219 1479 5285; x_wconf 69' lang='lat' dir='ltr'>volume</span> <span class='ocrx_word' id='word_1_897' title='bbox 1491 5234 1541 5275; x_wconf 90' lang='lat' dir='ltr'>nee</span> <span class='ocrx_word' id='word_1_898' title='bbox 1553 5227 1642 5291; x_wconf 81' lang='lat' dir='ltr'>potest</span> <span class='ocrx_word' id='word_1_899' title='bbox 1654 5220 1753 5275; x_wconf 89' lang='lat' dir='ltr'>ambu-</span> 
     </span>
     <span class='ocr_line' id='line_1_68' title="bbox 96 5289 1756 5362; baseline 0 -16"><span class='ocrx_word' id='word_1_900' title='bbox 96 5301 159 5350; x_wconf 90' lang='lat' dir='ltr'>tum</span> <span class='ocrx_word' id='word_1_901' title='bbox 171 5292 242 5362; x_wconf 86' lang='lat' dir='ltr'>fuit,</span> <span class='ocrx_word' id='word_1_902' title='bbox 254 5303 289 5349; x_wconf 88' lang='lat' dir='ltr'>ut.</span> <span class='ocrx_word' id='word_1_903' title='bbox 298 5294 416 5351; x_wconf 82' lang='lat' dir='ltr'>venienti</span> <span class='ocrx_word' id='word_1_904' title='bbox 427 5293 462 5349; x_wconf 89' lang='lat' dir='ltr'>ad</span> <span class='ocrx_word' id='word_1_905' title='bbox 474 5293 671 5357; x_wconf 88' lang='lat' dir='ltr'>monasterium</span> <span class='ocrx_word' id='word_1_906' title='bbox 685 5300 715 5349; x_wconf 91' lang='lat' dir='ltr'>ut</span> <span class='ocrx_word' id='word_1_907' title='bbox 727 5293 892 5362; x_wconf 82' lang='lat' dir='ltr'>reciperetur</span> <span class='ocrx_word' id='word_1_908' title='bbox 958 5292 1025 5361; x_wconf 91' lang='lat' dir='ltr'>lare,</span> <span class='ocrx_word' id='word_1_909' title='bbox 1035 5306 1086 5346; x_wconf 89' lang='lat' dir='ltr'>nec</span> <span class='ocrx_word' id='word_1_910' title='bbox 1098 5290 1202 5361; x_wconf 90' lang='lat' dir='ltr'>aliquid</span> <span class='ocrx_word' id='word_1_911' title='bbox 1217 5289 1317 5358; x_wconf 86' lang='lat' dir='ltr'>facere,</span> <span class='ocrx_word' id='word_1_912' title='bbox 1329 5290 1380 5346; x_wconf 92' lang='lat' dir='ltr'>nisi</span> <span class='ocrx_word' id='word_1_913' title='bbox 1395 5291 1428 5347; x_wconf 86' lang='lat' dir='ltr'>ab</span> <span class='ocrx_word' id='word_1_914' title='bbox 1442 5291 1497 5346; x_wconf 88' lang='lat' dir='ltr'>alio</span> <span class='ocrx_word' id='word_1_915' title='bbox 1511 5299 1666 5346; x_wconf 85' lang='lat' dir='ltr'>moueatur.</span> <span class='ocrx_word' id='word_1_916' title='bbox 1683 5293 1756 5346; x_wconf 86' lang='lat' dir='ltr'>Bur·</span> 
     </span>
     <span class='ocr_line' id='line_1_69' title="bbox 97 5361 1756 5438; baseline 0.001 -20"><span class='ocrx_word' id='word_1_917' title='bbox 97 5379 157 5420; x_wconf 92' lang='lat' dir='ltr'>non</span> <span class='ocrx_word' id='word_1_918' title='bbox 166 5365 265 5422; x_wconf 77' lang='lat' dir='ltr'>staum</span> <span class='ocrx_word' id='word_1_919' title='bbox 277 5362 608 5438; x_wconf 73' lang='lat' dir='ltr'>praebereturingrcseus3</span> <span class='ocrx_word' id='word_1_920' title='bbox 619 5363 667 5420; x_wconf 91' lang='lat' dir='ltr'>sed</span> <span class='ocrx_word' id='word_1_921' title='bbox 678 5379 727 5435; x_wconf 94' lang='lat' dir='ltr'>pro</span> <span class='ocrx_word' id='word_1_922' title='bbox 736 5363 853 5431; x_wconf 89' lang='lat' dir='ltr'>foribus,</span> <span class='ocrx_word' id='word_1_923' title='bbox 862 5377 893 5423; x_wconf 76' lang='lat' dir='ltr'>vt</span> <span class='ocrx_word' id='word_1_924' title='bbox 957 5379 1003 5418; x_wconf 92' lang='lat' dir='ltr'>sus</span> <span class='ocrx_word' id='word_1_925' title='bbox 1015 5379 1073 5433; x_wconf 83' lang='lat' dir='ltr'>cap.</span> <span class='ocrx_word' id='word_1_926' title='bbox 1086 5366 1120 5420; x_wconf 77' lang='lat'>38</span> <span class='ocrx_word' id='word_1_927' title='bbox 1130 5362 1208 5428; x_wconf 87' lang='lat' dir='ltr'>dicit,</span> <span class='ocrx_word' id='word_1_928' title='bbox 1219 5361 1386 5418; x_wconf 89' lang='lat' dir='ltr'>monachum</span> <span class='ocrx_word' id='word_1_929' title='bbox 1398 5361 1592 5433; x_wconf 89' lang='lat' dir='ltr'>perfectionem</span> <span class='ocrx_word' id='word_1_930' title='bbox 1605 5361 1756 5431; x_wconf 89' lang='lat' dir='ltr'>professum</span> 
     </span>
     <span class='ocr_line' id='line_1_70' title="bbox 97 5431 1758 5508; baseline 0 -20"><span class='ocrx_word' id='word_1_931' title='bbox 97 5433 134 5489; x_wconf 86' lang='lat' dir='ltr'>ad</span> <span class='ocrx_word' id='word_1_932' title='bbox 152 5436 300 5493; x_wconf 91' lang='lat' dir='ltr'>introitum</span> <span class='ocrx_word' id='word_1_933' title='bbox 320 5436 479 5503; x_wconf 87' lang='lat' dir='ltr'>monasterii</span> <span class='ocrx_word' id='word_1_934' title='bbox 502 5435 537 5493; x_wconf 90' lang='lat' dir='ltr'>ad</span> <span class='ocrx_word' id='word_1_935' title='bbox 555 5437 661 5508; x_wconf 85' lang='lat' dir='ltr'>aliquot</span> <span class='ocrx_word' id='word_1_936' title='bbox 676 5435 734 5491; x_wconf 84' lang='lat' dir='ltr'>dies</span> <span class='ocrx_word' id='word_1_937' title='bbox 749 5435 901 5507; x_wconf 74' lang='lat' dir='ltr'>iuberetur,</span> <span class='ocrx_word' id='word_1_938' title='bbox 959 5450 1016 5489; x_wconf 91' lang='lat' dir='ltr'>non</span> <span class='ocrx_word' id='word_1_939' title='bbox 1026 5434 1083 5491; x_wconf 84' lang='lat' dir='ltr'>lere</span> <span class='ocrx_word' id='word_1_940' title='bbox 1092 5443 1235 5503; x_wconf 88' lang='lat' dir='ltr'>peccatum</span> <span class='ocrx_word' id='word_1_941' title='bbox 1247 5431 1403 5499; x_wconf 88' lang='lat' dir='ltr'>admittere,</span> <span class='ocrx_word' id='word_1_942' title='bbox 1417 5441 1444 5488; x_wconf 90' lang='lat' dir='ltr'>et</span> <span class='ocrx_word' id='word_1_943' title='bbox 1453 5449 1567 5504; x_wconf 80' lang='lat' dir='ltr'>ea,queu</span> <span class='ocrx_word' id='word_1_944' title='bbox 1578 5442 1647 5488; x_wconf 90' lang='lat' dir='ltr'>sunt</span> <span class='ocrx_word' id='word_1_945' title='bbox 1658 5433 1758 5502; x_wconf 88' lang='lat' dir='ltr'>imper·</span> 
     </span>
     <span class='ocr_line' id='line_1_71' title="bbox 99 5502 1775 5589; baseline 0 -30"><span class='ocrx_word' id='word_1_946' title='bbox 99 5515 149 5560; x_wconf 87' lang='lat' dir='ltr'>aut</span> <span class='ocrx_word' id='word_1_947' title='bbox 162 5506 298 5577; x_wconf 84' lang='lat' dir='ltr'>sineretur</span> <span class='ocrx_word' id='word_1_948' title='bbox 308 5508 456 5572; x_wconf 83' lang='lat' dir='ltr'>excubare,</span> <span class='ocrx_word' id='word_1_949' title='bbox 470 5507 505 5580; x_wconf 90' lang='lat' dir='ltr'>ad</span> <span class='ocrx_word' id='word_1_950' title='bbox 520 5505 689 5589; x_wconf 87' lang='lat' dir='ltr'>probandam</span> <span class='ocrx_word' id='word_1_951' title='bbox 706 5505 767 5586; x_wconf 77' lang='lat' dir='ltr'>ejus</span> <span class='ocrx_word' id='word_1_952' title='bbox 779 5502 904 5562; x_wconf 83' lang='lat' dir='ltr'>rolubta·</span> <span class='ocrx_word' id='word_1_953' title='bbox 958 5502 1040 5569; x_wconf 83' lang='lat' dir='ltr'>feeta,</span> <span class='ocrx_word' id='word_1_954' title='bbox 1054 5512 1182 5561; x_wconf 83' lang='lat' dir='ltr'>sectetur.</span> <span class='ocrx_word' id='word_1_955' title='bbox 1199 5506 1241 5559; x_wconf 86' lang='lat' dir='ltr'>De</span> <span class='ocrx_word' id='word_1_956' title='bbox 1253 5504 1322 5563; x_wconf 86' lang='lat' dir='ltr'>votis</span> <span class='ocrx_word' id='word_1_957' title='bbox 1337 5502 1432 5561; x_wconf 88' lang='lat' dir='ltr'>itidem</span> <span class='ocrx_word' id='word_1_958' title='bbox 1447 5504 1577 5576; x_wconf 82' lang='lat' dir='ltr'>singulis,</span> <span class='ocrx_word' id='word_1_959' title='bbox 1593 5512 1620 5558; x_wconf 83' lang='lat' dir='ltr'>et</span> <span class='ocrx_word' id='word_1_960' title='bbox 1635 5504 1663 5558; x_wconf 92' lang='lat' dir='ltr'>in</span> <span class='ocrx_word' id='word_1_961' title='bbox 1676 5504 1775 5574; x_wconf 75' lang='lat' dir='ltr'>parti-¹</span> 
     </span>
     <span class='ocr_line' id='line_1_72' title="bbox 99 5574 1770 5648; baseline -0.002 -17"><span class='ocrx_word' id='word_1_962' title='bbox 99 5576 591 5647; x_wconf 79' lang='lat' dir='ltr'>teru‚lrumilttatem,constaunam,</span> <span class='ocrx_word' id='word_1_963' title='bbox 606 5577 904 5648; x_wconf 48' lang='lat' dir='ltr'>‚etcttmnsreicome</span> <span class='ocrx_word' id='word_1_964' title='bbox 959 5576 1062 5642; x_wconf 87' lang='lat' dir='ltr'>culari,</span> <span class='ocrx_word' id='word_1_965' title='bbox 1089 5576 1126 5631; x_wconf 91' lang='lat' dir='ltr'>ita</span> <span class='ocrx_word' id='word_1_966' title='bbox 1146 5576 1248 5633; x_wconf 85' lang='lat' dir='ltr'>diserte</span> <span class='ocrx_word' id='word_1_967' title='bbox 1267 5582 1295 5629; x_wconf 92' lang='lat' dir='ltr'>et</span> <span class='ocrx_word' id='word_1_968' title='bbox 1322 5589 1448 5645; x_wconf 82' lang='lat' dir='ltr'>expresse</span> <span class='ocrx_word' id='word_1_969' title='bbox 1472 5575 1603 5646; x_wconf 87' lang='lat' dir='ltr'>loquitur,</span> <span class='ocrx_word' id='word_1_970' title='bbox 1626 5583 1656 5631; x_wconf 92' lang='lat' dir='ltr'>ut</span> <span class='ocrx_word' id='word_1_971' title='bbox 1678 5574 1770 5645; x_wconf 80' lang='lat' dir='ltr'>plane</span> 
     </span>
     <span class='ocr_line' id='line_1_73' title="bbox 99 5644 1903 5728; baseline -0.002 -27"><span class='ocrx_word' id='word_1_972' title='bbox 99 5647 186 5718; x_wconf 82' lang='lat' dir='ltr'>plura</span> <span class='ocrx_word' id='word_1_973' title='bbox 206 5647 509 5723; x_wconf 76' lang='lat' dir='ltr'>exemplasuppeditat</span> <span class='ocrx_word' id='word_1_974' title='bbox 530 5647 667 5714; x_wconf 78' lang='lat' dir='ltr'>Palladius¹</span> <span class='ocrx_word' id='word_1_975' title='bbox 684 5649 713 5703; x_wconf 88' lang='lat' dir='ltr'>in</span> <span class='ocrx_word' id='word_1_976' title='bbox 736 5647 875 5704; x_wconf 76' lang='lat' dir='ltr'>lausiacis</span> <span class='ocrx_word' id='word_1_977' title='bbox 895 5666 910 5702; x_wconf 83' lang='lat'>:-</span> <span class='ocrx_word' id='word_1_978' title='bbox 959 5647 1097 5728; x_wconf 71' lang='lat' dir='ltr'>significet</span> <span class='ocrx_word' id='word_1_979' title='bbox 1118 5655 1260 5719; x_wconf 93' lang='lat' dir='ltr'>quotquot</span> <span class='ocrx_word' id='word_1_980' title='bbox 1281 5647 1482 5707; x_wconf 86' lang='lat' dir='ltr'>monachatum</span> <span class='ocrx_word' id='word_1_981' title='bbox 1507 5644 1759 5721; x_wconf 85' lang='lat' dir='ltr'>amplectebantur,</span> <span class='ocrx_word' id='word_1_982' title='bbox 1898 5666 1903 5673; x_wconf 95' lang='lat'>·</span> 
     </span>
     <span class='ocr_line' id='line_1_74' title="bbox 98 5714 1923 5789; baseline -0.004 -16"><span class='ocrx_word' id='word_1_983' title='bbox 98 5714 251 5783; x_wconf 84' lang='lat' dir='ltr'>sedunum</span> <span class='ocrx_word' id='word_1_984' title='bbox 263 5721 387 5777; x_wconf 79' lang='lat' dir='ltr'>nranime</span> <span class='ocrx_word' id='word_1_985' title='bbox 397 5718 575 5777; x_wconf 89' lang='lat' dir='ltr'>memorabile</span> <span class='ocrx_word' id='word_1_986' title='bbox 589 5719 666 5777; x_wconf 87' lang='lat' dir='ltr'>Pauli</span> <span class='ocrx_word' id='word_1_987' title='bbox 676 5717 819 5789; x_wconf 89' lang='lat' dir='ltr'>simplicis,</span> <span class='ocrx_word' id='word_1_988' title='bbox 830 5715 906 5789; x_wconf 90' lang='lat' dir='ltr'>quod</span> <span class='ocrx_word' id='word_1_989' title='bbox 960 5718 1054 5785; x_wconf 80' lang='lat' dir='ltr'>tribus</span> <span class='ocrx_word' id='word_1_990' title='bbox 1067 5717 1121 5775; x_wconf 89' lang='lat' dir='ltr'>illis</span> <span class='ocrx_word' id='word_1_991' title='bbox 1138 5719 1208 5775; x_wconf 86' lang='lat' dir='ltr'>rotis</span> <span class='ocrx_word' id='word_1_992' title='bbox 1222 5717 1246 5773; x_wconf 92' lang='lat' dir='ltr'>si</span> <span class='ocrx_word' id='word_1_993' title='bbox 1268 5718 1489 5789; x_wconf 73' lang='lat' dir='ltr'>nou-caplicite,</span> <span class='ocrx_word' id='word_1_994' title='bbox 1514 5716 1612 5771; x_wconf 85' lang='lat' dir='ltr'>saltem</span> <span class='ocrx_word' id='word_1_995' title='bbox 1631 5716 1713 5769; x_wconf 81' lang='lat' dir='ltr'>tacite</span> <span class='ocrx_word' id='word_1_996' title='bbox 1730 5720 1758 5765; x_wconf 86' lang='lat' dir='ltr'>et</span> <span class='ocrx_word' id='word_1_997' title='bbox 1779 5722 1851 5784; x_wconf 37' lang='grc' dir='ltr'>,Α</span> <span class='ocrx_word' id='word_1_998' title='bbox 1919 5768 1923 5776; x_wconf 70' lang='grc'>,</span> 
     </span>
     <span class='ocr_line' id='line_1_75' title="bbox 97 5787 1740 5861; baseline -0.005 -17"><span class='ocrx_word' id='word_1_999' title='bbox 97 5788 200 5848; x_wconf 85' lang='lat' dir='ltr'>lectori</span> <span class='ocrx_word' id='word_1_1000' title='bbox 215 5788 412 5861; x_wconf 67' lang='lat' dir='ltr'>videndumst</span> <span class='ocrx_word' id='word_1_1001' title='bbox 438 5790 633 5859; x_wconf 79' lang='lat' dir='ltr'>admirandum</span> <span class='ocrx_word' id='word_1_1002' title='bbox 657 5789 795 5861; x_wconf 86' lang='lat' dir='ltr'>relinquo.</span> <span class='ocrx_word' id='word_1_1003' title='bbox 820 5788 911 5860; x_wconf 85' lang='lat' dir='ltr'>cnjus.</span> <span class='ocrx_word' id='word_1_1004' title='bbox 961 5789 1165 5860; x_wconf 87' lang='lat' dir='ltr'>interpretatire</span> <span class='ocrx_word' id='word_1_1005' title='bbox 1183 5789 1333 5861; x_wconf 85' lang='lat' dir='ltr'>susceptis,</span> <span class='ocrx_word' id='word_1_1006' title='bbox 1348 5787 1578 5848; x_wconf 82' lang='lat' dir='ltr'>ert-institutione</span> <span class='ocrx_word' id='word_1_1007' title='bbox 1595 5793 1740 5841; x_wconf 88' lang='lat' dir='ltr'>sauctorun</span> 
     </span>
    </p>
   </div>
   <div class='ocr_carea' id='block_1_6' title="bbox 0 0 1930 6148">
    <p class='ocr_par' dir='ltr' id='par_1_10' title="bbox 0 0 1930 6148">
     <span class='ocr_line' id='line_1_76' title="bbox 0 0 1930 6148; baseline 0 0"><span class='ocrx_word' id='word_1_1008' title='bbox 0 0 1930 6148; x_wconf 95' lang='lat' dir='ltr'> </span> 
     </span>
    </p>
   </div>
  </div>
 </body>
</html>
