<?xml version="1.0" encoding="UTF-8"?>
<!DOCTYPE html PUBLIC "-//W3C//DTD XHTML 1.0 Transitional//EN"
    "http://www.w3.org/TR/xhtml1/DTD/xhtml1-transitional.dtd">
<html xmlns="http://www.w3.org/1999/xhtml" xml:lang="en" lang="en">
 <head>
  <title>
</title>
<meta http-equiv="Content-Type" content="text/html;charset=utf-8" />
  <meta name='ocr-system' content='tesseract 3.04.00' />
  <meta name='ocr-capabilities' content='ocr_page ocr_carea ocr_par ocr_line ocrx_word'/>
</head>
<body>
  <div class='ocr_page' id='page_1' title='image "./patrologiaecurs29unkngoog_0061.png"; bbox 0 0 3848 6158; ppageno 0'>
   <div class='ocr_carea' id='block_1_1' title="bbox 169 225 1830 291">
    <p class='ocr_par' dir='ltr' id='par_1_1' title="bbox 169 225 1830 291">
     <span class='ocr_line' id='line_1_1' title="bbox 169 225 1830 291; baseline -0.002 -1"><span class='ocrx_word' id='word_1_1' title='bbox 169 237 220 291; x_wconf 75' lang='lat' dir='ltr'>tut</span> <span class='ocrx_word' id='word_1_2' title='bbox 844 227 986 286; x_wconf 74' lang='lat' dir='ltr'>loannis</span> <span class='ocrx_word' id='word_1_3' title='bbox 1003 225 1154 282; x_wconf 77' lang='lat' dir='ltr'>CdSSlel</span> <span class='ocrx_word' id='word_1_4' title='bbox 1775 233 1830 287; x_wconf 82' lang='lat' dir='ltr'>l08</span> 
     </span>
    </p>
   </div>
   <div class='ocr_carea' id='block_1_2' title="bbox 167 349 1831 805">
    <p class='ocr_par' dir='ltr' id='par_1_2' title="bbox 167 349 1831 805">
     <span class='ocr_line' id='line_1_2' title="bbox 168 349 1828 428; baseline -0.001 -15"><span class='ocrx_word' id='word_1_5' title='bbox 168 365 223 426; x_wconf 91' lang='lat' dir='ltr'>tur,</span> <span class='ocrx_word' id='word_1_6' title='bbox 245 352 535 428; x_wconf 78' lang='lat' dir='ltr'>secundumdpostoli</span> <span class='ocrx_word' id='word_1_7' title='bbox 558 354 721 411; x_wconf 86' lang='lat' dir='ltr'>sententiam</span> <span class='ocrx_word' id='word_1_8' title='bbox 737 352 806 409; x_wconf 90' lang='lat' dir='ltr'>tradi</span> <span class='ocrx_word' id='word_1_9' title='bbox 832 354 940 409; x_wconf 82' lang='lat' dir='ltr'>Satanae</span> <span class='ocrx_word' id='word_1_10' title='bbox 960 351 1099 424; x_wconf 70' lang='lat' dir='ltr'>:Apejus</span> <span class='ocrx_word' id='word_1_11' title='bbox 1124 350 1251 407; x_wconf 73' lang='lat' dir='ltr'>enutriat.</span> <span class='ocrx_word' id='word_1_12' title='bbox 1266 349 1456 407; x_wconf 86' lang='lat' dir='ltr'>Perniciosum</span> <span class='ocrx_word' id='word_1_13' title='bbox 1478 364 1596 422; x_wconf 90' lang='lat' dir='ltr'>namque</span> <span class='ocrx_word' id='word_1_14' title='bbox 1615 351 1754 410; x_wconf 78' lang='lat' dir='ltr'>solatium</span> <span class='ocrx_word' id='word_1_15' title='bbox 1779 355 1828 412; x_wconf 92' lang='lat' dir='ltr'>tri-</span> 
     </span>
     <span class='ocr_line' id='line_1_3' title="bbox 167 442 1831 523; baseline -0.002 -16"><span class='ocrx_word' id='word_1_16' title='bbox 167 454 181 483; x_wconf 80' lang='lat'><strong>·</strong></span> <span class='ocrx_word' id='word_1_17' title='bbox 195 448 257 507; x_wconf 90' lang='lat' dir='ltr'>etsi</span> <span class='ocrx_word' id='word_1_18' title='bbox 280 450 341 523; x_wconf 89' lang='lat' dir='ltr'>quis</span> <span class='ocrx_word' id='word_1_19' title='bbox 356 448 470 506; x_wconf 89' lang='lat' dir='ltr'>orationi</span> <span class='ocrx_word' id='word_1_20' title='bbox 489 449 565 522; x_wconf 85' lang='lat' dir='ltr'>ejas,</span> <span class='ocrx_word' id='word_1_21' title='bbox 579 455 726 520; x_wconf 86' lang='lat' dir='ltr'>antequam</span> <span class='ocrx_word' id='word_1_22' title='bbox 740 446 884 520; x_wconf 84' lang='lat' dir='ltr'><strong>recipiatur</strong></span> <span class='ocrx_word' id='word_1_23' title='bbox 901 463 917 504; x_wconf 90' lang='lat' dir='ltr'>a</span> <span class='ocrx_word' id='word_1_24' title='bbox 931 462 971 504; x_wconf 87' lang='lat' dir='ltr'>se·</span> <span class='ocrx_word' id='word_1_25' title='bbox 1025 445 1122 511; x_wconf 86' lang='lat' dir='ltr'>bueus,</span> <span class='ocrx_word' id='word_1_26' title='bbox 1138 460 1186 501; x_wconf 92' lang='lat' dir='ltr'>cor</span> <span class='ocrx_word' id='word_1_27' title='bbox 1198 444 1257 517; x_wconf 88' lang='lat' dir='ltr'>ejus</span> <span class='ocrx_word' id='word_1_28' title='bbox 1271 444 1402 516; x_wconf 86' lang='lat' dir='ltr'>magisne</span> <span class='ocrx_word' id='word_1_29' title='bbox 1416 445 1505 515; x_wconf 87' lang='lat' dir='ltr'>magis</span> <span class='ocrx_word' id='word_1_30' title='bbox 1519 442 1600 500; x_wconf 78' lang='lat' dir='ltr'>faciet</span> <span class='ocrx_word' id='word_1_31' title='bbox 1623 444 1761 516; x_wconf 87' lang='lat' dir='ltr'>indurari,</span> <span class='ocrx_word' id='word_1_32' title='bbox 1776 462 1831 504; x_wconf 91' lang='lat' dir='ltr'>nec</span> 
     </span>
     <span class='ocr_line' id='line_1_4' title="bbox 168 528 1828 616; baseline -0.001 -15"><span class='ocrx_word' id='word_1_33' title='bbox 168 546 258 614; x_wconf 86' lang='lat' dir='ltr'>niore,</span> <span class='ocrx_word' id='word_1_34' title='bbox 273 528 473 601; x_wconf 79' lang='lat' dir='ltr'>inconsiderata</span> <span class='ocrx_word' id='word_1_35' title='bbox 488 543 587 616; x_wconf 84' lang='lat' dir='ltr'>pietate</span> <span class='ocrx_word' id='word_1_36' title='bbox 611 548 769 614; x_wconf 90' lang='lat' dir='ltr'>permotus,</span> <span class='ocrx_word' id='word_1_37' title='bbox 786 541 970 599; x_wconf 91' lang='lat' dir='ltr'>communica·</span> <span class='ocrx_word' id='word_1_38' title='bbox 1025 537 1165 594; x_wconf 85' lang='lat' dir='ltr'>humiliari</span> <span class='ocrx_word' id='word_1_39' title='bbox 1183 552 1246 594; x_wconf 90' lang='lat' dir='ltr'>eum</span> <span class='ocrx_word' id='word_1_40' title='bbox 1259 538 1330 594; x_wconf 86' lang='lat' dir='ltr'>siuet</span> <span class='ocrx_word' id='word_1_41' title='bbox 1350 538 1386 594; x_wconf 92' lang='lat' dir='ltr'>ob</span> <span class='ocrx_word' id='word_1_42' title='bbox 1400 536 1474 610; x_wconf 92' lang='lat' dir='ltr'>qnod</span> <span class='ocrx_word' id='word_1_43' title='bbox 1496 536 1585 594; x_wconf 86' lang='lat' dir='ltr'>iuerat</span> <span class='ocrx_word' id='word_1_44' title='bbox 1609 549 1780 614; x_wconf 63' lang='lat' dir='ltr'>segregatum</span> <span class='ocrx_word' id='word_1_45' title='bbox 1799 552 1828 599; x_wconf 86' lang='lat' dir='ltr'>ct</span> 
     </span>
     <span class='ocr_line' id='line_1_5' title="bbox 169 631 1831 714; baseline -0.004 -17"><span class='ocrx_word' id='word_1_46' title='bbox 169 656 198 697; x_wconf 91' lang='lat' dir='ltr'>rc</span> <span class='ocrx_word' id='word_1_47' title='bbox 223 640 439 714; x_wconf 82' lang='lat' dir='ltr'>praesumpserit,</span> <span class='ocrx_word' id='word_1_48' title='bbox 462 636 624 706; x_wconf 81' lang='lat' dir='ltr'>complicem</span> <span class='ocrx_word' id='word_1_49' title='bbox 649 649 678 690; x_wconf 92' lang='lat' dir='ltr'>se</span> <span class='ocrx_word' id='word_1_50' title='bbox 701 633 884 692; x_wconf 78' lang='lat' dir='ltr'>damnationis</span> <span class='ocrx_word' id='word_1_51' title='bbox 912 634 971 707; x_wconf 76' lang='lat' dir='ltr'>cius</span> <span class='ocrx_word' id='word_1_52' title='bbox 1025 647 1075 704; x_wconf 92' lang='lat' dir='ltr'>per</span> <span class='ocrx_word' id='word_1_53' title='bbox 1087 631 1201 699; x_wconf 82' lang='lat' dir='ltr'>boc,rel</span> <span class='ocrx_word' id='word_1_54' title='bbox 1216 632 1431 705; x_wconf 78' lang='lat' dir='ltr'>increpationem</span> <span class='ocrx_word' id='word_1_55' title='bbox 1450 631 1567 688; x_wconf 88' lang='lat' dir='ltr'>senioris</span> <span class='ocrx_word' id='word_1_56' title='bbox 1581 647 1637 688; x_wconf 94' lang='lat' dir='ltr'>non</span> <span class='ocrx_word' id='word_1_57' title='bbox 1651 633 1743 705; x_wconf 86' lang='lat' dir='ltr'>magni</span> <span class='ocrx_word' id='word_1_58' title='bbox 1760 648 1831 706; x_wconf 91' lang='lat' dir='ltr'>peu·</span> 
     </span>
     <span class='ocr_line' id='line_1_6' title="bbox 167 724 1831 805; baseline -0.004 -13"><span class='ocrx_word' id='word_1_59' title='bbox 167 732 285 805; x_wconf 81' lang='lat' dir='ltr'>efficiat,</span> <span class='ocrx_word' id='word_1_60' title='bbox 304 733 415 790; x_wconf 88' lang='lat' dir='ltr'>tradens</span> <span class='ocrx_word' id='word_1_61' title='bbox 428 731 529 788; x_wconf 86' lang='lat' dir='ltr'>seilicet</span> <span class='ocrx_word' id='word_1_62' title='bbox 551 729 730 802; x_wconf 88' lang='lat' dir='ltr'>semetipsum</span> <span class='ocrx_word' id='word_1_63' title='bbox 755 728 905 786; x_wconf 79' lang='lat' dir='ltr'>voluntarie</span> <span class='ocrx_word' id='word_1_64' title='bbox 923 730 970 786; x_wconf 89' lang='lat' dir='ltr'>Sa·</span> <span class='ocrx_word' id='word_1_65' title='bbox 1025 724 1101 794; x_wconf 89' lang='lat' dir='ltr'>dere,</span> <span class='ocrx_word' id='word_1_66' title='bbox 1114 726 1154 782; x_wconf 86' lang='lat' dir='ltr'>rel</span> <span class='ocrx_word' id='word_1_67' title='bbox 1169 724 1374 782; x_wconf 86' lang='lat' dir='ltr'>dissimulanter</span> <span class='ocrx_word' id='word_1_68' title='bbox 1388 724 1422 782; x_wconf 91' lang='lat' dir='ltr'>de</span> <span class='ocrx_word' id='word_1_69' title='bbox 1443 724 1627 781; x_wconf 83' lang='lat' dir='ltr'>satisfactione</span> <span class='ocrx_word' id='word_1_70' title='bbox 1645 734 1673 783; x_wconf 88' lang='lat' dir='ltr'>et</span> <span class='ocrx_word' id='word_1_71' title='bbox 1691 727 1770 784; x_wconf 79' lang='lat' dir='ltr'>senia</span> <span class='ocrx_word' id='word_1_72' title='bbox 1782 743 1831 785; x_wconf 93' lang='lat' dir='ltr'>co·</span> 
     </span>
    </p>
   </div>
   <div class='ocr_carea' id='block_1_3' title="bbox 127 823 973 1269">
    <p class='ocr_par' dir='ltr' id='par_1_3' title="bbox 127 823 973 1269">
     <span class='ocr_line' id='line_1_7' title="bbox 167 823 973 898; baseline -0.007 -13"><span class='ocrx_word' id='word_1_73' title='bbox 167 837 250 897; x_wconf 87' lang='lat' dir='ltr'>tanae,</span> <span class='ocrx_word' id='word_1_74' title='bbox 265 829 308 884; x_wconf 84' lang='lat' dir='ltr'>cri</span> <span class='ocrx_word' id='word_1_75' title='bbox 323 828 365 884; x_wconf 92' lang='lat' dir='ltr'>ille</span> <span class='ocrx_word' id='word_1_76' title='bbox 378 843 427 898; x_wconf 92' lang='lat' dir='ltr'>pro</span> <span class='ocrx_word' id='word_1_77' title='bbox 444 827 486 882; x_wconf 90' lang='lat' dir='ltr'>sui</span> <span class='ocrx_word' id='word_1_78' title='bbox 500 833 590 882; x_wconf 89' lang='lat' dir='ltr'>reatus</span> <span class='ocrx_word' id='word_1_79' title='bbox 608 824 799 882; x_wconf 86' lang='lat' dir='ltr'>emendatione</span> <span class='ocrx_word' id='word_1_80' title='bbox 824 823 913 880; x_wconf 87' lang='lat' dir='ltr'>iuerat</span> <span class='ocrx_word' id='word_1_81' title='bbox 927 823 973 880; x_wconf 85' lang='lat' dir='ltr'>dc-</span> 
     </span>
     <span class='ocr_line' id='line_1_8' title="bbox 168 917 970 995; baseline -0.007 -17"><span class='ocrx_word' id='word_1_82' title='bbox 168 930 288 995; x_wconf 86' lang='lat' dir='ltr'>putatus,</span> <span class='ocrx_word' id='word_1_83' title='bbox 313 923 341 976; x_wconf 92' lang='lat' dir='ltr'>in</span> <span class='ocrx_word' id='word_1_84' title='bbox 358 937 389 977; x_wconf 88' lang='lat' dir='ltr'>eo</span> <span class='ocrx_word' id='word_1_85' title='bbox 411 921 451 976; x_wconf 85' lang='lat' dir='ltr'>rel</span> <span class='ocrx_word' id='word_1_86' title='bbox 478 919 598 976; x_wconf 72' lang='lat' dir='ltr'>naalma</span> <span class='ocrx_word' id='word_1_87' title='bbox 619 920 728 992; x_wconf 71' lang='lat' dir='ltr'>gratim</span> <span class='ocrx_word' id='word_1_88' title='bbox 751 917 855 975; x_wconf 90' lang='lat' dir='ltr'>crimen</span> <span class='ocrx_word' id='word_1_89' title='bbox 879 917 970 974; x_wconf 92' lang='lat' dir='ltr'>incur·</span> 
     </span>
     <span class='ocr_line' id='line_1_9' title="bbox 168 1010 969 1086; baseline -0.005 -15"><span class='ocrx_word' id='word_1_90' title='bbox 168 1030 239 1085; x_wconf 84' lang='lat' dir='ltr'>rens,</span> <span class='ocrx_word' id='word_1_91' title='bbox 255 1013 328 1086; x_wconf 90' lang='lat' dir='ltr'>quod</span> <span class='ocrx_word' id='word_1_92' title='bbox 345 1029 409 1070; x_wconf 92' lang='lat' dir='ltr'>cum</span> <span class='ocrx_word' id='word_1_93' title='bbox 422 1013 467 1070; x_wconf 91' lang='lat' dir='ltr'>illo</span> <span class='ocrx_word' id='word_1_94' title='bbox 482 1028 511 1070; x_wconf 87' lang='lat' dir='ltr'>se</span> <span class='ocrx_word' id='word_1_95' title='bbox 526 1013 567 1069; x_wconf 89' lang='lat' dir='ltr'>vel</span> <span class='ocrx_word' id='word_1_96' title='bbox 581 1010 832 1079; x_wconf 81' lang='lat' dir='ltr'>contabulationis,</span> <span class='ocrx_word' id='word_1_97' title='bbox 848 1011 890 1067; x_wconf 85' lang='lat' dir='ltr'>rel</span> <span class='ocrx_word' id='word_1_98' title='bbox 905 1026 969 1068; x_wconf 88' lang='lat' dir='ltr'>ora-</span> 
     </span>
     <span class='ocr_line' id='line_1_10' title="bbox 127 1103 971 1178; baseline -0.004 -17"><span class='ocrx_word' id='word_1_99' title='bbox 127 1150 132 1161; x_wconf 91' lang='lat'><em>.</em></span> <span class='ocrx_word' id='word_1_100' title='bbox 168 1106 250 1162; x_wconf 90' lang='lat' dir='ltr'>tionis</span> <span class='ocrx_word' id='word_1_101' title='bbox 262 1105 456 1162; x_wconf 86' lang='lat' dir='ltr'>communione</span> <span class='ocrx_word' id='word_1_102' title='bbox 478 1103 634 1174; x_wconf 89' lang='lat' dir='ltr'>miscendo,</span> <span class='ocrx_word' id='word_1_103' title='bbox 655 1105 790 1178; x_wconf 75' lang='lat' dir='ltr'>maiorem</span> <span class='ocrx_word' id='word_1_104' title='bbox 809 1103 845 1160; x_wconf 92' lang='lat' dir='ltr'>illi</span> <span class='ocrx_word' id='word_1_105' title='bbox 860 1112 971 1175; x_wconf 82' lang='lat' dir='ltr'>generet</span> 
     </span>
     <span class='ocr_line' id='line_1_11' title="bbox 167 1197 969 1269; baseline -0.005 -14"><span class='ocrx_word' id='word_1_106' title='bbox 167 1198 320 1256; x_wconf 76' lang='lat' dir='ltr'>insolentiae</span> <span class='ocrx_word' id='word_1_107' title='bbox 336 1198 473 1269; x_wconf 81' lang='lat' dir='ltr'>tomitem,</span> <span class='ocrx_word' id='word_1_108' title='bbox 486 1207 513 1256; x_wconf 92' lang='lat' dir='ltr'>et</span> <span class='ocrx_word' id='word_1_109' title='bbox 530 1199 730 1269; x_wconf 79' lang='lat' dir='ltr'>contumaciam</span> <span class='ocrx_word' id='word_1_110' title='bbox 745 1197 927 1269; x_wconf 83' lang='lat' dir='ltr'>delinquentis</span> <span class='ocrx_word' id='word_1_111' title='bbox 940 1197 969 1251; x_wconf 94' lang='lat' dir='ltr'>in</span> 
     </span>
    </p>
   </div>
   <div class='ocr_carea' id='block_1_4' title="bbox 1025 821 1539 970">
    <p class='ocr_par' dir='ltr' id='par_1_4' title="bbox 1025 821 1539 970">
     <span class='ocr_line' id='line_1_12' title="bbox 1025 821 1123 891; baseline -0.02 -15"><span class='ocrx_word' id='word_1_112' title='bbox 1025 821 1123 891; x_wconf 87' lang='lat' dir='ltr'>gitare.</span> 
     </span>
     <span class='ocr_line' id='line_1_13' title="bbox 1312 913 1539 970; baseline 0.004 -1"><span class='ocrx_word' id='word_1_113' title='bbox 1312 913 1433 970; x_wconf 74' lang='lat' dir='ltr'>cuent</span> <span class='ocrx_word' id='word_1_114' title='bbox 1448 915 1539 970; x_wconf 85' lang='lat' dir='ltr'>Xth.</span> 
     </span>
    </p>
   </div>
   <div class='ocr_carea' id='block_1_5' title="bbox 1060 1007 1791 1134">
    <p class='ocr_par' dir='ltr' id='par_1_5' title="bbox 1060 1007 1791 1134">
     <span class='ocr_line' id='line_1_14' title="bbox 1060 1007 1791 1079; baseline -0.001 -15"><span class='ocrx_word' id='word_1_115' title='bbox 1060 1009 1137 1077; x_wconf 82' lang='lat' dir='ltr'>Quod</span> <span class='ocrx_word' id='word_1_116' title='bbox 1146 1011 1170 1064; x_wconf 88' lang='lat' dir='ltr'>is</span> <span class='ocrx_word' id='word_1_117' title='bbox 1181 1008 1230 1079; x_wconf 87' lang='lat' dir='ltr'>qui</span> <span class='ocrx_word' id='word_1_118' title='bbox 1242 1008 1279 1063; x_wconf 86' lang='lat' dir='ltr'>ad</span> <span class='ocrx_word' id='word_1_119' title='bbox 1291 1009 1440 1062; x_wconf 86' lang='lat' dir='ltr'>orationem</span> <span class='ocrx_word' id='word_1_120' title='bbox 1456 1009 1615 1071; x_wconf 79' lang='lat' dir='ltr'>resuscitat,</span> <span class='ocrx_word' id='word_1_121' title='bbox 1627 1008 1693 1062; x_wconf 81' lang='lat' dir='ltr'>bora</span> <span class='ocrx_word' id='word_1_122' title='bbox 1710 1007 1791 1063; x_wconf 91' lang='lat' dir='ltr'>solita</span> 
     </span>
     <span class='ocr_line' id='line_1_15' title="bbox 1257 1080 1593 1134; baseline 0 -1"><span class='ocrx_word' id='word_1_123' title='bbox 1257 1080 1353 1133; x_wconf 84' lang='lat' dir='ltr'>debeat</span> <span class='ocrx_word' id='word_1_124' title='bbox 1365 1094 1408 1133; x_wconf 87' lang='lat' dir='ltr'>eos</span> <span class='ocrx_word' id='word_1_125' title='bbox 1421 1093 1593 1134; x_wconf 89' lang='lat' dir='ltr'>commonere.</span> 
     </span>
    </p>
   </div>
   <div class='ocr_carea' id='block_1_6' title="bbox 1059 1188 1824 1267">
    <p class='ocr_par' dir='ltr' id='par_1_6' title="bbox 1059 1188 1824 1267">
     <span class='ocr_line' id='line_1_16' title="bbox 1059 1188 1824 1267; baseline 0.005 -18"><span class='ocrx_word' id='word_1_126' title='bbox 1059 1188 1115 1250; x_wconf 65' lang='lat' dir='ltr'>llls</span> <span class='ocrx_word' id='word_1_127' title='bbox 1135 1201 1226 1250; x_wconf 92' lang='lat' dir='ltr'>autem</span> <span class='ocrx_word' id='word_1_128' title='bbox 1246 1195 1291 1252; x_wconf 91' lang='lat' dir='ltr'>cui</span> <span class='ocrx_word' id='word_1_129' title='bbox 1311 1195 1430 1267; x_wconf 84' lang='lat' dir='ltr'>religiosi</span> <span class='ocrx_word' id='word_1_130' title='bbox 1447 1204 1597 1251; x_wconf 87' lang='lat' dir='ltr'>conventus</span> <span class='ocrx_word' id='word_1_131' title='bbox 1616 1197 1824 1267; x_wconf 88' lang='lat' dir='ltr'>commonitio,</span> 
     </span>
    </p>
   </div>
   <div class='ocr_carea' id='block_1_7' title="bbox 720 1329 1278 1390">
    <p class='ocr_par' dir='ltr' id='par_1_7' title="bbox 720 1329 1278 1390">
     <span class='ocr_line' id='line_1_17' title="bbox 720 1329 1278 1390; baseline -0.005 -1"><span class='ocrx_word' id='word_1_132' title='bbox 720 1333 848 1390; x_wconf 70' lang='lat' dir='ltr'>manat</span> <span class='ocrx_word' id='word_1_133' title='bbox 866 1333 981 1389; x_wconf 81' lang='lat' dir='ltr'><strong>GAZAEI</strong></span> <span class='ocrx_word' id='word_1_134' title='bbox 999 1329 1278 1388; x_wconf 78' lang='lat' dir='ltr'>COMMENTARIUS.</span> 
     </span>
    </p>
   </div>
   <div class='ocr_carea' id='block_1_8' title="bbox 169 1449 972 1947">
    <p class='ocr_par' dir='ltr' id='par_1_8' title="bbox 169 1449 972 1947">
     <span class='ocr_line' id='line_1_18' title="bbox 169 1449 972 1523; baseline 0.004 -19"><span class='ocrx_word' id='word_1_135' title='bbox 169 1465 220 1506; x_wconf 90' lang='lat' dir='ltr'>nec</span> <span class='ocrx_word' id='word_1_136' title='bbox 231 1449 290 1506; x_wconf 91' lang='lat' dir='ltr'>aliis</span> <span class='ocrx_word' id='word_1_137' title='bbox 306 1465 369 1506; x_wconf 90' lang='lat' dir='ltr'>cum</span> <span class='ocrx_word' id='word_1_138' title='bbox 391 1451 451 1523; x_wconf 88' lang='lat' dir='ltr'>ipso</span> <span class='ocrx_word' id='word_1_139' title='bbox 471 1465 648 1508; x_wconf 88' lang='lat' dir='ltr'>communem</span> <span class='ocrx_word' id='word_1_140' title='bbox 669 1452 822 1508; x_wconf 90' lang='lat' dir='ltr'>orationem</span> <span class='ocrx_word' id='word_1_141' title='bbox 837 1451 926 1508; x_wconf 84' lang='lat' dir='ltr'>iacere</span> <span class='ocrx_word' id='word_1_142' title='bbox 940 1451 972 1507; x_wconf 94' lang='lat' dir='ltr'>li·</span> 
     </span>
     <span class='ocr_line' id='line_1_19' title="bbox 169 1519 970 1595; baseline 0.001 -19"><span class='ocrx_word' id='word_1_143' title='bbox 169 1530 251 1577; x_wconf 89' lang='lat' dir='ltr'>ceret.</span> <span class='ocrx_word' id='word_1_144' title='bbox 268 1519 390 1577; x_wconf 87' lang='lat' dir='ltr'>Proinde</span> <span class='ocrx_word' id='word_1_145' title='bbox 410 1522 448 1577; x_wconf 89' lang='lat' dir='ltr'>sic</span> <span class='ocrx_word' id='word_1_146' title='bbox 468 1523 566 1594; x_wconf 83' lang='lat' dir='ltr'>erponi</span> <span class='ocrx_word' id='word_1_147' title='bbox 580 1522 661 1579; x_wconf 88' lang='lat' dir='ltr'>debet</span> <span class='ocrx_word' id='word_1_148' title='bbox 681 1539 740 1595; x_wconf 90' lang='lat' dir='ltr'>cap.</span> <span class='ocrx_word' id='word_1_149' title='bbox 757 1524 918 1595; x_wconf 70' lang='lat' dir='ltr'>ernegum</span> <span class='ocrx_word' id='word_1_150' title='bbox 933 1525 970 1578; x_wconf 87' lang='lat' dir='ltr'>D.</span> 
     </span>
     <span class='ocr_line' id='line_1_20' title="bbox 169 1591 970 1664; baseline 0 -17"><span class='ocrx_word' id='word_1_151' title='bbox 169 1591 320 1658; x_wconf 89' lang='lat' dir='ltr'>Benedicti,</span> <span class='ocrx_word' id='word_1_152' title='bbox 332 1593 379 1648; x_wconf 92' lang='lat' dir='ltr'>ubi</span> <span class='ocrx_word' id='word_1_153' title='bbox 392 1592 492 1648; x_wconf 89' lang='lat' dir='ltr'>dicitur</span> <span class='ocrx_word' id='word_1_154' title='bbox 506 1612 512 1648; x_wconf 93' lang='lat'>:</span> <span class='ocrx_word' id='word_1_155' title='bbox 524 1597 550 1650; x_wconf 86' lang='lat' dir='ltr'>is</span> <span class='ocrx_word' id='word_1_156' title='bbox 562 1599 653 1649; x_wconf 89' lang='lat' dir='ltr'>autem</span> <span class='ocrx_word' id='word_1_157' title='bbox 667 1595 766 1660; x_wconf 77' lang='lat' dir='ltr'>trater,</span> <span class='ocrx_word' id='word_1_158' title='bbox 777 1595 826 1664; x_wconf 83' lang='lat' dir='ltr'>qni</span> <span class='ocrx_word' id='word_1_159' title='bbox 837 1594 970 1663; x_wconf 79' lang='lat' dir='ltr'>pronioris</span> 
     </span>
     <span class='ocr_line' id='line_1_21' title="bbox 169 1663 970 1734; baseline 0.002 -18"><span class='ocrx_word' id='word_1_160' title='bbox 169 1663 254 1733; x_wconf 83' lang='lat' dir='ltr'>aulpre</span> <span class='ocrx_word' id='word_1_161' title='bbox 269 1678 341 1717; x_wconf 75' lang='lat' dir='ltr'>renco</span> <span class='ocrx_word' id='word_1_162' title='bbox 354 1667 469 1726; x_wconf 82' lang='lat' dir='ltr'>teactae,</span> <span class='ocrx_word' id='word_1_163' title='bbox 481 1664 664 1734; x_wconf 83' lang='lat' dir='ltr'>suspendatur</span> <span class='ocrx_word' id='word_1_164' title='bbox 675 1681 693 1718; x_wconf 89' lang='lat' dir='ltr'>a</span> <span class='ocrx_word' id='word_1_165' title='bbox 704 1680 796 1719; x_wconf 86' lang='lat' dir='ltr'>mensa</span> <span class='ocrx_word' id='word_1_166' title='bbox 810 1666 893 1718; x_wconf 86' lang='lat' dir='ltr'>simul</span> <span class='ocrx_word' id='word_1_167' title='bbox 900 1670 925 1718; x_wconf 92' lang='lat' dir='ltr'>et</span> <span class='ocrx_word' id='word_1_168' title='bbox 935 1664 970 1718; x_wconf 86' lang='lat' dir='ltr'>ab</span> 
     </span>
     <span class='ocr_line' id='line_1_22' title="bbox 170 1735 968 1815; baseline 0.003 -29"><span class='ocrx_word' id='word_1_169' title='bbox 170 1737 307 1788; x_wconf 83' lang='lat' dir='ltr'>oratorio:</span> <span class='ocrx_word' id='word_1_170' title='bbox 318 1736 410 1788; x_wconf 80' lang='lat' dir='ltr'>attilas</span> <span class='ocrx_word' id='word_1_171' title='bbox 421 1736 572 1801; x_wconf 69' lang='lat' dir='ltr'>eitratrnrn</span> <span class='ocrx_word' id='word_1_172' title='bbox 581 1735 720 1815; x_wconf 80' lang='lat' dir='ltr'>jeanqutur</span> <span class='ocrx_word' id='word_1_173' title='bbox 730 1736 968 1795; x_wconf 83' lang='lat' dir='ltr'>inullaeonaortio,</span> 
     </span>
     <span class='ocr_line' id='line_1_23' title="bbox 170 1803 970 1871; baseline 0.003 -13"><span class='ocrx_word' id='word_1_174' title='bbox 170 1812 222 1859; x_wconf 85' lang='lat' dir='ltr'>etc.</span> <span class='ocrx_word' id='word_1_175' title='bbox 239 1806 309 1860; x_wconf 89' lang='lat' dir='ltr'>Nam</span> <span class='ocrx_word' id='word_1_176' title='bbox 323 1805 346 1860; x_wconf 88' lang='lat' dir='ltr'>si</span> <span class='ocrx_word' id='word_1_177' title='bbox 362 1803 396 1859; x_wconf 91' lang='lat' dir='ltr'>de</span> <span class='ocrx_word' id='word_1_178' title='bbox 410 1821 488 1871; x_wconf 88' lang='lat' dir='ltr'>vora,</span> <span class='ocrx_word' id='word_1_179' title='bbox 503 1813 530 1860; x_wconf 90' lang='lat' dir='ltr'>et</span> <span class='ocrx_word' id='word_1_180' title='bbox 544 1804 731 1859; x_wconf 80' lang='lat' dir='ltr'>Ecclesiastica</span> <span class='ocrx_word' id='word_1_181' title='bbox 750 1805 970 1860; x_wconf 85' lang='lat' dir='ltr'>excommunica·</span> 
     </span>
     <span class='ocr_line' id='line_1_24' title="bbox 169 1873 969 1947; baseline 0.004 -19"><span class='ocrx_word' id='word_1_182' title='bbox 169 1873 265 1940; x_wconf 91' lang='lat' dir='ltr'>tionis,</span> <span class='ocrx_word' id='word_1_183' title='bbox 290 1883 336 1928; x_wconf 89' lang='lat' dir='ltr'>aut</span> <span class='ocrx_word' id='word_1_184' title='bbox 355 1875 543 1945; x_wconf 79' lang='lat' dir='ltr'>suspensionis</span> <span class='ocrx_word' id='word_1_185' title='bbox 566 1890 680 1930; x_wconf 88' lang='lat' dir='ltr'>censura</span> <span class='ocrx_word' id='word_1_186' title='bbox 694 1874 738 1933; x_wconf 78' lang='lat' dir='ltr'>liic</span> <span class='ocrx_word' id='word_1_187' title='bbox 756 1883 864 1947; x_wconf 89' lang='lat' dir='ltr'>agatur,</span> <span class='ocrx_word' id='word_1_188' title='bbox 888 1875 969 1932; x_wconf 87' lang='lat' dir='ltr'>sicuti</span> 
     </span>
    </p>
   </div>
   <div class='ocr_carea' id='block_1_9' title="bbox 170 1930 1007 2017">
    <p class='ocr_par' dir='ltr' id='par_1_9' title="bbox 170 1930 1007 2017">
     <span class='ocr_line' id='line_1_25' title="bbox 170 1930 1007 2017; baseline 0.005 -20"><span class='ocrx_word' id='word_1_189' title='bbox 170 1943 247 2013; x_wconf 91' lang='lat' dir='ltr'>plane</span> <span class='ocrx_word' id='word_1_190' title='bbox 261 1944 382 2000; x_wconf 91' lang='lat' dir='ltr'>indicant</span> <span class='ocrx_word' id='word_1_191' title='bbox 395 1945 475 2000; x_wconf 86' lang='lat' dir='ltr'>verba</span> <span class='ocrx_word' id='word_1_192' title='bbox 491 1945 630 2016; x_wconf 91' lang='lat' dir='ltr'>sequentia</span> <span class='ocrx_word' id='word_1_193' title='bbox 645 1963 651 1999; x_wconf 94' lang='lat'>:</span> <span class='ocrx_word' id='word_1_194' title='bbox 665 1948 814 2001; x_wconf 75' lang='lat' dir='ltr'>persistens</span> <span class='ocrx_word' id='word_1_195' title='bbox 834 1949 865 2001; x_wconf 87' lang='lat' dir='ltr'>in</span> <span class='ocrx_word' id='word_1_196' title='bbox 887 1949 969 2017; x_wconf 84' lang='lat' dir='ltr'>peni-</span> <span class='ocrx_word' id='word_1_197' title='bbox 983 1930 1007 1993; x_wconf 86' lang='grc' dir='ltr'>Β</span> 
     </span>
    </p>
   </div>
   <div class='ocr_carea' id='block_1_10' title="bbox 92 2016 971 4283">
    <p class='ocr_par' dir='ltr' id='par_1_10' title="bbox 92 2016 971 4283">
     <span class='ocr_line' id='line_1_26' title="bbox 169 2016 970 2087; baseline 0.004 -18"><span class='ocrx_word' id='word_1_198' title='bbox 169 2018 261 2070; x_wconf 79' lang='lat' dir='ltr'>tentiae</span> <span class='ocrx_word' id='word_1_199' title='bbox 270 2016 354 2077; x_wconf 86' lang='lat' dir='ltr'>lactu,</span> <span class='ocrx_word' id='word_1_200' title='bbox 373 2019 458 2071; x_wconf 83' lang='lat' dir='ltr'>scians</span> <span class='ocrx_word' id='word_1_201' title='bbox 469 2018 547 2070; x_wconf 91' lang='lat' dir='ltr'>illam</span> <span class='ocrx_word' id='word_1_202' title='bbox 560 2017 707 2072; x_wconf 72' lang='lat' dir='ltr'>terribilem</span> <span class='ocrx_word' id='word_1_203' title='bbox 725 2017 848 2087; x_wconf 81' lang='lat' dir='ltr'>Apostoli</span> <span class='ocrx_word' id='word_1_204' title='bbox 862 2023 970 2072; x_wconf 86' lang='lat' dir='ltr'>senten-</span> 
     </span>
     <span class='ocr_line' id='line_1_27' title="bbox 169 2087 971 2157; baseline 0.005 -17"><span class='ocrx_word' id='word_1_205' title='bbox 169 2089 238 2140; x_wconf 84' lang='lat' dir='ltr'>tiam</span> <span class='ocrx_word' id='word_1_206' title='bbox 250 2087 362 2141; x_wconf 82' lang='lat' dir='ltr'>diceritis</span> <span class='ocrx_word' id='word_1_207' title='bbox 378 2106 386 2141; x_wconf 91' lang='lat'><strong>:</strong></span> <span class='ocrx_word' id='word_1_208' title='bbox 407 2089 549 2142; x_wconf 81' lang='lat' dir='ltr'>Traditum</span> <span class='ocrx_word' id='word_1_209' title='bbox 561 2088 717 2157; x_wconf 81' lang='lat' dir='ltr'>ltnjttsmodi</span> <span class='ocrx_word' id='word_1_210' title='bbox 728 2091 847 2151; x_wconf 80' lang='lat' dir='ltr'>Satanae,</span> <span class='ocrx_word' id='word_1_211' title='bbox 862 2091 892 2143; x_wconf 86' lang='lat' dir='ltr'>in</span> <span class='ocrx_word' id='word_1_212' title='bbox 906 2091 971 2144; x_wconf 76' lang='lat' dir='ltr'>inte</span> 
     </span>
     <span class='ocr_line' id='line_1_28' title="bbox 170 2158 970 2231; baseline 0.006 -21"><span class='ocrx_word' id='word_1_213' title='bbox 170 2159 253 2210; x_wconf 85' lang='lat' dir='ltr'>ritum</span> <span class='ocrx_word' id='word_1_214' title='bbox 265 2160 426 2219; x_wconf 70' lang='lat' dir='ltr'>carminetc.</span> <span class='ocrx_word' id='word_1_215' title='bbox 441 2161 556 2214; x_wconf 84' lang='lat' dir='ltr'>Necesse</span> <span class='ocrx_word' id='word_1_216' title='bbox 567 2167 609 2213; x_wconf 86' lang='lat' dir='ltr'>est</span> <span class='ocrx_word' id='word_1_217' title='bbox 621 2158 750 2231; x_wconf 86' lang='lat' dir='ltr'>gravioris</span> <span class='ocrx_word' id='word_1_218' title='bbox 758 2159 846 2228; x_wconf 87' lang='lat' dir='ltr'>culpae</span> <span class='ocrx_word' id='word_1_219' title='bbox 859 2159 970 2215; x_wconf 90' lang='lat' dir='ltr'>nomine</span> 
     </span>
     <span class='ocr_line' id='line_1_29' title="bbox 170 2226 966 2302; baseline 0.006 -22"><span class='ocrx_word' id='word_1_220' title='bbox 170 2226 257 2297; x_wconf 91' lang='lat' dir='ltr'>ipsam</span> <span class='ocrx_word' id='word_1_221' title='bbox 281 2227 509 2293; x_wconf 87' lang='lat' dir='ltr'>inobedientiam,</span> <span class='ocrx_word' id='word_1_222' title='bbox 530 2228 587 2284; x_wconf 80' lang='lat' dir='ltr'>siva</span> <span class='ocrx_word' id='word_1_223' title='bbox 619 2230 820 2284; x_wconf 87' lang='lat' dir='ltr'>contumaciam</span> <span class='ocrx_word' id='word_1_224' title='bbox 840 2230 966 2302; x_wconf 84' lang='lat' dir='ltr'>intelligi,</span> 
     </span>
     <span class='ocr_line' id='line_1_30' title="bbox 172 2294 970 2369; baseline 0.006 -18"><span class='ocrx_word' id='word_1_225' title='bbox 172 2311 234 2368; x_wconf 89' lang='lat' dir='ltr'>quae</span> <span class='ocrx_word' id='word_1_226' title='bbox 254 2298 294 2353; x_wconf 82' lang='lat' dir='ltr'>rel</span> <span class='ocrx_word' id='word_1_227' title='bbox 319 2299 376 2353; x_wconf 90' lang='lat' dir='ltr'>sola</span> <span class='ocrx_word' id='word_1_228' title='bbox 398 2299 430 2354; x_wconf 91' lang='lat' dir='ltr'>ad</span> <span class='ocrx_word' id='word_1_229' title='bbox 457 2294 633 2369; x_wconf 83' lang='lat' dir='ltr'>iulligendam</span> <span class='ocrx_word' id='word_1_230' title='bbox 655 2300 970 2357; x_wconf 84' lang='lat' dir='ltr'>excommunicationem</span> 
     </span>
     <span class='ocr_line' id='line_1_31' title="bbox 169 2366 969 2442; baseline 0.005 -21"><span class='ocrx_word' id='word_1_231' title='bbox 169 2366 285 2432; x_wconf 77' lang='lat' dir='ltr'>sullicit3</span> <span class='ocrx_word' id='word_1_232' title='bbox 302 2376 332 2424; x_wconf 91' lang='lat' dir='ltr'>ut</span> <span class='ocrx_word' id='word_1_233' title='bbox 344 2369 488 2426; x_wconf 84' lang='lat' dir='ltr'>rnarrifeste</span> <span class='ocrx_word' id='word_1_234' title='bbox 504 2369 605 2426; x_wconf 91' lang='lat' dir='ltr'>indicat</span> <span class='ocrx_word' id='word_1_235' title='bbox 617 2385 676 2440; x_wconf 85' lang='lat' dir='ltr'>rap.</span> <span class='ocrx_word' id='word_1_236' title='bbox 694 2376 728 2426; x_wconf 77' lang='lat'>23</span> <span class='ocrx_word' id='word_1_237' title='bbox 743 2370 836 2426; x_wconf 84' lang='lat' dir='ltr'>dicens</span> <span class='ocrx_word' id='word_1_238' title='bbox 850 2392 855 2426; x_wconf 91' lang='lat'>:</span> <span class='ocrx_word' id='word_1_239' title='bbox 870 2373 969 2442; x_wconf 85' lang='lat' dir='ltr'>Siquis</span> 
     </span>
     <span class='ocr_line' id='line_1_32' title="bbox 170 2440 971 2513; baseline 0.005 -21"><span class='ocrx_word' id='word_1_240' title='bbox 170 2440 261 2505; x_wconf 66' lang='lat' dir='ltr'>trater·</span> <span class='ocrx_word' id='word_1_241' title='bbox 273 2445 428 2504; x_wconf 79' lang='lat' dir='ltr'>coretumaa,</span> <span class='ocrx_word' id='word_1_242' title='bbox 444 2447 493 2496; x_wconf 88' lang='lat' dir='ltr'>aul</span> <span class='ocrx_word' id='word_1_243' title='bbox 506 2441 672 2504; x_wconf 78' lang='lat' dir='ltr'>inobediens,</span> <span class='ocrx_word' id='word_1_244' title='bbox 691 2448 740 2497; x_wconf 88' lang='lat' dir='ltr'>aut</span> <span class='ocrx_word' id='word_1_245' title='bbox 754 2443 899 2513; x_wconf 85' lang='lat' dir='ltr'>superbus,</span> <span class='ocrx_word' id='word_1_246' title='bbox 921 2448 971 2496; x_wconf 81' lang='lat' dir='ltr'>urat</span> 
     </span>
     <span class='ocr_line' id='line_1_33' title="bbox 170 2513 970 2582; baseline 0.009 -20"><span class='ocrx_word' id='word_1_247' title='bbox 170 2525 357 2579; x_wconf 85' lang='lat' dir='ltr'>mmmmans,</span> <span class='ocrx_word' id='word_1_248' title='bbox 370 2514 410 2566; x_wconf 85' lang='lat' dir='ltr'>eei</span> <span class='ocrx_word' id='word_1_249' title='bbox 423 2514 453 2566; x_wconf 88' lang='lat' dir='ltr'>in</span> <span class='ocrx_word' id='word_1_250' title='bbox 469 2513 562 2582; x_wconf 84' lang='lat' dir='ltr'>aliqrao</span> <span class='ocrx_word' id='word_1_251' title='bbox 575 2515 728 2567; x_wconf 84' lang='lat' dir='ltr'>contrarius</span> <span class='ocrx_word' id='word_1_252' title='bbox 742 2514 859 2568; x_wconf 83' lang='lat' dir='ltr'>ccistens</span> <span class='ocrx_word' id='word_1_253' title='bbox 871 2519 970 2568; x_wconf 75' lang='lat' dir='ltr'>sancta</span> 
     </span>
     <span class='ocr_line' id='line_1_34' title="bbox 169 2582 971 2654; baseline 0.005 -19"><span class='ocrx_word' id='word_1_254' title='bbox 169 2582 289 2649; x_wconf 72' lang='lat' dir='ltr'>dapalis,</span> <span class='ocrx_word' id='word_1_255' title='bbox 310 2585 335 2636; x_wconf 84' lang='lat' dir='ltr'>et</span> <span class='ocrx_word' id='word_1_256' title='bbox 351 2586 508 2653; x_wconf 68' lang='lat' dir='ltr'>prosapiam</span> <span class='ocrx_word' id='word_1_257' title='bbox 520 2585 545 2636; x_wconf 91' lang='lat' dir='ltr'>si</span> <span class='ocrx_word' id='word_1_258' title='bbox 562 2585 698 2638; x_wconf 86' lang='lat' dir='ltr'>seniorum</span> <span class='ocrx_word' id='word_1_259' title='bbox 711 2589 874 2653; x_wconf 89' lang='lat' dir='ltr'>contemptor·</span> <span class='ocrx_word' id='word_1_260' title='bbox 885 2600 971 2654; x_wconf 83' lang='lat' dir='ltr'>reper-</span> 
     </span>
     <span class='ocr_line' id='line_1_35' title="bbox 169 2653 971 2724; baseline 0.004 -19"><span class='ocrx_word' id='word_1_261' title='bbox 169 2655 214 2705; x_wconf 82' lang='lat' dir='ltr'>tus</span> <span class='ocrx_word' id='word_1_262' title='bbox 226 2653 324 2719; x_wconf 70' lang='lat' dir='ltr'>facerit,</span> <span class='ocrx_word' id='word_1_263' title='bbox 337 2654 379 2706; x_wconf 83' lang='lat' dir='ltr'>liic</span> <span class='ocrx_word' id='word_1_264' title='bbox 387 2654 531 2708; x_wconf 77' lang='lat' dir='ltr'>teotradum</span> <span class='ocrx_word' id='word_1_265' title='bbox 541 2655 650 2709; x_wconf 83' lang='lat' dir='ltr'>Domini</span> <span class='ocrx_word' id='word_1_266' title='bbox 661 2657 750 2709; x_wconf 85' lang='lat' dir='ltr'>nostri</span> <span class='ocrx_word' id='word_1_267' title='bbox 753 2659 915 2724; x_wconf 75' lang='lat' dir='ltr'>praeceptam</span> <span class='ocrx_word' id='word_1_268' title='bbox 925 2655 971 2709; x_wconf 76' lang='lat' dir='ltr'>ari-</span> 
     </span>
     <span class='ocr_line' id='line_1_36' title="bbox 169 2725 968 2797; baseline 0.005 -21"><span class='ocrx_word' id='word_1_269' title='bbox 169 2727 311 2777; x_wconf 83' lang='lat' dir='ltr'>moucctue</span> <span class='ocrx_word' id='word_1_270' title='bbox 324 2725 418 2785; x_wconf 87' lang='lat' dir='ltr'>semei,</span> <span class='ocrx_word' id='word_1_271' title='bbox 434 2733 497 2791; x_wconf 89' lang='lat' dir='ltr'>etc,</span> <span class='ocrx_word' id='word_1_272' title='bbox 517 2732 565 2779; x_wconf 92' lang='lat' dir='ltr'>aut</span> <span class='ocrx_word' id='word_1_273' title='bbox 584 2732 656 2780; x_wconf 89' lang='lat' dir='ltr'>certe</span> <span class='ocrx_word' id='word_1_274' title='bbox 676 2726 785 2796; x_wconf 88' lang='lat' dir='ltr'>culpam</span> <span class='ocrx_word' id='word_1_275' title='bbox 805 2725 968 2797; x_wconf 77' lang='lat' dir='ltr'>graviorem,</span> 
     </span>
     <span class='ocr_line' id='line_1_37' title="bbox 170 2791 968 2861; baseline 0.008 -15"><span class='ocrx_word' id='word_1_276' title='bbox 170 2799 197 2847; x_wconf 90' lang='lat' dir='ltr'>ct</span> <span class='ocrx_word' id='word_1_277' title='bbox 212 2791 393 2859; x_wconf 78' lang='lat' dir='ltr'>mortiferam,</span> <span class='ocrx_word' id='word_1_278' title='bbox 413 2795 456 2850; x_wconf 90' lang='lat' dir='ltr'>cui</span> <span class='ocrx_word' id='word_1_279' title='bbox 471 2793 657 2851; x_wconf 87' lang='lat' dir='ltr'>inobedientia</span> <span class='ocrx_word' id='word_1_280' title='bbox 677 2796 832 2861; x_wconf 86' lang='lat' dir='ltr'>accesserit,</span> <span class='ocrx_word' id='word_1_281' title='bbox 850 2795 890 2850; x_wconf 86' lang='lat' dir='ltr'>rel</span> <span class='ocrx_word' id='word_1_282' title='bbox 903 2812 968 2852; x_wconf 91' lang='lat' dir='ltr'>cun·</span> 
     </span>
     <span class='ocr_line' id='line_1_38' title="bbox 167 2861 968 2938; baseline 0.006 -21"><span class='ocrx_word' id='word_1_283' title='bbox 167 2861 261 2934; x_wconf 85' lang='lat' dir='ltr'>juncta</span> <span class='ocrx_word' id='word_1_284' title='bbox 272 2864 315 2919; x_wconf 73' lang='lat' dir='ltr'>sit.</span> <span class='ocrx_word' id='word_1_285' title='bbox 333 2866 426 2936; x_wconf 87' lang='lat' dir='ltr'>Neque</span> <span class='ocrx_word' id='word_1_286' title='bbox 434 2874 525 2921; x_wconf 90' lang='lat' dir='ltr'>tamen</span> <span class='ocrx_word' id='word_1_287' title='bbox 537 2865 694 2936; x_wconf 83' lang='lat' dir='ltr'>requiritur,</span> <span class='ocrx_word' id='word_1_288' title='bbox 703 2874 735 2922; x_wconf 90' lang='lat' dir='ltr'>ut</span> <span class='ocrx_word' id='word_1_289' title='bbox 747 2867 825 2938; x_wconf 91' lang='lat' dir='ltr'>eulpa</span> <span class='ocrx_word' id='word_1_290' title='bbox 837 2866 873 2921; x_wconf 90' lang='lat' dir='ltr'>sit</span> <span class='ocrx_word' id='word_1_291' title='bbox 883 2882 915 2922; x_wconf 86' lang='lat' dir='ltr'>ex</span> <span class='ocrx_word' id='word_1_292' title='bbox 929 2881 968 2929; x_wconf 79' lang='lat' dir='ltr'>se,</span> 
     </span>
     <span class='ocr_line' id='line_1_39' title="bbox 171 2933 968 3005; baseline 0.004 -18"><span class='ocrx_word' id='word_1_293' title='bbox 171 2933 227 2989; x_wconf 85' lang='lat' dir='ltr'>sire</span> <span class='ocrx_word' id='word_1_294' title='bbox 243 2949 276 2990; x_wconf 81' lang='lat' dir='ltr'>er</span> <span class='ocrx_word' id='word_1_295' title='bbox 291 2949 388 3005; x_wconf 87' lang='lat' dir='ltr'>genere</span> <span class='ocrx_word' id='word_1_296' title='bbox 404 2951 454 2992; x_wconf 91' lang='lat' dir='ltr'>suo</span> <span class='ocrx_word' id='word_1_297' title='bbox 467 2937 604 3000; x_wconf 68' lang='lat' dir='ltr'>mortalias</span> <span class='ocrx_word' id='word_1_298' title='bbox 624 2935 671 2991; x_wconf 89' lang='lat' dir='ltr'>sed</span> <span class='ocrx_word' id='word_1_299' title='bbox 685 2935 789 2992; x_wconf 81' lang='lat' dir='ltr'>suflicit</span> <span class='ocrx_word' id='word_1_300' title='bbox 803 2944 833 2992; x_wconf 91' lang='lat' dir='ltr'>ut</span> <span class='ocrx_word' id='word_1_301' title='bbox 847 2936 906 2991; x_wconf 90' lang='lat' dir='ltr'>talis</span> <span class='ocrx_word' id='word_1_302' title='bbox 924 2937 968 3003; x_wconf 88' lang='lat' dir='ltr'>sit,</span> 
     </span>
     <span class='ocr_line' id='line_1_40' title="bbox 169 3004 968 3077; baseline 0.01 -21"><span class='ocrx_word' id='word_1_303' title='bbox 169 3004 210 3059; x_wconf 84' lang='lat' dir='ltr'>vel</span> <span class='ocrx_word' id='word_1_304' title='bbox 225 3020 257 3060; x_wconf 83' lang='lat' dir='ltr'>ex</span> <span class='ocrx_word' id='word_1_305' title='bbox 270 3008 327 3061; x_wconf 86' lang='lat' dir='ltr'>sola</span> <span class='ocrx_word' id='word_1_306' title='bbox 342 3007 365 3060; x_wconf 89' lang='lat' dir='ltr'>vi</span> <span class='ocrx_word' id='word_1_307' title='bbox 377 3008 503 3076; x_wconf 78' lang='lat' dir='ltr'>praecepti</span> <span class='ocrx_word' id='word_1_308' title='bbox 519 3015 546 3061; x_wconf 89' lang='lat' dir='ltr'>et</span> <span class='ocrx_word' id='word_1_309' title='bbox 565 3005 751 3074; x_wconf 79' lang='lat' dir='ltr'>inhibitionis3</span> <span class='ocrx_word' id='word_1_310' title='bbox 762 3008 802 3063; x_wconf 92' lang='lat' dir='ltr'>rei</span> <span class='ocrx_word' id='word_1_311' title='bbox 824 3007 968 3077; x_wconf 83' lang='lat' dir='ltr'>gravitate,</span> 
     </span>
     <span class='ocr_line' id='line_1_41' title="bbox 171 3073 969 3148; baseline 0.008 -20"><span class='ocrx_word' id='word_1_312' title='bbox 171 3073 277 3145; x_wconf 89' lang='lat' dir='ltr'>etjusta</span> <span class='ocrx_word' id='word_1_313' title='bbox 297 3091 376 3131; x_wconf 92' lang='lat' dir='ltr'>causa</span> <span class='ocrx_word' id='word_1_314' title='bbox 401 3076 429 3131; x_wconf 91' lang='lat' dir='ltr'>id</span> <span class='ocrx_word' id='word_1_315' title='bbox 448 3077 594 3143; x_wconf 83' lang='lat' dir='ltr'>suadente,</span> <span class='ocrx_word' id='word_1_316' title='bbox 607 3084 653 3132; x_wconf 92' lang='lat' dir='ltr'>aut</span> <span class='ocrx_word' id='word_1_317' title='bbox 673 3077 856 3148; x_wconf 86' lang='lat' dir='ltr'>permittente.</span> <span class='ocrx_word' id='word_1_318' title='bbox 876 3080 969 3148; x_wconf 86' lang='lat' dir='ltr'>Quaa-</span> 
     </span>
     <span class='ocr_line' id='line_1_42' title="bbox 170 3142 968 3219; baseline 0.01 -22"><span class='ocrx_word' id='word_1_319' title='bbox 170 3142 325 3217; x_wconf 90' lang='lat' dir='ltr'>docnmque</span> <span class='ocrx_word' id='word_1_320' title='bbox 351 3145 423 3200; x_wconf 88' lang='lat' dir='ltr'>enim</span> <span class='ocrx_word' id='word_1_321' title='bbox 449 3147 506 3201; x_wconf 86' lang='lat' dir='ltr'>sire</span> <span class='ocrx_word' id='word_1_322' title='bbox 531 3147 624 3219; x_wconf 85' lang='lat' dir='ltr'>alege,</span> <span class='ocrx_word' id='word_1_323' title='bbox 648 3147 704 3204; x_wconf 83' lang='lat' dir='ltr'>sire</span> <span class='ocrx_word' id='word_1_324' title='bbox 729 3148 763 3203; x_wconf 87' lang='lat' dir='ltr'>ab</span> <span class='ocrx_word' id='word_1_325' title='bbox 783 3148 895 3204; x_wconf 89' lang='lat' dir='ltr'>bomine</span> <span class='ocrx_word' id='word_1_326' title='bbox 918 3150 968 3206; x_wconf 89' lang='lat' dir='ltr'>sub</span> 
     </span>
     <span class='ocr_line' id='line_1_43' title="bbox 171 3217 970 3292; baseline 0.01 -24"><span class='ocrx_word' id='word_1_327' title='bbox 171 3229 253 3285; x_wconf 86' lang='lat' dir='ltr'>pmna</span> <span class='ocrx_word' id='word_1_328' title='bbox 276 3217 566 3272; x_wconf 79' lang='lat' dir='ltr'>excommunicationis</span> <span class='ocrx_word' id='word_1_329' title='bbox 580 3218 683 3287; x_wconf 90' lang='lat' dir='ltr'>aliquid</span> <span class='ocrx_word' id='word_1_330' title='bbox 710 3219 830 3290; x_wconf 87' lang='lat' dir='ltr'>legitime</span> <span class='ocrx_word' id='word_1_331' title='bbox 851 3221 970 3292; x_wconf 83' lang='lat' dir='ltr'>praecipi·</span> 
     </span>
     <span class='ocr_line' id='line_1_44' title="bbox 172 3286 967 3413; baseline 0.009 -73"><span class='ocrx_word' id='word_1_332' title='bbox 172 3293 227 3352; x_wconf 93' lang='lat' dir='ltr'>tur,</span> <span class='ocrx_word' id='word_1_333' title='bbox 249 3293 296 3341; x_wconf 89' lang='lat' dir='ltr'>aut</span> <span class='ocrx_word' id='word_1_334' title='bbox 312 3286 485 3358; x_wconf 88' lang='lat' dir='ltr'>prohibetur,</span> <span class='ocrx_word' id='word_1_335' title='bbox 512 3288 671 3413; x_wconf 63' lang='lat' dir='ltr'>iutelliqitur</span> <span class='ocrx_word' id='word_1_336' title='bbox 688 3298 831 3361; x_wconf 86' lang='lat' dir='ltr'>peccatum</span> <span class='ocrx_word' id='word_1_337' title='bbox 852 3292 967 3347; x_wconf 78' lang='lat' dir='ltr'>monale</span> 
     </span>
     <span class='ocr_line' id='line_1_45' title="bbox 171 3357 965 3436; baseline 0.011 -27"><span class='ocrx_word' id='word_1_338' title='bbox 171 3357 453 3436; x_wconf 77' lang='lat' dir='ltr'>essetalipraecepto,</span> <span class='ocrx_word' id='word_1_339' title='bbox 479 3367 526 3413; x_wconf 93' lang='lat' dir='ltr'>aut</span> <span class='ocrx_word' id='word_1_340' title='bbox 552 3375 601 3430; x_wconf 92' lang='lat' dir='ltr'>pro</span> <span class='ocrx_word' id='word_1_341' title='bbox 623 3359 730 3416; x_wconf 90' lang='lat' dir='ltr'>ibitioni</span> <span class='ocrx_word' id='word_1_342' title='bbox 758 3377 813 3416; x_wconf 94' lang='lat' dir='ltr'>non</span> <span class='ocrx_word' id='word_1_343' title='bbox 839 3362 965 3428; x_wconf 83' lang='lat' dir='ltr'>obedirc;</span> 
     </span>
     <span class='ocr_line' id='line_1_46' title="bbox 170 3429 969 3500; baseline 0.009 -20"><span class='ocrx_word' id='word_1_344' title='bbox 170 3429 276 3483; x_wconf 84' lang='lat' dir='ltr'>etiamsi</span> <span class='ocrx_word' id='word_1_345' title='bbox 289 3429 348 3500; x_wconf 87' lang='lat' dir='ltr'>ejus</span> <span class='ocrx_word' id='word_1_346' title='bbox 362 3430 528 3497; x_wconf 85' lang='lat' dir='ltr'>trangressio</span> <span class='ocrx_word' id='word_1_347' title='bbox 543 3430 619 3494; x_wconf 88' lang='lat' dir='ltr'>alias,</span> <span class='ocrx_word' id='word_1_348' title='bbox 633 3439 661 3486; x_wconf 92' lang='lat' dir='ltr'>et</span> <span class='ocrx_word' id='word_1_349' title='bbox 678 3433 829 3487; x_wconf 89' lang='lat' dir='ltr'>secundum</span> <span class='ocrx_word' id='word_1_350' title='bbox 855 3449 885 3489; x_wconf 87' lang='lat' dir='ltr'>se</span> <span class='ocrx_word' id='word_1_351' title='bbox 912 3449 969 3488; x_wconf 93' lang='lat' dir='ltr'>non</span> 
     </span>
     <span class='ocr_line' id='line_1_47' title="bbox 171 3500 970 3573; baseline 0.009 -21"><span class='ocrx_word' id='word_1_352' title='bbox 171 3504 243 3553; x_wconf 88' lang='lat' dir='ltr'>essct</span> <span class='ocrx_word' id='word_1_353' title='bbox 261 3500 395 3556; x_wconf 87' lang='lat' dir='ltr'>mortalis.</span> <span class='ocrx_word' id='word_1_354' title='bbox 414 3501 497 3556; x_wconf 89' lang='lat' dir='ltr'>Unde</span> <span class='ocrx_word' id='word_1_355' title='bbox 518 3501 683 3558; x_wconf 90' lang='lat' dir='ltr'>sumendum</span> <span class='ocrx_word' id='word_1_356' title='bbox 704 3502 840 3573; x_wconf 80' lang='lat' dir='ltr'>judicium</span> <span class='ocrx_word' id='word_1_357' title='bbox 863 3503 898 3559; x_wconf 93' lang='lat' dir='ltr'>de</span> <span class='ocrx_word' id='word_1_358' title='bbox 917 3504 970 3559; x_wconf 93' lang='lat' dir='ltr'>illis</span> 
     </span>
     <span class='ocr_line' id='line_1_48' title="bbox 92 3567 968 3649; baseline 0.009 -27"><span class='ocrx_word' id='word_1_359' title='bbox 92 3573 95 3578; x_wconf 82' lang='lat'>&#39;</span> <span class='ocrx_word' id='word_1_360' title='bbox 170 3567 275 3649; x_wconf 42' lang='lat' dir='ltr'>culpis?</span> <span class='ocrx_word' id='word_1_361' title='bbox 294 3585 362 3641; x_wconf 90' lang='lat' dir='ltr'>quas</span> <span class='ocrx_word' id='word_1_362' title='bbox 382 3572 515 3643; x_wconf 89' lang='lat' dir='ltr'>superiori</span> <span class='ocrx_word' id='word_1_363' title='bbox 535 3573 622 3643; x_wconf 86' lang='lat' dir='ltr'>eapite</span> <span class='ocrx_word' id='word_1_364' title='bbox 637 3578 742 3629; x_wconf 76' lang='lat' dir='ltr'>Auctor</span> <span class='ocrx_word' id='word_1_365' title='bbox 755 3584 968 3644; x_wconf 85' lang='lat' dir='ltr'>commemorat,</span> 
     </span>
     <span class='ocr_line' id='line_1_49' title="bbox 170 3638 966 3715; baseline 0.011 -23"><span class='ocrx_word' id='word_1_366' title='bbox 170 3638 284 3711; x_wconf 84' lang='lat' dir='ltr'>aliisque</span> <span class='ocrx_word' id='word_1_367' title='bbox 298 3642 442 3698; x_wconf 89' lang='lat' dir='ltr'>similibus.</span> <span class='ocrx_word' id='word_1_368' title='bbox 469 3644 552 3714; x_wconf 78' lang='lat' dir='ltr'>Atqui</span> <span class='ocrx_word' id='word_1_369' title='bbox 574 3658 607 3698; x_wconf 87' lang='lat' dir='ltr'>ex</span> <span class='ocrx_word' id='word_1_370' title='bbox 630 3643 711 3715; x_wconf 88' lang='lat' dir='ltr'>hujus</span> <span class='ocrx_word' id='word_1_371' title='bbox 736 3644 787 3700; x_wconf 91' lang='lat' dir='ltr'>loci</span> <span class='ocrx_word' id='word_1_372' title='bbox 805 3653 966 3715; x_wconf 89' lang='lat' dir='ltr'>argumento</span> 
     </span>
     <span class='ocr_line' id='line_1_50' title="bbox 170 3709 966 3784; baseline 0.009 -19"><span class='ocrx_word' id='word_1_373' title='bbox 170 3709 298 3784; x_wconf 87' lang='lat' dir='ltr'>colligere</span> <span class='ocrx_word' id='word_1_374' title='bbox 312 3713 439 3769; x_wconf 87' lang='lat' dir='ltr'>licetduo</span> <span class='ocrx_word' id='word_1_375' title='bbox 454 3713 535 3768; x_wconf 84' lang='lat' dir='ltr'>veluti</span> <span class='ocrx_word' id='word_1_376' title='bbox 557 3715 700 3770; x_wconf 90' lang='lat' dir='ltr'>corollaria</span> <span class='ocrx_word' id='word_1_377' title='bbox 723 3715 805 3779; x_wconf 88' lang='lat' dir='ltr'>scitu,</span> <span class='ocrx_word' id='word_1_378' title='bbox 819 3724 846 3771; x_wconf 91' lang='lat' dir='ltr'>et</span> <span class='ocrx_word' id='word_1_379' title='bbox 870 3725 966 3772; x_wconf 91' lang='lat' dir='ltr'>notatu</span> 
     </span>
     <span class='ocr_line' id='line_1_51' title="bbox 170 3780 967 3856; baseline 0.008 -20"><span class='ocrx_word' id='word_1_380' title='bbox 170 3780 265 3855; x_wconf 90' lang='lat' dir='ltr'>digna.</span> <span class='ocrx_word' id='word_1_381' title='bbox 292 3784 414 3839; x_wconf 86' lang='lat' dir='ltr'>Primum</span> <span class='ocrx_word' id='word_1_382' title='bbox 439 3784 560 3851; x_wconf 87' lang='lat' dir='ltr'>abbates,</span> <span class='ocrx_word' id='word_1_383' title='bbox 587 3785 710 3856; x_wconf 88' lang='lat' dir='ltr'>aliosque</span> <span class='ocrx_word' id='word_1_384' title='bbox 734 3788 967 3843; x_wconf 90' lang='lat' dir='ltr'>monasteriorum</span> 
     </span>
     <span class='ocr_line' id='line_1_52' title="bbox 170 3851 967 3927; baseline 0.009 -20"><span class='ocrx_word' id='word_1_385' title='bbox 170 3851 314 3923; x_wconf 76' lang='lat' dir='ltr'>praefectos</span> <span class='ocrx_word' id='word_1_386' title='bbox 336 3855 440 3921; x_wconf 82' lang='lat' dir='ltr'>babere¹</span> <span class='ocrx_word' id='word_1_387' title='bbox 448 3863 608 3927; x_wconf 87' lang='lat' dir='ltr'>potestatem</span> <span class='ocrx_word' id='word_1_388' title='bbox 623 3855 802 3927; x_wconf 89' lang='lat' dir='ltr'>suspendendi</span> <span class='ocrx_word' id='word_1_389' title='bbox 817 3872 883 3913; x_wconf 91' lang='lat' dir='ltr'>suos</span> <span class='ocrx_word' id='word_1_390' title='bbox 903 3873 967 3914; x_wconf 89' lang='lat' dir='ltr'>mo-</span> 
     </span>
     <span class='ocr_line' id='line_1_53' title="bbox 169 3924 968 4005; baseline 0.01 -28"><span class='ocrx_word' id='word_1_391' title='bbox 169 3924 283 4005; x_wconf 80' lang='lat' dir='ltr'>naeuos,</span> <span class='ocrx_word' id='word_1_392' title='bbox 305 3941 360 3981; x_wconf 90' lang='lat' dir='ltr'>non</span> <span class='ocrx_word' id='word_1_393' title='bbox 382 3927 471 3981; x_wconf 93' lang='lat' dir='ltr'>solum</span> <span class='ocrx_word' id='word_1_394' title='bbox 484 3926 518 3982; x_wconf 91' lang='lat' dir='ltr'>ab</span> <span class='ocrx_word' id='word_1_395' title='bbox 543 3927 676 3995; x_wconf 91' lang='lat' dir='ltr'>oratione,</span> <span class='ocrx_word' id='word_1_396' title='bbox 691 3926 719 3983; x_wconf 92' lang='lat' dir='ltr'>id</span> <span class='ocrx_word' id='word_1_397' title='bbox 735 3937 785 3992; x_wconf 88' lang='lat' dir='ltr'>est,</span> <span class='ocrx_word' id='word_1_398' title='bbox 810 3927 845 3982; x_wconf 89' lang='lat' dir='ltr'>ab</span> <span class='ocrx_word' id='word_1_399' title='bbox 866 3927 968 3985; x_wconf 86' lang='lat' dir='ltr'>ciliciis</span> 
     </span>
     <span class='ocr_line' id='line_1_54' title="bbox 170 3994 967 4066; baseline 0.008 -16"><span class='ocrx_word' id='word_1_400' title='bbox 170 3994 280 4062; x_wconf 82' lang='lat' dir='ltr'>divinis,</span> <span class='ocrx_word' id='word_1_401' title='bbox 295 4004 321 4051; x_wconf 91' lang='lat' dir='ltr'>et</span> <span class='ocrx_word' id='word_1_402' title='bbox 343 4005 453 4053; x_wconf 80' lang='lat' dir='ltr'>externo</span> <span class='ocrx_word' id='word_1_403' title='bbox 476 3998 617 4065; x_wconf 90' lang='lat' dir='ltr'>convictu,</span> <span class='ocrx_word' id='word_1_404' title='bbox 632 4006 660 4053; x_wconf 93' lang='lat' dir='ltr'>et</span> <span class='ocrx_word' id='word_1_405' title='bbox 677 3998 817 4054; x_wconf 90' lang='lat' dir='ltr'>consortio</span> <span class='ocrx_word' id='word_1_406' title='bbox 832 3998 967 4066; x_wconf 77' lang='lat' dir='ltr'>fratrum3</span> 
     </span>
     <span class='ocr_line' id='line_1_55' title="bbox 171 4066 968 4142; baseline 0.011 -24"><span class='ocrx_word' id='word_1_407' title='bbox 171 4079 266 4122; x_wconf 83' lang='lat' dir='ltr'>verum</span> <span class='ocrx_word' id='word_1_408' title='bbox 291 4066 374 4122; x_wconf 89' lang='lat' dir='ltr'>etiam</span> <span class='ocrx_word' id='word_1_409' title='bbox 400 4068 562 4138; x_wconf 80' lang='lat' dir='ltr'>praecidendi</span> <span class='ocrx_word' id='word_1_410' title='bbox 581 4084 725 4140; x_wconf 88' lang='lat' dir='ltr'>acorpore</span> <span class='ocrx_word' id='word_1_411' title='bbox 747 4069 867 4136; x_wconf 85' lang='lat' dir='ltr'>Christi,</span> <span class='ocrx_word' id='word_1_412' title='bbox 895 4070 968 4142; x_wconf 94' lang='lat' dir='ltr'>quod</span> 
     </span>
     <span class='ocr_line' id='line_1_56' title="bbox 169 4138 969 4211; baseline 0.009 -20"><span class='ocrx_word' id='word_1_413' title='bbox 169 4142 211 4192; x_wconf 88' lang='lat' dir='ltr'>est</span> <span class='ocrx_word' id='word_1_414' title='bbox 228 4138 358 4207; x_wconf 86' lang='lat' dir='ltr'>Ecclesia,</span> <span class='ocrx_word' id='word_1_415' title='bbox 372 4148 400 4195; x_wconf 88' lang='lat' dir='ltr'>et</span> <span class='ocrx_word' id='word_1_416' title='bbox 419 4140 542 4196; x_wconf 92' lang='lat' dir='ltr'>tradendi</span> <span class='ocrx_word' id='word_1_417' title='bbox 561 4142 684 4197; x_wconf 88' lang='lat' dir='ltr'>Satanae:</span> <span class='ocrx_word' id='word_1_418' title='bbox 700 4155 782 4211; x_wconf 88' lang='lat' dir='ltr'>quam</span> <span class='ocrx_word' id='word_1_419' title='bbox 807 4141 907 4199; x_wconf 87' lang='lat' dir='ltr'>merito</span> <span class='ocrx_word' id='word_1_420' title='bbox 918 4158 969 4198; x_wconf 88' lang='lat' dir='ltr'>ro-</span> 
     </span>
     <span class='ocr_line' id='line_1_57' title="bbox 137 4210 966 4283; baseline 0.008 -22"><span class='ocrx_word' id='word_1_421' title='bbox 137 4228 140 4233; x_wconf 94' lang='lat'>·</span> <span class='ocrx_word' id='word_1_422' title='bbox 171 4215 215 4262; x_wconf 88' lang='lat' dir='ltr'>cat</span> <span class='ocrx_word' id='word_1_423' title='bbox 230 4211 265 4262; x_wconf 88' lang='lat' dir='ltr'>D.</span> <span class='ocrx_word' id='word_1_424' title='bbox 282 4210 446 4266; x_wconf 90' lang='lat' dir='ltr'>Bcnedietus</span> <span class='ocrx_word' id='word_1_425' title='bbox 456 4213 604 4266; x_wconf 79' lang='lat' dir='ltr'>terribilem</span> <span class='ocrx_word' id='word_1_426' title='bbox 617 4214 777 4266; x_wconf 77' lang='lat' dir='ltr'>scatentium</span> <span class='ocrx_word' id='word_1_427' title='bbox 800 4214 882 4283; x_wconf 83' lang='lat' dir='ltr'>(Cup.</span> <span class='ocrx_word' id='word_1_428' title='bbox 905 4219 966 4281; x_wconf 68' lang='lat'>25),</span> 
     </span>
    </p>
   </div>
   <div class='ocr_carea' id='block_1_11' title="bbox 66 4276 968 4358">
    <p class='ocr_par' dir='ltr' id='par_1_11' title="bbox 66 4276 968 4358">
     <span class='ocr_line' id='line_1_58' title="bbox 66 4276 968 4358; baseline 0.013 -29"><span class='ocrx_word' id='word_1_429' title='bbox 66 4312 72 4317; x_wconf 87' lang='lat'><em>-</em></span> <span class='ocrx_word' id='word_1_430' title='bbox 169 4276 301 4358; x_wconf 82' lang='lat' dir='ltr'>quianon</span> <span class='ocrx_word' id='word_1_431' title='bbox 315 4280 405 4335; x_wconf 89' lang='lat' dir='ltr'>solum</span> <span class='ocrx_word' id='word_1_432' title='bbox 419 4290 527 4337; x_wconf 80' lang='lat' dir='ltr'>externa</span> <span class='ocrx_word' id='word_1_433' title='bbox 543 4283 629 4352; x_wconf 84' lang='lat' dir='ltr'>privat</span> <span class='ocrx_word' id='word_1_434' title='bbox 641 4283 908 4350; x_wconf 65' lang='lat' dir='ltr'>communicationes</span> <span class='ocrx_word' id='word_1_435' title='bbox 919 4285 968 4341; x_wconf 89' lang='lat' dir='ltr'>sed</span> 
     </span>
    </p>
   </div>
   <div class='ocr_carea' id='block_1_12' title="bbox 169 4347 965 4703">
    <p class='ocr_par' dir='ltr' id='par_1_12' title="bbox 169 4347 965 4703">
     <span class='ocr_line' id='line_1_59' title="bbox 169 4347 965 4425; baseline 0.011 -24"><span class='ocrx_word' id='word_1_436' title='bbox 169 4361 291 4403; x_wconf 82' lang='lat' dir='ltr'>animam</span> <span class='ocrx_word' id='word_1_437' title='bbox 306 4347 379 4405; x_wconf 91' lang='lat' dir='ltr'>baud</span> <span class='ocrx_word' id='word_1_438' title='bbox 396 4350 478 4405; x_wconf 90' lang='lat' dir='ltr'>dubie</span> <span class='ocrx_word' id='word_1_439' title='bbox 490 4352 608 4424; x_wconf 84' lang='lat' dir='ltr'>attingit,</span> <span class='ocrx_word' id='word_1_440' title='bbox 621 4368 702 4425; x_wconf 91' lang='lat' dir='ltr'>quam</span> <span class='ocrx_word' id='word_1_441' title='bbox 713 4354 815 4409; x_wconf 90' lang='lat' dir='ltr'>diaboli</span> <span class='ocrx_word' id='word_1_442' title='bbox 831 4356 965 4425; x_wconf 86' lang='lat' dir='ltr'>tyrannidi</span> 
     </span>
     <span class='ocr_line' id='line_1_60' title="bbox 171 4418 965 4496; baseline 0.008 -22"><span class='ocrx_word' id='word_1_443' title='bbox 171 4418 291 4490; x_wconf 86' lang='lat' dir='ltr'>subjicit,</span> <span class='ocrx_word' id='word_1_444' title='bbox 312 4428 339 4475; x_wconf 86' lang='lat' dir='ltr'>et</span> <span class='ocrx_word' id='word_1_445' title='bbox 353 4421 499 4477; x_wconf 83' lang='lat' dir='ltr'>obnoxiam</span> <span class='ocrx_word' id='word_1_446' title='bbox 518 4422 622 4487; x_wconf 67' lang='lat' dir='ltr'>reddita</span> <span class='ocrx_word' id='word_1_447' title='bbox 639 4430 669 4479; x_wconf 92' lang='lat' dir='ltr'>ut</span> <span class='ocrx_word' id='word_1_448' title='bbox 688 4423 789 4479; x_wconf 86' lang='lat' dir='ltr'>merito</span> <span class='ocrx_word' id='word_1_449' title='bbox 800 4424 907 4479; x_wconf 88' lang='lat' dir='ltr'>dicatur</span> <span class='ocrx_word' id='word_1_450' title='bbox 918 4426 965 4496; x_wconf 90' lang='lat' dir='ltr'>ju-</span> 
     </span>
     <span class='ocr_line' id='line_1_61' title="bbox 170 4493 965 4563; baseline 0.011 -20"><span class='ocrx_word' id='word_1_451' title='bbox 170 4497 307 4557; x_wconf 88' lang='lat' dir='ltr'>mentum,</span> <span class='ocrx_word' id='word_1_452' title='bbox 325 4499 371 4546; x_wconf 89' lang='lat' dir='ltr'>aut</span> <span class='ocrx_word' id='word_1_453' title='bbox 380 4493 545 4563; x_wconf 89' lang='lat' dir='ltr'>mancipium</span> <span class='ocrx_word' id='word_1_454' title='bbox 569 4494 680 4550; x_wconf 90' lang='lat' dir='ltr'>diaboli.</span> <span class='ocrx_word' id='word_1_455' title='bbox 705 4493 831 4550; x_wconf 66' lang='lat' dir='ltr'>&amp;cundo</span> <span class='ocrx_word' id='word_1_456' title='bbox 852 4494 965 4552; x_wconf 84' lang='lat' dir='ltr'>observa</span> 
     </span>
     <span class='ocr_line' id='line_1_62' title="bbox 169 4560 964 4637; baseline 0.008 -22"><span class='ocrx_word' id='word_1_457' title='bbox 169 4560 313 4631; x_wconf 91' lang='lat' dir='ltr'>antiquum</span> <span class='ocrx_word' id='word_1_458' title='bbox 328 4564 485 4620; x_wconf 74' lang='lat' dir='ltr'>monasticar</span> <span class='ocrx_word' id='word_1_459' title='bbox 505 4564 652 4637; x_wconf 83' lang='lat' dir='ltr'>discipliuae</span> <span class='ocrx_word' id='word_1_460' title='bbox 678 4564 817 4637; x_wconf 83' lang='lat' dir='ltr'>rigorem,</span> <span class='ocrx_word' id='word_1_461' title='bbox 842 4572 870 4619; x_wconf 90' lang='lat' dir='ltr'>et</span> <span class='ocrx_word' id='word_1_462' title='bbox 890 4565 964 4631; x_wconf 80' lang='lat' dir='ltr'>rigo·</span> 
     </span>
     <span class='ocr_line' id='line_1_63' title="bbox 169 4634 964 4703; baseline 0.01 -17"><span class='ocrx_word' id='word_1_463' title='bbox 169 4647 240 4699; x_wconf 87' lang='lat' dir='ltr'>rem,</span> <span class='ocrx_word' id='word_1_464' title='bbox 257 4648 311 4703; x_wconf 93' lang='lat' dir='ltr'>quo</span> <span class='ocrx_word' id='word_1_465' title='bbox 331 4634 455 4690; x_wconf 88' lang='lat' dir='ltr'>solebant</span> <span class='ocrx_word' id='word_1_466' title='bbox 474 4634 610 4692; x_wconf 91' lang='lat' dir='ltr'>interdum</span> <span class='ocrx_word' id='word_1_467' title='bbox 635 4635 763 4691; x_wconf 90' lang='lat' dir='ltr'>monacbi</span> <span class='ocrx_word' id='word_1_468' title='bbox 788 4643 964 4694; x_wconf 87' lang='lat' dir='ltr'>contumaces</span> 
     </span>
    </p>
   </div>
   <div class='ocr_carea' id='block_1_13' title="bbox 169 4698 1004 4775">
    <p class='ocr_par' dir='ltr' id='par_1_13' title="bbox 169 4698 1004 4775">
     <span class='ocr_line' id='line_1_64' title="bbox 169 4698 1004 4775; baseline 0.001 -15"><span class='ocrx_word' id='word_1_469' title='bbox 169 4704 296 4775; x_wconf 84' lang='lat' dir='ltr'>suspendi</span> <span class='ocrx_word' id='word_1_470' title='bbox 312 4705 347 4761; x_wconf 87' lang='lat' dir='ltr'>ab</span> <span class='ocrx_word' id='word_1_471' title='bbox 366 4706 533 4774; x_wconf 90' lang='lat' dir='ltr'>oratione,id</span> <span class='ocrx_word' id='word_1_472' title='bbox 551 4716 603 4768; x_wconf 86' lang='lat' dir='ltr'>est,</span> <span class='ocrx_word' id='word_1_473' title='bbox 620 4706 851 4762; x_wconf 86' lang='lat' dir='ltr'>excommunicari</span> <span class='ocrx_word' id='word_1_474' title='bbox 871 4721 886 4761; x_wconf 93' lang='lat' dir='ltr'>a</span> <span class='ocrx_word' id='word_1_475' title='bbox 906 4698 1004 4764; x_wconf 86' lang='lat' dir='ltr'>suisD</span> 
     </span>
    </p>
   </div>
   <div class='ocr_carea' id='block_1_14' title="bbox 166 4775 966 5417">
    <p class='ocr_par' dir='ltr' id='par_1_14' title="bbox 167 4775 966 5125">
     <span class='ocr_line' id='line_1_65' title="bbox 168 4775 965 4849; baseline 0.008 -21"><span class='ocrx_word' id='word_1_476' title='bbox 168 4775 321 4843; x_wconf 90' lang='lat' dir='ltr'>abbatibus,</span> <span class='ocrx_word' id='word_1_477' title='bbox 344 4784 371 4832; x_wconf 89' lang='lat' dir='ltr'>et</span> <span class='ocrx_word' id='word_1_478' title='bbox 389 4778 585 4849; x_wconf 86' lang='lat' dir='ltr'>superioribus,</span> <span class='ocrx_word' id='word_1_479' title='bbox 600 4776 662 4832; x_wconf 90' lang='lat' dir='ltr'>licet</span> <span class='ocrx_word' id='word_1_480' title='bbox 673 4776 785 4833; x_wconf 89' lang='lat' dir='ltr'>tortasse</span> <span class='ocrx_word' id='word_1_481' title='bbox 804 4792 860 4833; x_wconf 94' lang='lat' dir='ltr'>non</span> <span class='ocrx_word' id='word_1_482' title='bbox 873 4793 965 4834; x_wconf 88' lang='lat' dir='ltr'>sacer·</span> 
     </span>
     <span class='ocr_line' id='line_1_66' title="bbox 167 4845 966 4920; baseline 0.004 -17"><span class='ocrx_word' id='word_1_483' title='bbox 167 4845 294 4914; x_wconf 73' lang='lat' dir='ltr'>dotibus,</span> <span class='ocrx_word' id='word_1_484' title='bbox 310 4848 468 4920; x_wconf 87' lang='lat' dir='ltr'>hujusmodi</span> <span class='ocrx_word' id='word_1_485' title='bbox 489 4847 562 4904; x_wconf 90' lang='lat' dir='ltr'>enim</span> <span class='ocrx_word' id='word_1_486' title='bbox 584 4845 739 4903; x_wconf 81' lang='lat' dir='ltr'>facultatem</span> <span class='ocrx_word' id='word_1_487' title='bbox 762 4847 790 4903; x_wconf 92' lang='lat' dir='ltr'>in</span> <span class='ocrx_word' id='word_1_488' title='bbox 815 4849 966 4906; x_wconf 86' lang='lat' dir='ltr'>monachos</span> 
     </span>
     <span class='ocr_line' id='line_1_67' title="bbox 167 4917 963 4990; baseline 0.005 -17"><span class='ocrx_word' id='word_1_489' title='bbox 167 4917 218 4973; x_wconf 87' lang='lat' dir='ltr'>sibi</span> <span class='ocrx_word' id='word_1_490' title='bbox 245 4918 368 4974; x_wconf 88' lang='lat' dir='ltr'>subditos</span> <span class='ocrx_word' id='word_1_491' title='bbox 391 4918 491 4975; x_wconf 87' lang='lat' dir='ltr'>babere</span> <span class='ocrx_word' id='word_1_492' title='bbox 516 4926 629 4990; x_wconf 90' lang='lat' dir='ltr'>possunt</span> <span class='ocrx_word' id='word_1_493' title='bbox 652 4926 680 4974; x_wconf 88' lang='lat' dir='ltr'>et</span> <span class='ocrx_word' id='word_1_494' title='bbox 702 4917 803 4974; x_wconf 87' lang='lat' dir='ltr'>babent</span> <span class='ocrx_word' id='word_1_495' title='bbox 835 4919 963 4990; x_wconf 90' lang='lat' dir='ltr'>abbates,</span> 
     </span>
     <span class='ocr_line' id='line_1_68' title="bbox 167 4987 965 5064; baseline 0.005 -21"><span class='ocrx_word' id='word_1_496' title='bbox 167 4987 249 5044; x_wconf 90' lang='lat' dir='ltr'>ctiam</span> <span class='ocrx_word' id='word_1_497' title='bbox 261 5004 317 5044; x_wconf 89' lang='lat' dir='ltr'>non</span> <span class='ocrx_word' id='word_1_498' title='bbox 329 4989 480 5055; x_wconf 90' lang='lat' dir='ltr'>benedicti,</span> <span class='ocrx_word' id='word_1_499' title='bbox 497 5005 547 5045; x_wconf 88' lang='lat' dir='ltr'>nec</span> <span class='ocrx_word' id='word_1_500' title='bbox 560 4990 726 5062; x_wconf 73' lang='lat' dir='ltr'>presbyteri3</span> <span class='ocrx_word' id='word_1_501' title='bbox 740 4989 825 5045; x_wconf 91' lang='lat' dir='ltr'>modo</span> <span class='ocrx_word' id='word_1_502' title='bbox 844 4991 965 5064; x_wconf 88' lang='lat' dir='ltr'>legitime</span> 
     </span>
     <span class='ocr_line' id='line_1_69' title="bbox 168 5058 839 5125; baseline 0.001 -11"><span class='ocrx_word' id='word_1_503' title='bbox 168 5058 297 5125; x_wconf 83' lang='lat' dir='ltr'>instituti,</span> <span class='ocrx_word' id='word_1_504' title='bbox 313 5068 340 5115; x_wconf 90' lang='lat' dir='ltr'>et</span> <span class='ocrx_word' id='word_1_505' title='bbox 353 5060 520 5115; x_wconf 78' lang='lat' dir='ltr'>confirmati.</span> <span class='ocrx_word' id='word_1_506' title='bbox 538 5063 641 5116; x_wconf 90' lang='lat' dir='ltr'>Verum</span> <span class='ocrx_word' id='word_1_507' title='bbox 662 5061 695 5117; x_wconf 88' lang='lat' dir='ltr'>de</span> <span class='ocrx_word' id='word_1_508' title='bbox 706 5061 749 5116; x_wconf 92' lang='lat' dir='ltr'>bis</span> <span class='ocrx_word' id='word_1_509' title='bbox 763 5062 839 5116; x_wconf 86' lang='lat' dir='ltr'>satis.</span> 
     </span>
    </p>

    <p class='ocr_par' dir='ltr' id='par_1_15' title="bbox 166 5129 966 5417">
     <span class='ocr_line' id='line_1_70' title="bbox 203 5129 966 5213; baseline 0.008 -29"><span class='ocrx_word' id='word_1_510' title='bbox 203 5132 215 5161; x_wconf 82' lang='lat'>⁸</span> <span class='ocrx_word' id='word_1_511' title='bbox 230 5129 312 5185; x_wconf 88' lang='lat' dir='ltr'>Vides</span> <span class='ocrx_word' id='word_1_512' title='bbox 326 5132 469 5213; x_wconf 85' lang='lat' dir='ltr'>antiquum</span> <span class='ocrx_word' id='word_1_513' title='bbox 482 5131 604 5202; x_wconf 83' lang='lat' dir='ltr'>vigorem</span> <span class='ocrx_word' id='word_1_514' title='bbox 624 5131 786 5204; x_wconf 72' lang='lat' dir='ltr'>disciplinae,</span> <span class='ocrx_word' id='word_1_515' title='bbox 799 5142 827 5187; x_wconf 88' lang='lat' dir='ltr'>et</span> <span class='ocrx_word' id='word_1_516' title='bbox 845 5147 966 5190; x_wconf 85' lang='lat' dir='ltr'>ceasurae</span> 
     </span>
     <span class='ocr_line' id='line_1_71' title="bbox 167 5199 964 5273; baseline 0.004 -17"><span class='ocrx_word' id='word_1_517' title='bbox 167 5199 357 5273; x_wconf 70' lang='lat' dir='ltr'>ecclesiastieae</span> <span class='ocrx_word' id='word_1_518' title='bbox 367 5209 449 5256; x_wconf 89' lang='lat' dir='ltr'>utram</span> <span class='ocrx_word' id='word_1_519' title='bbox 463 5217 477 5256; x_wconf 91' lang='lat' dir='ltr'>a</span> <span class='ocrx_word' id='word_1_520' title='bbox 499 5202 534 5256; x_wconf 92' lang='lat' dir='ltr'>ud</span> <span class='ocrx_word' id='word_1_521' title='bbox 548 5211 651 5258; x_wconf 81' lang='lat' dir='ltr'>veteres</span> <span class='ocrx_word' id='word_1_522' title='bbox 664 5212 691 5258; x_wconf 90' lang='lat' dir='ltr'>ct</span> <span class='ocrx_word' id='word_1_523' title='bbox 702 5203 856 5259; x_wconf 83' lang='lat' dir='ltr'>orientales</span> <span class='ocrx_word' id='word_1_524' title='bbox 868 5219 964 5259; x_wconf 91' lang='lat' dir='ltr'>mona·</span> 
     </span>
     <span class='ocr_line' id='line_1_72' title="bbox 167 5217 964 5341; baseline 0.005 -15"><span class='ocrx_word' id='word_1_525' title='bbox 167 5270 232 5327; x_wconf 86' lang='lat' dir='ltr'>ciros</span> <span class='ocrx_word' id='word_1_526' title='bbox 259 5271 442 5328; x_wconf 88' lang='lat' dir='ltr'>observatum.</span> <span class='ocrx_word' id='word_1_527' title='bbox 469 5217 529 5341; x_wconf 51' lang='lat' dir='ltr'>(gua</span> <span class='ocrx_word' id='word_1_528' title='bbox 548 5271 582 5328; x_wconf 89' lang='lat' dir='ltr'>de</span> <span class='ocrx_word' id='word_1_529' title='bbox 602 5288 632 5329; x_wconf 91' lang='lat' dir='ltr'>re</span> <span class='ocrx_word' id='word_1_530' title='bbox 652 5282 758 5330; x_wconf 79' lang='lat' dir='ltr'>ersmut</span> <span class='ocrx_word' id='word_1_531' title='bbox 778 5290 896 5330; x_wconf 90' lang='lat' dir='ltr'>canones</span> <span class='ocrx_word' id='word_1_532' title='bbox 915 5274 964 5330; x_wconf 86' lang='lat' dir='ltr'>ali·</span> 
     </span>
     <span class='ocr_line' id='line_1_73' title="bbox 166 5343 965 5417; baseline 0.005 -20"><span class='ocrx_word' id='word_1_533' title='bbox 166 5351 234 5414; x_wconf 94' lang='lat' dir='ltr'>quot</span> <span class='ocrx_word' id='word_1_534' title='bbox 258 5343 330 5414; x_wconf 87' lang='lat' dir='ltr'>apud</span> <span class='ocrx_word' id='word_1_535' title='bbox 343 5344 505 5401; x_wconf 88' lang='lat' dir='ltr'>Gratianum</span> <span class='ocrx_word' id='word_1_536' title='bbox 522 5349 564 5410; x_wconf 89' lang='lat' dir='ltr'>tt,</span> <span class='ocrx_word' id='word_1_537' title='bbox 582 5359 610 5416; x_wconf 87' lang='lat' dir='ltr'>q.</span> <span class='ocrx_word' id='word_1_538' title='bbox 634 5351 660 5411; x_wconf 82' lang='grc'>3,</span> <span class='ocrx_word' id='word_1_539' title='bbox 685 5361 716 5400; x_wconf 88' lang='lat' dir='ltr'>ac</span> <span class='ocrx_word' id='word_1_540' title='bbox 728 5345 863 5417; x_wconf 79' lang='lat' dir='ltr'>praecipue</span> <span class='ocrx_word' id='word_1_541' title='bbox 877 5361 965 5401; x_wconf 89' lang='lat' dir='ltr'>canon</span> 
     </span>
    </p>
   </div>
   <div class='ocr_carea' id='block_1_15' title="bbox 1018 1448 1828 4633">
    <p class='ocr_par' dir='ltr' id='par_1_16' title="bbox 1018 1448 1828 4633">
     <span class='ocr_line' id='line_1_74' title="bbox 1024 1448 1828 1520; baseline -0.002 -14"><span class='ocrx_word' id='word_1_542' title='bbox 1024 1448 1124 1506; x_wconf 90' lang='lat' dir='ltr'>isidori</span> <span class='ocrx_word' id='word_1_543' title='bbox 1138 1464 1154 1505; x_wconf 89' lang='lat' dir='ltr'>a</span> <span class='ocrx_word' id='word_1_544' title='bbox 1169 1450 1301 1505; x_wconf 86' lang='lat' dir='ltr'>Gratiano</span> <span class='ocrx_word' id='word_1_545' title='bbox 1314 1456 1343 1505; x_wconf 92' lang='lat' dir='ltr'>et</span> <span class='ocrx_word' id='word_1_546' title='bbox 1364 1449 1545 1520; x_wconf 82' lang='lat' dir='ltr'>asmaragdo</span> <span class='ocrx_word' id='word_1_547' title='bbox 1565 1450 1663 1505; x_wconf 89' lang='lat' dir='ltr'>citatus</span> <span class='ocrx_word' id='word_1_548' title='bbox 1688 1453 1730 1516; x_wconf 92' lang='lat' dir='ltr'>(tt</span> <span class='ocrx_word' id='word_1_549' title='bbox 1753 1466 1780 1519; x_wconf 87' lang='lat' dir='ltr'>q.</span> <span class='ocrx_word' id='word_1_550' title='bbox 1798 1455 1828 1515; x_wconf 78' lang='lat' dir='ltr'>t,</span> 
     </span>
     <span class='ocr_line' id='line_1_75' title="bbox 1022 1520 1827 1591; baseline 0.001 -15"><span class='ocrx_word' id='word_1_551' title='bbox 1022 1537 1082 1591; x_wconf 90' lang='lat' dir='ltr'>cap.</span> <span class='ocrx_word' id='word_1_552' title='bbox 1097 1522 1162 1577; x_wconf 81' lang='lat' dir='ltr'>Cum</span> <span class='ocrx_word' id='word_1_553' title='bbox 1172 1523 1435 1587; x_wconf 74' lang='lat' dir='ltr'>excommunicatio).</span> <span class='ocrx_word' id='word_1_554' title='bbox 1446 1523 1507 1577; x_wconf 87' lang='lat' dir='ltr'>Hoc</span> <span class='ocrx_word' id='word_1_555' title='bbox 1517 1520 1598 1591; x_wconf 86' lang='lat' dir='ltr'>igitur</span> <span class='ocrx_word' id='word_1_556' title='bbox 1607 1528 1765 1576; x_wconf 88' lang='lat' dir='ltr'>sanctorum</span> <span class='ocrx_word' id='word_1_557' title='bbox 1775 1522 1827 1577; x_wconf 87' lang='lat' dir='ltr'>Pa·</span> 
     </span>
     <span class='ocr_line' id='line_1_76' title="bbox 1024 1591 1828 1659; baseline -0.001 -13"><span class='ocrx_word' id='word_1_558' title='bbox 1024 1599 1097 1648; x_wconf 90' lang='lat' dir='ltr'>trum</span> <span class='ocrx_word' id='word_1_559' title='bbox 1112 1592 1278 1659; x_wconf 88' lang='lat' dir='ltr'>institutum,</span> <span class='ocrx_word' id='word_1_560' title='bbox 1289 1601 1410 1648; x_wconf 83' lang='lat' dir='ltr'>veterum</span> <span class='ocrx_word' id='word_1_561' title='bbox 1425 1593 1508 1647; x_wconf 90' lang='lat' dir='ltr'>etiam</span> <span class='ocrx_word' id='word_1_562' title='bbox 1524 1591 1725 1647; x_wconf 87' lang='lat' dir='ltr'>monachornm</span> <span class='ocrx_word' id='word_1_563' title='bbox 1737 1605 1828 1646; x_wconf 82' lang='lat' dir='ltr'>exem·</span> 
     </span>
     <span class='ocr_line' id='line_1_77' title="bbox 1022 1662 1827 1734; baseline 0.001 -17"><span class='ocrx_word' id='word_1_564' title='bbox 1022 1662 1068 1734; x_wconf 91' lang='lat' dir='ltr'>plo</span> <span class='ocrx_word' id='word_1_565' title='bbox 1085 1662 1277 1718; x_wconf 86' lang='lat' dir='ltr'>confirmatum</span> <span class='ocrx_word' id='word_1_566' title='bbox 1294 1663 1391 1719; x_wconf 78' lang='lat' dir='ltr'>mento</span> <span class='ocrx_word' id='word_1_567' title='bbox 1409 1666 1445 1718; x_wconf 91' lang='lat' dir='ltr'>D.</span> <span class='ocrx_word' id='word_1_568' title='bbox 1463 1662 1624 1718; x_wconf 88' lang='lat' dir='ltr'>Benedictus</span> <span class='ocrx_word' id='word_1_569' title='bbox 1636 1677 1693 1718; x_wconf 79' lang='lat' dir='ltr'>suae</span> <span class='ocrx_word' id='word_1_570' title='bbox 1712 1662 1827 1731; x_wconf 82' lang='lat' dir='ltr'>Begulae</span> 
     </span>
     <span class='ocr_line' id='line_1_78' title="bbox 1023 1732 1828 1804; baseline -0.001 -16"><span class='ocrx_word' id='word_1_571' title='bbox 1023 1732 1215 1788; x_wconf 88' lang='lat' dir='ltr'>ascribendum</span> <span class='ocrx_word' id='word_1_572' title='bbox 1227 1733 1314 1788; x_wconf 83' lang='lat' dir='ltr'>duxit.</span> <span class='ocrx_word' id='word_1_573' title='bbox 1329 1735 1399 1789; x_wconf 90' lang='lat' dir='ltr'>Nam</span> <span class='ocrx_word' id='word_1_574' title='bbox 1414 1749 1473 1804; x_wconf 89' lang='lat' dir='ltr'>cap.</span> <span class='ocrx_word' id='word_1_575' title='bbox 1487 1739 1522 1788; x_wconf 75' lang='lat'>26</span> <span class='ocrx_word' id='word_1_576' title='bbox 1534 1734 1570 1788; x_wconf 89' lang='lat' dir='ltr'>ita</span> <span class='ocrx_word' id='word_1_577' title='bbox 1586 1734 1680 1788; x_wconf 88' lang='lat' dir='ltr'>statuit</span> <span class='ocrx_word' id='word_1_578' title='bbox 1695 1750 1701 1786; x_wconf 92' lang='lat'><strong>:</strong></span> <span class='ocrx_word' id='word_1_579' title='bbox 1722 1734 1754 1788; x_wconf 86' lang='lat' dir='ltr'>Si</span> <span class='ocrx_word' id='word_1_580' title='bbox 1763 1735 1828 1803; x_wconf 86' lang='lat' dir='ltr'>quis</span> 
     </span>
     <span class='ocr_line' id='line_1_79' title="bbox 1022 1805 1826 1875; baseline 0.001 -17"><span class='ocrx_word' id='word_1_581' title='bbox 1022 1807 1336 1875; x_wconf 79' lang='lat' dir='ltr'>(raterproesumpserit,</span> <span class='ocrx_word' id='word_1_582' title='bbox 1352 1808 1409 1860; x_wconf 91' lang='lat' dir='ltr'>sine</span> <span class='ocrx_word' id='word_1_583' title='bbox 1419 1806 1542 1874; x_wconf 81' lang='lat' dir='ltr'>jussione</span> <span class='ocrx_word' id='word_1_584' title='bbox 1554 1805 1662 1859; x_wconf 82' lang='lat' dir='ltr'>abbatis</span> <span class='ocrx_word' id='word_1_585' title='bbox 1675 1806 1764 1871; x_wconf 71' lang='lat' dir='ltr'>tratri</span> <span class='ocrx_word' id='word_1_586' title='bbox 1776 1820 1826 1859; x_wconf 79' lang='lat' dir='ltr'>ea-</span> 
     </span>
     <span class='ocr_line' id='line_1_80' title="bbox 1023 1875 1827 1946; baseline 0.001 -17"><span class='ocrx_word' id='word_1_587' title='bbox 1023 1877 1217 1929; x_wconf 84' lang='lat' dir='ltr'>communiaato</span> <span class='ocrx_word' id='word_1_588' title='bbox 1228 1876 1346 1945; x_wconf 84' lang='lat' dir='ltr'>quolibet</span> <span class='ocrx_word' id='word_1_589' title='bbox 1359 1876 1437 1930; x_wconf 85' lang='lat' dir='ltr'>mocio</span> <span class='ocrx_word' id='word_1_590' title='bbox 1449 1875 1607 1946; x_wconf 78' lang='lat' dir='ltr'>sejunqere,</span> <span class='ocrx_word' id='word_1_591' title='bbox 1621 1880 1670 1929; x_wconf 85' lang='lat' dir='ltr'>aut</span> <span class='ocrx_word' id='word_1_592' title='bbox 1684 1876 1759 1944; x_wconf 84' lang='lat' dir='ltr'>loqui</span> <span class='ocrx_word' id='word_1_593' title='bbox 1767 1890 1827 1930; x_wconf 89' lang='lat' dir='ltr'>cum</span> 
     </span>
     <span class='ocr_line' id='line_1_81' title="bbox 1025 1946 1828 2016; baseline -0.001 -16"><span class='ocrx_word' id='word_1_594' title='bbox 1025 1946 1828 2016; x_wconf 69' lang='lat' dir='ltr'>co,autmcndatnmaidiriqerersimilemsortiatureaceom·</span> 
     </span>
     <span class='ocr_line' id='line_1_82' title="bbox 1024 2016 1825 2082; baseline 0.002 -12"><span class='ocrx_word' id='word_1_595' title='bbox 1024 2019 1214 2072; x_wconf 73' lang='lat' dir='ltr'>manicationes</span> <span class='ocrx_word' id='word_1_596' title='bbox 1227 2018 1387 2072; x_wconf 82' lang='lat' dir='ltr'>uindictam.</span> <span class='ocrx_word' id='word_1_597' title='bbox 1402 2018 1459 2074; x_wconf 91' lang='lat' dir='ltr'>Ubi</span> <span class='ocrx_word' id='word_1_598' title='bbox 1478 2016 1647 2082; x_wconf 88' lang='lat' dir='ltr'>notandum,</span> <span class='ocrx_word' id='word_1_599' title='bbox 1661 2017 1700 2072; x_wconf 89' lang='lat' dir='ltr'>ait</span> <span class='ocrx_word' id='word_1_600' title='bbox 1720 2017 1825 2072; x_wconf 88' lang='lat' dir='ltr'>Turre·</span> 
     </span>
     <span class='ocr_line' id='line_1_83' title="bbox 1024 2086 1824 2159; baseline 0.001 -18"><span class='ocrx_word' id='word_1_601' title='bbox 1024 2096 1171 2153; x_wconf 88' lang='lat' dir='ltr'>crematus,</span> <span class='ocrx_word' id='word_1_602' title='bbox 1181 2087 1255 2159; x_wconf 91' lang='lat' dir='ltr'>quod</span> <span class='ocrx_word' id='word_1_603' title='bbox 1269 2089 1297 2143; x_wconf 88' lang='lat' dir='ltr'>S.</span> <span class='ocrx_word' id='word_1_604' title='bbox 1317 2089 1395 2144; x_wconf 91' lang='lat' dir='ltr'>Pater</span> <span class='ocrx_word' id='word_1_605' title='bbox 1406 2086 1462 2144; x_wconf 85' lang='lat' dir='ltr'>non</span> <span class='ocrx_word' id='word_1_606' title='bbox 1476 2088 1597 2159; x_wconf 90' lang='lat' dir='ltr'>loquitur</span> <span class='ocrx_word' id='word_1_607' title='bbox 1608 2088 1641 2143; x_wconf 91' lang='lat' dir='ltr'>de</span> <span class='ocrx_word' id='word_1_608' title='bbox 1662 2086 1757 2143; x_wconf 90' lang='lat' dir='ltr'>illicita</span> <span class='ocrx_word' id='word_1_609' title='bbox 1778 2086 1824 2142; x_wconf 90' lang='lat' dir='ltr'>illa</span> 
     </span>
     <span class='ocr_line' id='line_1_84' title="bbox 1027 2156 1826 2229; baseline 0 -17"><span class='ocrx_word' id='word_1_610' title='bbox 1027 2158 1234 2229; x_wconf 88' lang='lat' dir='ltr'>participatione</span> <span class='ocrx_word' id='word_1_611' title='bbox 1248 2174 1311 2214; x_wconf 89' lang='lat' dir='ltr'>curn</span> <span class='ocrx_word' id='word_1_612' title='bbox 1325 2159 1562 2215; x_wconf 76' lang='lat' dir='ltr'>excommunicato</span> <span class='ocrx_word' id='word_1_613' title='bbox 1576 2157 1607 2214; x_wconf 89' lang='lat' dir='ltr'>in</span> <span class='ocrx_word' id='word_1_614' title='bbox 1621 2156 1718 2215; x_wconf 89' lang='lat' dir='ltr'>eodem</span> <span class='ocrx_word' id='word_1_615' title='bbox 1730 2156 1826 2213; x_wconf 81' lang='lat' dir='ltr'>crimi-</span> 
     </span>
     <span class='ocr_line' id='line_1_85' title="bbox 1023 2228 1824 2301; baseline 0.001 -19"><span class='ocrx_word' id='word_1_616' title='bbox 1023 2243 1073 2292; x_wconf 88' lang='lat' dir='ltr'>ne,</span> <span class='ocrx_word' id='word_1_617' title='bbox 1102 2229 1306 2301; x_wconf 90' lang='lat' dir='ltr'>propterquod</span> <span class='ocrx_word' id='word_1_618' title='bbox 1331 2239 1372 2286; x_wconf 89' lang='lat' dir='ltr'>est</span> <span class='ocrx_word' id='word_1_619' title='bbox 1389 2230 1657 2295; x_wconf 65' lang='lat' dir='ltr'>excommunicatum</span> <span class='ocrx_word' id='word_1_620' title='bbox 1680 2229 1771 2285; x_wconf 90' lang='lat' dir='ltr'>dando</span> <span class='ocrx_word' id='word_1_621' title='bbox 1799 2228 1824 2283; x_wconf 94' lang='lat' dir='ltr'>ei</span> 
     </span>
     <span class='ocr_line' id='line_1_86' title="bbox 1024 2299 1825 2371; baseline -0.001 -16"><span class='ocrx_word' id='word_1_622' title='bbox 1024 2299 1173 2355; x_wconf 86' lang='lat' dir='ltr'>consilium</span> <span class='ocrx_word' id='word_1_623' title='bbox 1183 2341 1191 2368; x_wconf 92' lang='lat'>,</span> <span class='ocrx_word' id='word_1_624' title='bbox 1201 2301 1352 2368; x_wconf 79' lang='lat' dir='ltr'>auxilium,</span> <span class='ocrx_word' id='word_1_625' title='bbox 1366 2301 1406 2356; x_wconf 86' lang='lat' dir='ltr'>vel</span> <span class='ocrx_word' id='word_1_626' title='bbox 1430 2300 1552 2356; x_wconf 84' lang='lat' dir='ltr'>favorem</span> <span class='ocrx_word' id='word_1_627' title='bbox 1566 2320 1572 2355; x_wconf 74' lang='grc' dir='ltr'><strong><em>ε</em></strong></span> <span class='ocrx_word' id='word_1_628' title='bbox 1587 2301 1649 2371; x_wconf 89' lang='lat' dir='ltr'>quia</span> <span class='ocrx_word' id='word_1_629' title='bbox 1664 2300 1729 2355; x_wconf 87' lang='lat' dir='ltr'>talis</span> <span class='ocrx_word' id='word_1_630' title='bbox 1742 2299 1825 2369; x_wconf 90' lang='lat' dir='ltr'>parti·</span> 
     </span>
     <span class='ocr_line' id='line_1_87' title="bbox 1023 2368 1823 2441; baseline 0 -16"><span class='ocrx_word' id='word_1_631' title='bbox 1023 2368 1188 2441; x_wconf 90' lang='lat' dir='ltr'>cipansipso</span> <span class='ocrx_word' id='word_1_632' title='bbox 1203 2370 1275 2426; x_wconf 89' lang='lat' dir='ltr'>facto</span> <span class='ocrx_word' id='word_1_633' title='bbox 1297 2370 1450 2427; x_wconf 90' lang='lat' dir='ltr'>secundum</span> <span class='ocrx_word' id='word_1_634' title='bbox 1479 2371 1536 2426; x_wconf 89' lang='lat' dir='ltr'>&#39;ura</span> <span class='ocrx_word' id='word_1_635' title='bbox 1560 2371 1675 2425; x_wconf 88' lang='lat' dir='ltr'>incurrit</span> <span class='ocrx_word' id='word_1_636' title='bbox 1698 2371 1823 2425; x_wconf 88' lang='lat' dir='ltr'>eamdem</span> 
     </span>
     <span class='ocr_line' id='line_1_88' title="bbox 1024 2387 1823 2512; baseline -0.003 -17"><span class='ocrx_word' id='word_1_637' title='bbox 1024 2442 1202 2507; x_wconf 87' lang='lat' dir='ltr'>senteutiam;</span> <span class='ocrx_word' id='word_1_638' title='bbox 1227 2440 1378 2496; x_wconf 80' lang='lat' dir='ltr'>seurndnm</span> <span class='ocrx_word' id='word_1_639' title='bbox 1409 2387 1484 2512; x_wconf 58' lang='lat' dir='ltr'>quod</span> <span class='ocrx_word' id='word_1_640' title='bbox 1509 2441 1625 2496; x_wconf 86' lang='lat' dir='ltr'>babetur</span> <span class='ocrx_word' id='word_1_641' title='bbox 1655 2440 1681 2494; x_wconf 92' lang='lat' dir='ltr'>in</span> <span class='ocrx_word' id='word_1_642' title='bbox 1703 2440 1823 2510; x_wconf 88' lang='lat' dir='ltr'>capitulo</span> 
     </span>
     <span class='ocr_line' id='line_1_89' title="bbox 1023 2509 1826 2593; baseline -0.006 -24"><span class='ocrx_word' id='word_1_643' title='bbox 1023 2514 1125 2593; x_wconf 82' lang='lat' dir='ltr'>Nuper.</span> <span class='ocrx_word' id='word_1_644' title='bbox 1141 2510 1175 2567; x_wconf 91' lang='lat' dir='ltr'>de</span> <span class='ocrx_word' id='word_1_645' title='bbox 1188 2519 1304 2566; x_wconf 89' lang='lat' dir='ltr'>sentent.</span> <span class='ocrx_word' id='word_1_646' title='bbox 1325 2527 1433 2568; x_wconf 81' lang='lat' dir='ltr'>escum.</span> <span class='ocrx_word' id='word_1_647' title='bbox 1455 2511 1507 2568; x_wconf 86' lang='lat' dir='ltr'>Sed</span> <span class='ocrx_word' id='word_1_648' title='bbox 1524 2511 1647 2581; x_wconf 91' lang='lat' dir='ltr'>loquitur</span> <span class='ocrx_word' id='word_1_649' title='bbox 1660 2509 1694 2566; x_wconf 92' lang='lat' dir='ltr'>dc</span> <span class='ocrx_word' id='word_1_650' title='bbox 1706 2510 1826 2582; x_wconf 85' lang='lat' dir='ltr'>partici-</span> 
     </span>
     <span class='ocr_line' id='line_1_90' title="bbox 1024 2580 1825 2653; baseline -0.001 -17"><span class='ocrx_word' id='word_1_651' title='bbox 1024 2592 1131 2652; x_wconf 79' lang='lat' dir='ltr'>patione</span> <span class='ocrx_word' id='word_1_652' title='bbox 1152 2581 1180 2637; x_wconf 94' lang='lat' dir='ltr'>iu</span> <span class='ocrx_word' id='word_1_653' title='bbox 1206 2581 1363 2653; x_wconf 86' lang='lat' dir='ltr'>loquendo,</span> <span class='ocrx_word' id='word_1_654' title='bbox 1383 2583 1423 2638; x_wconf 86' lang='lat' dir='ltr'>rel</span> <span class='ocrx_word' id='word_1_655' title='bbox 1448 2580 1636 2648; x_wconf 88' lang='lat' dir='ltr'>comedendo,</span> <span class='ocrx_word' id='word_1_656' title='bbox 1664 2581 1703 2635; x_wconf 89' lang='lat' dir='ltr'>vel</span> <span class='ocrx_word' id='word_1_657' title='bbox 1730 2594 1825 2636; x_wconf 88' lang='lat' dir='ltr'>secum</span> 
     </span>
     <span class='ocr_line' id='line_1_91' title="bbox 1026 2650 1825 2723; baseline 0 -16"><span class='ocrx_word' id='word_1_658' title='bbox 1026 2652 1147 2717; x_wconf 68' lang='lat' dir='ltr'>orandus</span> <span class='ocrx_word' id='word_1_659' title='bbox 1166 2667 1228 2723; x_wconf 83' lang='lat' dir='ltr'>qum</span> <span class='ocrx_word' id='word_1_660' title='bbox 1242 2668 1305 2707; x_wconf 90' lang='lat' dir='ltr'>curn</span> <span class='ocrx_word' id='word_1_661' title='bbox 1316 2653 1348 2707; x_wconf 91' lang='lat' dir='ltr'>tit</span> <span class='ocrx_word' id='word_1_662' title='bbox 1360 2660 1455 2709; x_wconf 88' lang='lat' dir='ltr'>contra</span> <span class='ocrx_word' id='word_1_663' title='bbox 1470 2651 1644 2708; x_wconf 85' lang='lat' dir='ltr'>manilestam</span> <span class='ocrx_word' id='word_1_664' title='bbox 1658 2650 1825 2721; x_wconf 83' lang='lat' dir='ltr'>prohihitio-</span> 
     </span>
     <span class='ocr_line' id='line_1_92' title="bbox 1023 2721 1826 2795; baseline 0 -17"><span class='ocrx_word' id='word_1_665' title='bbox 1023 2738 1087 2778; x_wconf 89' lang='lat' dir='ltr'>uem</span> <span class='ocrx_word' id='word_1_666' title='bbox 1110 2724 1273 2794; x_wconf 88' lang='lat' dir='ltr'>Superioris,</span> <span class='ocrx_word' id='word_1_667' title='bbox 1289 2732 1430 2795; x_wconf 86' lang='lat' dir='ltr'>tamquam</span> <span class='ocrx_word' id='word_1_668' title='bbox 1452 2733 1592 2795; x_wconf 89' lang='lat' dir='ltr'>peccatum</span> <span class='ocrx_word' id='word_1_669' title='bbox 1618 2721 1734 2778; x_wconf 89' lang='lat' dir='ltr'>mortale</span> <span class='ocrx_word' id='word_1_670' title='bbox 1756 2722 1826 2778; x_wconf 91' lang='lat' dir='ltr'>inter</span> 
     </span>
     <span class='ocr_line' id='line_1_93' title="bbox 1026 2794 1824 2876; baseline 0 -27"><span class='ocrx_word' id='word_1_671' title='bbox 1026 2794 1165 2876; x_wconf 78' lang='lat' dir='ltr'>grariores</span> <span class='ocrx_word' id='word_1_672' title='bbox 1177 2795 1268 2865; x_wconf 89' lang='lat' dir='ltr'>culpas</span> <span class='ocrx_word' id='word_1_673' title='bbox 1288 2804 1516 2863; x_wconf 68' lang='lat' dir='ltr'>connumeratum</span> <span class='ocrx_word' id='word_1_674' title='bbox 1538 2803 1565 2850; x_wconf 91' lang='lat' dir='ltr'>ct</span> <span class='ocrx_word' id='word_1_675' title='bbox 1584 2810 1632 2865; x_wconf 92' lang='lat' dir='ltr'>per</span> <span class='ocrx_word' id='word_1_676' title='bbox 1655 2808 1824 2865; x_wconf 88' lang='lat' dir='ltr'>consequens</span> 
     </span>
     <span class='ocr_line' id='line_1_94' title="bbox 1023 2864 1823 2932; baseline 0 -13"><span class='ocrx_word' id='word_1_677' title='bbox 1023 2864 1105 2919; x_wconf 79' lang='lat' dir='ltr'>simili</span> <span class='ocrx_word' id='word_1_678' title='bbox 1127 2864 1243 2920; x_wconf 82' lang='lat' dir='ltr'>vindicta</span> <span class='ocrx_word' id='word_1_679' title='bbox 1274 2865 1350 2921; x_wconf 83' lang='lat' dir='ltr'>venit</span> <span class='ocrx_word' id='word_1_680' title='bbox 1375 2864 1502 2920; x_wconf 87' lang='lat' dir='ltr'>ierienda.</span> <span class='ocrx_word' id='word_1_681' title='bbox 1525 2865 1590 2921; x_wconf 87' lang='lat' dir='ltr'>ldeo</span> <span class='ocrx_word' id='word_1_682' title='bbox 1614 2867 1641 2920; x_wconf 90' lang='lat' dir='ltr'>S.</span> <span class='ocrx_word' id='word_1_683' title='bbox 1669 2867 1749 2919; x_wconf 88' lang='lat' dir='ltr'>Pater</span> <span class='ocrx_word' id='word_1_684' title='bbox 1772 2864 1823 2932; x_wconf 91' lang='lat' dir='ltr'>ait,</span> 
     </span>
     <span class='ocr_line' id='line_1_95' title="bbox 1024 2935 1825 3005; baseline -0.002 -15"><span class='ocrx_word' id='word_1_685' title='bbox 1024 2935 1219 3005; x_wconf 85' lang='lat' dir='ltr'>quodsimiiem</span> <span class='ocrx_word' id='word_1_686' title='bbox 1229 2939 1364 2991; x_wconf 84' lang='lat' dir='ltr'>sortiatur</span> <span class='ocrx_word' id='word_1_687' title='bbox 1373 2937 1656 2991; x_wconf 83' lang='lat' dir='ltr'>eaaommunicutionis</span> <span class='ocrx_word' id='word_1_688' title='bbox 1664 2935 1825 2989; x_wconf 85' lang='lat' dir='ltr'>uindictam.</span> 
     </span>
     <span class='ocr_line' id='line_1_96' title="bbox 1024 3005 1823 3068; baseline 0 -8"><span class='ocrx_word' id='word_1_689' title='bbox 1024 3007 1092 3062; x_wconf 75' lang='lat' dir='ltr'>llaec</span> <span class='ocrx_word' id='word_1_690' title='bbox 1105 3005 1159 3068; x_wconf 88' lang='lat' dir='ltr'>ille,</span> <span class='ocrx_word' id='word_1_691' title='bbox 1173 3005 1318 3061; x_wconf 86' lang='lat' dir='ltr'>manifeste</span> <span class='ocrx_word' id='word_1_692' title='bbox 1331 3005 1457 3062; x_wconf 86' lang='lat' dir='ltr'>indicans</span> <span class='ocrx_word' id='word_1_693' title='bbox 1477 3007 1629 3062; x_wconf 90' lang='lat' dir='ltr'>secundum</span> <span class='ocrx_word' id='word_1_694' title='bbox 1651 3011 1771 3059; x_wconf 79' lang='lat' dir='ltr'>naerrtem</span> <span class='ocrx_word' id='word_1_695' title='bbox 1789 3009 1823 3060; x_wconf 84' lang='lat' dir='ltr'>D.</span> 
     </span>
     <span class='ocr_line' id='line_1_97' title="bbox 1024 3076 1826 3141; baseline 0.001 -10"><span class='ocrx_word' id='word_1_696' title='bbox 1024 3076 1161 3132; x_wconf 89' lang='lat' dir='ltr'>Benedicti</span> <span class='ocrx_word' id='word_1_697' title='bbox 1180 3092 1235 3132; x_wconf 90' lang='lat' dir='ltr'>non</span> <span class='ocrx_word' id='word_1_698' title='bbox 1255 3091 1314 3133; x_wconf 87' lang='lat' dir='ltr'>esse</span> <span class='ocrx_word' id='word_1_699' title='bbox 1337 3078 1430 3132; x_wconf 88' lang='lat' dir='ltr'>statim</span> <span class='ocrx_word' id='word_1_700' title='bbox 1454 3076 1727 3133; x_wconf 82' lang='lat' dir='ltr'>excommunicatum</span> <span class='ocrx_word' id='word_1_701' title='bbox 1751 3080 1826 3141; x_wconf 88' lang='lat' dir='ltr'>(ma-</span> 
     </span>
     <span class='ocr_line' id='line_1_98' title="bbox 1024 3144 1825 3214; baseline 0 -12"><span class='ocrx_word' id='word_1_702' title='bbox 1024 3146 1081 3214; x_wconf 85' lang='lat' dir='ltr'>iore</span> <span class='ocrx_word' id='word_1_703' title='bbox 1096 3146 1199 3202; x_wconf 89' lang='lat' dir='ltr'>scilicet</span> <span class='ocrx_word' id='word_1_704' title='bbox 1213 3147 1495 3208; x_wconf 74' lang='lat' dir='ltr'>excopimunicatione</span> <span class='ocrx_word' id='word_1_705' title='bbox 1508 3163 1588 3202; x_wconf 89' lang='lat' dir='ltr'>:nam</span> <span class='ocrx_word' id='word_1_706' title='bbox 1606 3146 1640 3200; x_wconf 90' lang='lat' dir='ltr'>dc</span> <span class='ocrx_word' id='word_1_707' title='bbox 1659 3145 1764 3200; x_wconf 90' lang='lat' dir='ltr'>minore</span> <span class='ocrx_word' id='word_1_708' title='bbox 1777 3144 1825 3202; x_wconf 90' lang='lat' dir='ltr'>hic</span> 
     </span>
     <span class='ocr_line' id='line_1_99' title="bbox 1023 3217 1824 3290; baseline -0.004 -17"><span class='ocrx_word' id='word_1_709' title='bbox 1023 3233 1080 3273; x_wconf 91' lang='lat' dir='ltr'>non</span> <span class='ocrx_word' id='word_1_710' title='bbox 1092 3218 1191 3290; x_wconf 86' lang='lat' dir='ltr'>agitur)</span> <span class='ocrx_word' id='word_1_711' title='bbox 1205 3219 1252 3288; x_wconf 90' lang='lat' dir='ltr'>qui</span> <span class='ocrx_word' id='word_1_712' title='bbox 1274 3217 1434 3273; x_wconf 79' lang='lat' dir='ltr'>cumfratre</span> <span class='ocrx_word' id='word_1_713' title='bbox 1448 3217 1685 3273; x_wconf 83' lang='lat' dir='ltr'>excommunicato</span> <span class='ocrx_word' id='word_1_714' title='bbox 1698 3232 1824 3271; x_wconf 90' lang='lat' dir='ltr'>commu·</span> 
     </span>
     <span class='ocr_line' id='line_1_100' title="bbox 1021 3287 1826 3359; baseline 0 -15"><span class='ocrx_word' id='word_1_715' title='bbox 1021 3289 1106 3352; x_wconf 80' lang='lat' dir='ltr'>nicet,</span> <span class='ocrx_word' id='word_1_716' title='bbox 1119 3288 1311 3359; x_wconf 88' lang='lat' dir='ltr'>colloquendo,</span> <span class='ocrx_word' id='word_1_717' title='bbox 1324 3288 1505 3353; x_wconf 90' lang='lat' dir='ltr'>comedendo,</span> <span class='ocrx_word' id='word_1_718' title='bbox 1516 3297 1563 3343; x_wconf 89' lang='lat' dir='ltr'>aut</span> <span class='ocrx_word' id='word_1_719' title='bbox 1576 3287 1679 3342; x_wconf 90' lang='lat' dir='ltr'>orando</span> <span class='ocrx_word' id='word_1_720' title='bbox 1690 3308 1695 3341; x_wconf 77' lang='grc' dir='ltr'><em>ι</em></span> <span class='ocrx_word' id='word_1_721' title='bbox 1708 3287 1826 3344; x_wconf 84' lang='lat' dir='ltr'>sedasse</span> 
     </span>
     <span class='ocr_line' id='line_1_101' title="bbox 1024 3358 1825 3431; baseline -0.001 -16"><span class='ocrx_word' id='word_1_722' title='bbox 1024 3360 1310 3416; x_wconf 81' lang='lat' dir='ltr'>excommunicatione</span> <span class='ocrx_word' id='word_1_723' title='bbox 1341 3360 1464 3431; x_wconf 91' lang='lat' dir='ltr'>dignum.</span> <span class='ocrx_word' id='word_1_724' title='bbox 1490 3366 1526 3413; x_wconf 69' lang='lat' dir='ltr'>itt</span> <span class='ocrx_word' id='word_1_725' title='bbox 1554 3374 1585 3413; x_wconf 87' lang='lat' dir='ltr'>ex</span> <span class='ocrx_word' id='word_1_726' title='bbox 1610 3358 1736 3413; x_wconf 88' lang='lat' dir='ltr'>Cassiano</span> <span class='ocrx_word' id='word_1_727' title='bbox 1759 3358 1825 3414; x_wconf 89' lang='lat' dir='ltr'>satis</span> 
     </span>
     <span class='ocr_line' id='line_1_102' title="bbox 1023 3428 1822 3501; baseline -0.003 -16"><span class='ocrx_word' id='word_1_728' title='bbox 1023 3439 1135 3501; x_wconf 88' lang='lat' dir='ltr'>apparet</span> <span class='ocrx_word' id='word_1_729' title='bbox 1144 3428 1215 3500; x_wconf 88' lang='lat' dir='ltr'>apud</span> <span class='ocrx_word' id='word_1_730' title='bbox 1235 3430 1295 3485; x_wconf 87' lang='lat' dir='ltr'>illos</span> <span class='ocrx_word' id='word_1_731' title='bbox 1316 3430 1468 3485; x_wconf 85' lang='lat' dir='ltr'>monachos</span> <span class='ocrx_word' id='word_1_732' title='bbox 1482 3429 1556 3500; x_wconf 87' lang='lat' dir='ltr'>lege,</span> <span class='ocrx_word' id='word_1_733' title='bbox 1571 3437 1619 3483; x_wconf 89' lang='lat' dir='ltr'>aut</span> <span class='ocrx_word' id='word_1_734' title='bbox 1634 3435 1735 3482; x_wconf 83' lang='lat' dir='ltr'>statuto</span> <span class='ocrx_word' id='word_1_735' title='bbox 1759 3443 1822 3483; x_wconf 91' lang='lat' dir='ltr'>cau·</span> 
     </span>
     <span class='ocr_line' id='line_1_103' title="bbox 1023 3498 1824 3626; baseline 0 -72"><span class='ocrx_word' id='word_1_736' title='bbox 1023 3509 1082 3626; x_wconf 55' lang='lat' dir='ltr'>Nm</span> <span class='ocrx_word' id='word_1_737' title='bbox 1098 3500 1196 3568; x_wconf 87' lang='lat' dir='ltr'>fuisse,</span> <span class='ocrx_word' id='word_1_738' title='bbox 1218 3508 1265 3555; x_wconf 90' lang='lat' dir='ltr'>aut</span> <span class='ocrx_word' id='word_1_739' title='bbox 1289 3499 1485 3555; x_wconf 90' lang='lat' dir='ltr'>consuetudine</span> <span class='ocrx_word' id='word_1_740' title='bbox 1503 3498 1705 3565; x_wconf 67' lang='lat' dir='ltr'>introductum</span> <span class='ocrx_word' id='word_1_741' title='bbox 1726 3506 1756 3553; x_wconf 93' lang='lat' dir='ltr'>ut</span> <span class='ocrx_word' id='word_1_742' title='bbox 1778 3500 1824 3569; x_wconf 93' lang='lat' dir='ltr'>qui</span> 
     </span>
     <span class='ocr_line' id='line_1_104' title="bbox 1037 3568 1826 3636; baseline -0.003 -11"><span class='ocrx_word' id='word_1_743' title='bbox 1037 3572 1102 3627; x_wconf 91' lang='lat' dir='ltr'>ratri</span> <span class='ocrx_word' id='word_1_744' title='bbox 1117 3569 1354 3626; x_wconf 86' lang='lat' dir='ltr'>excommunicato</span> <span class='ocrx_word' id='word_1_745' title='bbox 1369 3571 1395 3625; x_wconf 92' lang='lat' dir='ltr'>in</span> <span class='ocrx_word' id='word_1_746' title='bbox 1418 3570 1552 3636; x_wconf 89' lang='lat' dir='ltr'>oratione,</span> <span class='ocrx_word' id='word_1_747' title='bbox 1574 3579 1622 3626; x_wconf 89' lang='lat' dir='ltr'>aut</span> <span class='ocrx_word' id='word_1_748' title='bbox 1647 3568 1744 3625; x_wconf 82' lang='lat' dir='ltr'>ciliciis</span> <span class='ocrx_word' id='word_1_749' title='bbox 1761 3569 1826 3624; x_wconf 86' lang='lat' dir='ltr'>divi-</span> 
     </span>
     <span class='ocr_line' id='line_1_105' title="bbox 1025 3638 1823 3712; baseline -0.003 -16"><span class='ocrx_word' id='word_1_750' title='bbox 1025 3642 1068 3697; x_wconf 90' lang='lat' dir='ltr'>nis</span> <span class='ocrx_word' id='word_1_751' title='bbox 1085 3641 1308 3709; x_wconf 81' lang='lat' dir='ltr'>communicaret,</span> <span class='ocrx_word' id='word_1_752' title='bbox 1326 3656 1359 3696; x_wconf 91' lang='lat' dir='ltr'>eo</span> <span class='ocrx_word' id='word_1_753' title='bbox 1374 3641 1432 3712; x_wconf 88' lang='lat' dir='ltr'>ipsu</span> <span class='ocrx_word' id='word_1_754' title='bbox 1455 3638 1580 3696; x_wconf 88' lang='lat' dir='ltr'>eamdem</span> <span class='ocrx_word' id='word_1_755' title='bbox 1602 3640 1823 3696; x_wconf 84' lang='lat' dir='ltr'>exeommunica-</span> 
     </span>
     <span class='ocr_line' id='line_1_106' title="bbox 1022 3711 1821 3782; baseline 0 -15"><span class='ocrx_word' id='word_1_756' title='bbox 1022 3712 1107 3768; x_wconf 92' lang='lat' dir='ltr'>tionis</span> <span class='ocrx_word' id='word_1_757' title='bbox 1128 3726 1239 3782; x_wconf 88' lang='lat' dir='ltr'>poenam</span> <span class='ocrx_word' id='word_1_758' title='bbox 1261 3711 1406 3768; x_wconf 88' lang='lat' dir='ltr'>incurrisse</span> <span class='ocrx_word' id='word_1_759' title='bbox 1431 3720 1598 3767; x_wconf 87' lang='lat' dir='ltr'>censeretur.</span> <span class='ocrx_word' id='word_1_760' title='bbox 1622 3715 1668 3766; x_wconf 79' lang='lat' dir='ltr'>Est</span> <span class='ocrx_word' id='word_1_761' title='bbox 1691 3721 1821 3781; x_wconf 82' lang='lat' dir='ltr'>practerea</span> 
     </span>
     <span class='ocr_line' id='line_1_107' title="bbox 1021 3780 1824 3854; baseline 0 -16"><span class='ocrx_word' id='word_1_762' title='bbox 1021 3780 1215 3839; x_wconf 81' lang='lat' dir='ltr'>advertendum</span> <span class='ocrx_word' id='word_1_763' title='bbox 1228 3782 1272 3837; x_wconf 91' lang='lat' dir='ltr'>bic</span> <span class='ocrx_word' id='word_1_764' title='bbox 1285 3783 1401 3854; x_wconf 85' lang='lat' dir='ltr'>supponi</span> <span class='ocrx_word' id='word_1_765' title='bbox 1411 3782 1664 3854; x_wconf 84' lang='lat' dir='ltr'>praesumptionem,</span> <span class='ocrx_word' id='word_1_766' title='bbox 1677 3790 1738 3838; x_wconf 91' lang='lat' dir='ltr'>tum</span> <span class='ocrx_word' id='word_1_767' title='bbox 1751 3781 1824 3853; x_wconf 89' lang='lat' dir='ltr'>apud</span> 
     </span>
     <span class='ocr_line' id='line_1_108' title="bbox 1021 3854 1822 3925; baseline -0.001 -17"><span class='ocrx_word' id='word_1_768' title='bbox 1021 3854 1192 3917; x_wconf 86' lang='lat' dir='ltr'>Cassianum,</span> <span class='ocrx_word' id='word_1_769' title='bbox 1207 3861 1268 3908; x_wconf 92' lang='lat' dir='ltr'>tum</span> <span class='ocrx_word' id='word_1_770' title='bbox 1287 3854 1359 3925; x_wconf 89' lang='lat' dir='ltr'>apud</span> <span class='ocrx_word' id='word_1_771' title='bbox 1378 3855 1412 3908; x_wconf 86' lang='grc' dir='ltr'>Ι).</span> <span class='ocrx_word' id='word_1_772' title='bbox 1429 3854 1618 3910; x_wconf 86' lang='lat' dir='ltr'>Benedictum.</span> <span class='ocrx_word' id='word_1_773' title='bbox 1645 3854 1676 3909; x_wconf 84' lang='lat' dir='ltr'>St</span> <span class='ocrx_word' id='word_1_774' title='bbox 1693 3868 1822 3922; x_wconf 79' lang='lat' dir='ltr'>praesum·</span> 
     </span>
     <span class='ocr_line' id='line_1_109' title="bbox 1020 3924 1825 3996; baseline 0 -18"><span class='ocrx_word' id='word_1_775' title='bbox 1020 3927 1118 3994; x_wconf 77' lang='lat' dir='ltr'>pectit,</span> <span class='ocrx_word' id='word_1_776' title='bbox 1139 3924 1279 3996; x_wconf 74' lang='lat' dir='ltr'>inquiunt,</span> <span class='ocrx_word' id='word_1_777' title='bbox 1296 3939 1348 3994; x_wconf 90' lang='lat' dir='ltr'>qua</span> <span class='ocrx_word' id='word_1_778' title='bbox 1375 3932 1450 3994; x_wconf 89' lang='lat' dir='ltr'>parte</span> <span class='ocrx_word' id='word_1_779' title='bbox 1464 3924 1597 3995; x_wconf 84' lang='lat' dir='ltr'>excipitur</span> <span class='ocrx_word' id='word_1_780' title='bbox 1611 3924 1762 3993; x_wconf 82' lang='lat' dir='ltr'>ignorantia</span> <span class='ocrx_word' id='word_1_781' title='bbox 1778 3939 1825 3979; x_wconf 84' lang='lat' dir='ltr'>cx·</span> 
     </span>
     <span class='ocr_line' id='line_1_110' title="bbox 1022 3995 1822 4051; baseline 0 -2"><span class='ocrx_word' id='word_1_782' title='bbox 1022 3995 1158 4050; x_wconf 82' lang='lat' dir='ltr'>cusabilis.</span> <span class='ocrx_word' id='word_1_783' title='bbox 1185 3997 1234 4051; x_wconf 83' lang='lat' dir='ltr'>Est</span> <span class='ocrx_word' id='word_1_784' title='bbox 1258 3996 1332 4051; x_wconf 88' lang='lat' dir='ltr'>enim</span> <span class='ocrx_word' id='word_1_785' title='bbox 1348 3996 1547 4051; x_wconf 87' lang='lat' dir='ltr'>consolatorius</span> <span class='ocrx_word' id='word_1_786' title='bbox 1570 3996 1596 4049; x_wconf 92' lang='lat' dir='ltr'>in</span> <span class='ocrx_word' id='word_1_787' title='bbox 1622 3997 1705 4050; x_wconf 85' lang='lat' dir='ltr'>Sexto</span> <span class='ocrx_word' id='word_1_788' title='bbox 1727 3996 1822 4049; x_wconf 87' lang='lat' dir='ltr'>Canon</span> 
     </span>
     <span class='ocr_line' id='line_1_111' title="bbox 1021 4065 1821 4138; baseline -0.003 -17"><span class='ocrx_word' id='word_1_789' title='bbox 1021 4065 1153 4122; x_wconf 85' lang='lat' dir='ltr'>Boniiacii</span> <span class='ocrx_word' id='word_1_790' title='bbox 1173 4082 1273 4138; x_wconf 73' lang='lat' dir='ltr'>papae:</span> <span class='ocrx_word' id='word_1_791' title='bbox 1293 4071 1328 4124; x_wconf 84' lang='lat' dir='ltr'>ut</span> <span class='ocrx_word' id='word_1_792' title='bbox 1352 4070 1508 4121; x_wconf 78' lang='lat' dir='ltr'>amianarum</span> <span class='ocrx_word' id='word_1_793' title='bbox 1530 4067 1660 4136; x_wconf 78' lang='lat' dir='ltr'>perieulis</span> <span class='ocrx_word' id='word_1_794' title='bbox 1685 4066 1821 4132; x_wconf 65' lang='lat' dir='ltr'>adpictum</span> 
     </span>
     <span class='ocr_line' id='line_1_112' title="bbox 1020 4137 1823 4211; baseline -0.004 -19"><span class='ocrx_word' id='word_1_795' title='bbox 1020 4140 1161 4194; x_wconf 86' lang='lat' dir='ltr'>sententiis</span> <span class='ocrx_word' id='word_1_796' title='bbox 1172 4153 1221 4207; x_wconf 78' lang='lat' dir='ltr'>per·</span> <span class='ocrx_word' id='word_1_797' title='bbox 1240 4142 1345 4211; x_wconf 79' lang='lat' dir='ltr'>statuta</span> <span class='ocrx_word' id='word_1_798' title='bbox 1363 4152 1592 4207; x_wconf 74' lang='lat' dir='ltr'>quantamcumque</span> <span class='ocrx_word' id='word_1_799' title='bbox 1611 4137 1823 4193; x_wconf 82' lang='lat' dir='ltr'>Ordinariorum</span> 
     </span>
     <span class='ocr_line' id='line_1_113' title="bbox 1018 4208 1822 4279; baseline -0.004 -15"><span class='ocrx_word' id='word_1_800' title='bbox 1018 4211 1136 4279; x_wconf 83' lang='lat' dir='ltr'>prolatis</span> <span class='ocrx_word' id='word_1_801' title='bbox 1145 4211 1229 4277; x_wconf 80' lang='lat' dir='ltr'>lipari</span> <span class='ocrx_word' id='word_1_802' title='bbox 1238 4209 1362 4262; x_wconf 84' lang='lat' dir='ltr'>nolrtmus</span> <span class='ocrx_word' id='word_1_803' title='bbox 1374 4211 1546 4276; x_wconf 76' lang='lat' dir='ltr'>ignorantes:</span> <span class='ocrx_word' id='word_1_804' title='bbox 1558 4208 1623 4262; x_wconf 86' lang='lat' dir='ltr'>dum</span> <span class='ocrx_word' id='word_1_805' title='bbox 1631 4212 1721 4262; x_wconf 88' lang='lat' dir='ltr'>tamen</span> <span class='ocrx_word' id='word_1_806' title='bbox 1730 4222 1822 4261; x_wconf 83' lang='lat' dir='ltr'>eorum</span> 
     </span>
     <span class='ocr_line' id='line_1_114' title="bbox 1019 4279 1821 4349; baseline 0 -15"><span class='ocrx_word' id='word_1_807' title='bbox 1019 4282 1177 4349; x_wconf 73' lang='lat' dir='ltr'>ignorantia</span> <span class='ocrx_word' id='word_1_808' title='bbox 1190 4293 1283 4332; x_wconf 85' lang='lat' dir='ltr'>crassa</span> <span class='ocrx_word' id='word_1_809' title='bbox 1295 4293 1348 4332; x_wconf 89' lang='lat' dir='ltr'>non</span> <span class='ocrx_word' id='word_1_810' title='bbox 1359 4280 1456 4345; x_wconf 75' lang='lat' dir='ltr'>fuerit,</span> <span class='ocrx_word' id='word_1_811' title='bbox 1470 4284 1520 4333; x_wconf 88' lang='lat' dir='ltr'>aut</span> <span class='ocrx_word' id='word_1_812' title='bbox 1531 4283 1631 4349; x_wconf 88' lang='lat' dir='ltr'>supina</span> <span class='ocrx_word' id='word_1_813' title='bbox 1641 4283 1696 4344; x_wconf 82' lang='lat' dir='ltr'>(Be</span> <span class='ocrx_word' id='word_1_814' title='bbox 1707 4279 1821 4335; x_wconf 75' lang='lat' dir='ltr'>constit.</span> 
     </span>
     <span class='ocr_line' id='line_1_115' title="bbox 1020 4348 1824 4433; baseline -0.001 -28"><span class='ocrx_word' id='word_1_815' title='bbox 1020 4366 1079 4433; x_wconf 84' lang='lat' dir='ltr'>cap.</span> <span class='ocrx_word' id='word_1_816' title='bbox 1098 4355 1138 4415; x_wconf 79' lang='lat' dir='ltr'>t).</span> <span class='ocrx_word' id='word_1_817' title='bbox 1157 4348 1336 4419; x_wconf 77' lang='lat' dir='ltr'>Excipiuntur</span> <span class='ocrx_word' id='word_1_818' title='bbox 1359 4358 1386 4403; x_wconf 89' lang='lat' dir='ltr'>et</span> <span class='ocrx_word' id='word_1_819' title='bbox 1408 4349 1467 4404; x_wconf 85' lang='lat' dir='ltr'>aliae</span> <span class='ocrx_word' id='word_1_820' title='bbox 1492 4365 1582 4404; x_wconf 84' lang='lat' dir='ltr'>causae</span> <span class='ocrx_word' id='word_1_821' title='bbox 1609 4348 1751 4420; x_wconf 76' lang='lat' dir='ltr'>legitimae,</span> <span class='ocrx_word' id='word_1_822' title='bbox 1774 4356 1824 4404; x_wconf 89' lang='lat' dir='ltr'>aut</span> 
     </span>
     <span class='ocr_line' id='line_1_116' title="bbox 1021 4419 1823 4476; baseline -0.001 -2"><span class='ocrx_word' id='word_1_823' title='bbox 1021 4421 1100 4476; x_wconf 85' lang='lat' dir='ltr'>licrtae</span> <span class='ocrx_word' id='word_1_824' title='bbox 1123 4419 1382 4475; x_wconf 81' lang='lat' dir='ltr'>conamuuieationis</span> <span class='ocrx_word' id='word_1_825' title='bbox 1406 4435 1468 4476; x_wconf 92' lang='lat' dir='ltr'>cum</span> <span class='ocrx_word' id='word_1_826' title='bbox 1492 4421 1727 4476; x_wconf 80' lang='lat' dir='ltr'>excommunicato</span> <span class='ocrx_word' id='word_1_827' title='bbox 1746 4427 1823 4474; x_wconf 82' lang='lat' dir='ltr'>extra</span> 
     </span>
     <span class='ocr_line' id='line_1_117' title="bbox 1018 4489 1824 4563; baseline 0.001 -18"><span class='ocrx_word' id='word_1_828' title='bbox 1018 4490 1136 4545; x_wconf 84' lang='lat' dir='ltr'>divinaa</span> <span class='ocrx_word' id='word_1_829' title='bbox 1155 4490 1221 4545; x_wconf 87' lang='lat' dir='ltr'>Jure</span> <span class='ocrx_word' id='word_1_830' title='bbox 1240 4504 1383 4556; x_wconf 87' lang='lat' dir='ltr'>concessa,</span> <span class='ocrx_word' id='word_1_831' title='bbox 1397 4500 1424 4547; x_wconf 86' lang='lat' dir='ltr'>et</span> <span class='ocrx_word' id='word_1_832' title='bbox 1439 4492 1547 4563; x_wconf 81' lang='lat' dir='ltr'>vulgato</span> <span class='ocrx_word' id='word_1_833' title='bbox 1566 4491 1611 4547; x_wconf 95' lang='lat' dir='ltr'>illo</span> <span class='ocrx_word' id='word_1_834' title='bbox 1626 4489 1759 4547; x_wconf 73' lang='lat' dir='ltr'>versiculo</span> <span class='ocrx_word' id='word_1_835' title='bbox 1782 4491 1824 4546; x_wconf 89' lang='lat' dir='ltr'>si-</span> 
     </span>
     <span class='ocr_line' id='line_1_118' title="bbox 1019 4560 1571 4633; baseline -0.004 -16"><span class='ocrx_word' id='word_1_836' title='bbox 1019 4562 1076 4617; x_wconf 92' lang='lat' dir='ltr'>mul</span> <span class='ocrx_word' id='word_1_837' title='bbox 1096 4576 1158 4616; x_wconf 91' lang='lat' dir='ltr'>cum</span> <span class='ocrx_word' id='word_1_838' title='bbox 1178 4560 1332 4633; x_wconf 86' lang='lat' dir='ltr'>ignorantia</span> <span class='ocrx_word' id='word_1_839' title='bbox 1347 4561 1571 4633; x_wconf 74' lang='lat' dir='ltr'>comprehensa:</span> 
     </span>
    </p>
   </div>
   <div class='ocr_carea' id='block_1_16' title="bbox 1126 4666 1710 4735">
    <p class='ocr_par' dir='ltr' id='par_1_17' title="bbox 1126 4666 1710 4735">
     <span class='ocr_line' id='line_1_119' title="bbox 1126 4666 1710 4735; baseline 0.002 -16"><span class='ocrx_word' id='word_1_840' title='bbox 1126 4666 1201 4728; x_wconf 87' lang='lat' dir='ltr'>Utile,</span> <span class='ocrx_word' id='word_1_841' title='bbox 1221 4669 1269 4731; x_wconf 83' lang='lat' dir='ltr'>lex,</span> <span class='ocrx_word' id='word_1_842' title='bbox 1280 4668 1382 4731; x_wconf 85' lang='lat' dir='ltr'>humile,</span> <span class='ocrx_word' id='word_1_843' title='bbox 1403 4683 1444 4719; x_wconf 90' lang='lat' dir='ltr'>res</span> <span class='ocrx_word' id='word_1_844' title='bbox 1462 4668 1584 4735; x_wconf 88' lang='lat' dir='ltr'>ignorata,</span> <span class='ocrx_word' id='word_1_845' title='bbox 1600 4683 1710 4720; x_wconf 86' lang='lat' dir='ltr'>necesse.</span> 
     </span>
    </p>
   </div>
   <div class='ocr_carea' id='block_1_17' title="bbox 1018 4774 1824 5415">
    <p class='ocr_par' dir='ltr' id='par_1_18' title="bbox 1018 4774 1824 5415">
     <span class='ocr_line' id='line_1_120' title="bbox 1020 4774 1824 4848; baseline 0.006 -19"><span class='ocrx_word' id='word_1_846' title='bbox 1020 4775 1058 4829; x_wconf 84' lang='lat' dir='ltr'>lle</span> <span class='ocrx_word' id='word_1_847' title='bbox 1072 4774 1172 4846; x_wconf 88' lang='lat' dir='ltr'>quibus</span> <span class='ocrx_word' id='word_1_848' title='bbox 1187 4774 1294 4832; x_wconf 86' lang='lat' dir='ltr'>videndi</span> <span class='ocrx_word' id='word_1_849' title='bbox 1310 4784 1391 4845; x_wconf 89' lang='lat' dir='ltr'>sunt,</span> <span class='ocrx_word' id='word_1_850' title='bbox 1406 4776 1501 4848; x_wconf 89' lang='lat' dir='ltr'>quide</span> <span class='ocrx_word' id='word_1_851' title='bbox 1521 4777 1628 4833; x_wconf 88' lang='lat' dir='ltr'>casibus</span> <span class='ocrx_word' id='word_1_852' title='bbox 1647 4775 1824 4834; x_wconf 79' lang='lat' dir='ltr'>conscientiae</span> 
     </span>
     <span class='ocr_line' id='line_1_121' title="bbox 1018 4852 1822 4990; baseline 0.005 -18"><span class='ocrx_word' id='word_1_853' title='bbox 1018 4852 1195 4987; x_wconf 43' lang='lat' dir='ltr'>QNNNNI</span> <span class='ocrx_word' id='word_1_854' title='bbox 1209 4919 1255 4990; x_wconf 91' lang='lat' dir='ltr'>qui</span> <span class='ocrx_word' id='word_1_855' title='bbox 1275 4933 1368 4974; x_wconf 87' lang='lat' dir='ltr'>curam</span> <span class='ocrx_word' id='word_1_856' title='bbox 1381 4916 1464 4972; x_wconf 89' lang='lat' dir='ltr'>babet</span> <span class='ocrx_word' id='word_1_857' title='bbox 1484 4917 1635 4984; x_wconf 85' lang='lat' dir='ltr'>excitandi,</span> <span class='ocrx_word' id='word_1_858' title='bbox 1660 4927 1707 4974; x_wconf 86' lang='lat' dir='ltr'>aut</span> <span class='ocrx_word' id='word_1_859' title='bbox 1725 4934 1822 4976; x_wconf 82' lang='lat' dir='ltr'>convo</span> 
     </span>
     <span class='ocr_line' id='line_1_122' title="bbox 1018 4986 1821 5054; baseline 0 -8"><span class='ocrx_word' id='word_1_860' title='bbox 1018 4988 1096 5046; x_wconf 88' lang='lat' dir='ltr'>candi</span> <span class='ocrx_word' id='word_1_861' title='bbox 1117 4986 1217 5044; x_wconf 87' lang='lat' dir='ltr'>iratres</span> <span class='ocrx_word' id='word_1_862' title='bbox 1238 4988 1272 5044; x_wconf 87' lang='lat' dir='ltr'>ad</span> <span class='ocrx_word' id='word_1_863' title='bbox 1287 4989 1409 5045; x_wconf 82' lang='lat' dir='ltr'>olticium</span> <span class='ocrx_word' id='word_1_864' title='bbox 1429 4997 1607 5054; x_wconf 90' lang='lat' dir='ltr'>nocturnum,</span> <span class='ocrx_word' id='word_1_865' title='bbox 1630 4997 1661 5044; x_wconf 91' lang='lat' dir='ltr'>ut</span> <span class='ocrx_word' id='word_1_866' title='bbox 1679 4991 1769 5046; x_wconf 92' lang='lat' dir='ltr'>solent</span> <span class='ocrx_word' id='word_1_867' title='bbox 1793 4991 1821 5046; x_wconf 93' lang='lat' dir='ltr'>in</span> 
     </span>
     <span class='ocr_line' id='line_1_123' title="bbox 1018 5059 1822 5134; baseline 0 -17"><span class='ocrx_word' id='word_1_868' title='bbox 1018 5060 1181 5134; x_wconf 90' lang='lat' dir='ltr'>quibusdam</span> <span class='ocrx_word' id='word_1_869' title='bbox 1189 5060 1321 5116; x_wconf 89' lang='lat' dir='ltr'>coenobiis</span> <span class='ocrx_word' id='word_1_870' title='bbox 1332 5060 1449 5116; x_wconf 89' lang='lat' dir='ltr'>diaconi.</span> <span class='ocrx_word' id='word_1_871' title='bbox 1461 5059 1662 5115; x_wconf 87' lang='lat' dir='ltr'>Conlerendum</span> <span class='ocrx_word' id='word_1_872' title='bbox 1674 5061 1758 5117; x_wconf 91' lang='lat' dir='ltr'>etiam</span> <span class='ocrx_word' id='word_1_873' title='bbox 1769 5061 1822 5117; x_wconf 93' lang='lat' dir='ltr'>boc</span> 
     </span>
     <span class='ocr_line' id='line_1_124' title="bbox 1019 5131 1817 5204; baseline 0 -16"><span class='ocrx_word' id='word_1_874' title='bbox 1019 5140 1101 5204; x_wconf 89' lang='lat' dir='ltr'>eaput</span> <span class='ocrx_word' id='word_1_875' title='bbox 1111 5147 1174 5186; x_wconf 89' lang='lat' dir='ltr'>curn</span> <span class='ocrx_word' id='word_1_876' title='bbox 1187 5147 1246 5200; x_wconf 89' lang='lat' dir='ltr'>cap.</span> <span class='ocrx_word' id='word_1_877' title='bbox 1262 5137 1295 5185; x_wconf 80' lang='lat' dir='ltr'>ti</span> <span class='ocrx_word' id='word_1_878' title='bbox 1312 5132 1424 5203; x_wconf 85' lang='lat' dir='ltr'>Begulae</span> <span class='ocrx_word' id='word_1_879' title='bbox 1438 5133 1473 5185; x_wconf 87' lang='lat' dir='ltr'>D.</span> <span class='ocrx_word' id='word_1_880' title='bbox 1490 5131 1639 5197; x_wconf 87' lang='lat' dir='ltr'>Benedicti,</span> <span class='ocrx_word' id='word_1_881' title='bbox 1655 5132 1700 5186; x_wconf 94' lang='lat' dir='ltr'>cui</span> <span class='ocrx_word' id='word_1_882' title='bbox 1712 5132 1817 5200; x_wconf 86' lang='lat' dir='ltr'>titulus,</span> 
     </span>
     <span class='ocr_line' id='line_1_125' title="bbox 1020 5203 1821 5276; baseline 0 -16"><span class='ocrx_word' id='word_1_883' title='bbox 1020 5208 1058 5260; x_wconf 81' lang='lat' dir='ltr'>lle</span> <span class='ocrx_word' id='word_1_884' title='bbox 1070 5203 1252 5272; x_wconf 77' lang='lat' dir='ltr'>significanda</span> <span class='ocrx_word' id='word_1_885' title='bbox 1273 5204 1339 5257; x_wconf 80' lang='lat' dir='ltr'>tora</span> <span class='ocrx_word' id='word_1_886' title='bbox 1358 5203 1446 5272; x_wconf 81' lang='lat' dir='ltr'>operis</span> <span class='ocrx_word' id='word_1_887' title='bbox 1470 5204 1528 5265; x_wconf 86' lang='lat' dir='ltr'>liei,</span> <span class='ocrx_word' id='word_1_888' title='bbox 1542 5203 1588 5257; x_wconf 70' lang='lat' dir='ltr'>ulti</span> <span class='ocrx_word' id='word_1_889' title='bbox 1608 5211 1635 5256; x_wconf 88' lang='lat' dir='ltr'>et</span> <span class='ocrx_word' id='word_1_890' title='bbox 1653 5203 1821 5276; x_wconf 85' lang='lat' dir='ltr'>smaragdus</span> 
     </span>
     <span class='ocr_line' id='line_1_126' title="bbox 1019 5271 1821 5345; baseline 0.002 -17"><span class='ocrx_word' id='word_1_891' title='bbox 1019 5274 1103 5328; x_wconf 88' lang='lat' dir='ltr'>abbas</span> <span class='ocrx_word' id='word_1_892' title='bbox 1117 5273 1236 5329; x_wconf 89' lang='lat' dir='ltr'>similem</span> <span class='ocrx_word' id='word_1_893' title='bbox 1259 5273 1401 5345; x_wconf 87' lang='lat' dir='ltr'>cujusdam</span> <span class='ocrx_word' id='word_1_894' title='bbox 1420 5271 1525 5344; x_wconf 90' lang='lat' dir='ltr'>antiqui</span> <span class='ocrx_word' id='word_1_895' title='bbox 1549 5274 1635 5328; x_wconf 81' lang='lat' dir='ltr'>Patris</span> <span class='ocrx_word' id='word_1_896' title='bbox 1649 5275 1821 5330; x_wconf 87' lang='lat' dir='ltr'>constitutio·</span> 
     </span>
     <span class='ocr_line' id='line_1_127' title="bbox 1019 5343 1820 5415; baseline -0.004 -14"><span class='ocrx_word' id='word_1_897' title='bbox 1019 5360 1083 5401; x_wconf 94' lang='lat' dir='ltr'>nem</span> <span class='ocrx_word' id='word_1_898' title='bbox 1101 5344 1184 5400; x_wconf 88' lang='lat' dir='ltr'>relert</span> <span class='ocrx_word' id='word_1_899' title='bbox 1198 5343 1240 5399; x_wconf 88' lang='lat' dir='ltr'>bis</span> <span class='ocrx_word' id='word_1_900' title='bbox 1259 5343 1370 5400; x_wconf 88' lang='lat' dir='ltr'>verbis:</span> <span class='ocrx_word' id='word_1_901' title='bbox 1387 5346 1473 5399; x_wconf 82' lang='lat' dir='ltr'>Horas</span> <span class='ocrx_word' id='word_1_902' title='bbox 1485 5344 1523 5398; x_wconf 87' lang='lat' dir='ltr'>ad</span> <span class='ocrx_word' id='word_1_903' title='bbox 1543 5360 1652 5399; x_wconf 84' lang='lat' dir='ltr'>enrsram</span> <span class='ocrx_word' id='word_1_904' title='bbox 1671 5360 1820 5415; x_wconf 78' lang='lat' dir='ltr'>procurare</span> 
     </span>
    </p>
   </div>
   <div class='ocr_carea' id='block_1_18' title="bbox 165 5413 1822 5488">
    <p class='ocr_par' dir='ltr' id='par_1_19' title="bbox 165 5413 1822 5488">
     <span class='ocr_line' id='line_1_128' title="bbox 165 5413 1822 5488; baseline 0.002 -20"><span class='ocrx_word' id='word_1_905' title='bbox 165 5413 326 5470; x_wconf 86' lang='lat' dir='ltr'>undecimus</span> <span class='ocrx_word' id='word_1_906' title='bbox 342 5414 547 5486; x_wconf 83' lang='lat' dir='ltr'>Apostolorum,</span> <span class='ocrx_word' id='word_1_907' title='bbox 559 5431 640 5488; x_wconf 91' lang='lat' dir='ltr'>quem</span> <span class='ocrx_word' id='word_1_908' title='bbox 654 5417 788 5473; x_wconf 83' lang='lat' dir='ltr'>Fabianus</span> <span class='ocrx_word' id='word_1_909' title='bbox 802 5433 869 5488; x_wconf 88' lang='lat' dir='ltr'>papa</span> <span class='ocrx_word' id='word_1_910' title='bbox 884 5417 963 5487; x_wconf 86' lang='lat' dir='ltr'>epist.</span> <span class='ocrx_word' id='word_1_911' title='bbox 1014 5417 1102 5486; x_wconf 79' lang='lat' dir='ltr'>juata</span> <span class='ocrx_word' id='word_1_912' title='bbox 1118 5417 1343 5486; x_wconf 85' lang='lat' dir='ltr'>dispensationem</span> <span class='ocrx_word' id='word_1_913' title='bbox 1354 5416 1463 5470; x_wconf 77' lang='lat' dir='ltr'>abbatis</span> <span class='ocrx_word' id='word_1_914' title='bbox 1475 5415 1562 5479; x_wconf 85' lang='lat' dir='ltr'>debet,</span> <span class='ocrx_word' id='word_1_915' title='bbox 1574 5418 1732 5486; x_wconf 82' lang='lat' dir='ltr'>mirumque</span> <span class='ocrx_word' id='word_1_916' title='bbox 1741 5417 1822 5471; x_wconf 86' lang='lat' dir='ltr'>ordi-</span> 
     </span>
    </p>
   </div>
   <div class='ocr_carea' id='block_1_19' title="bbox 163 5485 966 5842">
    <p class='ocr_par' dir='ltr' id='par_1_20' title="bbox 163 5485 966 5842">
     <span class='ocr_line' id='line_1_129' title="bbox 167 5485 964 5558; baseline 0.004 -19"><span class='ocrx_word' id='word_1_917' title='bbox 167 5489 178 5539; x_wconf 91' lang='lat' dir='ltr'>l</span> <span class='ocrx_word' id='word_1_918' title='bbox 194 5485 258 5540; x_wconf 87' lang='lat' dir='ltr'>citat</span> <span class='ocrx_word' id='word_1_919' title='bbox 272 5485 298 5540; x_wconf 90' lang='lat' dir='ltr'>in</span> <span class='ocrx_word' id='word_1_920' title='bbox 321 5485 380 5542; x_wconf 79' lang='lat' dir='ltr'>baec</span> <span class='ocrx_word' id='word_1_921' title='bbox 398 5487 479 5542; x_wconf 80' lang='lat' dir='ltr'>rerba</span> <span class='ocrx_word' id='word_1_922' title='bbox 495 5506 501 5540; x_wconf 74' lang='grc' dir='ltr'><strong><em>ε</em></strong></span> <span class='ocrx_word' id='word_1_923' title='bbox 517 5489 560 5543; x_wconf 86' lang='lat' dir='ltr'>Sic</span> <span class='ocrx_word' id='word_1_924' title='bbox 576 5490 690 5558; x_wconf 88' lang='lat' dir='ltr'>apostoli</span> <span class='ocrx_word' id='word_1_925' title='bbox 703 5494 859 5544; x_wconf 86' lang='lat' dir='ltr'>statuerunt</span> <span class='ocrx_word' id='word_1_926' title='bbox 873 5489 964 5543; x_wconf 86' lang='lat' dir='ltr'>dicen·</span> 
     </span>
     <span class='ocr_line' id='line_1_130' title="bbox 165 5559 966 5629; baseline 0.002 -17"><span class='ocrx_word' id='word_1_927' title='bbox 165 5561 203 5612; x_wconf 86' lang='lat' dir='ltr'>tes</span> <span class='ocrx_word' id='word_1_928' title='bbox 217 5559 305 5612; x_wconf 85' lang='lat' dir='ltr'>:Etsi</span> <span class='ocrx_word' id='word_1_929' title='bbox 316 5560 378 5629; x_wconf 85' lang='lat' dir='ltr'>quis</span> <span class='ocrx_word' id='word_1_930' title='bbox 388 5561 699 5622; x_wconf 79' lang='lat' dir='ltr'>cumearommunicatis,</span> <span class='ocrx_word' id='word_1_931' title='bbox 716 5560 866 5614; x_wconf 74' lang='lat' dir='ltr'>recreando</span> <span class='ocrx_word' id='word_1_932' title='bbox 878 5563 966 5629; x_wconf 81' lang='lat' dir='ltr'>licqu-</span> 
     </span>
     <span class='ocr_line' id='line_1_131' title="bbox 165 5629 964 5697; baseline 0.006 -16"><span class='ocrx_word' id='word_1_933' title='bbox 165 5629 216 5689; x_wconf 82' lang='lat' dir='ltr'>las,</span> <span class='ocrx_word' id='word_1_934' title='bbox 232 5630 354 5691; x_wconf 88' lang='lat' dir='ltr'>scienter,</span> <span class='ocrx_word' id='word_1_935' title='bbox 368 5631 464 5684; x_wconf 88' lang='lat' dir='ltr'>saltem</span> <span class='ocrx_word' id='word_1_936' title='bbox 489 5632 519 5684; x_wconf 89' lang='lat' dir='ltr'>in</span> <span class='ocrx_word' id='word_1_937' title='bbox 536 5631 613 5685; x_wconf 85' lang='lat' dir='ltr'>domo</span> <span class='ocrx_word' id='word_1_938' title='bbox 625 5630 663 5696; x_wconf 92' lang='lat' dir='ltr'>(id</span> <span class='ocrx_word' id='word_1_939' title='bbox 675 5640 726 5697; x_wconf 88' lang='lat' dir='ltr'>cst,</span> <span class='ocrx_word' id='word_1_940' title='bbox 739 5632 790 5686; x_wconf 89' lang='lat' dir='ltr'>sub</span> <span class='ocrx_word' id='word_1_941' title='bbox 811 5631 908 5686; x_wconf 91' lang='lat' dir='ltr'>eodem</span> <span class='ocrx_word' id='word_1_942' title='bbox 922 5641 964 5686; x_wconf 86' lang='lat' dir='ltr'>te-</span> 
     </span>
     <span class='ocr_line' id='line_1_132' title="bbox 165 5699 963 5771; baseline 0.003 -16"><span class='ocrx_word' id='word_1_943' title='bbox 165 5708 220 5765; x_wconf 94' lang='lat' dir='ltr'>cto,</span> <span class='ocrx_word' id='word_1_944' title='bbox 231 5699 268 5754; x_wconf 88' lang='lat' dir='ltr'>ait</span> <span class='ocrx_word' id='word_1_945' title='bbox 282 5699 393 5766; x_wconf 82' lang='lat' dir='ltr'>Glossa)</span> <span class='ocrx_word' id='word_1_946' title='bbox 404 5702 508 5756; x_wconf 89' lang='lat' dir='ltr'>locutus</span> <span class='ocrx_word' id='word_1_947' title='bbox 518 5703 616 5771; x_wconf 77' lang='lat' dir='ltr'>suerit,</span> <span class='ocrx_word' id='word_1_948' title='bbox 630 5703 672 5756; x_wconf 83' lang='lat' dir='ltr'>ecl</span> <span class='ocrx_word' id='word_1_949' title='bbox 683 5704 815 5770; x_wconf 66' lang='lat' dir='ltr'>orannim</span> <span class='ocrx_word' id='word_1_950' title='bbox 831 5703 878 5757; x_wconf 88' lang='lat' dir='ltr'>illc</span> <span class='ocrx_word' id='word_1_951' title='bbox 892 5718 963 5757; x_wconf 89' lang='lat' dir='ltr'>com-</span> 
     </span>
     <span class='ocr_line' id='line_1_133' title="bbox 163 5773 964 5842; baseline 0.004 -16"><span class='ocrx_word' id='word_1_952' title='bbox 163 5773 290 5827; x_wconf 86' lang='lat' dir='ltr'>munione</span> <span class='ocrx_word' id='word_1_953' title='bbox 299 5773 435 5842; x_wconf 75' lang='lat' dir='ltr'>privetur.</span> <span class='ocrx_word' id='word_1_954' title='bbox 455 5773 504 5829; x_wconf 87' lang='lat' dir='ltr'>Cui</span> <span class='ocrx_word' id='word_1_955' title='bbox 521 5773 617 5831; x_wconf 86' lang='lat' dir='ltr'>similis</span> <span class='ocrx_word' id='word_1_956' title='bbox 632 5781 671 5830; x_wconf 91' lang='lat' dir='ltr'>est</span> <span class='ocrx_word' id='word_1_957' title='bbox 681 5789 769 5831; x_wconf 89' lang='lat' dir='ltr'>canon</span> <span class='ocrx_word' id='word_1_958' title='bbox 786 5774 837 5830; x_wconf 90' lang='lat' dir='ltr'>sub</span> <span class='ocrx_word' id='word_1_959' title='bbox 851 5773 964 5830; x_wconf 91' lang='lat' dir='ltr'>nomine</span> 
     </span>
    </p>
   </div>
   <div class='ocr_carea' id='block_1_20' title="bbox 1018 5487 1822 5844">
    <p class='ocr_par' dir='ltr' id='par_1_21' title="bbox 1018 5487 1822 5844">
     <span class='ocr_line' id='line_1_134' title="bbox 1018 5487 1822 5558; baseline -0.002 -15"><span class='ocrx_word' id='word_1_960' title='bbox 1018 5492 1115 5543; x_wconf 84' lang='lat' dir='ltr'>natum</span> <span class='ocrx_word' id='word_1_961' title='bbox 1126 5489 1224 5554; x_wconf 75' lang='lat' dir='ltr'>fuerit,</span> <span class='ocrx_word' id='word_1_962' title='bbox 1234 5488 1265 5542; x_wconf 86' lang='lat' dir='ltr'>iul</span> <span class='ocrx_word' id='word_1_963' title='bbox 1275 5492 1323 5550; x_wconf 89' lang='lat' dir='ltr'>est,</span> <span class='ocrx_word' id='word_1_964' title='bbox 1336 5489 1384 5557; x_wconf 92' lang='lat' dir='ltr'>qui</span> <span class='ocrx_word' id='word_1_965' title='bbox 1393 5491 1479 5541; x_wconf 85' lang='lat' dir='ltr'>mente</span> <span class='ocrx_word' id='word_1_966' title='bbox 1491 5488 1607 5541; x_wconf 83' lang='lat' dir='ltr'>sollicita</span> <span class='ocrx_word' id='word_1_967' title='bbox 1617 5491 1643 5541; x_wconf 89' lang='lat' dir='ltr'>et</span> <span class='ocrx_word' id='word_1_968' title='bbox 1653 5487 1822 5558; x_wconf 80' lang='lat' dir='ltr'>impigraad</span> 
     </span>
     <span class='ocr_line' id='line_1_135' title="bbox 1019 5559 1821 5630; baseline -0.001 -16"><span class='ocrx_word' id='word_1_969' title='bbox 1019 5560 1066 5614; x_wconf 84' lang='lat' dir='ltr'>boc</span> <span class='ocrx_word' id='word_1_970' title='bbox 1080 5574 1146 5630; x_wconf 86' lang='lat' dir='ltr'>opus</span> <span class='ocrx_word' id='word_1_971' title='bbox 1158 5559 1270 5613; x_wconf 84' lang='lat' dir='ltr'>idoneus</span> <span class='ocrx_word' id='word_1_972' title='bbox 1282 5561 1371 5626; x_wconf 75' lang='lat' dir='ltr'>fuerit</span> <span class='ocrx_word' id='word_1_973' title='bbox 1393 5560 1541 5613; x_wconf 85' lang='lat' dir='ltr'>inuentus:</span> <span class='ocrx_word' id='word_1_974' title='bbox 1559 5563 1591 5612; x_wconf 87' lang='lat' dir='ltr'>ut</span> <span class='ocrx_word' id='word_1_975' title='bbox 1610 5573 1676 5628; x_wconf 87' lang='lat' dir='ltr'>opus</span> <span class='ocrx_word' id='word_1_976' title='bbox 1697 5561 1746 5614; x_wconf 79' lang='lat' dir='ltr'>liei</span> <span class='ocrx_word' id='word_1_977' title='bbox 1766 5574 1821 5613; x_wconf 85' lang='lat' dir='ltr'>noa</span> 
     </span>
     <span class='ocr_line' id='line_1_136' title="bbox 1018 5630 1820 5700; baseline -0.001 -15"><span class='ocrx_word' id='word_1_978' title='bbox 1018 5631 1145 5686; x_wconf 83' lang='lat' dir='ltr'>tardetur</span> <span class='ocrx_word' id='word_1_979' title='bbox 1155 5648 1162 5684; x_wconf 93' lang='lat'>:</span> <span class='ocrx_word' id='word_1_980' title='bbox 1174 5632 1223 5700; x_wconf 88' lang='lat' dir='ltr'>qui</span> <span class='ocrx_word' id='word_1_981' title='bbox 1232 5646 1286 5684; x_wconf 86' lang='lat' dir='ltr'>non</span> <span class='ocrx_word' id='word_1_982' title='bbox 1300 5646 1356 5700; x_wconf 90' lang='lat' dir='ltr'>qua</span> <span class='ocrx_word' id='word_1_983' title='bbox 1365 5630 1432 5684; x_wconf 82' lang='lat' dir='ltr'>liora</span> <span class='ocrx_word' id='word_1_984' title='bbox 1443 5630 1486 5682; x_wconf 90' lang='lat' dir='ltr'>illi</span> <span class='ocrx_word' id='word_1_985' title='bbox 1496 5630 1606 5684; x_wconf 89' lang='lat' dir='ltr'>libitum</span> <span class='ocrx_word' id='word_1_986' title='bbox 1617 5631 1705 5696; x_wconf 77' lang='lat' dir='ltr'>(uerit</span> <span class='ocrx_word' id='word_1_987' title='bbox 1716 5630 1820 5698; x_wconf 72' lang='lat' dir='ltr'>fratres</span> 
     </span>
     <span class='ocr_line' id='line_1_137' title="bbox 1018 5700 1821 5771; baseline -0.001 -15"><span class='ocrx_word' id='word_1_988' title='bbox 1018 5700 1526 5771; x_wconf 83' lang='lat' dir='ltr'>aduiqiliussuscitarcprcsnmat;scd</span> <span class='ocrx_word' id='word_1_989' title='bbox 1537 5704 1666 5755; x_wconf 88' lang='lat' dir='ltr'>sictotam</span> <span class='ocrx_word' id='word_1_990' title='bbox 1677 5715 1821 5770; x_wconf 80' lang='lat' dir='ltr'>congrega·</span> 
     </span>
     <span class='ocr_line' id='line_1_138' title="bbox 1018 5773 1820 5844; baseline -0.004 -16"><span class='ocrx_word' id='word_1_991' title='bbox 1018 5775 1115 5829; x_wconf 87' lang='lat' dir='ltr'>tionem</span> <span class='ocrx_word' id='word_1_992' title='bbox 1121 5773 1158 5827; x_wconf 82' lang='lat' dir='ltr'>ari</span> <span class='ocrx_word' id='word_1_993' title='bbox 1164 5775 1285 5842; x_wconf 73' lang='lat' dir='ltr'>offitium</span> <span class='ocrx_word' id='word_1_994' title='bbox 1290 5774 1422 5828; x_wconf 73' lang='lat' dir='ltr'>orationis</span> <span class='ocrx_word' id='word_1_995' title='bbox 1432 5773 1527 5827; x_wconf 79' lang='lat' dir='ltr'>irritet</span> <span class='ocrx_word' id='word_1_996' title='bbox 1533 5790 1541 5839; x_wconf 88' lang='lat'>;</span> <span class='ocrx_word' id='word_1_997' title='bbox 1548 5774 1618 5844; x_wconf 77' lang='lat' dir='ltr'>neira</span> <span class='ocrx_word' id='word_1_998' title='bbox 1625 5777 1741 5842; x_wconf 82' lang='lat' dir='ltr'>utroque</span> <span class='ocrx_word' id='word_1_999' title='bbox 1750 5774 1820 5827; x_wconf 84' lang='lat' dir='ltr'>inue-</span> 
     </span>
    </p>
   </div>
   <div class='ocr_carea' id='block_1_21' title="bbox 0 0 1928 6150">
    <p class='ocr_par' dir='ltr' id='par_1_22' title="bbox 0 0 1928 6150">
     <span class='ocr_line' id='line_1_139' title="bbox 0 0 1928 6150; baseline 0 0"><span class='ocrx_word' id='word_1_1000' title='bbox 0 0 1928 6150; x_wconf 95' lang='lat' dir='ltr'> </span> 
     </span>
    </p>
   </div>
  </div>
 </body>
</html>
