3848 6158
139 119 188 171 nol
444 110 615 168 COLLATlO
636 111 680 166 lV.
700 140 736 151 -
755 110 799 165 DE
818 107 1110 165 concupiscentia
1129 107 1316 164 cluniset
1334 109 1499 167 SPlRlTUS.
1745 117 1796 173 602

140 240 268 296 versitate
280 235 417 295 cunetatio
431 236 564 303 nascitur,
579 242 607 291 ct
622 234 746 289 salutaris
763 249 795 289 ex
808 233 858 288 bac
872 248 940 288 con·
955 238 1036 299 Aest
1057 231 1167 288 animus
1185 248 1281 288 eorrrm
1304 232 1383 290 velox
1406 233 1440 289 ad
1455 233 1681 308 excogitandum
1704 238 1744 293 sic
1761 237 1796 294 ad

140 334 291 390 certatione
309 330 416 397 dilatio,
429 336 470 397 ut,
482 329 625 384 resistente
643 327 778 383 soliditate
797 341 939 399 corporea,
994 325 1190 398 perficiendum
1206 327 1301 398 pernix
1318 334 1345 382 et
1356 326 1480 385 absoluta
1496 329 1665 399 substantia;
1683 339 1711 386 et
1728 329 1796 387 dum

139 426 208 483 dum
223 426 257 480 ab
270 439 366 480 eorum
382 421 484 479 ellectu
507 436 559 494 qne
577 421 703 491 nequiter
716 429 807 476 mente
821 420 941 491 concipi·
995 420 1148 491 suppeditat
1166 421 1206 477 eis
1223 437 1307 493 prona
1320 422 1432 479 facilitas
1447 438 1478 480 ea
1495 439 1555 495 quae
1571 424 1707 482 voluerint
1734 439 1795 495 pcr-

139 534 204 576 mus
215 517 393 583 retrahimur,
412 530 621 586 nonnumquam
631 514 659 569 in
671 515 814 570 meliorem
828 522 940 582 statum,
994 513 1102 584 agendi,
1117 524 1281 585 conceptum
1297 516 1400 572 malum
1420 516 1494 573 nulla
1508 516 1677 575 intercedens
1691 516 1796 576 delibe-

138 621 188 665 seu
202 605 369 679 poenitndine
391 602 583 674 subsequente,
597 612 646 659 scu
666 602 856 659 emendatione
873 618 942 675 qua·
995 606 1066 662 ratio
1077 607 1203 663 salutaris
1217 608 1352 664 emendat.

137 700 214 770 dam,
231 716 284 773 qne
303 699 372 756 solet
392 696 637 770 procrastinatione
655 696 746 768 operis
763 704 791 752 et
811 696 944 769 recogita·
987 694 992 701 “
1281 741 1405 798 CAPUT
1432 744 1499 797 XIV

135 795 212 852 done
236 794 431 851 interveniente
456 790 631 859 descendere,
651 791 831 864 corrigamur.
855 791 942 847 Deni—
1075 857 1080 867 .
1231 858 1259 867 ..
1332 858 1361 868 ..

135 903 192 962 que
213 886 264 943 bos
279 903 349 960 quos
373 883 552 957 intelligimus
579 881 615 939 ad
636 883 805 940 voluntatum
825 899 939 941 ,aarum
1013 858 1051 910 ne
1069 854 1377 910 aaemeadabtltmaletm
1391 858 1558 926 spiritalium
1577 861 1771 929 nequitiarum.

133 979 273 1038 desideria
300 977 464 1052 perficienda
483 975 559 1033 nullo
579 969 668 1033 carnis
687 977 827 1034 obstaculo
854 984 940 1033 retar·
1027 980 1186 1052 lspiritalis
1210 996 1331 1051 namque
1356 982 1518 1052 substantia,
1544 1001 1596 1041 nec
1625 987 1678 1044 nlla
1703 990 1794 1046 carnis

133 1071 207 1141 dari,
239 1073 378 1130 deamones
401 1070 504 1127 scilicet
530 1085 561 1125 ac
582 1069 718 1142 spiritales
744 1070 887 1143 nequitias,
912 1079 940 1127 et
991 1073 1127 1131 soliditate
1151 1073 1286 1141 devincta,
1309 1082 1339 1129 ut
1357 1076 1562 1132 excusationem
1587 1087 1687 1135 exortae
1714 1083 1742 1137 in
1765 1100 1794 1140 se

131 1166 251 1239 quidem
265 1183 328 1222 cum
350 1167 404 1222 sint
416 1163 647 1221 deeminentiore
670 1164 829 1237 angelornm
843 1162 939 1222 ordine
993 1181 1082 1239 pravae
1099 1181 1156 1221 non
1169 1166 1266 1237 recipit
1289 1166 1446 1235 voluntatis,
1461 1166 1498 1222 ita
1522 1182 1618 1223 venam
1637 1171 1793 1244 malignita-

133 1256 278 1321 devolnti,
308 1256 525 1313 detestabiliores
552 1270 611 1311 esse
633 1254 789 1313 hominibus
813 1266 939 1315 contem-
991 1261 1027 1317 tis
1040 1260 1173 1329 excludit,
1187 1262 1249 1333 qnia
1263 1261 1336 1317 nulla
1352 1261 1586 1335 quemadmodum
1608 1278 1659 1319 nos
1681 1263 1716 1320 ad
1729 1282 1792 1337 pec·

134 1351 254 1424 plamur,
283 1366 317 1407 en
340 1349 431 1423 quod,
463 1348 642 1421 possibilitate
669 1364 765 1405 eorum
798 1348 938 1409 desideriis
991 1353 1109 1410 candum
1136 1354 1341 1427 impugnatione
1363 1356 1454 1411 carnis
1480 1356 1646 1414 extrinsecus
1670 1356 1793 1416 lacessita

135 1445 294 1519 adjacente,
316 1448 328 1477 ³
353 1444 380 1500 id
407 1443 482 1515 qnod
508 1441 634 1513 nequiter
657 1443 742 1498 semel
763 1445 939 1517 conceperint
991 1455 1042 1515 est,
1062 1447 1111 1504 sed
1136 1448 1200 1504 vitio
1223 1449 1307 1505 solius
1327 1449 1408 1506 male
1433 1449 1580 1506 voluntatis
1600 1466 1721 1519 accensa,
1744 1459 1793 1509 etc

135 1536 302 1594 irrevocabili
316 1537 389 1591 malo
404 1534 533 1608 perlicere
546 1549 603 1591 non
615 1543 774 1592 morentur:
789 1537 852 1607 qnia
866 1538 939 1595 sicut
991 1539 1028 1597 ob
1040 1540 1092 1597 boc
1109 1540 1166 1596 sinc
1187 1541 1261 1596 senia
1278 1550 1458 1613 peccatumet
1474 1542 1588 1614 languor
1600 1543 1659 1598 sine
1670 1545 1793 1603 remedio

689 1688 817 1745 ALARUI
836 1692 948 1747 GAZAEl
968 1693 1248 1750 COMMENTARIUS.

137 1822 173 1879 ad
183 1837 310 1893 agonem,
325 1830 356 1878 ut
366 1821 470 1877 dictum
491 1830 554 1877 est:
573 1820 712 1877 latendum
727 1831 819 1879 tamen
837 1808 938 1882 concu-
952 1831 976 1894 B
992 1843 1077 1897 aeque
1094 1833 1156 1898 post
1179 1832 1291 1882 inertem
1311 1827 1473 1882 bominibus.
1490 1826 1570 1896 Quod
1585 1843 1640 1882 nun
1659 1827 1699 1883 sic
1721 1828 1792 1883 acci·

137 1893 297 1966 piscentiam
320 1893 408 1949 carnis
430 1892 560 1948 adversus
585 1893 713 1964 spiritum
734 1909 767 1949 ex
782 1910 812 1951 se
830 1895 936 1968 simpli·
1010 1897 1120 1953 icudum
1133 1905 1184 1963 est,
1197 1907 1337 1968 tamqnam
1352 1907 1448 1954 natura
1462 1898 1584 1970 angelica
1604 1914 1661 1969 prae¹
1675 1899 1792 1954 hnmana

137 1965 208 2021 citer
224 1978 283 2018 esse
301 1964 402 2019 malam
422 1971 449 2018 et
467 1963 609 2030 vitiosam
633 1979 688 2019 non
704 1965 765 2035 qnia
780 1966 814 2021 sit
834 1967 937 2037 proprii
992 1913 1073 2024 fuerit
1094 1968 1273 2024 restitutionis
1300 1968 1430 2039 incapax,
1459 1978 1508 2024 ant
1531 1969 1710 2040 irreparabilis
1741 1986 1791 2026 sao

137 2033 262 2090 nominis
284 2042 444 2104 peecatum,
468 2037 516 2115 sed
543 2034 605 2105 qnia
631 2035 744 2102 viuum,
769 2044 795 2091 ct
816 2035 938 2110 defectus
991 2039 1143 2104 conditori,
1168 2036 1215 2093 sed
1237 2038 1298 2110 qnia
1319 2039 1503 2109 justissimum
1521 2038 1570 2094 init
1590 2047 1620 2094 nt
1644 2040 1723 2094 sicuti
1744 2040 1793 2095 bo

140 2112 257 2172 natnrae,
272 2103 358 2160 ordini
383 2112 410 2159 et
425 2105 542 2175 aequttati
564 2105 680 2160 naturali
695 2121 859 2178 repugnans,
884 2123 937 2179 qua
987 2109 1097 2169 minum
1112 2110 1162 2175 via,
1182 2124 1234 2180 qna
1254 2109 1352 2163 mereri
1370 2126 1402 2164 ne
1419 2109 1551 2181 proficere
1569 2117 1616 2164 aut
1635 2110 1793 2180 resipiscere

140 2190 191 2246 par
214 2186 253 2230 est
275 2173 402 2231 interiora
416 2175 601 2246 superioribus
615 2175 742 2242 subesse3
765 2193 829 2233 cnm
853 2193 935 2234 econ·
974 2180 979 2189 '
992 2180 1109 2250 possint,
1136 2189 1226 2236 morte
1248 2180 1422 2244 terminatur,
1448 2181 1486 2235 ita
1510 2187 1537 2234 et
1556 2179 1714 2250 angelorum
1737 2182 1789 2249 via,

141 2245 225 2325 trario
244 2260 293 2326 per
312 2245 560 2317 concupiscentiam
576 2262 624 2317 par
639 2248 739 2304 animas
755 2247 869 2305 inferior
888 2265 938 2305 su·
991 2251 1208 2307 exordinatione
1228 2249 1394 2317 conditoris,
1411 2251 1485 2321 lapsu
1506 2249 1640 2314 liniretur,
1656 2266 1711 2305 non
1725 2265 1791 2322 crgo

137 2315 248 2387 penori,
270 2314 369 2380 idest,
391 2316 488 2372 rationi
507 2325 650 2389 repugnet,
679 2318 728 2391 legi
756 2320 856 2376 mentis
881 2336 936 2377 non
990 2329 1048 2377 tam
1072 2328 1182 2393 propter
1204 2329 1366 2377 naturamm
1385 2320 1568 2377 diversitatem
1584 2336 1665 2393 quam
1680 2331 1792 2393 propter

137 2394 248 2458 pareat,
268 2386 372 2458 spiritui
394 2385 558 2456 obluctetur,
582 2395 619 2455 et,
634 2388 707 2459 quod
729 2390 804 2462 pejus
826 2399 881 2458 est,
902 2391 936 2448 ad
987 2391 1169 2463 justissimam
1184 2392 1232 2447 Dei
1254 2391 1454 2449 ordinationem
1470 2392 1498 2447 id
1517 2392 1617 2458 evenit,
1633 2400 1663 2448 ut
1679 2392 1791 2464 angelus

136 2464 277 2583 peccatum
295 2457 397 2513 trabat.
421 2457 503 2514 Unde
518 2467 545 2514 et
560 2459 707 2531 Apostolus
726 2475 852 2586 expresse
874 2477 936 2517 ma·
991 2471 1053 2533 post
1074 2464 1181 2533 lapsum
1196 2463 1314 2533 reparari
1328 2477 1383 2516 non
1399 2463 1492 2531 possit.
1509 2463 1597 2533 liujus
1611 2471 1702 2517 autem
1717 2464 1790 2518 ordi·

147 2543 194 2582 um
207 2526 348 2594 nominat,
364 2532 446 2585 Ront.
462 2544 528 2596 ιιι,
545 2545 608 2585 cum
630 2530 691 2586 ait:
711 2534 756 2587 ilia
769 2547 814 2585 am
833 2526 938 2600 adjacet
990 2533 1108 2588 nationis
1120 2532 1230 2598 divinae,
1252 2547 1301 2586 cur
1311 2531 1414 2587 scillcet
1426 2541 1489 2603 post
1504 2531 1610 2603 lapsum
1622 2540 1649 2586 et
1670 2533 1791 2602 primum

135 2600 215 2666 milti,
234 2603 359 2669 perticere
382 2604 472 2655 autem
493 2601 590 2655 bonam
616 2617 669 2655 aaa
694 2605 813 2669 incertia,
828 2601 874 2657 nbi
890 2618 938 2672 per
992 2612 1134 2674 peccatum
1148 2601 1272 2658 diabolus
1284 2601 1379 2656 statim
1394 2602 1539 2658 damnatus
1554 2601 1599 2660 sit,
1614 2603 1724 2656 etomni
1744 2618 1791 2673 spe

136 2669 240 2725 malum
254 2670 380 2740 adjacens
401 2670 467 2726 nibil
480 2672 552 2726 aliud
566 2671 678 2744 intelligi
693 2679 791 2744 potest,
807 2673 857 2728 nisi
868 2689 936 2728 con·
991 2687 1022 2729 ac
1037 2672 1158 2728 remedio
1172 2671 1370 2742 consequendae
1391 2673 1475 2727 reniae
1498 2679 1525 2727 et
1546 2671 1721 2741 reparationis
1744 2674 1791 2727 de·

110 2740 302 2810 ‚cupisceotia
326 2739 432 2807 carnis,
458 2756 540 2813 qnam
563 2741 662 2798 ibidem
688 2751 766 2798 vocat
790 2744 937 2815 Apostolus
990 2742 1219 2812 stitutus,duplex
1230 2758 1310 2798 cansa
1322 2742 1365 2797 liic
1375 2743 1504 2815 tangitur,
1514 2758 1596 2813 qnam
1607 2749 1633 2796 et
1643 2745 1676 2795 l).
1689 2741 1792 2810 Grego-

136 2810 224 2883 legem
239 2811 440 2878 membrorum,
466 2821 494 2867 et
508 2813 593 2884 legem
633 2814 716 2869 cecati
740 2824 935 2886 repugnantem
990 2814 1048 2870 rius
1060 2814 1193 2885 expressit
1208 2813 1394 2869 tvbloralium
1410 2829 1472 2884 cap.
1489 2820 1516 2882 a,
1529 2829 1561 2868 ex
1577 2827 1631 2882 qno
1650 2821 1726 2867 totns
1747 2813 1791 2868 bic

137 2880 190 2953 legi
203 2881 303 2936 mentis
314 2882 400 2952 (Vide
411 2884 537 2937 bellarm.
554 2885 587 2937 cle
605 2830 707 2938 Umiss.
724 2888 821 2954 prettioe
835 2887 884 2941 lit.
904 2902 935 2942 vr
991 2883 1067 2941 locus
1088 2884 1226 2954 aptissime
1245 2883 1404 2938 illustretur.
1424 2887 1508 2950 Diras,
1528 2884 1624 2953 inquit,
1641 2883 1678 2935 ael
1692 2884 1789 2937 iutelli-

135 2967 195 3022 oop.
227 2958 278 3019 ll).
298 2954 376 3021 Quod
390 2961 418 3007 et
433 2952 527 3008 coritra
543 2954 701 3035 Pelagianos
715 2965 839 3011 accurate
857 2957 938 3012 docet
990 2957 1106 3025 parcam
1116 2971 1143 3010 se
1155 2959 1293 3010 creaturas
1304 2955 1405 3021 secant
1419 2959 1498 3018 Deus,
1513 2954 1661 3021 capellarum
1670 2953 1792 3008 uidelicet

135 3025 173 3079 Ι).
195 3024 375 3095 Augustinus,
395 3033 422 3079 et
449 3026 542 3079 multis
569 3024 722 3081 rationibus
744 3035 771 3080 et
789 3027 936 3083 auctorita·
990 3028 1190 3081 ethamaaam:
1205 3031 1349 3095 utramque
1362 3042 1422 3080 uera
1432 3026 1556 3095 superbia
1570 3025 1692 3092 percutit,
1708 3028 1791 3092 atque

135 3093 209 3149 tibus
230 3094 407 3167 antiquorum
427 3097 538 3150 Patrum
557 3096 712 3163 confirmat,
734 3095 779 3150 lib.
809 3113 829 3152 ιι
846 3098 874 3152 in
888 3099 938 3155 Ju·
990 3102 1093 3152 astato
1106 3099 1232 3166 irtqeaite
1247 3098 1413 3151 rectitudinis
1424 3099 1507 3169 tregit
1520 3095 1606 3165 (t'idc
1618 3096 1646 3150 S.
1662 3095 1787 3148 Tlmraam

136 3163 261 3231 lienum,
292 3165 363 3220 inter
383 3165 434 3220 alia
459 3165 591 3230 scribens,
615 3165 703 3238 legem
726 3167 848 3247 peccati,
874 3184 936 3239 quae
956 3173 1135 3261 Ctpart.‚q.
1150 3171 1279 3234 uene).
1295 3165 1788 3235 Sedaaatramarice-aisbabait,alia

136 3234 207 3290 inest
222 3236 339 3291 bominis
361 3235 492 3290 membris
511 3251 664 3307 repugnans
682 3235 732 3308 legi
755 3238 863 3304 mentis,
883 3254 934 3311 qna
992 3236 1790 3306 ceroaiiiir'afirornmmacraeqestacit.Arrpetasnomqae

137 3320 201 3362 caro
213 3307 381 3380 cqncupiscit
396 3307 524 3362 adversus
539 3307 674 3376 spiritum,
696 3308 778 3363 etiam
793 3308 937 3378 baptizatis
991 3309 1153 3364 solummodo
1166 3310 1292 3378 spiritus,
1306 3309 1381 3361 bomo
1395 3323 1456 3362 uero
1469 3312 1494 3361 et
1506 3308 1619 3376 spiritus
1630 3311 1668 3360 est
1682 3311 1707 3359 et
1717 3322 1788 3360 caro.

136 3376 258 3449 ingerere
277 3376 410 3449 pugnandi
428 3377 625 3433 necessitatem.
638 3381 675 3434 Et
688 3385 779 3434 cantro
793 3381 870 3451 qaia,
891 3381 937 3437 in·
991 3382 1117 3437 naaria
1128 3395 1190 3448 erpa
1206 3380 1311 3435 Creartor
1323 3384 1354 3433 ut
1367 3379 1518 3439 redimeret,
1530 3378 1604 3430 illam
1613 3377 1649 3430 ad
1663 3392 1691 3429 se
1700 3376 1790 3432 debuit

139 3448 209 3518 quit,
221 3450 276 3503 aisi
289 3455 381 3503 coratra
401 3450 517 3512 malam,
538 3466 589 3504 tion
610 3450 801 3513 substantiam,
817 3452 863 3506 seit
876 3453 937 3507 sut
992 3451 1123 3511 reducere,
1138 3466 1219 3520 arietat
1234 3451 1263 3503 ia
1276 3451 1474 3519 perpetratione
1485 3449 1569 3519 culpae
1583 3464 1617 3502 ec
1636 3450 1790 3516 tramutata

137 3521 248 3573 stoatiae
261 3521 367 3582 citium,
390 3523 438 3574 Det
450 3522 542 3589 qratia
564 3536 610 3575 nos
625 3527 806 3591 reponeretur,
821 3538 873 3577 iton
884 3525 936 3579 iat·
990 3523 1097 3592 aliquid
1111 3525 1215 3576 antistat
1229 3521 1373 3586 lrabnisse3
1392 3526 1417 3575 et
1430 3536 1458 3575 eo
1477 3520 1594 3589 aarquias
1616 3519 1709 3572 deberit
1729 3535 1789 3588 apo-

136 3591 304 3659 putaadam,
320 3595 370 3647 ilai
382 3594 473 3660 qratia
479 3592 594 3661 juvante
608 3594 795 3659 fretantium?
989 3596 1090 3648 statam
1098 3593 1223 3661 artpelura
1234 3592 1368 3662 repellere,
1379 3608 1431 3661 quo
1440 3608 1500 3646 cara
1511 3608 1528 3644 a
1533 3591 1697 3661 persistendi
1707 3591 1788 3656 torti·

173 3669 186 3695 ⁸
202 3663 261 3716 Non
280 3663 351 3732 quod
369 3662 472 3732 iudicio
488 3679 519 3717 ac
541 3663 682 3718 voluntate
704 3669 814 3735 prorstls
828 3664 936 3720 inssexi-
954 3705 957 3709 -
990 3665 1084 3718 tudine
1096 3667 1207 3730 corruit,
1219 3663 1290 3717 nibil
1300 3665 1435 3731 infirmum
1447 3679 1481 3717 ec
1492 3678 1569 3715 cerere
1580 3663 1701 3729 qestcrait.
1716 3661 1789 3714 [iride

138 3727 184 3785 bili
200 3741 280 3801 atque
300 3733 435 3787 immobili
451 3732 554 3800 prediti
575 3733 638 3799 sint,
652 3741 683 3787 nt
701 3733 825 3788 nonnulli
840 3736 936 3789 volunt
989 3739 1058 3789 recte
1069 3737 1214 3789 Psalmista
1229 3750 1287 3787 cam
1304 3736 1442 3786 misertum
1458 3732 1656 3799 lledcrnptorem
1676 3731 1790 3782 honitat-

140 3799 397 3873 (S.Tltoar.1part.,
411 3820 438 3871 q.
450 3807 496 3865 nr,
507 3807 560 3854 nrt.
573 3802 614 3869 2);
628 3802 674 3854 scd
689 3804 754 3871 quia
763 3801 836 3856 nullo
846 3805 936 3859 carnis
991 3804 1039 3858 bus
1053 3806 1169 3867 diceret,
1185 3807 1273 3874 ipsam
1292 3820 1396 3872 quoque
1407 3819 1515 3856 eausam
1538 3799 1729 3854 misericordia
1743 3815 1787 3851 ea-

137 3874 335 3944 impedimento
348 3881 394 3927 aut
411 3886 517 3924 remora
535 3869 701 3936 detinentur,
715 3869 863 3940 quominus
876 3873 936 3927 ani·
987 3877 1087 3943 pressit
1104 3875 1193 3928 diceas
1206 3892 1212 3928 :
1227 3878 1263 3929 Et
1282 3877 1443 3927 mieiioratas
1457 3878 1496 3926 est
1507 3874 1572 3940 quiea
1585 3885 1646 3923 caro
1658 3872 1739 3931 ειιιιις
1760 3885 1790 3921 aa

138 3957 184 3998 mo
198 3953 328 4012 concepta
342 3941 474 3996 continuo
488 3945 681 4009 exsequantur.
989 3944 1016 3997 si
1027 3943 1128 3997 deceret
1143 3962 1151 3997 ι
1163 3946 1221 4009 'Quo
1235 3959 1323 3998 eorum
1336 3946 1444 4010 infirma
1455 3943 1534 4006 nictit,
1557 3957 1585 3994 eo
1602 3941 1724 3994 distante
1735 3938 1789 3991 att·

172 4015 318 4084 lAngelos
329 4011 385 4066 sive
398 4009 494 4076 bonos,
509 4009 564 4064 sive
580 4007 675 4075 malos,
691 4007 845 4079 spirituales
856 4017 884 4065 et
893 4011 934 4067 in·
987 4027 1040 4082 pas
1051 4015 1152 4081 praeire
1164 4014 1259 4066 noluit.
1279 4016 1328 4066 Est
1346 4014 1435 4065 adbuc
1456 4012 1533 4064 alind
1553 4027 1605 4080 qao
1621 4015 1646 4063 et
1664 4009 1789 4078 perditus

136 4098 284 4155 corporeos
310 4097 368 4135 esse
391 4080 554 4135 substantias
574 4079 672 4135 docent
692 4082 785 4135 Patres
808 4077 900 4150 (Μὴ.
925 4098 935 4138 ι
991 4084 1067 4137 tremo
1085 4084 1209 4151 reparari
1224 4083 1326 4143 debuit,
1339 4081 1529 4150 etsapertieas
1543 4083 1656 4150 spiritus
1668 4082 1790 4148 reparari

132 4160 223 4225 part,
236 4169 262 4220 q.
275 4153 331 4223 51).
343 4151 490 4223 Dionysius
501 4155 598 4221 Areop.
611 4151 719 4206 Coelest.
730 4150 905 4223 Hierancap.
921 4158 935 4208 2
989 4168 1042 4207 aaa
1052 4154 1148 4223 possit,
1168 4155 1234 4222 qaia
1254 4154 1385 4206 nimirum
1400 4153 1509 4220 aaqelas
1518 4167 1567 4206 saar
1583 4152 1710 4221 superbia
1724 4153 1788 4204 ceei-

134 4222 274 4280 etdelliv.
286 4224 365 4277 Nom.
378 4239 426 4293 cap
448 4229 474 4287 t,
487 4221 828 4295 GregoriusNazianzenus
838 4231 935 4279 orate
989 4225 1049 4292 dit,
1069 4225 1201 4278 bomirtem
1217 4239 1279 4277 uero
1294 4224 1383 4277 aliena
1392 4226 1549 4292 prostravit.
1568 4222 1690 4278 Tertiam
1705 4221 1790 4276 ratio-

133 4293 170 4350 de
188 4293 346 4365 Tlteologia,
362 4293 572 4365 Cbrysnstomus
591 4291 684 4348 botttil.
707 4299 740 4348 Ἡ
753 4293 781 4348 in
793 4294 934 4365 Genesim,
989 4308 1051 4349 nem
1072 4292 1152 4349 aliert
1172 4296 1206 4348 D.
1230 4293 1400 4366 Augustinus
1424 4293 1563 4350 Enclririd.
1585 4310 1645 4364 cap.
1672 4298 1718 4358 29,
1740 4308 1790 4347 cnr

134 4367 320 4420 Damascenns
335 4365 380 4420 lib.
396 4381 418 4420 ιι
428 4365 461 4420 de
473 4365 538 4421 Fide
548 4363 663 4425 (trtbod.
676 4380 734 4437 cap.
749 4371 774 4420 3.
789 4373 817 4420 et
827 4366 934 4438 Grego-
988 4364 1088 4421 scilicet
1107 4368 1181 4421 Deus
1200 4381 1253 4420 non
1264 4366 1425 4437 angelicam,
1436 4365 1483 4421 sed
1498 4367 1646 4421 bumanam
1659 4374 1785 4419 naturam

135 4435 191 4490 rius
204 4435 934 4560 llaguusrnrlloral.cagetsstinconcilioLatera-
988 4451 1112 4508 reparare
1132 4437 1256 4502 voluerit,
1280 4436 1353 4507 quod
1374 4452 1428 4492 uno
1448 4445 1575 4508 peccante
1598 4436 1720 4502 bomine,
1742 4444 1787 4490 to-

134 4506 222 4566 nensi,
239 4522 297 4575 cap.
318 4510 453 4572 Firmiter,
473 4506 510 4560 ita
552 4504 676 4560 etinitum
694 4525 701 4559 ι
718 4511 787 4561 Deus
806 4508 840 4561 ab
855 4510 933 4564 iaitrb
986 4513 1046 4562 tum
1058 4508 1128 4565 ineo
1143 4507 1260 4580 perierat
1273 4524 1359 4578 genus
1371 4506 1534 4574 humanum,
1555 4523 1610 4562 non
1626 4516 1717 4561 autem
1732 4518 1786 4557 uno

133 4580 260 4646 temporis
273 4578 551 4647 utramqaecteailrilo
565 4576 686 4630 coadidit
704 4581 867 4645 erecturam,
880 4594 933 4703 33-
948 4571 1098 4635 Uondente
1123 4579 1229 4652 angelo,
1260 4579 1350 4635 caeteri
1371 4594 1467 4632 omnes
1490 4577 1655 4632 ceciderunt.
1682 4575 1786 4627 Placuit

133 4648 261 4701 rituttlem
276 4655 301 4702 et
315 4665 477 4718 comiacrum,
488 4648 638 4716 angelicam
649 4647 772 4701 uidelicet
780 4651 805 4702 et
818 4664 883 4702 mua
922 4680 935 4690 -
987 4651 1077 4720 itaque
1084 4690 1093 4717 ,
1108 4649 1213 4721 inquit,
1232 4651 1415 4703 uttircrsitatis
1435 4648 1550 4700 creatori
1555 4649 1641 4709 atque
1661 4642 1785 4693 modem-

131 4733 207 4772 aaat.
218 4719 272 4773 Ubi
284 4720 409 4790 spiritalis
420 4726 543 4773 creatura
554 4717 701 4787 opponitur
711 4732 859 4789 corporeae.
874 4718 934 4774 Ali·
988 4723 1042 4774 toti
1055 4725 1118 4782 Deo,
1138 4724 1169 4772 at
1187 4722 1313 4787 quereiam
1326 4733 1379 4770 aaa
1397 4720 1452 4769 tota
1468 4713 1613 4766 multitado
1632 4711 1785 4779 aemularum

133 4797 177 4844 ter
195 4795 285 4844 tamen
305 4790 386 4844 docet
408 4788 491 4844 abbas
518 4790 634 4844 Serenus
654 4788 796 4843 collatione
820 4790 933 4861 septima
954 4845 962 4855 ,
987 4791 1070 4843 Deam
1080 4790 1223 4864 desererrdp
1230 4791 1360 4856 perierat,
1376 4801 1406 4838 ea
1419 4799 1479 4852 qaae
1488 4784 1608 4854 perierat
1617 4784 1645 4836 ia
1654 4785 1785 4852 perpetua

131 4874 191 4930 cap.
215 4864 258 4923 ta,
281 4861 326 4915 nbi
353 4859 462 4931 angelos
483 4859 582 4914 fatetur
595 4859 723 4928 spiritalis
744 4858 854 4929 quidem
876 4874 935 4916 esse
985 4859 1139 4928 perditione
1150 4862 1313 4922 remaneret,
1326 4870 1386 4924 quae
1397 4860 1487 4909 aetem
1499 4870 1557 4909 ctam
1572 4858 1633 4914 Deo,
1655 4853 1787 4908 illodese·

131 4937 247 4994 natarat,
262 4945 316 4985 non
332 4940 422 4986 tamen
433 4931 544 4985 omnino
564 4929 740 4999 incorporeae.
756 4927 836 4999 Quod
851 4929 933 4986 etiam
988 4933 1072 4991 reate,
1092 4930 1261 4998 perstiterat,
1278 4929 1311 4982 de
1329 4941 1377 4980 saa
1395 4928 1541 4981 certissime
1559 4927 1663 4994 copitita
1685 4940 1787 4993 semper

123 5001 248 5056 sensisse
261 5001 366 5057 videtur
379 5004 414 5056 D.
430 5001 599 5072 Augustinus
614 4999 736 5070 pluribus
750 5001 778 5056 in
789 4998 866 5068 locis,
888 5000 933 5056 ubl
987 5001 1087 5068 nitore
1100 4999 1233 5064 felicitate
1248 5014 1340 5054 secura
1350 4998 1497 5067 panderem
1516 4998 1576 5051 alia
1590 5012 1650 5050 uera
1662 5001 1785 5050 creatura

131 5070 262 5140 spiritalia
284 5074 421 5144 quaedam,
443 5072 469 5127 id
491 5079 543 5138 cst,
564 5085 641 5125 aerea
659 5085 785 5144 corpora,
806 5078 864 5125 tam
886 5087 933 5126 an·
987 5071 1139 5133 rationalis,
1160 5086 1220 5140 qua
1233 5071 1263 5124 ia
1276 5069 1509 5132 braimensem,
1531 5069 1658 5137 qamn‘am
1672 5067 1786 5136 peccetis

130 5142 198 5213 gelis
219 5158 302 5212 qnam
332 5141 507 5201 daemonibus
536 5140 642 5208 tribuit,
667 5156 699 5197 ex
730 5140 932 5199 Platonicomm
986 5146 1067 5211 otqac
1079 5142 1229 5222 suppletas,
1240 5146 1265 5196 et
1275 5141 1452 5210 originalibus
1466 5145 1492 5195 et
1536 5140 1632 5208 apriis,
1643 5142 1698 5193 tota
1704 5139 1788 5208 perie-

129 5214 278 5267 sententia.
349 5226 353 5233 ’
987 5218 1042 5276 rat,
1057 5228 1091 5267 ea
1108 5228 1166 5282 epus
1177 5217 1418 5283 parterepnratc,
1434 5228 1486 5281 quo
1525 5211 1789 5279 arrpelicoesssoeictati

167 5285 397 5349 13ὓειιιιιιειειιιιε,
422 5284 482 5340 loco
512 5284 700 5356 supracitato
725 5303 731 5340 :
757 5283 931 5354 laadepticas
985 5284 1572 5364 raiaeittadiabolicaminueratsuppteret.
1586 5280 1787 5352 HacAngnsti·
1877 5339 1879 5343 ,

129 5355 294 5420 emittentia
314 5360 352 5411 est
367 5357 498 5423 attactas,
520 5360 586 5427 qaia
603 5356 777 5427 iacoqroralts
795 5360 842 5410 est.
859 5357 930 5414 Nam
985 5369 1047 5411 nus.
1064 5357 1165 5412 Vemm
1188 5354 1318 5410 adversus
1338 5354 1452 5424 primam
1474 5353 1548 5407 illam
1563 5354 1696 5408 rationem
1715 5366 1730 5404 a
1752 5353 1786 5404 [l.

130 5422 208 5476 Amne
227 5431 340 5497 propter
357 5426 515 5483 substantie
539 5430 722 5497 infirmitatem
743 5429 929 5497 penitentiam
986 5425 1120 5498 Gregorio
1130 5426 1239 5482 allatam
1253 5424 1365 5496 objiciet
1375 5422 1488 5479 fortasse
1499 5422 1630 5494 quispiam
1644 5421 1789 5501 hominem

128 5503 282 5552 cmtsecatns
302 5503 350 5552 est.
369 5499 404 5552 Et
417 5513 477 5570 cap.
490 5501 612 5568 sequenti
628 5518 634 5553 :
650 5500 724 5555 Scire
741 5501 843 5567 oportet
860 5513 930 5567 quo·
985 5495 1014 5552 in
1028 5504 1101 5552 statu
1120 5494 1285 5552 innocentiae
1307 5510 1416 5550 carnem
1441 5493 1567 5549 babuisse
1591 5492 1669 5562 plane
1698 5491 1787 5572 subja·

127 5566 205 5620 nram
217 5569 293 5637 quoa
302 5570 453 5623 hominibus
465 5574 589 5637 estmors,
603 5571 649 5624 Aac
663 5568 765 5638 arrqelis
778 5573 816 5623 est
825 5568 926 5637 lapsus.
984 5574 1057 5625 etam
1069 5576 1097 5623 et
1105 5567 1301 5638 obsequentem
1312 5565 1430 5636 spiritui,
1444 5565 1530 5620 immo
1545 5572 1604 5619 tum
1624 5578 1680 5617 non
1693 5574 1787 5616 minus

126 5638 191 5693 Post
203 5639 309 5709 lamsaci
328 5643 397 5694 em'm
413 5655 465 5694 rina
480 5645 520 5696 est
539 5641 595 5694 illis
611 5641 777 5710 penitentia
796 5640 878 5701 locas.
898 5644 930 5694 ut
984 5638 1147 5711 propensam
1161 5638 1196 5693 ad
1223 5637 1325 5693 bonum
1350 5651 1432 5710 quam
1453 5634 1536 5692 modo
1560 5642 1601 5690 est
1617 5632 1650 5689 nd
1671 5632 1784 5688 malum.
