3848 6158
146 302 199 358 ute
684 298 825 356 JOANNlS
843 298 992 356 CASSIle
1011 296 1254 355 oottttton'as
1747 301 1801 358 680

146 426 280 496 queinter
300 427 373 498 ipsos
396 434 558 482 acmentem
584 424 672 480 unitas
693 424 750 491 liat,
764 433 795 480 ut
816 424 874 481 sine
892 425 941 480 Dei
958 430 981 491 Α
998 424 1189 481 insensibiliter
1201 424 1351 497 conjugari,
1372 431 1400 479 et
1418 422 1552 479 occultam
1563 418 1577 456 ¹³
1590 421 1724 480 suadendi
1746 426 1801 483 tim

144 521 239 589 gratia,
254 520 481 592 quidexillorum
499 518 685 584 incitamento,
709 517 824 589 quidex
850 526 944 574 nostra
997 519 1031 576 ad
1056 535 1087 575 ea
1103 534 1165 590 qua
1191 518 1264 575 libita
1285 518 1532 576 luerintexercere.
1557 520 1606 573 Est
1630 517 1707 574 enim
1731 517 1802 577 inter

144 614 282 670 voluntate
293 612 432 685 procedat,
442 612 559 669 discerni
573 626 642 684 pene
655 626 711 668 non
736 611 836 683 possit?
997 628 1043 668 cos
1056 612 1125 669 sicut
1139 613 1211 668 inter
1229 612 1356 669 homines
1373 611 1500 684 quaedam
1521 609 1684 667 substantiae
1704 610 1801 668 simiti-

998 702 1064 760 tudo
1085 712 1167 776 atque
1191 705 1330 777 coguatio.
1345 703 1513 776 Siquidem⁰
1535 701 1658 759 delinitio
1684 718 1747 775 quic
1766 704 1802 763 de

454 755 573 810 CAPUT
592 753 630 808 X'
997 803 1093 852 natura
1104 797 1202 853 auimae
1211 796 1368 864 assumitur,
1380 811 1437 853 non
1457 796 1608 868 incongrue
1628 795 1714 852 etiam
1738 798 1799 855 illo-

143 877 285 945 llesponsio
294 877 324 930 in
337 891 418 947 quem
428 877 536 959 modum
545 879 659 946 spiritus
670 876 808 932 immundi
817 876 942 930 liumrrnis
995 905 1058 946 rum
1069 890 1228 946 subsmmjae
1241 888 1410 947 sjmjpjgugjnj
1431 896 1581 960 coaptatur,
1596 888 1610 925 a
1631 889 1800 949 Appium„

389 948 694 1019 '”³'‘²‘⁶“⁸⁰⁰P“¹⁶''²tu¹''
888 1002 891 1007 ¹
996 998 1060 1039 vero
1072 998 1119 1039 eos
1133 983 1184 1039 sibi
1195 983 1277 1039 inseri
1291 983 1333 1038 vel
1345 982 1426 1049 uniri,
1440 981 1476 1038 ita
1499 990 1532 1037 ut
1540 997 1626 1053 capax
1640 981 1712 1038 alter
1732 984 1799 1043 alte·

178 1080 294 1138 Serenus
308 1102 314 1137 :
326 1090 338 1117 ⁸
350 1083 411 1138 Non
426 1082 528 1137 mirum
544 1089 584 1137 est
598 1095 677 1152 posse
693 1080 821 1153 spiritum
837 1078 942 1152 spiritui
997 1078 1054 1134 rius
1075 1093 1134 1134 esse
1155 1078 1251 1151 possit,
1273 1077 1440 1135 omnimodis
1454 1077 1621 1149 impossibile
1637 1087 1713 1135 est.t
1738 1082 1798 1138 Hoc

688 1211 815 1268 attunt
835 1210 946 1266 GhZAEl
966 1209 1246 1271 COMMENTARIUS.

177 1328 335 1384 'Obscurae
386 1328 511 1384 uaestioni
544 1328 660 1385 obscura
699 1328 849 1398 responsio.
887 1325 942 1383 Sed
996 1328 1095 1381 troicus
1110 1325 1329 1395 (siquidanliac
1348 1326 1610 1394 potestossoliusest
1631 1328 1795 1399 miritae),

141 1410 288 1470 utromque
301 1344 450 1455 elucifiatur
472 1400 500 1454 in
523 1399 705 1469 sequentibus.
729 1402 815 1454 Porro
832 1397 943 1468 spiritus
995 1398 1041 1452 sed
1054 1399 1134 1467 qnasi
1141 1396 1256 1450 uillidus
1269 1396 1391 1465 quidam,
1402 1400 1560 1465 etriequum,
1572 1412 1603 1451 oc
1612 1398 1707 1464 sallon
1716 1400 1797 1466 sran-

141 1469 257 1552 spiritui,
272 1470 300 1525 id
325 1478 376 1535 est,
402 1470 511 1525 daemon
530 1471 628 1525 animm
648 1469 774 1525 rationali
798 1467 943 1522 insensibi-
996 1468 1172 1537 dolendusque
1186 1467 1316 1537 deceptor,
1331 1469 1541 1521 incosarn‘mam
1553 1468 1704 1523 numnam
1716 1472 1797 1526 mali-

142 1543 213 1603 lrter,
230 1541 256 1597 id
270 1549 322 1603 est,
341 1540 514 1596 invisibiliter
525 1541 677 1612 copulatur,
689 1539 756 1594 dum
780 1539 807 1592 in
826 1553 942 1609 corpore
996 1542 1041 1593 tia
1055 1541 1173 1607 affectus
1188 1540 1282 1600 trudit,
1291 1553 1341 1607 per
1353 1539 1523 1605 coqitatrbnes
1535 1542 1705 1595 etincmtiiu
1719 1544 1797 1599 citio·

141 1612 317 1682 energumeni
332 1610 413 1667 simul
438 1612 555 1667 existunt
572 1619 604 1667 et
621 1610 687 1666 illud
703 1609 856 1665 inhabitant
872 1629 878 1664 :
894 1609 941 1665 sed
995 1626 1067 1671 rum,
1077 1610 1174 1680 quibus
1185 1612 1241 1679 ipse
1246 1611 1341 1679 platus
1354 1614 1402 1663 est.
1415 1610 1535 1678 Denique
1548 1611 1691 1680 ctElpmas
1700 1629 1796 1683 rnaqns

140 1682 234 1737 anima
252 1680 435 1747 informando,
455 1690 484 1737 et
498 1680 671 1750 vivificando,
684 1681 796 1737 daemon
809 1696 940 1752 occupau-
994 1682 1067 1749 tilica
1076 1680 1187 1743 dioboli,
1192 1682 1278 1749 juata
1287 1680 1418 1733 inolitiam
1426 1682 1626 1750 nequitiamque
1634 1683 1794 1749 sanarem,

140 1752 188 1815 do,
202 1752 381 1822 possidendo,
394 1753 540 1809 movendo.
954 1752 1088 1845 Bplenus
1105 1753 1177 1806 omiti
1190 1751 1250 1805 dolo
1268 1754 1293 1805 et
1307 1752 1379 1804 omrai
1396 1751 1503 1804 malitie
1526 1752 1661 1816 scribitur,
1686 1755 1795 1810 Satarra

175 1823 345 1889 ¹’Suadendi
360 1824 461 1895 inquit,
471 1840 526 1879 non
538 1823 661 1896 cogendi,
685 1829 732 1878 aut
749 1820 938 1892 compellendi,
992 1827 1074 1892 patre
1086 1822 1143 1892 ejus
1152 1823 1221 1876 harre
1234 1825 1260 1876 ei
1272 1822 1446 1883 celeritatem,
1464 1825 1546 1891 quasi
1556 1838 1590 1877 ea
1602 1826 1794 1882 coenandirte

141 1902 173 1949 ut
190 1909 221 1949 su
257 1895 312 1950 rius
327 1894 432 1951 dictum
456 1903 497 1950 est
512 1895 591 1965 (ceap.
607 1901 649 1960 8).
672 1895 747 1949 Pacit
777 1903 870 1948 autem
889 1892 942 1948 hoc
994 1895 1131 1955 uitiorum,
1146 1895 1176 1947 in
1196 1897 1325 1947 tenturum
1341 1897 1466 1946 uertente.
1480 1895 1601 1962 Arquenr
1617 1897 1710 1966 itaque
1727 1913 1795 1952 enm

139 1910 267 2021 diaboffis
280 1965 388 2021 duobus
407 1964 507 2031 modis,
524 1974 554 2020 ut
569 1965 632 2019 alibi
650 1963 734 2019 etiam
753 1970 877 2018 notatum
889 1972 941 2030 est,
995 1965 1129 2033 apostolus
1150 1965 1249 2019 Paulus·
1270 1969 1351 2032 atque
1363 1965 1508 2032 corripiens
1522 1967 1563 2019 ait
1578 1983 1585 2018 :
1599 1966 1618 2021 0
1629 1966 1705 2035 piene
1719 1970 1798 2023 omni

141 2037 181 2090 vel
197 2051 246 2106 per
262 2036 411 2106 appetitum
431 2036 600 2102 sensitivam,
615 2032 778 2089 concitando
800 2032 941 2104 passiones
995 2037 1139 2103 iniquitate
1151 2039 1176 2088 et
1195 2036 1268 2089 omni
1285 2034 1353 2096 dolo,
1369 2034 1411 2102 fili
1424 2034 1536 2102 dioboli,
1555 2036 1661 2091 inimice
1674 2037 1798 2106 iristitia

140 2107 200 2175 ejus
219 2106 253 2162 ad
270 2120 314 2160 res
331 2106 451 2173 illicitam
464 2107 505 2161 vel
530 2121 580 2231 per
603 2104 788 2175 phantasiam,
810 2103 939 2231 lingendo
993 2105 1798 2175 Deilrlctxut)lQuinentimversipellisetaelbiiusomnem

140 2176 168 2229 in
189 2191 220 2231 ea
233 2176 432 2248 phantasmata,
457 2191 519 2248 quac
541 2176 674 2232 nominem
689 2182 847 2231 moveanta
878 2191 938 2232 ma·
992 2179 1021 2230 in
1039 2192 1067 2231 εε
1077 2177 1167 2231 delum
1178 2177 1372 2243 fraudulentia
1384 2181 1544 2246 susceperat,
1557 2179 1713 2247 appellatur
1721 2182 1797 2250 aliia

139 2245 206 2300 lunt.
992 2247 1799 2319 diaboliquiuimplebutipseornricprincipuleilliustlnnde

176 2315 231 2371 ⁶ld
250 2323 301 2383 est,
336 2332 379 2372 ars
393 2315 556 2373 delinitionis
572 2316 772 2389 animaepotest
789 2318 872 2373 ctiam
888 2317 940 2373 illis
993 2322 1019 2371 et
1037 2321 1168 2387 nequitia,
1184 2319 1419 2379 etomnimalitm,
1434 2320 1463 2371 in
1481 2323 1586 2373 tuntum
1602 2321 1796 2378 illicienscum

139 2386 279 2457 spiritibus
292 2333 429 2459 aeiiptarir
439 2389 490 2455 vel,
508 2396 539 2443 ut
552 2388 697 2460 Dionysius
711 2388 832 2461 planiore
846 2390 915 2460 stylo
930 2407 936 2443 :
991 2389 1796 2463 atquedecipieminiepseSotunosimplesseanimcmipsius,

139 2460 370 2527 nametdefinitio,
380 2459 772 2528 quadenaturaanimae(scil.
785 2459 937 2531 rationalis)
993 2460 1147 2514 ethabitore
1160 2462 1189 2512 in
1203 2460 1293 2514 eadem
1308 2465 1463 2529 putaretur,
1482 2477 1559 2530 quem
1577 2462 1615 2516 ad
1632 2479 1721 2519 omres
1740 2481 1798 2521 aaa

139 2530 231 2595 datur,
245 2531 297 2585 illis
312 2533 391 2585 etiarn
407 2532 567 2600 aliqualiter
588 2532 748 2602 adoptatur.
771 2531 839 2586 Sunt
862 2530 939 2585 enim
990 2532 1173 2599 periers-uatis
1183 2531 1254 2584 dolos
1264 2531 1414 2583 irrinistram
1426 2532 1480 2603 sibi
1491 2548 1522 2585 uc
1536 2534 1671 2599 stimulum
1683 2551 1799 2607 prapa-

138 2600 298 2657 substantiae
319 2600 516 2657 intellectuales
528 2611 555 2656 et
574 2601 752 2669 immortales,
764 2600 836 2656 sicot
848 2600 938 2655 anima
993 2605 1111 2655 rat-erat.
1120 2601 1165 2656 Ad
1176 2601 1205 2655 id
1215 2616 1275 2655 cero
1284 2602 1355 2669 quod
1367 2602 1510 2656 secundnm
1517 2618 1699 2672 postcommun
1709 2622 1799 2663 cacar-

139 2670 293 2734 rationalisr
308 2672 356 2729 sed
371 2672 463 2729 anima
478 2682 519 2728 est
531 2672 619 2729 lorma
633 2673 757 2744 corporis
769 2680 797 2727 et
811 2671 937 2727 snbstan-
991 2673 1077 2741 phem,
1087 2674 1152 2740 quio
1163 2674 1192 2725 in
1203 2672 1302 2726 ludam
1312 2674 1453 2726 introierat
1462 2675 1798 2736 Saturius,lrocdicendum

140 2742 175 2797 tia
190 2742 360 2815 imperfecta
374 2743 470 2816 angeli
482 2743 548 2799 boni
562 2753 608 2800 aut
623 2744 686 2799 rnali
701 2753 767 2800 suut
779 2741 939 2799 substantiae
993 2748 1033 2797 est
1047 2761 1055 2796 r
1071 2743 1356 2804 Obserarnsdmbolus,
1371 2745 1656 2813 quibiadcmrnotibus
1666 2752 1693 2803 et
1704 2765 1799 2820 opera

139 2812 277 2885 perfectae,
296 2825 388 2870 elnon
403 2822 467 2870 sunt
482 2814 581 2871 torma
595 2830 752 2885 corporum.
766 2813 848 2868 Unde
868 2813 939 2867 inter·
993 2815 1094 2867 timeum
1105 2815 1199 2882 separis,
1215 2815 1252 2868 nd
1264 2830 1323 2884 qna
1335 2816 1504 2883 potissimum
1511 2816 1588 2871 Juda
1597 2833 1641 2872 cor
1648 2824 1717 2875 esset
1729 2822 1799 2877 citio

138 2900 245 2940 errores
267 2886 478 2956 origenistarum
497 2892 667 2950 nunreratur,
688 2883 761 2954 quod
780 2884 887 2937 anintas
905 2898 937 2936 ex
989 2885 1146 2953 procliuius,
1160 2884 1760 2956 deprehenditeuntpatereirtsidirsacarilioe,
1772 2896 1798 2947 et

138 2955 240 3023 augelis
261 2964 334 3009 etex
351 2954 494 3010 animabus
507 2953 720 3019 rursusangelos
729 2953 786 3007 lieri
798 2953 938 3008 existima·
992 2959 1098 3023 reperta
1110 2956 1271 3023 cupiditatis
1282 2956 1381 3025 larino,
1395 2959 1470 3012 misit
1486 2960 1515 3012 in
1527 2964 1641 3014 mentem
1655 2960 1715 3032 ejus
1728 2978 1797 3033 quo-

70 3090 72 3094 ,
138 3024 204 3089 rint,
215 3039 249 3079 ex
261 3027 395 3080 sententia
407 3025 611 3080 Platonicorum
625 3027 745 3095 (llieron.
758 3040 799 3094 ep.
812 3030 846 3080 59
859 3030 936 3092 ettil3
991 3026 1256 3081 mododcsidcratum
1266 3029 1408 3097 pecuariam
1419 3031 1562 3099 acciperet.
1574 3036 1600 3084 et
1614 3047 1669 3101 per
1683 3038 1798 3091 occasio-

137 3096 210 3195 Argq.
225 3095 258 3148 dc
270 3097 325 3151 Cic.
340 3096 388 3149 lib.
402 3111 435 3150 rx
449 3110 472 3148 c.
490 3100 515 3149 tt
530 3097 551 3162 ).
991 3112 1050 3151 itan
1065 3098 1133 3151 lucri
1141 3098 1267 3167 proditer
1279 3101 1405 3167 muqistri
1414 3104 1439 3154 ct
1449 3100 1795 3169 Salvatorasaiernrern,

209 3167 387 3233 Altrinsecus,
412 3165 438 3220 id
460 3172 511 3232 est,
531 3173 639 3233 mutuo,
658 3165 716 3223 sive
743 3165 871 3235 invicem,
889 3164 937 3222 sed
954 3171 1797 3245 (1tripentrempropriclatecommutans,etsuscipienspretitan

138 3233 211 3315 quod
229 3239 392 3294 intrinsecus
419 3235 509 3307 potius
535 3236 679 3309 legendnm
702 3237 748 3305 sit,
770 3247 860 3310 patet;
879 3253 936 3292 non
991 3240 1094 3293 sceleris
1106 3257 1124 3293 a
1138 3240 1282 3295 Pharisaei
1291 3245 1373 3309 atque
1385 3241 1497 3296 tradate.
1514 3244 1576 3297 liae
1586 3259 1651 3313 erqo
1658 3249 1796 3315 capitatia

137 3321 209 3363 cmm
224 3309 296 3367 aliud
315 3310 373 3365 vult
390 3312 505 3374 Auctor,
520 3323 604 3379 quam
624 3309 729 3366 animas
746 3309 890 3365 bominum
911 3316 940 3363 et
991 3312 1035 3363 iris
1049 3311 1243 3365 ocmsiolocnm
1255 3312 1348 3366 tribuit
1368 3313 1486 3375 Seiana,
1499 3318 1531 3367 ut
1558 3316 1587 3367 in
1604 3332 1650 3370 cor
1672 3318 1731 3387 ejus
1753 3322 1796 3373 ia-

136 3377 256 3458 spiritus,
278 3382 305 3438 id
329 3392 380 3447 est,
402 3381 541 3436 daemones
565 3379 592 3435 in
611 3381 798 3453 energumenis
819 3397 875 3437 non
895 3380 939 3434 in·
992 3383 1090 3436 troicus
1104 3382 1224 3451 ¹impleret
1238 3398 1297 3436 aeni
1309 3384 1582 3451 pessimacoluntate.
1595 3389 1794 3460 lntroieiterqo

138 3458 262 3519 trrnscec,
285 3452 313 3509 id
339 3462 390 3520 est,
407 3450 561 3508 secundum
577 3451 769 3519 substantiam,
781 3451 828 3507 sed
839 3465 937 3506 secun·
991 3454 1193 3506 rionseamdum
1205 3454 1791 3527 substantium,sedsecrerrdumoperatr'orterrr,

137 3522 202 3575 dum
221 3524 426 3592 proximitatem
438 3519 584 3590 quamdam
605 3522 658 3576 sibi
678 3523 758 3587 uniri,
775 3521 864 3589 idest,
886 3536 935 3575 co·
988 3525 1055 3592 quin
1064 3525 1176 3577 introire
1189 3526 1219 3576 in
1229 3525 1346 3593 aliquem
1356 3527 1482 3580 increata
1495 3531 1601 3582 tratura
1610 3534 1651 3585 est
1661 3529 1719 3599 ejus
1730 3546 1793 3602 qua

136 3591 262 3653 existere,
282 3601 310 3646 et
329 3591 412 3649 simul
438 3592 467 3645 in
493 3606 549 3646 uno
566 3606 681 3662 corpore
704 3592 870 3661 cohabitare,
902 3607 935 3647 eo
986 3595 1794 3673 partiapirturabnatatibus.HactenusDidymusiuterprcte

137 3661 288 3733 prasertim
300 3661 375 3731 quod
387 3662 477 3717 locum
488 3677 545 3716 non
560 3671 703 3732 occupent,
724 3678 812 3718 necse
838 3671 935 3718 mutuo
989 3667 1026 3719 D.
1040 3663 1218 3733 Hieronymo.
1231 3671 1272 3720 Ac
1287 3666 1399 3721 demum
1414 3668 1450 3721 ita
1465 3668 1604 3725 concludit
1619 3691 1625 3725 :
1641 3673 1699 3726 Non
1713 3690 1791 3743 erqo,

137 3733 300 3805 propellant3
315 3742 343 3788 at
356 3749 411 3790 non
428 3731 588 3793 intrinsece,
611 3741 642 3788 ut
657 3733 683 3787 in
705 3748 734 3789 se
759 3740 857 3788 mutuo
881 3733 934 3787 im·
988 3735 1794 3807 utquidampataat,participationertatnraesicesuhrtantrie

136 3813 265 3860 meentet
279 3805 403 3869 inlluant,
416 3802 491 3876 quod
504 3802 555 3859 soli
564 3804 622 3859 Deo
632 3804 783 3876 proprium,
794 3812 826 3860 ut
837 3803 936 3860 clarius
988 3807 1081 3876 implet
1092 3809 1243 3876 quempiam
1252 3808 1442 3872 diabolus,ant
1451 3811 1507 3880 ajars
1516 3813 1790 3885 bribdotmetllcitur;

135 3875 258 3945 sequenti
271 3884 334 3931 nota
347 3876 499 3947 exponitur.
988 3878 1035 3931 scd
1043 3893 1093 3947 per
1099 3877 1325 3944 fraudulentiam,
1336 3885 1360 3934 et
1372 3881 1559 3950 deapttmem,
1569 3888 1593 3937 et
1601 3885 1739 3940 malitiam
1745 3888 1794 3942 in·

171 3955 182 3982 ⁰
198 3949 229 4002 ln
239 3956 370 4013 mentem,
383 3962 429 4001 seu
444 3946 567 4001 animam
581 3945 702 4002 bominis
722 3945 806 4012 illabi,
819 3960 936 4015 eamque
989 3948 1145 4004 habitorein
1157 3965 1185 4004 eo
1196 3951 1315 4005 creditur
1326 3967 1405 4020 mern
1418 3954 1537 4023 repleuit.
1550 3956 1618 4010 ilaec
1631 3954 1687 4023 ille,
1698 3965 1728 4012 et
1740 3957 1792 4015 alia

136 4018 243 4088 penitus
256 4026 284 4073 et
297 4018 393 4073 intime
408 4026 560 4088 penetrare,
576 4033 607 4073 ac
622 4016 771 4089 pervadere
783 4016 868 4073 solius
882 4016 933 4072 Dei
988 4034 1051 4091 quae
1066 4028 1215 4091 sequuntur
1229 4020 1258 4075 in
1273 4022 1397 4077 eamdem
1422 4025 1593 4080 sententiam.
1618 4026 1790 4095 Gennadius,

135 4104 204 4157 esse,
228 4105 284 4145 nou
302 4090 369 4145 item
382 4089 469 4162 angeli
485 4096 532 4144 aut
553 4088 700 4151 daemonis,
717 4087 872 4144 communis
893 4096 936 4144 est
988 4104 1037 4145 seu
1051 4090 1112 4161 quis
1124 4092 1271 4147 auctorlib.
1285 4093 1319 4149 de
1338 4095 1519 4165 Dogmatibus
1531 4096 1705 4171 Ecclescap.
1720 4100 1789 4156 ult:

136 4168 194 4216 tum
205 4170 326 4215 veterum
339 4162 461 4228 Petrum,
474 4168 533 4215 tum
548 4160 719 4232 sequentium
731 4158 930 4232 theologorum,
988 4164 1135 4224 Βεεεοηεε,
1150 4160 1237 4234 inquit
1250 4163 1340 4234 (Tam.
1362 4166 1398 4218 lll
1413 4166 1492 4236 Oper.
1504 4171 1538 4223 b.
1565 4170 1718 4237 linquet),
1741 4186 1791 4243 per

135 4231 270 4286 sententia
288 4250 294 4283 :
310 4245 392 4301 quam
407 4240 470 4285 ante
486 4231 553 4285 alios
572 4231 678 4302 egregie
699 4230 826 4285 tractavit
848 4231 933 4301 Didy-
987 4235 1134 4301 enerpicom
1156 4236 1332 4303 operationem
1343 4251 1396 4290 non
1416 4238 1547 4292 credimus
1572 4240 1791 4298 substantialiter

136 4316 197 4355 mers
211 4301 237 4354 iu
252 4300 326 4355 libris
339 4302 372 4355 de
384 4300 484 4371 Spiritu
498 4311 605 4370 sancto,
622 4300 668 4357 ubi
684 4302 781 4371 prohat
802 4300 933 4371 Spiritum
987 4304 1066 4356 illabi
1079 4306 1186 4366 areima,
1206 4305 1253 4359 sed
1266 4307 1454 4376 applicatione,
1470 4314 1495 4363 et
1519 4313 1690 4381 oppressione
1707 4314 1788 4369 unii.

135 4378 263 4424 sanctum
279 4385 338 4424 esse
358 4385 452 4424 verum
467 4373 570 4436 Deum,
590 4373 662 4428 Patri
677 4380 705 4426 ct
730 4372 799 4426 Filio
812 4371 932 4443 ὁμούσιον
987 4373 1070 4427 lllalri
1080 4379 1169 4428 cutem
1183 4379 1269 4432 murti
1282 4378 1325 4432 illi
1336 4379 1387 4432 soli
1404 4381 1530 4460 possibile
1552 4386 1602 4444 est,
1616 4386 1670 4452 qui
1679 4387 1787 4441 mavit.

135 4437 227 4503 idest,
253 4439 521 4505 consubstantialem,
547 4442 620 4512 quod
643 4442 751 4496 animas
775 4450 931 4498 sanctorum
987 4444 1153 4499 Venerabilis
1168 4446 1239 4500 Beda
1253 4463 1391 4517 exponens
1404 4449 1468 4505 illud
1489 4470 1494 4505 :
1512 4452 1694 4511 Cartentdeit
1706 4458 1787 4513 Sato-

135 4525 197 4564 rere
215 4518 243 4564 et
253 4509 405 4565 secundum
419 4525 448 4564 se
462 4510 602 4578 inhabitet,
616 4526 714 4582 easque
728 4527 776 4566 soa
790 4512 932 4568 divinitate
985 4530 1036 4568 rius
1045 4530 1088 4569 cor
1098 4520 1194 4570 tuum?
1205 4520 1370 4581 Noterndum,
1382 4519 1604 4590 inquit,mentem
1614 4526 1788 4599 hominitptr

135 4579 246 4652 impleat
258 4588 285 4635 et
299 4589 424 4651 occupet,
440 4597 493 4653 qua
509 4581 613 4636 ratione
632 4582 756 4637 dicantur
780 4583 863 4651 pleni,
885 4592 932 4639 aut
946 4569 971 4630 D
985 4586 1163 4640 substantium
1172 4580 1449 4661 nihilimplereposse,
1460 4598 1790 4664 pratercreatricemttt-

133 4652 228 4723 repleti
241 4651 342 4723 Spiritu
357 4661 462 4716 saneto,
484 4668 546 4708 cum
567 4654 640 4708 nulla
664 4661 786 4707 creatora
811 4653 932 4709 animani
986 4660 1107 4712 nitatem.
1125 4659 1600 4734 impletceroSirtanascoralicujue,
1613 4670 1787 4741 rioriquidcn

133 4739 181 4779 sen
201 4732 320 4780 mentem
338 4723 459 4780 hominis
477 4739 573 4795 capere
594 4725 635 4779 vel
657 4723 761 4795 ingredi
784 4724 932 4780 secundum
986 4728 1218 4798 illudinqressus;
1233 4732 1390 4787 sedcallida
1404 4740 1430 4788 et
1443 4737 1624 4803 praetitulentu
1638 4741 1788 4813 deceptam

133 4811 213 4850 suam
226 4795 404 4851 substantiam
418 4804 510 4867 queat,
523 4795 571 4851 sed
582 4794 817 4851 hecsolumnrodo
832 4796 932 4852 Deitati
987 4801 1016 4852 in
1025 4801 1277 4867 malitiaaffectum
1289 4807 1525 4862 onimumtrabens
1533 4814 1785 4881 percoqitctrbrurn,

133 4867 275 4920 conveniat
287 4872 295 4931 (
307 4869 366 4922 Lib.
376 4869 558 4938 1eprincipio
569 4867 764 4934 ).Etlibrot1r,
776 4866 827 4921 sub
837 4868 932 4935 linem,
986 4873 1165 4941 uitiorumque
1175 4876 1321 4942 incertticn,
1334 4877 1432 4944 quibas
1442 4876 1485 4933 ille
1492 4894 1542 4949 per
1550 4881 1623 4935 diem
1633 4898 1787 4956 perquerio·

133 4936 278 5017 solvitdno
293 4948 452 5007 argumenta
466 4955 512 4994 seu
528 4939 651 5009 exempla
667 4953 729 5009 quac
750 4947 845 4993 contra
864 4940 934 4994 lranc
986 4946 1251 5011 eternaeotet.lqitur.
1263 4947 1785 5021 Arruaioeccrsatonasimplcsseaarra·

133 5006 287 5063 doctrinam
299 5007 380 5079 objici
394 5016 504 5078 possent
515 5010 685 5080 ascriptum
702 5027 709 5063 :
725 5008 840 5065 alterum
861 5016 934 5066 dna·
987 5018 1041 5079 tur,
1062 5017 1126 5083 qeria
1136 5016 1312 5070 melittaena
1324 5020 1398 5072 cirus
1408 5021 1433 5073 ei
1445 5021 1560 5088 inuidit.
1575 5023 1740 5083 Risaeoedit
1751 5026 1784 5080 tt.

133 5080 187 5136 niae
204 5079 326 5152 adquem
343 5082 437 5134 Petrus
449 5079 475 5133 in
492 5079 672 5135 dctisdixisse
682 5081 779 5153 legitur
793 5082 867 5146 (Act.
882 5087 931 5148 vl:
988 5084 1140 5140 bernardus
1155 5100 1237 5140 serm.
1254 5093 1270 5141 5
1291 5088 1318 5142 in
1332 5090 1451 5156 Οεεῐὶεε,
1466 5091 1510 5146 nbi
1534 5093 1588 5147 ait:
1601 5096 1679 5151 illud
1695 5102 1785 5153 autari

132 5152 254 5215 Attaleia,
267 5167 316 5205 cur
324 5150 447 5220 impleuit
458 5152 575 5206 Satanas
585 5167 629 5206 cor
643 5156 730 5219 turem,
741 5157 772 5205 ut
784 5155 933 5206 rexeritireris
986 5156 1197 5218 scitotemullum
1205 5162 1353 5212 creatarum
1361 5163 1507 5230 spirituum
1515 5179 1562 5232 per
1571 5180 1599 5218 se
1608 5171 1710 5224 noxam
1718 5184 1788 5223 εεεπ·

131 5223 249 5303 Spiritui
261 5226 370 5276 sarecto?
384 5221 429 5276 Sic
440 5221 513 5275 enim
528 5222 628 5278 babent
640 5222 736 5278 Graeca
751 5240 757 5275 :
775 5221 934 5301 ineliquata
988 5227 1060 5280 tibus
1085 5228 1227 5296 applicari,
1251 5235 1282 5284 nt
1303 5232 1437 5295 uidelicet,
1455 5235 1530 5289 trullo
1548 5236 1687 5294 medietate
1703 5239 1788 5295 nothi

133 5309 178 5355 την
192 5292 295 5360 καρδίαν
311 5296 355 5343 σεῦ
368 5307 416 5362 pro
430 5306 485 5363 quo
508 5302 600 5349 noster
619 5294 754 5361 interpres
767 5300 846 5346 vertit
863 5311 868 5346 :
882 5295 935 5349 Cur
988 5299 1060 5350 suine
1071 5301 1187 5367 corporis
1197 5301 1382 5364 instrumento,
1393 5305 1517 5359 itanobis
1528 5308 1788 5366 immisceaturetitt-

132 5364 247 5416 tentarit
260 5364 376 5418 Saturius
389 5378 433 5418 cor·
447 5368 543 5418 trium?
555 5363 668 5419 alterum
684 5362 763 5417 ludat
777 5362 934 5435 proditoris,
987 5367 1134 5434 sacerdotia,
1151 5385 1202 5437 quc
1213 5371 1270 5439 ejus
1281 5375 1489 5443 participatione
1498 5376 1571 5431 docti
1587 5381 1644 5434 site
1655 5382 1776 5437 doctorct

132 5432 166 5488 de
180 5432 521 5507 quolegiturloan.x111:
540 5438 653 5491 lutrauit
663 5435 817 5489 Sotrrnusin
827 5436 933 5501 ludera,
987 5439 1029 5491 rel
1041 5438 1101 5492 born
1110 5441 1165 5495 sice
1178 5443 1304 5508 ,meliores
1322 5445 1488 5512 effluentum
1506 5449 1597 5503 niellus
1616 5420 1786 5523 camelorum:

133 5507 183 5573 qui
200 5507 437 5575 eoqnorninabotur
462 5509 607 5564 iscariotes.
631 5504 676 5560 nd
697 5512 841 5574 utramque
864 5507 935 5588 ohJe·
987 5510 1079 5563 nullus
1093 5514 1387 5570 uriimomtmlioemodo
1400 5518 1607 5589 mileionpabilis
1619 5528 1671 5590 est,
1682 5525 1786 5581 natan

132 5574 250 5629 ctionem
266 5577 303 5631 ita
316 5578 461 5647 respondet
475 5577 629 5650 Didymus:
645 5574 877 5644 Respondendam,
892 5592 932 5633 tn·
989 5596 1034 5647 eqo
1046 5596 1144 5650 capon,
1157 5599 1204 5638 trec
1215 5587 1270 5654 ipsi
1276 5587 1368 5655 arepeli
1378 5589 1418 5641 ita
1444 5603 1472 5643 se
1482 5590 1647 5647 alterutrum
1661 5598 1783 5666 capim

132 5645 201 5715 qrrit,
213 5646 249 5700 ad
264 5648 294 5701 id
307 5649 378 5716 qaod
390 5651 442 5702 scri
461 5653 521 5702 tum
536 5653 592 5703 est:
615 5648 702 5714 Omne
715 5646 836 5713 inquecit
847 5649 933 5703 Serta·
984 5652 1168 5721 sequestretur
1183 5657 1297 5725 prouida
1320 5658 1375 5712 liaeo
1383 5662 1562 5741 praroqutica
1579 5676 1688 5721 monmo
1699 5682 1735 5723 ac
1745 5668 1786 5723 itt·

131 5732 180 5771 rurs
192 5734 235 5771 ear
245 5722 341 5773 tirreni?
353 5718 426 5788 quod
433 5664 549 5774 barrinas
563 5722 676 5771 mentem
691 5716 839 5785 alr'rujuset
850 5722 930 5788 prin·
984 5725 1183 5795 circunscripta
1197 5728 1324 5795 Spiritui,
1334 5737 1386 5783 etc.
1414 5734 1536 5803 [mulque
1561 5731 1636 5791 hanc
1660 5735 1705 5792 illa

131 5790 216 5859 eiptle
230 5791 316 5844 cordis
330 5790 450 5858 implent.
472 5807 524 5843 rien
541 5789 690 5856 inpatiens
712 5790 741 5842 in
762 5805 832 5855 eruin,
856 5797 881 5845 et
900 5793 930 5845 in
984 5791 1010 5847 in
1026 5795 1147 5851 animam
1160 5795 1283 5853 hominis
1294 5799 1783 5865 sotiumtribunatsclrotasttcrcm

123 5860 302 5932 aerrxumrjus
318 5866 409 5933 atqttc,
427 5866 457 5919 itt
471 5863 512 5919 itu
534 5863 633 5927 dicun,
650 5860 765 5931 enipeum
784 5861 871 5920 cuithe
888 5865 930 5918 in·
984 5866 1114 5937 Magistro
1123 5868 1247 5926 mutent.
1263 5868 1310 5927 tio.
1325 5884 1349 5927 tt
1357 5870 1476 5935 distinct.
1491 5878 1520 5931 8.
1537 5874 1576 5929 lix
1588 5876 1694 5948 quibem
1705 5876 1783 5937 infl-
