3848 6158
131 302 183 360 ιι
309 271 310 274 ‘
527 263 543 279 ‘
806 292 946 352 tornms
963 294 1116 353 cassum
1668 326 1671 330 ι
1734 294 1789 352 aas

133 441 247 487 auarum
270 423 431 494 sustentari,
467 420 541 496 quod
570 420 720 495 Apostolus
750 417 933 478 indesinenter
946 427 973 491 Α
986 420 1069 477 detis
1090 424 1130 477 est
1151 386 1238 476 omnis
1258 420 1357 475 otiosus
1375 417 1510 487 (neceb.
1530 416 1608 485 ιιι).
1629 419 1671 473 De
1687 415 1789 489 quibus

133 521 265 591 exercuit,
286 519 327 577 nt
348 518 428 576 nobis
449 529 576 573 exercere
601 512 741 588 praecepit,
769 512 934 585 quibusdam
986 510 1475 587 Apostoluscommemoravitdicens
1489 511 1672 575 :nitendum
1680 511 1790 583 otiqm'd

132 616 171 674 uti
187 612 348 673 insumentis
366 611 577 684 scripturarum,
591 606 692 680 quibua
704 604 844 679 quoddam
858 605 933 663 iner-
985 607 1140 664 desideretis
1149 609 1171 674 (l
1181 608 1270 663 Tbess.
1282 606 1425 677 tv).Etad
1434 610 1589 661 extremum
1599 622 1605 658 :
1616 605 1704 660 blatto
1713 606 1790 662 mola

97 715 99 720 ’
131 709 178 768 tiae
192 724 251 768 suae
265 707 389 764 velamen
399 705 552 777 imponant,
566 701 688 759 deantes
698 700 835 774 seriptum
849 715 930 758 essa:
986 704 1059 757 enim
1067 700 1158 756 docuit
1171 702 1293 756 otiositas
1306 700 1415 768 (Endos.
1428 696 1789 767 xxxin).Quaeevidenter

132 807 145 838 ⁸
160 804 315 876 operamini
327 817 381 857 non
392 800 478 855 cibum
489 800 538 868 qui
544 800 627 869 perit,
640 797 689 853 sed
697 799 745 867 qui
753 800 893 867 permonet
903 797 933 851 in
986 793 1137 867 Apostolus
1150 792 1177 849 in
1191 792 1244 861 his,
1259 806 1321 864 quae
1337 806 1419 865 supra
1438 791 1624 863 exposuimus,
1645 805 1792 849 enumera·

135 902 219 957 uitam
233 900 362 952 utentum
376 896 463 963 (ioan.
478 896 539 961 pt),
554 898 593 960 et,
607 893 682 950 lietu
694 891 769 947 cibus
783 895 832 955 est,
844 894 875 947 ut
889 891 935 959 su·
987 886 1026 945 vit
1040 886 1136 945 dicans
1154 908 1160 944 :
1176 887 1252 946 Nibil
1261 889 1421 958 -operantes,
1439 886 1487 942 aad
1504 887 1606 941 curiose
1625 889 1734 955 oqurtes
1749 887 1791 955 (ll

136 995 205 1051 uam
216 991 380 1046 uoluntatem
392 989 483 1044 Patris
493 982 935 1058 meiitoan.1v).sedhaectasti·
988 981 1077 1038 Thess.
1100 980 1160 1053 ιιι).
1178 981 1250 1038 Huic
1265 995 1377 1053 quoque
1389 978 1454 1036 vitio
1473 977 1616 1050 subiunxit
1634 977 1709 1036 aliud
1724 997 1732 1036 z
1753 980 1792 1038 nt

134 1082 227 1141 monia
256 1080 338 1155 panni
359 1079 472 1152 quidam
503 1086 569 1135 sunt
591 1076 627 1135 de
656 1075 743 1135 solida
768 1076 933 1150 evangelicae
987 1089 1099 1147 operam
1109 1075 1222 1132 detisut
1236 1076 1322 1144 quieti
1336 1075 1396 1129 sitis
1410 1073 1436 1144 (1
1453 1074 1542 1129 Thess.
1562 1073 1667 1140 1v).lit
1680 1071 1791 1144 duum,

132 1176 257 1235 lectionis
281 1173 465 1249 plenitudine,
491 1170 537 1244 qui
559 1169 595 1229 ad
618 1171 672 1228 hoc
692 1178 880 1241 assumuntur,
903 1176 934 1226 nt
989 1170 1025 1227 Ut
1040 1172 1130 1225 uestra
1144 1170 1251 1239 nepotta
1264 1169 1364 1238 epatis,
1381 1171 1408 1223 et
1422 1172 1454 1223 nt
1471 1168 1576 1223 noneste
1589 1167 1731 1225 ambuletis
1745 1169 1786 1226 od

131 1274 279 1340 contegant
297 1265 388 1340 potius
401 1264 579 1338 ignominiam
594 1263 742 1321 otiositatis
760 1278 793 1321 ao
806 1277 934 1320 verecun-
985 1264 1087 1333 eosqui
1094 1263 1164 1332 foris
1173 1266 1245 1327 sunt,
1255 1266 1280 1318 et
1288 1262 1388 1318 nuliius
1399 1261 1788 1333 aliquiddesideretistlbid.).

132 1359 185 1419 dita
203 1367 317 1428 nostrae,
338 1373 421 1432 quam
443 1365 474 1414 ut
495 1356 653 1416 calefaciant
675 1366 702 1415 et
723 1364 858 1415 exornent
882 1371 934 1414 noa
986 1355 1063 1426 Quos
1085 1355 1168 1413 etiam
1186 1355 1365 1437 inordinatos,
1385 1371 1417 1412 ac
1439 1354 1552 1411 rebelles
1575 1363 1663 1425 notat,
1681 1355 1718 1414 ab
1744 1355 1791 1416 tm

130 1454 176 1512 illa
196 1454 314 1526 pretiosa
336 1461 412 1511 veste
435 1450 609 1524 perfectaque
630 1452 879 1524 statutumquam
903 1451 933 1507 in
985 1450 1122 1508 studiosos
1142 1465 1265 1524 quosque
1280 1433 1415 1524 segregari
1427 1448 1598 1522 praecipiens,
1623 1452 1659 1507 Ut
1674 1451 1789 1508 subtra-

127 1547 287 1605 Proverbiis
303 1547 402 1604 mulier
422 1544 468 1602 illa
489 1545 609 1617 sapiens,
635 1559 697 1616 quae
720 1543 883 1602 fortitudine
904 1551 933 1600 et
985 1543 1788 1618 butisuus,inquit,obomnisratreambulanteinordinote,

132 1638 231 1698 decore
252 1637 347 1694 indutu
369 1645 425 1703 est,
437 1636 477 1692 vel
491 1636 552 1702 sibi,
569 1635 610 1691 vel
631 1637 690 1693 viro
706 1652 757 1693 suo
771 1635 869 1693 fecisse
881 1635 931 1693 de·
985 1639 1226 1695 etnonsecundum
1237 1639 1414 1702 traditionem,
1423 1653 1507 1708 quom
1516 1641 1675 1709 autemut
1686 1638 1791 1697 anobis

131 1733 271 1803 scribitur,
284 1732 318 1788 de
331 1747 385 1803 qua
399 1731 482 1786 etiam
499 1738 698 1801 consequenter
713 1728 830 1787 infertur
845 1751 851 1786 :
867 1733 932 1787 For·
984 1733 1025 1801 (ll
1042 1733 1130 1788 nnus.
1147 1734 1207 1799 ιιι).

132 1829 247 1886 titudine
263 1832 289 1882 et
302 1827 393 1882 decore
406 1824 503 1879 induto
521 1827 570 1888 est,
592 1828 618 1878 et
631 1825 724 1879 intuta
737 1830 776 1880 est
790 1827 819 1880 in
837 1826 931 1883 diebus
945 1840 969 1906 B
1249 1842 1369 1900 CAPUT
1386 1841 1483 1899 χχιι,

130 1917 552 1990 nouissimis(Prouerb.xxx1).
577 1916 811 1976 Dahocinertiae
833 1921 931 1978 morbo
990 1941 1126 2013 Quom,
1139 1946 1287 2015 AEwpmm
1300 1944 1456 2011 smmi„
1467 1945 1524 1998 suis
1535 1943 1659 1999 mam
1731 1960 1787 2003 aa·

130 2029 226 2074 rursus
240 2012 312 2069 idem
326 2010 458 2068 Salomon
472 2012 509 2068 ita
526 2020 728 2070 commemorat
743 2033 750 2070 :
764 2006 779 2046 ὓ
795 2016 850 2072 Vin
861 2016 932 2072 nibil
1022 2016 1670 2086 tur,utnonsotumpropriisnecessitotibussatis
1685 2018 1789 2082 umam,

131 2110 300 2182 mmantium
313 2111 406 2163 strata
422 2110 486 2163 sunt
498 2108 583 2178 spinis
601 2107 737 2178 (proverb.
755 2111 820 2175 xv),
834 2106 862 2167 id
877 2116 930 2182 est,
1021 2083 1068 2139 Μ
1082 2087 1166 2141 emm
1179 2088 1221 2142 '¹⁵⁸
1232 2089 1282 2157 lui
1294 2089 1324 2141 in
1334 2085 1486 2142 mmmm
1496 2089 1561 2142 sum
1569 2087 1787 2145 mium·

126 2202 181 2261 illis
191 2217 224 2259 ac
234 2200 372 2280 similibus
384 2198 453 2257 vitiis
465 2214 527 2272 quae
538 2199 688 2272 Apostolus
699 2200 728 2257 in
740 2201 932 2273 superioribus
1020 2201 1071 2259 llis
1089 2199 1181 2275 itaqua
1195 2198 1326 2271 exemplis
1336 2213 1386 2272 per
1401 2199 1549 2271 AEgyptum
1567 2202 1660 2257 Patres
1678 2197 1788 2271 eruditi,

130 2293 166 2352 da
177 2295 234 2353 otio
248 2293 378 2367 pullulare
397 2290 526 2365 praelatus
546 2301 597 2351 est.
617 2296 653 2351 Et
665 2293 766 2351 iterum
785 2297 838 2350 :in
856 2294 932 2351 desi·
983 2283 999 2330 ἆ
1020 2295 1096 2352 nullo
1116 2293 1198 2351 modo
1220 2292 1326 2351 otiosos
1346 2306 1406 2350 esse
1427 2292 1588 2363 monachos,
1602 2308 1634 2350 ac
1653 2292 1790 2368 precipua

675 2419 803 2476 attunt
822 2420 936 2478 GtzAEt
954 2418 1235 2479 COMMENTARlUS.

168 2526 257 2585 'Hoc
269 2533 321 2596 est,
335 2523 472 2598 operando
486 2523 564 2581 robis
578 2539 724 2597 procurare
737 2527 863 2600 satagite,
877 2544 934 2585 nou
983 2529 1114 2601 pipriqua
1120 2528 1305 2589 incoeptantur,
1312 2525 1416 2581 desidm
1424 2528 1563 2581 vomatur.
1574 2527 1703 2594 Quouittb
1712 2526 1788 2583 malo

133 2607 191 2658 tam
206 2597 299 2656 cibum
315 2603 486 2669 pereuntem,
500 2610 582 2668 quam
600 2595 693 2653 cibum
712 2606 930 2669 permanentem.
986 2601 1078 2655 omnia
1092 2601 1227 2654 nutriente
1239 2600 1414 2660 coenassent,
1428 2601 1454 2652 et
1469 2597 1536 2652 bono
1547 2599 1648 2660 omnia,
1661 2613 1758 2669 nepio

133 2673 195 2729 Non
208 2669 283 2727 enim
293 2675 367 2726 vetat
379 2667 515 2723 Dominus
528 2681 623 2723 curam
637 2666 688 2724 cibi
700 2668 848 2740 corporalis
863 2687 870 2724 ι
885 2669 933 2727 sed
986 2672 1069 2734 aiom,
1078 2670 1431 2740 mulesoporotoquiesaunt.
1439 2669 1528 2724 Debeo
1537 2669 1737 2740 animuin'oper

132 2742 213 2800 docet
226 2738 439 2813 praeponendam
453 2737 492 2793 illi
508 2752 675 2795 assecutam
690 2738 746 2796 cibi
761 2739 931 2812 spiritualis:
986 2742 1115 2797 lamonem
1124 2741 1226 2796 dicimo
1238 2758 1246 2794 ε
1258 2739 1371 2809 Pr'predo
1381 2741 1505 2794 immittit
1514 2754 1633 2810 soporem
1648 2740 1785 2806 (Prooarb.

132 2812 210 2870 illum
223 2812 311 2869 obiter
320 2809 482 2876 curandum,
494 2807 568 2864 bunc
578 2818 671 2865 aotam
681 2817 740 2866 toto
752 2810 847 2867 animo
859 2826 932 2884 qnae·
985 2815 1061 2882 ιιι).
1076 2811 1191 2882 Pipredo
1206 2812 1275 2865 enim
1290 2812 1405 2880 torpenti
1417 2813 1505 2864 maimo
1519 2826 1638 2881 soporem
1649 2812 1786 2879 immittit,

131 2884 260 2940 rendum.
271 2881 398 2952 imperite
411 2879 494 2954 igitur
501 2879 613 2953 quidam
624 2882 770 2952 (Eprpbon.
782 2882 875 2938 liures.
887 2886 930 2951 lo)
985 2887 1052 2954 quio
1064 2884 1182 2953 quanin
1192 2881 1267 2936 bonis
1279 2881 1402 2951 operibtts
1413 2881 1533 2952 tapidum
1545 2882 1786 2952 tardumqueinae

131 2952 198 3010 hinc
219 2953 411 3010 intellexerunt
440 2967 496 3008 non
514 2965 574 3007 ease
595 2950 776 3008 laborandum
797 2968 846 3024 pro
868 2952 930 3009 cibo
984 2956 1065 3019 neit,
1080 2959 1110 3008 ut
1125 2956 1154 3008 in
1167 2953 1246 3008 matis
1258 2956 1366 3015 ormont,
1380 2956 1406 3008 et
1421 2953 1509 3007 oculos
1526 2952 1638 3015 claudit,
1650 2958 1676 3008 et
1687 2969 1786 3012 manus

132 3023 281 3098 corporali,
303 3021 347 3078 his
367 2992 456 3078 teritis
479 3022 622 3079 abutentes
641 3020 677 3080 ad
695 3030 859 3094 praetextum
873 3038 931 3081 sure
984 3025 1127 3096 lipotPer
1135 3024 1256 3081 eumdem
1265 3022 1787 3096 itnumSolomonemdiaitursPropter

43 3090 53 3108 '
132 3095 260 3168 pigritia,
278 3109 343 3149 cum
356 3091 462 3148 Paulus
475 3091 645 3149 contrarium
660 3092 742 3150 verbo
758 3103 785 3149 et
800 3091 872 3151 lacto
884 3094 930 3151 do
982 3097 1161 3167 sripuspipar
1170 3094 1343 3151 ararenoluit
1354 3093 1485 3164 (Proucrb.
1496 3096 1560 3161 ιι).
1573 3097 1684 3165 Propter
1691 3096 1785 3165 nique

132 3165 229 3234 cuerit,
243 3172 273 3220 ut
286 3163 506 3235 superiusvisum
520 3170 570 3219 est.
591 3163 682 3220 llu‘us
700 3163 807 3237 generis
820 3173 848 3220 et
860 3166 929 3222 stul·
984 3165 1531 3238 quippepiqernonorot,quiadesidiaeto
1595 3168 1783 3233 ecmntrictus,
1826 3198 1829 3203 ·

132 3236 201 3293 titia
222 3234 307 3291 luisse
327 3232 433 3316 yidetur
451 3234 603 3316 monachus
621 3180 675 3303 tie,
695 3251 778 3318 quem
797 3236 931 3309 Sylranua
983 3253 1065 3308 opera
1075 3253 1135 3308 quc
1150 3238 1225 3293 debat
1238 3240 1306 3291 bona
1318 3237 1479 3291 dissimulat.
1491 3181 1601 3292 &grueria
1609 3252 1699 3306 poma
1710 3238 1786 3294 moia

132 3306 217 3364 abbas
231 3322 287 3362 non
300 3320 393 3361 manus
407 3303 495 3377 lepido
509 3320 591 3378 quam
606 3306 734 3377 prudenti
746 3305 820 3364 facto
835 3308 871 3365 ad
884 3323 929 3366 sa·
984 3308 1286 3380 moritonensem
1298 3309 1420 3363 maimo
1429 3310 1624 3379 praetermittit.
1637 3312 1676 3365 lle
1685 3324 1740 3380 quo

133 3377 238 3434 niorem
251 3385 371 3434 mentem
383 3376 499 3433 reduxit.
513 3379 553 3434 De
562 3392 617 3449 quo
626 3376 666 3433 sic
676 3376 704 3433 in
714 3378 784 3434 Vitis
797 3381 928 3436 Patrum:
947 3368 969 3432 C
983 3384 1110 3506 fficiam
1118 3380 1244 3435 subditur
1255 3397 1263 3434 τ
1276 3379 1439 3435 Mendicabat
1450 3393 1511 3448 erpo
1521 3383 1624 3443 astate,
1636 3383 1661 3433 et
1671 3325 1787 3436 nen&

133 3449 249 3517 Quium
256 3450 413 3520 peroptinus
423 3450 511 3516 frater
520 3448 638 3503 contusi
650 3448 774 3504 abbatem
783 3449 931 3520 sylvanum
1008 3453 1014 3465 '
1042 3453 1101 3514 rei,
1114 3453 1180 3521 quia
1192 3452 1241 3520 qui
1250 3452 1280 3504 in
1286 3451 1418 3521 praesenti
1426 3451 1521 3504 somilo
1530 3452 1559 3504 in
1573 3450 1647 3504 bonis
1658 3451 1784 3520 operibus

131 3521 162 3575 in
179 3523 360 3587 montesium
377 3524 403 3575 et
414 3519 485 3574 uidit
502 3520 573 3588 qatod
585 3520 688 3586 notras
703 3525 891 3590 morarentur,
905 3526 931 3577 at
983 3537 1037 3578 non
1053 3522 1179 3584 desudat,
1198 3535 1258 3575 mm
1278 3526 1381 3592 tempus
1395 3522 1579 3576 retributionis
1598 3521 1749 3585 advenerit,
1764 3538 1784 3578 o

132 3591 200 3648 dicit
216 3595 254 3649 eis
269 3612 277 3647 ι
292 3594 381 3661 Qrmre
397 3592 549 3662 operamini
562 3604 648 3644 oscum
661 3606 722 3660 qum
730 3593 825 3661 perit?
841 3594 931 3652 Murio
984 3593 1110 3649 mundis
1123 3607 1232 3647 munere
1244 3596 1330 3647 marte
1340 3607 1425 3646 uacuo
1432 3592 1552 3662 jejunat.
1566 3595 1736 3650 nmntraru
1749 3593 1784 3651 da

132 3668 221 3720 autent
231 3666 360 3735 epitimam
371 3665 479 3731 purtem
492 3661 579 3730 clepit.
596 3663 668 3715 lima
680 3677 762 3716 senaa
772 3662 845 3717 diait
855 3663 931 3717 disci
983 3665 1100 3732 formica
1109 3664 1179 3719 mem
1188 3663 1313 3719 Salomon
1320 3664 1362 3717 ait
1376 3663 1497 3718 temero.
1510 3678 1574 3719 xxx
1588 3682 1594 3715 :
1606 3665 1730 3720 Fannius
1734 3679 1782 3735 po

129 3735 194 3805 pulo
205 3750 252 3790 suo
265 3735 401 3791 Zocbarioe
413 3750 422 3786 ε
435 3735 476 3787 Da
490 3732 538 3786 illu
552 3731 666 3787 codicem
677 3733 805 3802 utieqot;
817 3737 842 3789 et
853 3735 931 3790 mitte
980 3735 1065 3806 pulus
1077 3737 1200 3805 inplorans
1218 3736 1303 3805 parat
1316 3735 1346 3788 in
1359 3748 1443 3789 masse
1460 3735 1546 3789 cibum
1566 3734 1627 3790 sibi.
1645 3734 1716 3803 Qttid
1728 3750 1780 3805 per

131 3807 209 3861 illum
223 3808 252 3860 in
266 3805 388 3860 cellulum
400 3818 461 3872 quoe
472 3803 542 3856 nibil
558 3802 645 3857 babet.
661 3804 834 3859 Horauutem
847 3819 929 3869 nonu,
983 3808 1135 3874 formabam,
1155 3807 1211 3860 nisi
1228 3809 1339 3860 strenuo
1354 3806 1412 3859 uita
1428 3807 1619 3860 monocbomnn
1637 3807 1780 3876 upnaturi

130 3875 624 4028 titttttlttltiitttn
634 3875 931 4003 tinniunt
980 3877 1784 4020 ,ntittrttrtttttnttttt‘tttlitntnn:

130 4033 212 4083 nonu,
224 4021 296 4075 uniit
306 4017 343 4071 od
356 4032 455 4080 sertem,
471 4015 559 4071 dicens
573 4031 598 4071 aa
613 4034 621 4070 :
635 4016 775 4087 Numquid
789 4019 866 4074 bodie
879 4033 932 4076 non
983 4023 1040 4075 tur.
1054 4022 1169 4076 Hionim
1179 4021 1346 4091 inpraesenti
1355 4020 1424 4082 nito,
1435 4020 1546 4074 velutin
1556 4034 1648 4088 messe,
1659 4020 1784 4088 ructum

128 4087 932 4159 comederuntsrotres,nbbutdumquesenenloteretur,ait
984 4089 1111 4148 bonorum
1119 4091 1350 4162 opemmuadain
1360 4091 1455 4157 βιαιο
1464 4090 1611 4160 pendeant,
1703 4106 1784 4162 epora

130 4161 175 4216 ille
186 4181 194 4216 :
207 4161 607 4229 Quor-amenoncocnstiintnc
620 4160 693 4216 duait
706 4161 731 4216 ei
744 4161 828 4217 obbas
840 4162 931 4231 sptm-
983 4176 1037 4219 nott
1049 4166 1161 4219 necant.
1177 4162 1244 4217 Hac
1260 4160 1433 4233 smaragdus,
1449 4160 1649 4217 monachorum
1682 4177 1719 4218 uo
1733 4175 1782 4234 ge·

130 4245 180 4285 nus
204 4249 212 4284 :
234 4234 274 4285 Tu
294 4231 370 4283 bomo
389 4232 541 4301 spiritualis
560 4247 596 4296 es,
617 4236 643 4287 ct
661 4248 714 4288 non
732 4233 813 4288 babes
830 4249 931 4289 necesse
982 4247 1048 4290 nera
1067 4231 1173 4356 egregie
1193 4229 1350 4312 describens
1365 4234 1406 4298 (ln
1423 4233 1530 4304 proiop.
1546 4233 1678 4303 nepote).
1695 4232 1783 4291 Simi-

129 4299 294 4353 lioncescom
307 4316 315 4350 :
328 4313 374 4351 nus
389 4306 489 4361 autem,
506 4306 644 4371 tamquam
659 4304 792 4366 carnutes,
808 4319 874 4373 opus
885 4304 930 4358 bu
983 4302 1018 4358 lia
1030 4301 1112 4358 babet
1155 4341 1162 4356 .
1178 4300 1325 4373 Gregorius
1341 4302 1464 4359 Pastora.
1478 4310 1556 4376 parte
1569 4319 1610 4371 ιιι,
1624 4319 1685 4376 cap.
1701 4308 1746 4362 ta.

132 4369 221 4423 bemus
235 4366 377 4447 medere,
397 4368 456 4420 ideo
473 4383 625 4437 operamur.
645 4375 685 4425 Tu
697 4377 787 4426 nutem
801 4377 930 4443 optimam
1017 4376 1030 4407 ⁰
1049 4371 1081 4429 ld
1094 4378 1137 4428 est
1154 4370 1361 4441 concupiscatis,
1380 4380 1411 4428 ut
1427 4372 1471 4430 laic
1485 4373 1632 4431 Cassianus
1651 4383 1679 4431 et
1697 4373 1783 4446 plesi-

166 4443 235 4492 rtem
250 4438 357 4517 etepasn⁸
361 4457 368 4501 ;
384 4437 450 4504 lepis
460 4439 529 4490 enim
542 4438 671 4507 quotidie,
683 4443 820 4496 etnonuis
833 4459 931 4499 cama·
982 4458 1035 4515 qne
1047 4441 1211 4498 latinorum
1227 4441 1439 4514 interpretantur
1449 4444 1527 4516 juxta
1541 4453 1706 4518 preceptum
1725 4447 1782 4503 Da-

127 4454 181 4564 isun
200 4521 286 4589 escam
300 4520 429 4574 ucatpcre.
447 4507 522 4589 Oitod
535 4523 594 4590 mm
608 4508 739 4573 audisset,
755 4514 833 4634 offuit
842 4516 930 4581 puni·
982 4512 1068 4584 calogi
1082 4534 1089 4570 ε
1103 4515 1162 4570 Non
1175 4515 1337 4585 oonmpisces
1349 4531 1406 4569 rem
1420 4519 1543 4587 proximi
1559 4518 1609 4580 tui,
1624 4526 1677 4572 etc.
1696 4515 1781 4575 Unda

129 4582 217 4635 tereti
229 4579 316 4632 dacae
331 4593 339 4629 ³
353 4575 554 4660 induitintuit,
568 4576 660 4632 abbas.
674 4580 776 4650 Respon
797 4584 857 4634 atei
868 4583 929 4651 Spt·
983 4583 1067 4640 etiam
1085 4583 1175 4658 colligi
1193 4585 1277 4656 possit
1294 4585 1454 4642 Cassianum
1471 4603 1526 4644 non
1540 4587 1646 4656 Graece,
1662 4585 1711 4645 aad
1727 4587 1781 4645 La·

128 4665 214 4706 uanus
234 4669 242 4704 :
260 4652 332 4718 Erpa
345 4661 496 4703 rrecessano
514 4651 553 4703 est
565 4650 680 4706 Morino
696 4653 806 4717 diatim
839 4655 930 4723 ropter
982 4654 1040 4712 tine
1055 4655 1203 4729 scripsisse.
1219 4658 1291 4713 liam
1306 4657 1401 4714 Graeaa
1415 4657 1499 4714 alium
1516 4673 1629 4715 sensum
1643 4658 1777 4732 exigtrnt:

130 4723 267 4779 Mustium
279 4721 351 4775 enim
360 4723 386 4775 et
401 4721 489 4804 bonu
501 4720 640 4776 laudatur.
652 4722 720 4779 Haee
731 4720 767 4777 ibi
778 4667 846 4794 (Ηῖ.
860 4738 878 4780 ι
891 4724 928 4779 ii·
943 4746 968 4810 D
1002 4727 1088 4794 ubine
1104 4728 1191 4800 χρείαν
1208 4726 1295 4812 ἔχητε,
1309 4726 1336 4784 id
1351 4736 1401 4800 est,
1419 4729 1520 4786 nullius
1534 4729 1709 4800 indigentiam
1725 4726 1779 4789 lta·

130 4795 197 4851 bello
213 4800 256 4861 ιο,
273 4792 452 4874 remoue-dat).
520 4866 525 4876 Ι
1032 4800 1078 4868 tis,
1094 4798 1168 4855 nulla
1189 4813 1219 4854 re
1236 4798 1386 4872 indigeatis,
1405 4815 1571 4874 quamquam
1588 4801 1664 4874 prior
1680 4813 1780 4859 senam
1809 4856 1817 4867 ,

164 4860 306 4947 ¹³vulgata
315 4862 398 4946 editio
411 4882 418 4917 :
431 4867 646 4935 iterpaprorum,
657 4866 739 4937 quusi
753 4881 825 4938 sepes
836 4868 929 4939 spino
980 4883 1013 4925 ex
1035 4870 1185 4944 posteriore
1205 4867 1261 4926 iere
1279 4880 1471 4944 consequatur.
1491 4875 1562 4929 Natu
1580 4873 1650 4929 siout
1667 4887 1701 4928 ex
1720 4872 1779 4930 otio

130 4952 201 4991 rum.
213 4939 263 4991 Cur
277 4934 364 4990 srmrle
375 4932 441 4990 rllud
454 4935 581 4991 Proverb.
597 4950 675 4994 xxxv
691 4955 698 4992 :
713 4941 764 4995 Per
776 4954 872 5010 aprum
885 4940 928 4996 lto
980 4949 1136 5013 paupertas,
1150 4942 1187 4998 ita
1200 4955 1233 4997 ox
1252 4950 1407 5015 paupertate
1422 4958 1478 4999 non
1491 4943 1643 5000 voluntaria
1654 4943 1778 5016 plerum·

13 5064 16 5071 Α
128 5009 210 5062 minis
220 5007 299 5077 pipri
315 5007 438 5068 transui,
454 5009 654 5075 etpercineam
666 5009 779 5066 bominis
792 5012 871 5066 stanti
877 5030 885 5079 ς
900 5015 927 5067 et
999 5028 1033 5070 ue
1042 5011 1259 5086 concupiscentia
1270 5027 1363 5069 rerum
1372 5013 1521 5071 alienarum
1537 5016 1778 5083 nasciturum-

130 5092 184 5133 eoce
198 5080 281 5132 totum
300 5075 466 5158 neptaeront
482 5079 587 5157 antica,
601 5082 626 5133 ot
641 5086 800 5151 operueram
812 5086 926 5154 neperti-
999 5099 1047 5140 nm
1056 5083 1121 5141 illud
1131 5084 1348 5142 nevernum
1360 5105 1367 5141 ε
1379 5087 1517 5142 mudena
1526 5087 1776 5158 omiduntpaprum.

128 5149 196 5204 mem
203 5149 260 5218 ejm
267 5162 361 5217 spino.
370 5148 411 5201 De
420 5160 475 5228 quc
483 5146 585 5203 videl).
596 5149 759 5224 Gregorium
766 5152 927 5209 liburnio
1015 5142 1030 5189 θ
1050 5155 1172 5224 Otiosos,
1189 5155 1215 5212 id
1233 5163 1287 5226 est,
1301 5156 1335 5212 ab
1355 5171 1436 5228 opere
1452 5159 1573 5214 manuali
1589 5167 1727 5227 vacantes,
1744 5165 1779 5217 nt

128 5218 179 5274 ral.
193 5234 252 5290 cap.
266 5222 310 5271 ιι.
324 5217 413 5285 Quem
423 5223 545 5298 mutatus
555 5219 719 5305 smaragdus
727 5221 812 5280 abbas
820 5224 859 5279 sic
868 5224 926 5296 ejus
980 5241 1012 5282 ex
1032 5233 1093 5283 toto
1113 5226 1193 5310 hujus
1214 5226 1274 5283 libri
1297 5234 1412 5284 tractatu
1431 5230 1601 5303 intelligitur.
1624 5232 1686 5286 lton
1702 5231 1779 5289 enim

127 5287 210 5346 rerba
225 5286 260 5371 ad
273 5286 440 5369 monachum
461 5303 569 5359 pigrum
587 5305 619 5345 ac
632 5291 926 5377 desidem-accommo·
980 5296 1061 5354 otiosi
1077 5313 1190 5355 omnmo
1205 5306 1306 5366 essent,
1324 5299 1347 5355 si
1362 5299 1421 5356 aliis
1435 5301 1619 5373 spiritualibus
1633 5309 1776 5373 vacarent;

125 5358 184 5418 dat.
201 5359 331 5443 Quidest,
347 5365 509 5442 inquinper
521 5376 619 5435 aprum
628 5366 707 5434 pspri
717 5365 831 5421 bominis
843 5370 927 5423 truns-
979 5375 1012 5424 ut
1029 5368 1075 5425 illa
1097 5369 1143 5442 qni
1167 5369 1202 5425 de
1221 5385 1250 5425 se
1272 5370 1380 5427 dicabat
1401 5388 1410 5426 τ
1428 5374 1506 5429 lunc
1525 5373 1640 5429 minime
1659 5373 1765 5431 otiosus

126 5434 178 5496 ire,
197 5427 409 5510 nisalcupuslrbet
425 5434 511 5513 uatem
523 5434 683 5503 neplipentis
700 5437 825 5520 maimoni
837 5438 926 5521 inspi-
979 5438 1092 5512 quando
1106 5440 1221 5496 otiosus.
1242 5444 1278 5497 at
1292 5441 1326 5498 da
1341 5441 1384 5499 iris
1396 5444 1481 5500 modo
1492 5460 1547 5500 non
1562 5460 1576 5499 a
1597 5445 1660 5500 tur.
1675 5414 1777 5503 sedati

127 5518 193 5567 ecre,
207 5506 232 5558 et
241 5517 297 5572 epus
307 5515 387 5572 opera
399 5501 585 5559 considerare?
595 5511 780 5575 quomurtacae
791 5508 833 5563 uel
841 5522 925 5579 tptnoe
978 5523 1039 5566 rem
1052 5510 1126 5582 quod
1144 5510 1249 5573 attinet,
1264 5519 1326 5594 post
1341 5515 1464 5587 Apostoli
1486 5460 1653 5587 exampiitm,
1668 5516 1777 5590 aliaqna

127 5575 240 5645 replent,
253 5574 320 5643 quia
335 5573 365 5626 in
379 5572 456 5626 corde
466 5575 660 5645 neptiqentium
673 5578 862 5634 monachorum
876 5584 925 5635 ten
978 5581 1125 5710 minam
1137 5582 1303 5654 testimonia,
1315 5584 1414 5657 quibus
1422 5601 1492 5659 opus
1502 5602 1633 5643 manuum
1645 5588 1778 5647 adnatant

124 5660 190 5702 rma
210 5644 346 5700 desiderio
365 5645 391 5697 et
406 5646 562 5727 punctiones
574 5647 714 5717 pullulant
732 5649 859 5705 uitiorum
879 5652 925 5717 (ln

105 5714 925 5850 ,aa,sinit-,tunn-,1’„a
979 5724 1776 5857 saturianus

93 5852 271 5910 eeltareb'tas
276 5855 390 5911 damner.
404 5832 614 5937 Undeetbt‘qui
619 5805 766 5924 adiutam
773 5808 926 5942 malitiatur-di
977 5794 1548 5943 fflrriaffiiuqincuffiinabaniffegtuimeet
1554 5801 1777 5950 effigiata:

1046 5653 1080 5709 iat
1093 5652 1190 5709 vitium
1203 5655 1421 5726 commendatur,
1435 5673 1507 5714 nunc
1521 5657 1633 5715 demum
1647 5658 1780 5732 proponit
