3848 6158
133 258 202 316 {225
316 304 322 313 .
539 247 709 307 collatio
728 248 808 305 xxii.
826 274 863 289 -
881 245 926 301 bu
943 242 1138 301 Nourunnts
1156 244 1397 303 inlusionibus.
1723 254 1792 311 {226

131 380 194 437 liter
219 376 333 451 mystice
354 381 513 447 segregatm
532 393 539 428 :
558 383 572 409 ⁸
589 374 622 428 Si
635 375 731 442 aierit,
746 371 845 444 inquit,
867 368 1110 438 integritatum
1130 370 1299 426 medicomm
1320 370 1442 427 doctriua
1460 371 1615 443 discuteret,
1637 390 1700 447 qua
1720 376 1791 435 solet

131 489 178 531 vos
192 473 330 542 domoqui
338 474 469 526 noctumo
477 469 769 539 poliutussitsomnio,
783 465 935 536 eprcdietur
987 476 1020 517 ex
1043 460 1193 517 abundanti
1222 462 1348 519 ciborum
1371 468 1583 538 presumptione
1611 468 1790 540 descendere,

133 572 213 625 eane
222 569 321 628 casua,
332 568 417 620 etnon
427 566 576 618 revertetur
581 560 788 633 priusquamud
798 574 936 630 empnam
988 567 1103 625 umque
1116 563 1270 612 memorata
1284 555 1361 613 tratri
1372 557 1607 630 deprehenderent
1618 578 1673 619 non
1685 567 1786 629 inemo,

133 663 242 719 eblum
256 675 329 729 aqua
346 660 393 723 sit,
407 662 433 714 et
444 661 506 727 post
517 658 581 712 solis
594 670 715 712 occasum
725 654 895 725 repradietur
906 653 936 707 in
988 655 1070 719 atque
1093 646 1163 705 banc
1184 649 1340 706 illusionem
1360 666 1531 724 nequaquam
1552 653 1617 710 vitio
1638 658 1786 715 saturitatis

134 760 224 813 matre
240 754 356 826 (mute.
373 750 435 823 xx).
987 748 1125 798 constaret
1138 758 1293 817 emergere3
1308 761 1341 802 eo
1355 746 1429 819 quod
1440 762 1491 804 nec
1503 746 1594 805 fratris
1612 759 1677 806 nota
1690 751 1785 809 distri-

436 853 558 911 cgpm·
579 856 629 909 vp,
988 836 1079 892 ctione
1092 837 1256 895 solemnium
1277 839 1394 909 dierum,
1415 841 1513 913 quibus
1527 842 1571 898 illa
1593 845 1704 916 pollutio
1718 861 1786 902 con·

136 955 213 1024 pugg
225 968 426 1023 mmmmm
444 951 559 1024 poppa,
577 953 695 1023 mori,
717 951 796 1021 cuppa
810 952 894 1011 pam,
909 952 935 1003 pp
988 930 1118 1002 tingebat,
1133 933 1256 1005 specialis
1274 935 1406 1006 exceptio,
1426 935 1553 993 bacillos
1567 946 1703 1009 patoretur
1724 940 1787 1012 opi·

171 1027 277 1081 inimni
292 1026 410 1091 lucinae
423 1026 573 1093 continpat,
593 1023 713 1093 euenplo
730 1021 897 1077 ostenditur.
988 1024 1045 1079 nari
1060 1043 1066 1079 :
1081 1025 1117 1081 ad
1130 1025 1279 1083 secundam
1293 1016 1307 1060 ⁶
1321 1027 1401 1101 bajus
1414 1028 1576 1087 valetudinis
1589 1046 1700 1089 causam
1713 1030 1783 1091 illice

170 1130 276 1185 Verum
293 1134 324 1182 ut
338 1124 508 1182 manifestius
529 1116 734 1197 approbetur,b
755 1120 933 1193 quodetiam
988 1117 1184 1174 transtulerunt
1209 1120 1390 1192 inquisitionis
1413 1122 1581 1194 indaginem,
1608 1126 1782 1185 discutientes

133 1218 237 1276 inimici
257 1217 376 1276 factione
389 1231 597 1289 nonnumquam
616 1215 675 1272 baec
689 1213 810 1269 eliciatur
821 1211 934 1283 impuri·
986 1227 1021 1267 ne
1034 1213 1134 1269 animae
1150 1212 1264 1269 forsitan
1280 1215 1369 1286 culpa,
1383 1232 1447 1272 caro
1464 1218 1596 1273 exhausta
1611 1220 1715 1292 jejunio
1729 1223 1784 1279 im-

132 1320 175 1371 tes
191 1333 198 1369 :
215 1313 376 1369 ‘Novimus
388 1311 514 1382 fratrem,
528 1310 573 1383 qui
588 1325 651 1368 cum
666 1306 855 1366 castimoniam
870 1320 933 1362 cor-
987 1305 1061 1376 puris
1075 1305 1248 1362 illusionibus
1263 1314 1414 1377 urgeretur,
1430 1308 1530 1379 quibus
1548 1310 1633 1367 etiam
1647 1311 1786 1371 districtis·

132 1405 175 1463 dis
189 1414 217 1463 et
230 1406 353 1479 eorporis
367 1420 474 1462 summa
491 1402 729 1475 circumspectione
745 1409 827 1472 atque
842 1398 933 1454 bumi-
985 1398 1048 1455 sinn
1062 1397 1120 1466 riri,
1135 1399 1276 1470 paululum
1295 1400 1358 1456 elati
1373 1401 1407 1458 de
1420 1403 1463 1458 sui
1477 1404 1600 1474 corporis
1615 1404 1721 1462 luerint
1736 1424 1788 1479 pn-

131 1499 208 1556 litate
224 1498 401 1572 promeritam
416 1498 517 1572 iugiter
532 1496 693 1569 possideret,
713 1510 746 1551 ac
759 1507 932 1566 nequaquam
987 1490 1077 1559 ritate,
1091 1506 1138 1563 per
1150 1492 1393 1564 superbientium
1408 1494 1577 1566 polluuntur,
1592 1497 1666 1567 qnod
1678 1500 1783 1558 scilicet

130 1593 273 1648 nocturnis
291 1590 520 1648 ludificationibus
534 1597 695 1656 tentaretur,
715 1587 821 1660 quoties
839 1593 932 1640 umen
986 1582 1090 1641 donum
1109 1586 1277 1658 precipuum
1293 1587 1355 1654 Dei,
1375 1586 1402 1643 id
1416 1595 1467 1656 est,
1483 1589 1604 1661 corporis
1616 1593 1782 1659 castitatem,

130 1700 160 1744 se
174 1686 209 1743 ad
222 1684 422 1758 percipiendam
436 1683 657 1740 communionem
672 1680 847 1736 Dominieam
859 1690 933 1750 prae-
986 1675 1111 1734 humanis
1129 1694 1159 1734 se
1181 1679 1284 1736 viribus
1301 1680 1450 1737 obtinuisse
1469 1682 1641 1739 crediderint.
1660 1686 1783 1744 lnterro-

130 1788 261 1852 parasset,
281 1777 425 1833 immundo
439 1777 516 1832 lluxu
530 1774 672 1831 dormiens
691 1771 858 1830 ioedabatur.
877 1771 930 1843 Qui
945 1788 969 1851 Β
985 1780 1064 1843 gatus
1087 1773 1168 1845 igitur
1190 1782 1282 1830 utrum
1306 1775 1470 1832 industriam
1495 1794 1573 1833 suam
1595 1778 1633 1835 ita
1655 1795 1781 1852 capacem

129 1887 195 1930 eum
214 1872 300 1928 multo
318 1886 348 1928 se
362 1879 486 1941 tempore
498 1885 514 1924 a
528 1869 709 1925 sacrosanctis
727 1866 866 1940 mysteriis
879 1874 933 1921 tre·
984 1865 1066 1939 hujus
1078 1866 1199 1923 erederet
1212 1883 1270 1923 esse
1284 1868 1403 1937 virtutis,
1417 1879 1449 1926 ut
1460 1885 1511 1942 ope
1525 1871 1607 1927 divini
1622 1888 1676 1930 non
1690 1885 1783 1948 egeret

129 1965 209 2038 pidus
230 1964 388 2032 abstineret,
411 1962 523 2018 undem
544 1959 615 2017 banc
634 1960 670 2017 ad
691 1960 811 2017 seniores
835 1957 932 2015 detulit
985 1960 1088 2027 auxilii,
1110 1976 1218 2017 summa
1235 1960 1308 2018 bunc
1328 1963 1445 2035 impium
1465 1979 1577 2022 sensum
1595 1968 1781 2027 exsecratione

131 2056 324 2130 quaestionem,
335 2052 489 2113 remedium
503 2052 716 2125 impugnationis
730 2068 763 2108 ac
776 2051 878 2109 doloris
890 2050 931 2107 sui
984 2052 1133 2123 detestans,
1150 2069 1213 2111 cum
1232 2070 1261 2111 se
1281 2056 1421 2113 humiliter
1440 2060 1598 2115 astruxisset
1619 2076 1653 2117 ne
1674 2065 1780 2122 cesaris

130 2149 283 2208 medicabili
311 2164 408 2206 eorum
436 2147 551 2205 consilio
574 2155 789 2204 consecuturum
814 2160 845 2203 se
872 2159 930 2201 esse
984 2145 1095 2219 quidem
1108 2146 1205 2203 diebus
1224 2150 1347 2220 corporis
1361 2150 1506 2221 puritatem
1521 2152 1636 2209 retinere
1649 2154 1779 2226 potuisse.

130 2246 282 2304 conlidens.
297 2245 352 2303 Sed
365 2244 560 2316 cumprimum
573 2258 685 2301 causam
699 2242 788 2300 morbi
800 2242 858 2314 ejus
872 2242 929 2314 spi·
983 2240 1032 2296 nisi
1054 2240 1142 2297 divina
1167 2240 1194 2295 in
1219 2242 1351 2299 omnibus
1372 2243 1457 2317 gratia
1482 2242 1575 2300 luisset
1597 2245 1720 2319 adjutus,
1746 2247 1783 2305 illi
1848 2286 1857 2297 ·

672 2368 804 2425 ALARD!
823 2368 938 2424 GAZAEl
957 2365 1241 2423 COMMENTARIUS.

165 2486 179 2514 ⁸
198 2477 242 2534 Ad
256 2478 330 2535 hunc
343 2477 434 2535 locum
453 2476 575 2535 alludens
588 2480 624 2533 D.
641 2476 790 2549 Gregorius
807 2498 814 2531 ε
837 2480 931 2533 Testa-
986 2472 1108 2529 Thomas
1122 2472 1337 2544 cantipratanus
1354 2472 1401 2528 lib.
1418 2488 1442 2530 ιι
1458 2472 1531 2543 (Cap.
1546 2477 1591 2539 57)
1606 2492 1613 2529 :
1629 2477 1683 2531 lloc
1695 2493 1782 2535 verme

129 2555 259 2617 mentum,
270 2550 367 2620 inquit,
375 2552 471 2605 ueteris
479 2550 686 2620 lepispollutum
694 2551 805 2604 Domino
814 2548 931 2602 dicit:et
984 2545 1115 2599 damonia
1124 2547 1285 2613 apurantar,
1297 2559 1358 2611 qua
1367 2550 1440 2600 nacte
1448 2544 1601 2601 bominibus
1609 2555 1742 2617 appareat
1750 2553 1781 2605 in

131 2621 188 2675 nisi
206 2622 291 2675 lotum
313 2637 396 2691 aqua,
412 2623 495 2675 etiam
515 2636 600 2690 usque
618 2621 656 2674 ad
672 2634 812 2688 semerom
825 2621 930 2673 intrare
983 2618 1092 2677 mmnn,
1108 2619 1134 2669 et
1148 2629 1190 2669 eos
1205 2616 1353 2695 lusionibus
1364 2616 1590 2685 phantasmaticis
1609 2620 1735 2687 polluunt
1753 2628 1780 2677 et

129 2692 275 2747 Ecclesiam
285 2708 338 2747 non
352 2692 480 2747 coneedit.
491 2692 567 2759 Quod
580 2695 668 2745 tamen
682 2690 763 2745 aliter
774 2690 928 2759 intellipens
983 2687 1114 2740 illudunt.
1131 2688 1165 2739 Et
1175 2684 1268 2741 subdit
1279 2686 1434 2758 exemplum
1443 2686 1477 2741 de
1486 2689 1611 2742 Marrucino
1622 2692 1668 2743 cui
1677 2690 1782 2747 damon

126 2763 246 2833 populus
271 2764 405 2833 spiritalis
431 2761 468 2827 (id
490 2769 532 2817 est
553 2760 744 2827 Christianus),
774 2764 857 2831 quasi
879 2775 929 2829 per
982 2757 1133 2819 irrsultaoit,
1152 2756 1225 2825 quod
1239 2758 1265 2811 ei
1281 2758 1422 2811 insomnis
1439 2757 1611 2826 pollutionem
1625 2764 1778 2818 accitasset.

130 2836 261 2887 somnium
271 2831 927 2902 eumtlludirepatutsquitentatusimmunditia,
982 2830 1020 2881 De
1030 2830 1087 2890 boe,
1103 2827 1198 2897 inquit,
1220 2827 1353 2896 quiddam
1368 2829 1543 2883 ridiculosam
1562 2830 1655 2897 lepisse
1667 2847 1709 2886 me
1722 2848 1779 2888 me·

131 2905 209 2955 vonis
218 2905 381 2969 imaqinibus
390 2906 419 2956 in
429 2905 588 2969 capitatione
595 2904 765 2971 inquinatur.
774 2900 827 2957 Sed
837 2901 928 2955 lauan—
981 2901 1060 2952 meni.
1074 2900 1139 2955 cum
1152 2899 1264 2966 quidam
1276 2900 1419 2953 monachus
1433 2900 1471 2953 ad
1481 2901 1610 2955 obsessum
1623 2917 1781 2972 merquua-

131 2970 183 3025 dus
192 2976 361 3038 sstaqua‚ut
371 2972 926 3039 eulpumcopitotionumlaerpmisablua13
981 2984 1046 3023 num
1060 2972 1220 3031 emanaret,
1233 2973 1420 3025 circuuntante
1433 2971 1515 3025 multo
1527 2973 1635 3041 populo,
1648 2989 1708 3028 eum
1720 2990 1777 3030 eum

131 3044 157 3095 et
166 3042 222 3096 nisi
227 3043 306 3110 parius
315 3042 385 3109 ipnis
398 3042 553 3094 testationis
564 3042 711 3105 recesserit,
722 3055 798 3094 reum
809 3055 836 3094 se
847 3044 927 3111 quusi
980 3040 1104 3094 imisione
1116 3040 1237 3093 mordaci
1249 3040 1409 3094 demonium
1423 3043 1580 3096 inclamauit
1589 3042 1677 3098 dicens
1690 3063 1698 3100 :
1713 3048 1776 3108 Eia,

131 3111 324 3181 adoespcram
333 3112 528 3179 coquerentltn
540 3110 836 3176 cilatGratianus,licet
847 3111 926 3180 paulo
980 3110 1081 3174 trater,
1099 3112 1150 3173 eia,
1165 3112 1298 3179 numqaid
1310 3113 1450 3180 pulchram
1463 3113 1516 3167 tibi
1525 3116 1553 3167 in
1569 3115 1619 3168 bae
1632 3120 1707 3170 nocte
1724 3132 1779 3171 ruu-

131 3181 209 3237 aliter
229 3182 327 3237 babeat
347 3181 443 3263 origin.
465 3181 601 3252 Gregorii.
628 3181 747 3236 isidorus
767 3195 876 3252 quoque
899 3181 926 3236 in
980 3180 1071 3235 lienem
1083 3182 1779 3254 insomnisudduai?Quippeutpostronfusionem

131 3250 257 3308 camdem
281 3259 445 3307 sententiam
465 3251 588 3307 scribens
611 3270 618 3306 :
641 3254 817 3313 Nocttnnum.
842 3251 928 3322 inquit
944 3292 966 3356 C
980 3253 1121 3305 monacbis
1131 3253 1234 3313 retulit,
1245 3256 1274 3305 in
1284 3256 1384 3308 samnis
1394 3255 1514 3322 pollutus
1525 3257 1620 3321 fumat
1632 3258 1681 3310 illa
1693 3263 1777 3319 noete,

131 3324 285 3391 (Commeat.
303 3326 333 3377 in
347 3326 455 3379 nata.
476 3338 534 3392 cap.
550 3322 602 3393 xx)
619 3326 752 3377 somnium
763 3328 802 3377 est
816 3325 928 3378 tentatio
981 3325 1007 3375 et
1021 3336 1073 3375 non
1087 3324 1223 3388 consessus
1238 3323 1304 3385 sitit.
1320 3322 1366 3376 Sic
1379 3322 1444 3391 ipse.
1460 3322 1527 3377 Vide
1541 3324 1617 3392 plura
1632 3325 1666 3380 ad
1678 3341 1739 3398 cap.
1760 3334 1776 3384 3

131 3395 243 3457 occulta,
258 3410 307 3464 per
319 3409 402 3464 quom
415 3395 552 3448 tenebrosa
563 3396 723 3462 capitatimre
731 3398 812 3463 turpe
821 3395 929 3463 utquid
981 3389 1071 3463 hujus.

131 3466 290 3535 cenapium,
310 3465 382 3535 quod
395 3468 485 3519 tamen
502 3467 621 3534 corporis
694 3481 774 3519 enon
793 3464 926 3535 repletur.
1018 3464 1105 3517 ‘Hoc
1116 3459 1272 3532 exemplum
1285 3460 1375 3518 retulit
1392 3464 1424 3517 D.
1439 3461 1559 3519 Thomas
1570 3478 1651 3536 supra
1666 3464 1775 3523 uatus.

131 3536 183 3591 Sed
193 3539 295 3591 somnio
305 3540 434 3591 nmturno
441 3537 561 3605 pollutus
570 3480 752 3604 spermatis
765 3541 855 3590 castra
863 3551 928 3605 pru
982 3532 1053 3614 Huic
1070 3531 1159 3613 simile
1173 3540 1223 3598 est,
1246 3530 1320 3601 quod
1335 3532 1362 3587 in
1385 3534 1444 3589 Vita
1466 3536 1501 3588 V.
1522 3535 1595 3590 Petri
1614 3536 1648 3591 de
1662 3538 1778 3595 lllorono

130 3607 234 3676 cipitur
252 3626 260 3660 :
275 3610 342 3676 quic
355 3607 479 3661 videlicet
496 3606 608 3675 dipnum
621 3612 669 3672 est,
683 3609 778 3676 utqui
789 3607 927 3661 immunda
981 3602 1089 3674 legitur,
1108 3618 1156 3674 qux
1170 3618 1201 3658 ex
1217 3601 1380 3658 anachoreta
1397 3619 1522 3661 summus
1572 3604 1653 3662 ntiiex
1669 3617 1776 3667 creatus
1821 3648 1829 3663 .

130 3680 287 3745 capitatione
297 3678 439 3747 polluitur,
452 3678 594 3746 indr'paum
605 3692 633 3731 se
643 3682 796 3732 cunctorum
807 3677 927 3746 fidelium
981 3671 1070 3729 dimus
1092 3683 1135 3729 est
1156 3673 1320 3754 Coelestinus
1343 3674 1452 3745 quintus
1463 3694 1472 3746 3
1493 3621 1570 3731 sepo
1565 3677 1726 3747 pontificatu
1747 3695 1777 3737 se

129 3749 299 3802 societatibus
308 3750 465 3803 arbitretur.
476 3748 566 3818 Culpa
573 3764 630 3803 suu
637 3751 834 3803 meritamente
841 3750 927 3803 oculos
981 3744 1112 3800 abdicans
1124 3752 1151 3800 et
1163 3744 1191 3799 in
1206 3743 1350 3800 solitudine
1361 3746 1494 3817 reliquam
1508 3746 1592 3801 vitam
1609 3764 1703 3818 agens,
1719 3751 1777 3805 vir-

126 3824 221 3941 pcnat,
236 3825 260 3873 et
274 3835 307 3873 ea
322 3820 450 3873 bannum
463 3833 490 3873 se
503 3820 701 3874 centimanum
713 3820 855 3889 despicim.
868 3820 927 3875 Pol·
982 3815 1087 3871 tutibus
1106 3830 1138 3871 ac
1155 3814 1294 3871 miraculis
1313 3814 1410 3871 clamit
1425 3835 1432 3872 ε
1453 3832 1468 3871 a
1488 3830 1543 3887 quo
1557 3825 1585 3872 et
1605 3820 1673 3873 ordo
1686 3820 1776 3876 Coele-

139 3894 216 3942 utum
230 3904 292 3956 erpo
303 3894 381 3941 entra
390 3892 479 3940 eastra
489 3890 574 3947 enine,
585 3894 625 3941 est
638 3891 715 3954 turpi
725 3892 927 3957 impugnatione
980 3887 1116 3942 stinorum
1129 3886 1235 3941 initium
1247 3893 1275 3941 et
1285 3901 1389 3942 nomen
1404 3888 1515 3958 accepit.
1529 3886 1639 3943 Accidit
1648 3888 1733 3957 enim,
1747 3900 1776 3947 ut

131 3957 297 4011 laborantem
311 3972 410 4011 sesses
423 3957 612 4009 continentium
624 3960 823 4025 comparatione
835 3959 926 4027 despi-
980 3957 1066 4011 refert
1086 3961 1182 4013 Petrus
1197 3958 1352 4023 almcensis,
1373 3966 1405 4013 ut
1423 3958 1460 4015 ob
1476 3960 1544 4015 sacri
1559 3960 1678 4030 mysterii
1698 3976 1776 4018 rete-

130 4042 197 4083 cere.
215 4028 269 4095 Qui
285 4028 322 4081 ud
339 4042 477 4097 nemetum
497 4042 570 4096 equa
585 4026 704 4089 luuntur,
719 4042 779 4081 eum
793 4028 928 4094 &sectum
981 4026 1098 4080 rentiam
1117 4026 1249 4096 magnaei
1264 4027 1423 4096 perplexitas
1437 4030 1565 4094 oriretur,
1580 4031 1710 4110 quidnam
1724 4031 1775 4089 sibi

131 4113 210 4155 suum
223 4096 741 4169 cariqriciens,aelpoeniteutioelamenta
754 4100 926 4162 conuertitur,
981 4097 1118 4165 egendum
1143 4104 1225 4161 esset,
1252 4110 1315 4149 cum
1340 4104 1473 4153 nocturna
1499 4099 1649 4168 pollutione
1678 4116 1776 4172 corpus

129 4173 161 4225 ut
171 4170 275 4238 petibus
285 4169 376 4223 diluat
386 4183 461 4222 omne
470 4168 541 4238 quod
550 4170 671 4221 antimum
681 4168 783 4223 occulto
797 4170 927 4239 inquina-
980 4180 1061 4221 suum
1076 4164 1203 4220 maculari
1219 4165 1401 4235 contingerem
1416 4166 1479 4223 licet
1494 4176 1585 4223 tamen
1598 4170 1704 4225 animus
1716 4172 1775 4243 ejus

132 4243 328 4295 tioaeamusut.
340 4239 926 4308 Sedpostoccasumsolisadcastrnredeat,
980 4235 1176 4292 mundissimus
1189 4234 1234 4289 tali
1255 4235 1437 4294 immunditiae
1460 4253 1509 4309 pro
1526 4239 1629 4295 viribus
1650 4240 1775 4301 resistere

131 4313 197 4381 qaia
216 4312 407 4378 delucescente
426 4312 580 4365 tentationis
599 4310 705 4377 ardore,
726 4325 827 4365 necesse
841 4316 880 4365 est
896 4315 928 4367 ut
980 4306 1123 4373 niteretur.
1155 4308 1191 4361 Et
1210 4321 1273 4361 cum
1297 4321 1325 4388 a.
1337 4308 1470 4381 religiosis
1492 4308 1621 4367 iratribus
1644 4322 1777 4383 quaereret

129 4384 229 4437 ilenrm
251 4383 376 4451 {idunan
392 4396 456 4450 erpa
475 4382 610 4435 sanctatis
628 4382 725 4435 borium
745 4384 844 4437 sumat.
866 4385 927 4437 Post
980 4376 1136 4445 eondlium,
1150 4378 1173 4432 si
1187 4378 1284 4432 eodem
1299 4378 1343 4433 dre
1356 4379 1548 4437 celebrandum
1562 4391 1634 4437 essm
1646 4384 1687 4439 vel
1701 4399 1717 4441 a
1732 4400 1774 4442 ce·

131 4468 231 4522 aquam
245 4455 345 4521 quippe
359 4451 525 4506 aemulam
538 4453 592 4507 sole
609 4452 647 4505 ad
665 4457 756 4507 eastra
769 4456 925 4515 reuertitur,
981 4447 1128 4503 lebraticne
1144 4448 1319 4514 cessandum,
1338 4465 1388 4506 nec
1407 4459 1480 4508 esset
1497 4468 1550 4507 una
1569 4455 1693 4511 omnium
1711 4470 1773 4512 sen·

131 4526 180 4593 qui
189 4528 249 4592 post
263 4523 721 4591 lumeruapoenitentiesripeseente
732 4524 926 4593 pammaeopi-
979 4520 1074 4586 tentia,
1091 4520 1151 4575 aliis
1169 4519 1219 4576 sic.
1238 4519 1297 4575 aliis
1313 4520 1392 4577 aliter
1411 4524 1591 4580 sentientibus
1612 4543 1618 4578 :
1639 4528 1681 4595 pia
1699 4542 1775 4583 mens

131 4596 239 4648 tationis
248 4595 360 4659 illicita,
371 4592 536 4661 adpdelium
544 4596 642 4647 merita
650 4594 838 4663 praesumenda
847 4611 924 4665 repta
980 4591 1038 4661 eJ'us
1047 4591 1075 4646 in
1085 4590 1322 4657 dubiossnetuans,
1333 4591 1368 4648 ad
1377 4594 1510 4649 auxilium
1519 4596 1634 4651 meurrit
1642 4596 1772 4651 divinum.

129 4670 219 4731 ratur,
235 4670 266 4719 ut
274 4665 335 4734 jara
347 4679 374 4719 se
387 4679 404 4717 a
418 4666 521 4718 caeteris
535 4664 610 4731 turpe
622 4679 740 4719 essenon
753 4668 867 4721 estimet
878 4667 928 4736 qui
980 4664 1013 4717 Et
1035 4678 1097 4717 etue
1117 4662 1145 4716 in
1168 4661 1273 4717 somnis
1291 4662 1417 4719 assistere
1435 4664 1458 4719 ei
1478 4664 1550 4718 risus
1569 4675 1611 4719 est
1635 4666 1771 4733 carinus,

130 4737 260 4790 mandram
272 4752 299 4791 se
308 4752 357 4805 per
367 4736 468 4790 obitum
479 4736 570 4789 intimi
578 4734 687 4789 ardoris
698 4737 808 4804 pareda.
823 4739 926 4793 flacus
979 4732 1060 4804 hujus
1083 4731 1227 4788 dubietatis
1248 4733 1453 4802 perplexitatem
1472 4734 1636 4797 dissolvens,
1656 4751 1774 4809 cumque

151 4804 924 4878 uelsidorus.Additetaliolocnlbib.rerentent.e.tt):
978 4803 1130 4875 parabolica
1153 4800 1329 4858 similitudine
1356 4804 1509 4869 instruens3
1536 4805 1608 4875 quod
1632 4807 1654 4862 si
1680 4807 1774 4865 asinus

131 4819 185 4943 gui
201 4879 334 4929 nocturna
348 4876 473 4931 illusione
484 4877 627 4946 polluitur,
643 4879 767 4946 quamtis
781 4882 860 4931 entra
871 4894 926 4932 me·
979 4890 1057 4940 suus,
1081 4874 1108 4928 id
1127 4883 1178 4939 est,
1199 4873 1304 4928 brutnio
1321 4881 1348 4927 et
1364 4873 1519 4930 irrationale
1538 4892 1638 4947 eorpus
1655 4894 1704 4947 pro
1730 4878 1773 4935 in·

129 4948 927 5016 marmmapttuttonumsesepasmtntmqunratumtamen
980 4954 1043 5001 nata
1058 4943 1256 4999 consuetudine
1274 4958 1353 4999 suam
1373 4944 1472 5001 iaceret
1488 4946 1699 5017 immunditiam,
1719 4965 1773 5008 non

130 5018 187 5079 bec,
203 5021 406 5077 attentaretur,
421 5017 507 5085 culpa
524 5033 580 5072 suu
599 5019 711 5081 tribuet,
730 5033 858 5088 suamque
871 5022 925 5074 im·
982 5024 1092 5088 propter
1106 5013 1159 5070 hoc
1177 5023 1268 5069 rector
1280 5014 1348 5087 ejus,
1365 5016 1393 5071 id
1408 5025 1459 5083 est,
1474 5017 1611 5075 rationalis
1627 5021 1774 5087 animosa

129 5089 294 5143 munditiam
308 5089 402 5143 statim
414 5088 519 5155 peliden
534 5092 631 5157 torpet.
981 5101 1115 5142 consensu
1129 5086 1277 5142 immandae
1291 5087 1381 5143 carinis
1392 5088 1527 5146 illecebrae
1538 5090 1653 5153 alienus,
1664 5091 1775 5148 deberet

165 5161 229 5215 ¹’ld
254 5166 313 5221 est,
342 5157 443 5213 diaboli
467 5173 548 5228 opera
568 5168 596 5213 et
617 5159 741 5215 illusione
764 5160 877 5231 pollutio
900 5160 928 5216 in
980 5157 1016 5214 ab
1037 5172 1150 5213 ascensu
1171 5156 1334 5219 caelestium,
1357 5158 1410 5214 boc
1433 5168 1484 5224 est,
1508 5176 1523 5214 a
1547 5161 1776 5231 corrtemplatione
1854 5167 1858 5177 '

128 5230 232 5286 somnis
254 5237 422 5299 procuretur.
451 5228 494 5285 Sic
515 5227 583 5283 inira
608 5248 614 5283 :
638 5230 760 5285 Ocueltus
789 5232 927 5287 diabolica
980 5228 1144 5285 divinornm.
1156 5230 1193 5281 rel
1203 5227 1238 5281 ab
1250 5228 1378 5284 exercitio
1388 5228 1571 5300 spiritualium
1582 5232 1774 5302 rripsrariorum

129 5302 256 5368 suenonis
265 5302 379 5355 inuidiae
388 5301 572 5369 peuridenmt.
584 5302 651 5355 ltem
665 5319 671 5354 :
684 5302 775 5357 Omnis
784 5303 926 5358 dmbolicoe
980 5307 1098 5369 torpere.
1117 5302 1174 5370 Quia
1195 5299 1299 5354 visione
1316 5302 1472 5356 consolatus
1489 5316 1581 5356 servus
1605 5303 1663 5361 lici.
1677 5304 1775 5361 mentis

129 5372 926 5443 [aetionisscmadetectacst.liuisus:Adversariisnctiosa
980 5370 1775 5447 quietemspiritaalemquelaetitiamresumpsitintelligens

130 5443 220 5498 docuit
232 5441 411 5509 ludificatione
422 5443 546 5513 propelli.
562 5442 643 5511 erod
658 5444 769 5513 pollutio
782 5446 895 5500 subinde
909 5461 926 5501 a
979 5441 1016 5496 ob
1029 5440 1248 5505 irivoluntsrinm,
1266 5440 1372 5512 legique
1389 5444 1488 5498 mentis
1502 5458 1558 5498 suae
1576 5454 1774 5512 repugnantem

129 5511 241 5570 diabolo
264 5520 422 5577 procuretur
442 5515 649 5579 dormientibus,
666 5513 767 5569 diserte
789 5514 869 5571 docet
890 5520 922 5571 l).
979 5512 1068 5567 carrus
1079 5512 1270 5581 pollutionem,
1285 5521 1549 5583 xxorreumoportere
1564 5515 1774 5575 adivinisaera·

129 5583 250 5640 Thomas
267 5582 292 5653 (³
305 5598 347 5652 p.,
362 5598 389 5651 q.
403 5586 449 5643 80,
462 5600 490 5637 u.
500 5588 528 5653 t)
545 5586 735 5655 :Quarrdoque
747 5585 796 5652 ait,
809 5587 925 5656 pollutio
979 5582 1064 5638 menti
1077 5582 1270 5637 conxmunione
1284 5599 1400 5640 cessare.
1416 5586 1483 5641 Haec
1496 5584 1543 5640 ibi.

127 5656 251 5725 prouenit
264 5671 281 5705 a
295 5654 536 5709 neusaeatrinseca
547 5658 698 5726 spirituali,
710 5658 810 5712 scilieet
822 5674 855 5711 ea
867 5658 924 5712 dee·
1013 5654 1027 5689 ‘¹
1051 5653 1081 5708 ld
1102 5661 1153 5720 est,
1177 5654 1366 5711 invaletudinis
1387 5670 1435 5712 seu
1457 5654 1631 5726 infirmitatis,
1655 5668 1686 5715 ut
1704 5674 1776 5732 saepe

128 5725 923 5799 montemillusione,quipbnntusmatacommouerepossunt:
978 5724 1084 5781 dictum
1097 5731 1146 5781 est.

130 5796 921 5871 eoquorumapparitionepollutiointerdumsubupuitur.

234 5885 365 5943 Prrnon.
382 5882 488 5941 xllx.
1601 5888 1635 5942 tt
