3848 6158
188 349 240 402 rot

862 335 1001 393 tuturus
1019 335 1173 393 CASSIANl

1788 332 1842 387 208

189 469 338 537 sententia,
358 466 528 525 monachum
548 465 595 539 qui
618 472 681 538 post
695 448 849 520 coenoblale
864 461 988 535 proposi·
1003 467 1030 528 Α
1044 460 1154 528 babeat,
1179 457 1370 531 contemplari,
1392 455 1570 528 studioseque
1591 455 1745 528 decerpere.
1765 457 1845 513 Cun-

190 572 252 620 tum
272 561 381 634 fastigia
397 560 498 617 nititur
518 554 686 615 sublimioris
706 552 885 627 perfectionis
905 554 991 610 attin·

189 672 269 729 gere,
291 664 320 711 et
335 653 510 727 apprehenso
524 647 700 707 discretionis
719 648 860 713 examine,
878 645 990 719 proprio

186 751 245 822 jam
259 758 358 822 potens
374 756 417 803 est
430 755 504 802 stare
512 742 630 816 judicio,
646 749 730 812 atque
743 744 755 774 ⁸
770 739 806 797 ad
818 755 909 796 arcem
924 753 992 795 ana·

188 843 333 900 eboreseos
345 831 519 914 perveniret
528 834 642 892 minime
651 832 795 916 debere'ab
807 847 877 901 uno,
890 845 988 904 quarn·

1046 561 1105 609 ctas
1118 567 1238 624 namque
1253 552 1274 607 si
1288 551 1324 606 ab
1341 566 1398 607 uno
1410 550 1541 606 volumus
1554 548 1687 616 mutuari,
1704 556 1755 604 aut
1768 546 1846 604 dilli-

1045 647 1107 714 cile,
1117 654 1167 703 aut
1180 654 1254 702 certe
1264 660 1418 717 numquam
1429 643 1528 701 idonea
1540 643 1574 700 ad
1586 642 1751 699 imitandum
1764 642 1845 700 nobis

1046 737 1172 812 crempla
1183 745 1313 812 poterunt
1325 737 1447 810 repositi.
1461 737 1532 807 Quia
1542 738 1555 769 ⁰
1567 735 1629 792 licet
1639 735 1758 792 necdum
1770 735 1845 793 ctrrt

1044 840 1119 890 stum
1140 832 1233 890 omnia
1251 831 1366 899 factum,
1382 830 1534 888 secundum
1549 829 1712 903 Apostolum
1727 832 1760 898 (1
1783 829 1842 887 Cor.

189 936 230 993 ris
241 950 362 1002 summo,
373 932 501 990 universa
510 944 610 1003 genera
619 928 755 984 virtutum
765 935 901 998 expetere.
911 924 991 981 Alius
1043 934 1103 994 rr),
1118 926 1261 984 rideamus
1273 926 1301 982 in
1315 926 1463 994 omnibus3
1476 934 1568 982 tamen
1581 924 1635 981 boc
1645 923 1730 981 modo
1745 938 1846 997 possu-

191 1030 265 1086 enim
280 1027 402 1084 scientim
419 1024 536 1082 floribus
548 1031 712 1090 exornatur,
729 1021 799 1076 alter
815 1018 991 1075 discretionis
1043 1035 1107 1077 mus
1126 1035 1201 1085 eum,
1221 1019 1316 1087 idest,
1336 1034 1386 1092 per
1404 1026 1498 1092 partes
1512 1019 1540 1074 in
1559 1017 1689 1074 omnibus
1708 1016 1844 1074 invenire.

187 1121 297 1178 ratione
310 1119 454 1176 robustius
468 1116 670 1183 communitur,
685 1114 755 1170 alter
772 1111 912 1186 patiemim
924 1126 991 1183 gra-
1043 1116 1085 1172 De
1105 1114 1166 1185 ipso
1187 1111 1262 1168 enim
1276 1111 1388 1179 dicitur,
1410 1112 1456 1184 qui
1469 1110 1560 1168 faetus
1574 1119 1616 1167 est
1633 1109 1715 1166 nobis
1729 1124 1761 1165 er
1782 1112 1844 1169 Deo

188 1216 275 1269 ritate
291 1196 438 1278 fundatur,
452 1209 521 1266 alius
535 1208 708 1275 humilitatis,
727 1206 799 1263 alius
812 1205 991 1262 continentiae
1044 1207 1189 1277 sapientia,
1201 1207 1321 1279 justitia,
1336 1206 1468 1263 sanctitas
1482 1215 1510 1262 et
1525 1205 1678 1278 redemptio
1692 1207 1716 1270 (l
1732 1206 1791 1262 eor.
1808 1210 1843 1272 r).

188 1307 291 1363 virtute
306 1303 465 1379 praefertur,
484 1302 555 1359 alius
574 1300 760 1374 simplicitatis
774 1299 860 1373 matie
874 1298 990 1355 decora·
1043 1303 1118 1356 Dum
1132 1315 1197 1373 ergo
1216 1299 1245 1355 in
1260 1298 1314 1356 alio
1329 1299 1473 1372 sapientia,
1489 1299 1519 1355 in
1538 1298 1594 1355 alio
1604 1298 1724 1371 justitia,
1745 1297 1773 1353 in
1789 1298 1844 1355 alio

189 1407 245 1455 tur.
261 1398 315 1453 Hic
333 1393 580 1470 magnanimitatis,
594 1393 640 1449 ille
655 1391 863 1457 misericordiae,
878 1391 931 1448 iste
948 1390 992 1445 vi-

189 1491 329 1562 giliarum,
342 1479 610 1554 bic'taciturnitatis,
622 1485 666 1541 ille
678 1484 780 1541 laboris
792 1483 885 1541 studio
896 1498 991 1556 super·

189 1583 294 1639 eminet
318 1589 444 1637 anteros.
469 1583 506 1635 Et
527 1579 630 1636 idcirco
655 1576 825 1633 monachum
855 1575 990 1649 spiritalia

186 1675 270 1731 mella
290 1674 409 1729 condere
430 1673 609 1744 cupientem,
631 1670 706 1726 velut
726 1684 807 1741 apem
830 1667 991 1741 prudentis-

189 1767 290 1824 simam
313 1764 412 1822 debere
430 1777 656 1836 unamquamque
679 1761 810 1818 virtutem
823 1760 859 1817 ab
877 1759 920 1816 bis
943 1760 990 1832 qui

190 1873 253 1915 eam
268 1856 431 1913 familiarius
445 1854 590 1928 possident
604 1853 740 1911 deflorare
754 1861 781 1909 et
795 1852 823 1909 ia
836 1851 880 1908 sui
893 1859 991 1924 pecto-

189 1950 228 2006 ris
243 1963 306 2005 vase
325 1948 471 2020 diligenter
487 1945 637 2005 recondere
660 1965 666 2000 ε
682 1960 734 2001 nec
748 1943 814 2016 quid
830 1944 925 2001 minus
940 1943 991 2000 ali-

192 2045 255 2115 quis
268 2042 368 2099 babeat
388 2041 536 2108 discutere,
550 2038 598 2096 sed
611 2038 665 2095 boc
676 2045 788 2095 tanturn
802 2037 869 2111 quid
881 2037 991 2095 virtutis

1044 1394 1188 1460 sanctitas,
1206 1393 1235 1449 in
1255 1392 1309 1449 ulio
1332 1392 1529 1458 mansuetudo,
1550 1391 1578 1447 in
1600 1391 1654 1447 alio
1674 1390 1798 1459 canitae,
1814 1391 1844 1449 in

1044 1485 1099 1542 olio
1113 1484 1264 1555 humilitus,
1280 1486 1308 1542 iu
1329 1487 1382 1542 alio
1396 1485 1525 1559 patientia
1546 1483 1691 1557 reperitur,
1705 1483 1844 1540 membra·

1044 1579 1093 1636 tim
1108 1579 1235 1637 Christus
1248 1595 1296 1652 per
1307 1595 1535 1653 unumquemque
1547 1594 1624 1634 nunc
1633 1585 1794 1633 sanctorum
1807 1577 1848 1635 dl·

1043 1672 1117 1728 visus
1140 1681 1191 1730 est.
1207 1662 1220 1706 d
1236 1673 1475 1730 Concurrentibus
1494 1687 1558 1729 vero
1581 1670 1718 1728 universis
1738 1670 1768 1726 in
1782 1670 1846 1727 uni·

1045 1772 1130 1820 tatem
1150 1764 1212 1823 lidei
1223 1781 1256 1822 ac
1268 1765 1390 1835 virtutis,
1402 1764 1525 1822 redditur
1536 1765 1564 1820 in
1577 1764 1668 1820 virum
1681 1762 1845 1836 perfectum,

1045 1855 1244 1928 plenitudinem
1256 1857 1299 1915 sui
1312 1857 1436 1930 corporis
1445 1857 1553 1928 (ipius.
1564 1856 1616 1926 rr),
1632 1856 1660 1912 in
1670 1855 1846 1926 singulorum

1046 1949 1237 2006 membrorum
1250 1965 1382 2023 compage
1396 1966 1428 2007 ac
1440 1949 1606 2022 proprietate
1619 1948 1776 2021 perficiens.
1791 1951 1848 2005 Do

1045 2054 1098 2096 nec
1110 2056 1175 2114 ergo
1187 2042 1282 2098 veniat
1292 2042 1361 2100 illud
1383 2051 1562 2115 tempusque
1577 2041 1614 2098 sit
1632 2044 1708 2098 Deus
1727 2049 1738 2078 θ
1753 2031 1845 2098 omnia

699 2165 702 2171 ’
739 2191 867 2247 nerant
885 2192 998 2248 cazani
1016 2192 1297 2252 conuenientes

193 2335 317 2393 tionibus
329 2336 356 2390 io
371 2333 505 2408 praeclaro
520 2349 602 2406 opere
615 2333 649 2391 de
662 2333 733 2390 Vitis
744 2334 859 2389 Petrum
873 2349 963 2406 nuper
976 2350 992 2390 a

193 2423 222 2463 re
235 2408 362 2463 restituto
376 2414 404 2462 et
414 2407 551 2462 illustrato
566 2423 572 2459 :
586 2406 665 2477 eujus
679 2404 801 2461 rationes
813 2404 887 2478 apud
902 2405 992 2476 ipsum

192 2477 325 2533 ridendas
347 2477 484 2548 relinquo,
508 2491 572 2532 cum
596 2475 639 2532 bic
660 2483 771 2532 tantum
791 2491 823 2531 er
845 2476 994 2531 occasione

193 2548 343 2604 notationis
359 2547 522 2603 Baronianat
533 2546 567 2603 de
579 2547 691 2603 Antonii
704 2546 767 2601 Vita
781 2547 896 2618 ejusque
908 2546 994 2602 inter·

194 2628 272 2691 prete
284 2633 374 2675 sermo
389 2617 522 2673 inciderit.

229 2693 241 2721 ⁸
254 2691 316 2745 Hoc
328 2696 379 2755 est,
394 2687 429 2744 ad
447 2689 568 2756 culmen,
582 2685 835 2769 perfectionemque
847 2687 910 2743 ritae
922 2702 994 2742 ana-

193 2758 349 2827 choretieae,
372 2773 434 2831 quat
452 2768 494 2815 est
507 2758 592 2815 relutr
605 2773 654 2813 arr
673 2757 801 2832 qtpedam
814 2767 841 2814 et
854 2757 993 2830 fastigium

193 2832 505 2958 rellltgllioanelssententia13.
517 2896 634 2979 Antonii
648 2896 730 2953 docet
743 2898 851 2954 Auctor
863 2912 928 2953 eum
944 2898 992 2969 qui

194 2972 228 3026 ad
243 2971 442 3041 perfectionem
461 2969 562 3035 tendit,
576 2981 689 3047 qusque,
702 2969 877 3038 apprehenso,
895 2969 993 3048 inquit,

194 3043 365 3096 discretionis
371 3043 503 3103 examine,
512 3039 786 3108 propriopompotens
796 3042 834 3092 cst
843 3039 993 3107 sterepudi·

194 3114 243 3173 rio,
258 3111 310 3165 boc
327 3120 379 3176 est,
392 3110 440 3180 qui
460 3109 496 3164 ita
515 3107 669 3180 prudentiae
685 3116 714 3163 et
731 3107 906 3164 discretionis
918 3112 993 3165 dono

195 3182 326 3250 praeditus
347 3189 398 3247 est,
418 3187 450 3236 ut
468 3180 555 3252 possit
574 3179 668 3234 omnia
682 3178 818 3304 probare,
837 3188 866 3235 et
885 3179 992 3235 solum·

195 3253 278 3307 modo
310 3251 484 3307 uodbonum
498 3249 676 3322 esttencre(
712 3249 859 3319 Theseu),
876 3249 994 3305 fronde·

195 3323 260 3376 berc
282 3266 316 3377 ab
341 3338 398 3378 uno
427 3321 542 3377 bomine
562 3320 689 3377 omnium
711 3321 846 3376 virtutum
867 3320 992 3392 exempla

195 3392 246 3448 sibi
259 3408 416 3474 proponere
428 3390 559 3448 imitanda
570 3414 576 3458 ;
590 3390 637 3447 scd
651 3407 666 3447 a
680 3390 786 3456 multis,
798 3399 827 3446 et
838 3389 864 3445 in
877 3390 994 3462 singulis

195 3463 328 3535 insprcere
347 3464 412 3534 quid
434 3465 570 3534 optimum
591 3470 675 3534 atque
692 3460 921 3533 perfectissimum
940 3461 991 3528 slt3

195 3549 258 3589 cum
279 3541 384 3589 constet
400 3534 543 3589 nemiuem
562 3533 723 3588 mortalium
746 3530 869 3586 inomni
893 3530 993 3586 virtute

194 3603 335 3671 excellere,
357 3603 406 3660 sed
429 3603 504 3659 hunc
525 3602 683 3675 prudentia,
706 3600 792 3657 alium
817 3599 990 3669 fortitudine,

195 3674 278 3729 allum
299 3674 351 3729 alla
371 3673 473 3730 virtute
491 3687 632 3745 superare,
651 3673 692 3727 rel
712 3686 745 3727 su
767 3671 847 3738 erari,
866 3679 897 3726 ut
914 3671 992 3743 quis·

194 3759 248 3812 que
270 3744 411 3816 magistet
433 3745 528 3800 minus
542 3745 572 3798 in
593 3742 645 3799 hac
666 3744 707 3798 vel
727 3688 770 3798 ilfa
786 3757 815 3797 se
829 3742 992 3798 exercuerit.

194 3814 274 3885 Quod
296 3815 458 3886 praeclarum
481 3815 678 3871 documentum
696 3813 769 3870 idern
791 3812 835 3868 ille
855 3812 994 3868 Antonius

194 3901 316 3958 rrragnus
335 3901 392 3941 non
417 3885 506 3940 verbis
531 3883 707 3941 solummodo
733 3882 863 3950 tradidit,
889 3883 937 3939 sed
966 3891 994 3940 et

195 3957 320 4026 exemplo
332 3964 359 4011 ct
370 3971 452 4027 opere
464 3956 600 4029 prestitit.
616 3957 697 4020 Nam,
713 3963 744 4010 ut
757 3952 842 4009 refert
859 3955 886 4010 S.
903 3954 993 4009 Atlra-

192 4028 299 4089 nasius,
311 4029 348 4081 sic
358 4029 477 4081 omnium
487 4030 610 4094 fratrum
619 4027 802 4081 (emulabatur
813 4026 924 4080 meliore
936 4027 995 4080 ebc-

192 4098 995 4168 submotu,uttumquamopisprudcntissimopmpriossin·

194 4169 323 4234 pulcrum
335 4173 441 4236 pretias
453 4171 591 4234 hauriretp
607 4168 687 4238 nujus
702 4170 903 4229 continentiam,
920 4167 994 4223 itum

188 4238 995 4306 pertenditutemsectnbotur,istiuslcm'tutem,illinsviqilun·

197 4306 275 4364 tium,
289 4306 401 4358 alteriue
411 4308 519 4373 lependi
526 4310 707 4362 cumulabatur
717 4309 899 4373 industrium·
911 4310 994 4362 istum

191 4373 372 4442 jejunantem,
385 4376 462 4427 illum
472 4376 549 4428 latmi
558 4379 732 4443 quiescentem
744 4378 914 4442 mirabatum
928 4378 995 4433 ulte·

196 4445 255 4495 rius
262 4445 432 4511 policastrum,
443 4445 555 4498 clten'us
565 4446 798 4499 monsuetudinem
806 4447 993 4513 predicabat.-

152 4575 158 4581 ,
196 4516 315 4566 omnium
327 4529 430 4582 quoque
440 4516 572 4566 uicarium
581 4529 646 4582 erqo
655 4529 683 4567 se
692 4517 809 4568 retinens
822 4515 992 4580 charitatem,

196 4586 279 4652 utque
291 4586 425 4637 eteritcrsis
435 4586 567 4637 cintreium
575 4584 702 4653 pmrtibus
713 4586 844 4653 irm'pntus
858 4586 896 4639 ud
905 4588 993 4642 sedem

191 4656 334 4724 preprium
351 4654 564 4723 reprodiebutrtr.
578 4655 620 4710 lbi
632 4669 719 4708 secum
731 4657 856 4708 uniuerso
869 4662 995 4725 pertrac-

195 4730 266 4787 tens,
281 4728 399 4779 omtu'um
410 4728 439 4779 in
448 4739 476 4779 se
488 4725 556 4779 bono
566 4727 703 4780 nitebatur
711 4728 869 4794 exprimere.
885 4729 951 4783 Herc
961 4732 995 4783 A·

195 4795 339 4852 rlranasius
353 4798 387 4852 de
402 4797 430 4852 S.
446 4795 569 4852 Antonio
591 4796 756 4865 (Theodorei
778 4799 806 4850 in
821 4799 922 4852 Hister.
944 4800 991 4856 SS.

1048 2343 1079 2392 ut
1092 2338 1126 2392 ab
1136 2339 1190 2392 olio
1199 2339 1287 2394 ducos
1298 2339 1487 2400 leumeiitotem,
1500 2338 1535 2392 ab
1547 2338 1601 2392 ulio
1607 2339 1771 2407 patientiam
1783 2357 1791 2392 :
1805 2338 1848 2393 tu'c

1048 2413 1073 2461 te
1090 2410 1238 2470 silentium,
1260 2409 1305 2462 ille
1322 2409 1414 2462 docere
1429 2409 1672 2469 mansuetudinem,
1691 2417 1744 2462 etc.
1764 2410 1801 2463 Et
1818 2408 1847 2463 in

1046 2477 1169 2549 Epistola
1191 2477 1226 2533 ad
1249 2476 1427 2533 Eustochium
1449 2479 1548 2547 (Epist.
1573 2481 1628 2543 22),
1650 2476 1848 2548 Aegyptiorum

1047 2547 1252 2603 monachorum
1271 2547 1394 2603 instituta
1409 2561 1646 2614 commemorans,
1662 2556 1758 2602 narrat
1776 2563 1849 2618 quo·

1047 2617 1132 2674 modo
1146 2617 1193 2673 alii
1210 2618 1331 2674 aliorum
1343 2618 1458 2674 virtutes
1472 2626 1501 2673 et
1513 2617 1587 2672 varia
1600 2615 1686 2684 dona,
1698 2617 1849 2687 perfectio·

1047 2703 1152 2760 nesque
1166 2688 1353 2755 observarent,
1367 2696 1397 2743 et
1409 2685 1461 2743 sibi
1477 2686 1510 2743 ad
1525 2686 1694 2742 imitandum
1708 2702 1847 2759 propone·

1047 2766 1117 2814 rent.
1131 2761 1160 2814 Ii
1204 2776 1236 2814 no
1251 2759 1330 2821 elicto,
1344 2757 1442 2828 inquit,
1455 2758 1492 2813 cd
1502 2760 1636 2828 presepio
1649 2756 1691 2822 (id
1705 2766 1749 2814 est
1759 2757 1848 2815 ocllu-

1047 2828 1103 2896 las)
1115 2845 1145 2883 re
1164 2834 1243 2894 mnu
1263 2831 1305 2885 ibi
1316 2845 1401 2899 usque
1417 2828 1454 2882 ud
1465 2843 1603 2897 uesperum
1617 2843 1676 2882 cum
1689 2831 1746 2884 suis
1760 2843 1848 2884 unus-

1046 2902 1160 2969 quisque
1174 2900 1305 2970 toquitm·,
1319 2904 1345 2954 ct
1361 2900 1428 2954 dicit
1443 2918 1451 2953 :
1471 2899 1585 2953 Vidistis
1597 2899 1684 2959 ilium,
1699 2903 1724 2952 et
1739 2898 1846 2954 illum?

1047 2974 1151 3039 quantu
1163 2972 1191 3023 iu
1204 2973 1305 3040 ipsosit
1313 2969 1847 3040 prouitusiquuutnmsilentiumtquum

1046 3040 1202 3094 modernius
1219 3043 1355 3095 incessus?
1367 3041 1398 3096 Si
1414 3042 1550 3108 infirmum
1565 3040 1692 3103 uiderint,
1706 3041 1846 3095 consolan-

1047 3115 1094 3165 tur
1109 3130 1117 3165 :
1131 3113 1157 3165 si
1170 3113 1200 3164 in
1213 3113 1264 3166 Dee'
1273 3126 1364 3165 umore
1374 3110 1531 3177 terrentem,
1546 3111 1721 3164 conaremur·
1734 3110 1773 3165 ael
1785 3115 1848 3165 stu·

1047 3182 1133 3236 ditem.
1861 3224 1864 3230 .

1081 3254 1235 3322 ⁰Spcctant
1251 3250 1296 3307 illa
1310 3251 1392 3307 uerba
1405 3250 1529 3324 Apostoli
1543 3249 1576 3306 ad
1592 3251 1697 3306 Coloss.
1714 3265 1764 3319 nt,
1780 3253 1846 3308 Om-

1046 3323 1093 3375 nia
1108 3328 1134 3377 et
1145 3325 1174 3377 in
1189 3324 1311 3378 ermnibus
1322 3322 1453 3379 Christus.
1470 3321 1526 3378 Ubi
1540 3323 1630 3376 omnia
1641 3321 1845 3391 intelliguntur,

1047 3407 1109 3462 quae
1122 3391 1156 3448 ad
1170 3393 1382 3448 renovationem
1397 3392 1519 3448 bominis
1532 3392 1722 3462 pertinereque
1734 3406 1788 3465 que
1805 3391 1845 3449 ibi

1047 3462 1103 3533 agit
1115 3463 1277 3533 Apostolus,
1291 3471 1323 3518 ut
1329 3462 1448 3533 justitia,
1464 3463 1606 3526 sanctitas,
1621 3472 1648 3518 et
1659 3476 1721 3532 quae
1732 3477 1798 3518 mor
1811 3462 1847 3519 ab

1047 3531 1181 3601 Apostolo
1197 3540 1408 3589 enumerantur.
1430 3532 1539 3589 Dicitur
1555 3541 1648 3588 autem
1665 3531 1791 3589 Christus
1811 3549 1845 3590 ea

1047 3601 1209 3659 omniacsse
1219 3603 1248 3658 iu
1259 3602 1401 3666 omnibus,
1412 3602 1440 3658 id
1451 3613 1503 3670 est,
1515 3603 1632 3660 inomni
1644 3602 1791 3659 bominum
1801 3619 1845 3676 ge

1046 3686 1122 3739 nere,
1132 3677 1190 3728 non
1203 3673 1294 3730 solum
1305 3673 1459 3741 causaliter,
1471 3690 1520 3731 scu
1534 3682 1675 3756 tamquam
1686 3674 1848 3746 principalis

1048 3756 1140 3810 causa,
1158 3751 1189 3799 ut
1208 3745 1301 3812 Deus;
1317 3744 1366 3800 sed
1389 3743 1474 3800 etiam
1487 3746 1640 3811 meritorie,
1653 3745 1707 3800 lroc
1722 3753 1776 3812 est,
1796 3759 1848 3829 per

1047 3813 1180 3870 meritum
1192 3828 1251 3871 suae
1263 3814 1399 3887 passionis
1413 3832 1420 3869 :
1433 3830 1487 3886 quo
1500 3830 1582 3870 sensu
1596 3815 1681 3870 etiam
1696 3814 1767 3880 infra
1778 3813 1848 3873 droi-

1049 3888 1094 3939 tur
1113 3903 1119 3939 ;
1135 3887 1188 3953 Qui
1201 3886 1292 3953 foetus
1307 3891 1346 3941 est
1356 3885 1431 3940 notre
1448 3902 1482 3940 cu
1494 3890 1546 3943 Deo
1562 3888 1709 3956 sopimtie,
1722 3888 1845 3956 p'ustt'tiu,

1047 3958 1177 4010 sortctitns
1187 3961 1213 4011 et
1224 3957 1370 4028 redemptio
1381 3957 1406 4022 (l
1418 3957 1477 4012 Cor.
1492 3959 1529 4027 r).
1543 3958 1647 4013 Verum
1656 3955 1721 4026 quia
1734 3956 1794 4013 baec
1805 3972 1846 4014 rc·

1047 4025 1158 4082 novatio
1169 4042 1218 4082 seu
1230 4028 1335 4084 novitas
1346 4026 1470 4082 bominis
1480 4027 1625 4083 inchoatur
1634 4027 1746 4099 quidem
1757 4027 1785 4082 in
1795 4026 1848 4084 boc

1048 4095 1101 4150 rita
1118 4097 1292 4169 pergratiam
1305 4097 1580 4168 etJ'ustilicationem,
1596 4106 1623 4152 at
1637 4099 1716 4179 plene
1727 4104 1756 4153 ct
1767 4096 1846 4154 abso

1048 4165 1103 4222 lute
1113 4183 1168 4222 non
1178 4167 1319 4238 perficitur
1327 4177 1355 4223 et
1364 4168 1645 4234 consummatur,nisr
1657 4168 1684 4223 in
1694 4166 1789 4225 futura
1798 4183 1847 4239 per

1047 4236 1183 4319 integram
1196 4237 1298 4318 auimae
1310 4245 1337 4294 et
1346 4238 1469 4309 corporis
1483 4238 1711 4295 reformationem
1723 4247 1750 4293 et
1760 4235 1848 4322 plori-

1047 4305 1295 4372 ficutronem31deo
1314 4308 1381 4364 dicit
1395 4309 1543 4365 Cassianus
1562 4308 1682 4365 necdum
1702 4308 1846 4366 Cbrrstum

1047 4376 1142 4502 ulmo?
1156 4375 1261 4432 factum
1276 4377 1360 4434 rideri
1374 4378 1402 4434 iu
1417 4379 1558 4449 omnibus,
1570 4380 1675 4437 scilicet
1686 4378 1805 4453 perfecte
1818 4388 1847 4438 et

1048 4461 1062 4502 a
1084 4462 1115 4502 so
1127 4455 1181 4502 ute.

1083 4506 1216 4574 dAlludit
1229 4533 1324 4574 rursus
1336 4518 1370 4575 ad
1384 4520 1428 4575 illa
1442 4521 1523 4577 rerba
1538 4522 1661 4605 Apostoll
1676 4520 1775 4592 pres.
1789 4536 1845 4578 tv:

1047 4592 1133 4645 Donec
1144 4604 1315 4644 ocmrrumns
1325 4607 1413 4646 omnes
1425 4594 1454 4645 in
1466 4593 1598 4649 unitatem
1610 4593 1685 4663 fidei,
1695 4597 1721 4648 ct
1734 4594 1847 4662 upnitio

1047 4662 1089 4714 m's
1101 4660 1153 4730 tilii
1162 4662 1219 4722 Dei,
1233 4662 1262 4714 in
1274 4663 1363 4715 uirum
1395 4662 1534 4729 erfectum,
1547 4666 1576 4718 in
1590 4678 1743 4718 mensnram
1757 4665 1847 4718 oratu

1044 4731 1224 4799 plenitudinis
1239 4732 1348 4788 Christi.
1385 4733 1418 4788 ed
1433 4733 1524 4789 tirum
1539 4732 1694 4804 perfectum
1706 4733 1750 4788 lric
1763 4732 1849 4787 inter·

1047 4809 1172 4873 pretatur
1183 4801 1322 4858 Christum
1337 4802 1441 4874 ipsum,
1454 4819 1518 4860 curn
1530 4813 1624 4860 tamen
1636 4803 1747 4860 evidens
1759 4802 1796 4858 sit
1810 4801 1848 4859 ad

194 4870 320 4948 Petrum,
332 4884 354 4922 c.
366 4874 403 4935 5).
419 4866 464 4924 Ad
477 4866 643 4948 buncetiam
656 4867 770 4922 modum
785 4866 899 4923 Publius
910 4869 993 4926 abbas
1047 4887 1100 4926 nos
1112 4886 1144 4927 ea
1154 4872 1234 4928 rerba
1246 4872 1353 4940 referri,
1366 4889 1435 4945 quos
1448 4877 1597 4945 Apostolus
1608 4875 1675 4931 dicit
1685 4874 1713 4929 in
1725 4873 1846 4946 generali

194 4940 386 4994 sanctissimus
400 4954 465 4994 snos
479 4937 633 4994 eoenobrtas
648 4937 822 5006 hortabatur,
838 4946 869 4994 ut
881 4940 950 4996 alter
960 4956 993 4996 cs
1048 4943 1177 4998 omniurn
1190 4943 1389 5001 resurreetione
1408 4960 1584 5010 occursuros,
1603 4946 1631 5002 id
1646 4952 1699 5011 est,
1713 4959 1847 5001 erasures

194 5007 281 5086 altero
299 5008 440 5089 assiduam
455 5008 601 5064 utilitatem
621 5023 719 5091 capere
732 5016 889 5077 conaretur,
911 5019 993 5094 atque
1010 5017 1035 5079 Ι)
1050 5013 1076 5069 io
1091 5014 1166 5070 uiros
1183 5012 1327 5081 perfectos,
1344 5015 1371 5070 in
1386 5032 1546 5073 mensuram
1565 5016 1656 5073 aetatis
1669 5014 1847 5086 plenitudinis

194 5075 238 5131 lrrc
258 5076 370 5147 qurdem
390 5078 727 5159 rllrus‘mensuetudrnem
748 5080 926 5137 imitaretur:
949 5082 994 5138 rllc
1049 5082 1163 5149 Christi,
1177 5093 1243 5151 etc,
1264 5085 1327 5155 quia
1346 5100 1404 5140 cum
1419 5089 1605 5159 euteritqnod
1623 5089 1775 5159 perfectum
1789 5089 1844 5148 est,

195 5154 291 5227 contra
305 5150 544 5229 mansuetudinem
557 5165 638 5207 tuam
653 5151 737 5222 liujus
755 5152 814 5208 zelo
832 5152 992 5219 roborarem
1047 5155 1221 5209 evacuabitur
1234 5156 1306 5224 quod
1317 5172 1351 5210 ec
1362 5161 1443 5227 purte
1455 5163 1493 5213 est
1507 5162 1529 5224 (l
1543 5161 1605 5216 Gor.
1621 5164 1700 5227 reru).

195 5216 323 5299 alrusab
345 5219 399 5274 alio
411 5221 591 5301 ¹ergrlantiam
614 5221 745 5286 disceret;
771 5221 848 5277 illum
871 5223 992 5279 vicissim
1081 5225 1174 5294 eQuid
1188 5224 1225 5280 sit
1237 5229 1328 5281 Deum
1345 5227 1438 5282 otnnia
1451 5244 1510 5285 esse
1524 5231 1551 5285 iu
1563 5230 1706 5296 omnibus,
1721 5236 1748 5285 ct
1779 5242 1845 5283 uan-

190 5301 290 5369 peJuntr
315 5298 505 5345 austeritatem
527 5291 640 5347 doceret
661 5310 668 5347 r
692 5292 813 5363 denique
826 5307 924 5349 ornnes
938 5294 992 5351 sibi
1046 5294 1081 5351 do
1097 5296 1149 5351 erit
1167 5293 1236 5351 illud
1248 5303 1366 5368 tempus,
1382 5299 1448 5354 scite
1460 5309 1487 5355 et
1499 5301 1706 5357 accommodate
1720 5299 1754 5355 ad
1790 5313 1848 5353 unc

195 5359 311 5439 invicem
323 5369 350 5414 et
360 5359 487 5433 discipuli
500 5359 598 5417 fierent
606 5370 633 5418 et
641 5362 778 5435 magistri.
789 5362 834 5418 Sic
844 5363 920 5419 enim
935 5364 993 5429 fore
1046 5366 1167 5422 Cassiani
1179 5367 1272 5421 locum
1284 5366 1473 5424 illustrandum
1486 5371 1601 5442 explicat
1614 5375 1646 5426 D.
1658 5370 1848 5442 Hieronymus

193 5429 313 5492 drcebat,
327 5437 359 5484 ut
371 5430 440 5485 alter
451 5447 482 5513 ox
493 5431 607 5489 alterius
619 5433 674 5489 rita
686 5448 747 5505 qum
759 5433 811 5488 sibi
822 5432 936 5490 deerant
946 5435 994 5492 de·
1046 5435 1089 5492 bis
1101 5436 1189 5492 verbis
1201 5438 1296 5507 (Epist.
1312 5441 1374 5504 tat,
1388 5443 1450 5494 tom.
1474 5441 1524 5508 lli)
1537 5462 1543 5497 :
1559 5442 1636 5509 Quod
1646 5444 1686 5497 cit
1699 5439 1847 5511 Apostolum

193 5508 346 5567 sumentes,
358 5499 588 5570 perfectrsslmum
600 5504 734 5561 virtutum
745 5506 890 5561 cumulum
900 5505 992 5561 confl-
1047 5508 1074 5573 (l
1088 5507 1146 5563 Cor.
1159 5512 1219 5572 xv)
1232 5526 1237 5561 :
1252 5511 1286 5564 tn
1297 5512 1332 5564 sit
1344 5513 1414 5566 Deus
1423 5514 1512 5566 omnio
1524 5515 1553 5567 in
1564 5513 1696 5574 omnibus,
1706 5513 1754 5566 boc
1764 5525 1846 5566 sensu

194 5576 296 5626 cerent.
320 5572 365 5626 Sic
379 5581 405 5627 et
420 5574 455 5652 D.
471 5572 657 5647 Hieronymus
672 5575 705 5631 ad
726 5575 872 5631 Rusticum
890 5591 991 5632 mona·
1047 5578 1232 5646 commendam
1249 5583 1289 5632 est
1307 5599 1315 5634 ε
1328 5583 1466 5645 Dominus,
1482 5598 1514 5637 uo
1528 5584 1655 5640 soluetur
1670 5587 1761 5637 noster
1773 5596 1847 5636 nuno

193 5642 278 5697 olrum
295 5650 357 5711 post
370 5657 445 5697 varra
460 5644 626 5700 documenta
643 5644 735 5702 subdit
753 5647 855 5717 (Epist.
875 5646 925 5717 tl:
942 5651 993 5704 Per
1046 5649 1136 5702 mania
1145 5664 1199 5703 non
1211 5653 1249 5703 est
1259 5652 1287 5702 in
1299 5652 1429 5714 omnibus,
1441 5652 1488 5707 sed
1496 5669 1564 5723 pars
1576 5656 1606 5708 in
1619 5654 1746 5722 sinpulis.
1764 5652 1848 5707 Verbi

192 5714 248 5767 truc
259 5715 350 5768 omnia
360 5713 398 5767 ad
407 5714 478 5768 illud
487 5715 573 5769 tendit
582 5719 679 5778 aretio,
689 5723 721 5770 ut
731 5718 839 5773 doceam
848 5722 873 5771 te
882 5733 935 5772 non
947 5722 992 5773 tuo
1046 5720 1148 5786 pretio,
1168 5721 1197 5772 in
1212 5720 1350 5775 Solomone
1364 5724 1507 5792 supientia,
1524 5725 1553 5778 in
1572 5725 1659 5780 Dauid
1677 5725 1794 5784 bonitus,
1816 5724 1846 5776 sir

185 5785 294 5854 perdicio
310 5784 511 5848 dimittendum,
524 5785 571 5841 sed
581 5787 669 5840 uiuere
683 5787 776 5841 deber-e
789 5791 817 5842 in
831 5791 993 5844 monasterio
1045 5789 1288 5859 impatientium
1301 5793 1410 5848 Daniele
1419 5795 1532 5864 coquitio
1542 5795 1712 5862 futurorum,
1724 5796 1755 5849 in
1765 5795 1846 5849 Petro

180 5857 240 5910 sub
260 5857 342 5911 eteius
361 5854 504 5925 ‹lisn'plino
519 5858 620 5917 Putris,
638 5860 821 5928 consortioque
835 5860 991 5922 multorum,
1045 5859 1162 5928 fides,in
1175 5861 1286 5917 Plinees
1300 5865 1419 5919 etPoulo
1435 5865 1515 5928 zelus,
1531 5867 1560 5920 in
1572 5868 1674 5921 tonnae
1684 5866 1844 5934 uirpinitcs,
