3848 6158
132 195 182 255 ιιι
455 197 500 252 nn
519 157 758 254 cmnosronuu
780 194 902 252 tussit.
923 195 988 254 un.
1007 196 1042 253 x:
1059 225 1096 240 -
1114 197 1159 254 nn
1177 197 1313 256 srrntru
1332 202 1477 259 lesora.
1742 209 1795 267 aar

32 344 40 355 ·
61 383 63 388 ,
131 320 262 397 appellat,
279 337 330 379 nec
344 320 498 380 secundum
510 322 686 380 traditionem
699 321 841 380 ambulare
855 337 938 395 quam
950 327 977 391 Α
991 321 1159 394 vulneribus,
1181 324 1229 382 sed
1250 325 1333 384 etiam
1355 327 1439 397 sanis,
1467 328 1567 402 quibus
1591 345 1688 388 eorum
1708 334 1795 406 possit

132 423 293 490 acceperant
302 415 337 472 ab
352 431 405 486 eo;
430 416 565 489 inquietos
586 415 671 474 etiam
689 431 750 474 esse
763 416 897 486 delinivit,
911 424 940 474 et
993 422 1123 487 perpetua
1143 416 1261 488 sospitas
1285 417 1428 487 custodiri,
1460 418 1587 476 similiter
1616 424 1793 494 congruentia

130 509 217 583 gratis
237 524 336 582 panem
361 510 536 568 manducare.
553 512 672 568 Rursum
688 509 746 567 iric:
761 511 937 576 Audivimus,
992 514 1127 580 praecepta
1141 509 1325 581 commendat,
1340 511 1444 581 dicens,
1459 515 1513 572 Vos
1527 519 1617 570 auten
1630 517 1712 572 nolite
1725 518 1791 589 dell·

131 602 233 676 lnquit,
245 604 377 674 quosdam
389 607 460 661 inter
468 621 513 661 vos
522 606 661 663 ambulare
670 606 837 678 inquietelll
847 607 936 663 Thess.
993 614 1049 657 cett
1063 601 1254 671 buntaeicnies
1267 607 1304 674 (ll
1319 607 1407 664 Thess.
1421 610 1486 679 111),
1500 608 1548 682 qui
1558 624 1619 678 nos,
1631 609 1660 667 id
1671 620 1721 681 est,
1737 610 1795 671 uias

129 703 198 768 ιιι).
213 699 249 754 Et
259 696 400 772 subjungit
417 699 512 757 statim
524 699 673 757 secundum
695 700 866 773 languorem,
890 699 937 772 qui
991 702 1109 764 nostras,
1123 704 1267 768 sectantes,
1283 702 1409 774 exempla
1422 702 1500 759 vobis
1512 703 1612 760 tradita
1626 705 1716 778 operis
1728 705 1790 763 imi·

136 795 326 870 ttqrtictudinis
352 793 434 869 hujus
457 795 614 854 estradir:
634 798 723 862 Ntlril,
745 797 846 870 inquit,
873 811 936 868 ope·
992 788 1096 846 tatione
1112 791 1265 863 completis,
1283 808 1316 849 ac
1340 809 1513 869 nequaquam
1540 811 1638 854 rorum
1656 797 1790 856 desidiam

131 894 235 959 remes,
251 888 367 946 tertium
385 903 498 962 quoqne
513 890 658 960 morbum,
679 891 724 964 qui
744 906 776 948 er
792 891 843 949 isto
861 888 939 949 reiut
992 880 1174 955 inertiamque
1192 887 1345 942 sectamini.
1362 880 1377 920 l
1394 889 1483 947 Nolite
1498 889 1606 958 descen
1626 889 1790 959 benefacien-

132 982 247 1058 quqdam
261 981 439 1039 ramusculus
453 982 541 1040 ofitus
556 1001 562 1039 :
577 985 624 1040 seu
632 987 734 1041 cursore
745 988 864 1056 agerere,
992 978 1041 1044 tes,
1062 975 1092 1032 id
1111 983 1165 1046 est,
1180 976 1379 1036 humanitatem
1398 989 1517 1039 resumo
1538 997 1600 1055 erga
1613 998 1672 1052 eos,
1685 985 1708 1040 si
1722 981 1795 1042 torte

395 1108 398 1113 ,
433 1076 555 1135 cgpppp
567 1079 643 1134 xlv,
990 1071 1158 1144 neglexerint
1175 1071 1320 1129 observare
1343 1089 1405 1146 qum
1429 1075 1560 1144 diximus,
1587 1077 1715 1135 similiter
1743 1078 1794 1135 itn·

280 1169 358 1238 Quod
369 1169 457 1224 multo
467 1171 537 1224 uitia
548 1173 670 1242 ampliter
684 1171 782 1228 matie,
990 1165 1100 1237 pertire.
1121 1167 1161 1223 Ut
1174 1167 1314 1239 castigavit
1331 1182 1400 1241 ergo
1414 1169 1521 1240 eosqui
1537 1179 1614 1226 erant
1629 1171 1741 1241 intirmi,
1759 1187 1794 1229 ne

165 1265 261 1337 itaque
272 1261 360 1320 fomiti
374 1262 505 1320 vitiorum
523 1272 666 1322 tantorum
686 1281 838 1339 congruam
863 1281 937 1326 nune
991 1258 1048 1316 olio
1060 1258 1182 1316 dissoluti
1203 1259 1383 1332 inquietudini
1401 1269 1430 1318 et
1443 1261 1594 1318 curiositati
1618 1278 1730 1336 operam
1751 1264 1796 1322 du·

130 1356 353 1417 emendauonem
377 1354 505 1417 conterre
522 1357 642 1429 festinat,
666 1368 694 1417 et
709 1360 756 1418 illa
774 1361 934 1435 apostoliea,
990 1362 1065 1422 rent;
1081 1353 1120 1410 ita
1132 1352 1184 1411 hos
1204 1354 1250 1426 qui
1267 1354 1326 1411 sani
1340 1362 1404 1412 sunt
1421 1363 1585 1428 praemonet,
1597 1364 1629 1412 ut
1640 1355 1793 1415 bumanita·

131 1466 263 1527 quausus
277 1450 367 1510 iuerat
389 1450 471 1526 paulo
495 1459 571 1523 ante,
584 1452 706 1527 deposita
724 1462 867 1527 potestate,
882 1455 933 1514 ite·
988 1453 1059 1517 nm,
1076 1462 1160 1520 quam
1180 1446 1259 1504 bonis
1281 1462 1313 1505 ac
1327 1447 1406 1504 malis
1426 1446 1565 1521 impertire
1585 1449 1699 1505 Domini
1723 1465 1791 1521 prae⁴

130 1545 243 1604 rumad
265 1546 368 1603 viscere
391 1545 427 1618 pii
452 1543 538 1618 patris
558 1545 601 1603 rel
624 1547 768 1605 clementis
790 1548 935 1607 revertitur
987 1548 1067 1614 ⁰⁰Di⁰
1094 1540 1234 1615 i⁰b0ffl1¹is
1257 1539 1282 1598 δῑ
1301 1539 1374 1598 f⁰f¹⁰
1400 1540 1513 1614 quidam
1537 1543 1613 1614 prasi
1636 1542 1670 1600 id
1694 1559 1789 1601 ”ssim

131 1638 239 1708 medici,
254 1646 283 1695 gt
302 1638 376 1697 velut
393 1637 456 1696 filiis
477 1640 665 1715 gugggpiisqug
683 1641 740 1699 guig
755 1641 868 1700 consilio
892 1657 937 1700 gg.
988 1630 1142 1691 doctrinam
1159 1634 1281 1691 converti
1300 1633 1452 1703 noluerint,
1469 1650 1525 1691 noll
1548 1634 1711 1692 abscindunt
1724 1636 1791 1705 [ab-

131 1730 203 1789 lubri
223 1730 305 1788 iniert
321 1730 442 1789 remedia
463 1731 597 1802 sanitatis,
620 1732 713 1791 dicens
739 1737 810 1792 :His
833 1739 934 1800 antem,
950 1734 975 1797 B
989 1727 1137 1798 scendunt]
1150 1729 1184 1785 ab
1207 1728 1262 1799 eis;
1278 1728 1326 1786 sed
1345 1728 1506 1786 benefacere
1527 1738 1554 1786 et
1567 1728 1658 1787 lovere
1676 1746 1724 1787 eos
1735 1740 1793 1788 tam

132 1827 182 1897 gni
191 1824 327 1896 ejusmodi
338 1829 412 1888 sunt,
425 1825 617 1884 dmnntiomns
629 1831 656 1882 et
670 1827 836 1883 obsecramus
850 1831 879 1883 in
892 1828 936 1884 do
988 1821 1187 1879 consolationis
1207 1828 1233 1877 et
1250 1821 1432 1894 correptionis
1452 1836 1593 1892 sermone,
1609 1839 1693 1896 quant
1707 1822 1791 1881 bene·

130 1918 204 1974 anno
221 1920 292 1982 inu,
306 1921 319 1951 ¹
334 1922 366 1974 nt
385 1933 445 1973 nrm
461 1918 568 1974 elenen
579 1925 719 1990 opserantes
734 1935 834 1991 punem
856 1935 936 1977 suurn
988 1914 1059 1972 ilciis
1072 1914 1159 1973 solitis
1171 1923 1200 1972 et
1212 1915 1382 1972 humanitate
1395 1932 1452 1974 non
1464 1915 1619 1989 designant.

38 2064 46 2075 ,
131 2012 304 2069 manducent.
327 2013 430 2070 causas
450 2018 593 2069 tantorum
617 2011 741 2069 ulcerum
756 2028 818 2085 quae
840 2011 875 2070 de
889 2028 937 2070 ra-
1022 2023 1046 2087 .'
1284 2017 1407 2075 CAPUT
1420 2019 1497 2074 XVI.

131 2103 195 2162 uss
214 2104 361 2163 arrestum
382 2113 528 2178 emersum
550 2119 606 2161 uno
625 2105 793 2178 operationis
823 2105 935 2164 nictari
987 2115 1064 2185 unsa
1072 2116 1197 2180 meurs,
1213 2116 1260 2171 see
1267 2115 1416 2172 attestans
1428 2131 1509 2171 cana
1519 2132 1561 2171 eos
1571 2117 1786 2188 quidettnqunnt

132 2206 270 2272 precepto
283 2197 399 2268 curarit,
420 2207 451 2256 ut
472 2198 652 2270 peritissimus
671 2197 861 2268 medicomm;
878 2214 934 2258 ca·
1242 2189 1376 2257 militm
1390 2187 1524 2242 debenus.

135 2297 211 2348 teras
229 2305 337 2364 quoque
355 2291 519 2349 valetudines
536 2291 732 2349 malaseodem
753 2292 854 2366 cespite
871 2292 935 2366 pul·
1023 2291 1148 2348 Rursum
1172 2295 1317 2345 tamenne
1336 2285 1408 2344 forte
1431 2285 1483 2343 hac
1506 2286 1616 2343 lenitate
1648 2288 1787 2358 provocati

135 2381 255 2440 lulantes
272 2383 359 2441 sciens
366 2385 491 2458 protinus
503 2384 725 2458 exstinguendas,
740 2385 844 2459 origine
858 2399 934 2442 mor·
988 2384 1101 2459 quidam
1123 2383 1267 2456 preceptis
1287 2382 1347 2455 eius
1373 2379 1484 2439 obedire
1504 2389 1693 2450 contemnant,
1705 2380 1789 2437 inter·

133 2474 162 2532 bi
176 2475 333 2550 principalis
346 2485 483 2551 exempta.
988 2480 1085 2538 miscet
1102 2477 1281 2553 apostolicam
1304 2476 1498 2534 severitatem:
1516 2476 1591 2545 Quod
1610 2479 1635 2532 si
1655 2479 1716 2546 quis
1736 2491 1789 2532 non

439 2572 560 2630 CAPUT
573 2573 638 2629 XV.
988 2575 1079 2632 obedit
1086 2574 1166 2629 uerbo
1176 2576 1276 2636 metro,
1287 2587 1339 2644 per
1347 2571 1487 2642 epistolum
1499 2571 1675 2642 duncnotnte,
1687 2565 1732 2626 et⁰
1749 2585 1792 2626 no

130 2663 934 2739 bennonitoteettanonostsatneptqennnatnqoartnnuo.
990 2673 1037 2727 lite
1051 2664 1786 2736 commiscertcurnillo,utconsunduturlllThesstttl.

165 2756 352 2817 Nihilominus
376 2768 469 2817 tamen
488 2768 518 2818 ut
531 2761 785 2834 perspicacissimus
795 2778 828 2819 ac
842 2764 936 2835 provi·
990 2766 1163 2836 Moriensque
1184 2777 1232 2819 eos
1255 2777 1305 2834 pro
1326 2760 1476 2817 reverentia
1491 2759 1532 2815 sui
1545 2757 1695 2815 etutilitate
1709 2771 1789 2814 eom-

131 2850 183 2911 tius
195 2851 329 2924 medicus,
343 2870 402 2911 non
415 2854 504 2912 solum
519 2854 719 2913 infirmantium
737 2857 814 2930 cupit
830 2856 935 2915 mederi
990 2858 1066 2914 muni
1079 2856 1145 2930 quid
1158 2863 1283 2929 oporteat
1294 2853 1444 2921 obsecrari,
1460 2866 1566 2925 quaque
1580 2850 1704 2908 cautione
1722 2863 1789 2922 epo·

681 3008 810 3067 Abauut
828 3011 942 3069 GAZAEI
960 3008 1242 3069 COMMENTARIUS.

31 3185 44 3199 .
129 3136 278 3196 inordinati
290 3137 428 3205 dicuntur,
444 3148 470 3197 et
482 3141 635 3199 inordinate
657 3144 807 3214 ambulare,
822 3146 869 3219 qui
891 3146 934 3203 in-
950 3155 973 3219 ί]
987 3146 1152 3202 nicationem
1166 3159 1221 3200 non
1241 3142 1263 3198 si
1303 3140 1388 3198 iiicari
1404 3138 1468 3198 inde
1485 3138 1631 3211 colligitur,
1653 3136 1727 3210 quod
1742 3151 1788 3194 eos

130 3216 175 3266 tra
197 3209 387 3267 ecclesiasticae
407 3212 513 3268 militiae
541 3212 584 3270 rel
603 3215 763 3272 monasticae
781 3217 934 3289 disciplinae
987 3217 1133 3290 Apostolus
1147 3231 1202 3272 non
1217 3223 1259 3269 tra
1280 3213 1311 3281 it,
1328 3227 1378 3268 nec
1398 3210 1468 3267 tradi
1489 3210 1567 3283 jubet
1583 3211 1701 3274 Satanae,
1715 3209 1788 3265 sicut

133 3279 258 3338 ordinem
277 3297 306 3337 se
329 3282 470 3339 continere
490 3292 642 3354 nequeunt,
658 3285 777 3342 claustro
789 3302 819 3343 se
832 3287 934 3344 subdu·
987 3285 1163 3344 Corinthium
1175 3285 1252 3342 illum
1263 3285 1460 3350 incestuosum,
1473 3281 1507 3337 de
1519 3281 1610 3354 quoin
1624 3283 1646 3336 E
1666 3279 1744 3335 istola
1753 3278 1789 3337 od

132 3358 211 3420 cunt,
224 3366 273 3407 nec
284 3352 479 3409 communibus
490 3352 568 3410 subdi
579 3353 686 3426 legibus
698 3357 846 3428 sustinent,
860 3358 934 3431 quod
987 3356 1153 3426 Corinthios,
1166 3356 1286 3426 itemque
1307 3357 1489 3426 Hymenaeum
1501 3362 1529 3408 et
1539 3352 1641 3407 Alexan
1677 3349 1788 3407 umhae·

131 3419 162 3478 in
177 3421 271 3478 castris
281 3421 384 3476 drdsrot
397 3423 499 3481 milites
513 3422 628 3481 faciunt.
987 3428 1097 3497 reticos,
1115 3429 1128 3483 l
1147 3425 1181 3483 ad
1195 3426 1267 3483 Tim.
1288 3439 1311 3492 1,
1326 3420 1376 3480 sed
1394 3422 1584 3479 tantummodo
1602 3420 1726 3479 vitandos
1740 3419 1788 3477 de·

131 3563 138 3575 ·
167 3494 181 3526 ¹
205 3493 301 3550 Paucis
323 3492 411 3551 verbis
432 3495 583 3568 Apostolus
610 3494 665 3554 duo
689 3496 754 3555 vitia
782 3496 840 3557 iere
865 3515 934 3557 con·
988 3499 1086 3568 cernit,
1110 3505 1205 3570 utpote
1228 3510 1346 3568 quorum
1370 3503 1480 3566 peccata
1499 3510 1554 3550 nou
1578 3500 1637 3549 tam
1662 3490 1787 3549 enormia

127 3570 234 3637 juncta,
258 3579 410 3637 eorumque
433 3566 564 3633 antidota,
587 3566 622 3625 de
638 3567 739 3641 quibus
749 3584 840 3643 supra,
853 3586 935 3628 com-
988 3576 1076 3639 erant,
1097 3577 1128 3625 ut
1154 3575 1296 3642 propterea
1326 3573 1496 3623 mererentur
1514 3581 1528 3622 a
1549 3579 1665 3636 corpore
1688 3563 1789 3621 Christi

128 3635 225 3717 plexus
248 3644 298 3719 est,
315 3638 438 3709 quietem
454 3653 595 3712 opponens
617 3639 777 3710 curiositati,
801 3650 828 3698 et
840 3657 935 3715 opera·
986 3639 1183 3715 praescindunt
1203 3647 1282 3696 extra
1296 3636 1445 3694 Ecclesiam
1452 3637 1547 3765 grojici
1558 3660 1564 3703 ;
1576 3633 1788 3717 sedltujustuodi

131 3711 237 3762 tionem
261 3713 328 3763 ono.
342 3709 478 3780 Operatur
500 3707 574 3766 enim
596 3725 661 3768 cum
672 3711 792 3781 silentio,
804 3712 832 3769 id
840 3712 935 3778 est,in
988 3721 1091 3782 tamen,
1114 3713 1150 3768 ob
1171 3726 1234 3784 quae
1254 3709 1352 3766 merito
1376 3709 1450 3765 vitan
1471 3709 1480 3764 i
1500 3714 1591 3764 essent
1611 3723 1627 3763 a
1649 3705 1785 3763 fidelibus.

130 3774 241 3839 silentio
254 3785 281 3834 et
303 3779 408 3850 quiete,
433 3781 479 3864 qui
499 3780 648 3838 alienarum
668 3798 762 3840 rerum
780 3783 936 3841 incuriosus
987 3783 1070 3841 Unde
1089 3782 1172 3839 etiam
1187 3780 1324 3853 colligitur
1336 3794 1387 3836 nec
1401 3779 1539 3836 minorem
1565 3776 1787 3834 excommunica·

131 3861 182 3904 suo
195 3849 270 3932 operi
283 3850 324 3906 rel
336 3866 444 3909 muneri
454 3851 597 3923 diligenter
607 3853 750 3909 incumbit.
989 3855 1093 3911 tionem
1112 3853 1210 3910 iisdem
1224 3851 1312 3908 verbis
1323 3850 1470 3924 designari,
1484 3864 1548 3905 eum
1557 3848 1617 3904 baec
1627 3861 1708 3902 nona
1722 3862 1789 3902 con-

167 3912 240 3977 bSrc
254 3919 287 3976 ad
303 3921 414 3978 Galatas
429 3937 479 3977 rr:
497 3924 598 3976 Βοηοοι
616 3928 708 3978 antem
725 3925 854 3990 tonans
881 3941 936 3981 non
988 3926 1075 3984 sunio
1090 3924 1219 3991 iidelium,
1233 3921 1398 3979 sedtuntum
1411 3936 1427 3977 a
1440 3922 1682 3977 sacramentorum
1692 3917 1788 3997 'Eccle-

130 3989 297 4061 &Mami
332 3997 449 4062 tempore
475 3993 546 4047 euim
572 4002 621 4044 sno
647 3996 772 4048 ennenm
793 4011 847 4050 non
868 3996 936 4066 deli-
988 3997 1037 4053 siae
1061 4012 1111 4052 usu
1134 4004 1163 4053 et
1181 3991 1383 4067 participatione
1400 3990 1534 4048 excludat.
1550 3991 1645 4044 Restat
1662 3987 1745 4055 igitur
1757 3994 1787 4043 ut

130 4063 236 4120 cientes.
1008 4082 1075 4122 enus
1089 4065 1199 4138 aliquod
1211 4060 1503 4121 excommunicationis
1517 4060 1551 4116 ab
1564 4057 1692 4130 Apostolo
1701 4056 1785 4128 sigui·

166 4133 287 4203 ⁰,l'erba
302 4140 393 4188 tentus
413 4133 483 4212 ‘Ni
494 4132 717 4189 commisceamini
736 4144 796 4188 eum
817 4134 876 4200 illo,
904 4140 936 4192 nt
989 4082 1097 4205 dcetur,
1117 4135 1193 4207 quod
1207 4133 1329 4190 medium
1343 4133 1377 4188 sit
1389 4133 1460 4187 iuter
1474 4127 1786 4186 excommunicationem

130 4205 325 4272 confundatur.
347 4203 424 4259 Idem
448 4201 510 4260 altis
530 4203 622 4261 serbis
649 4200 732 4276 paulo
751 4210 816 4261 ante
830 4204 936 4263 dixerat
991 4205 1125 4277 majorem
1144 4213 1173 4261 et
1190 4204 1337 4268 minorem,
1352 4216 1420 4274 quas
1430 4201 1513 4256 bodie
1526 4214 1655 4256 vocamus
1676 4206 1702 4255 et
1725 4214 1786 4255 cen·

129 4273 306 4346 Apostolus:
325 4272 535 4332 Utsubtraleotis
546 4276 632 4332 oosub
643 4277 718 4331 omni
729 4275 935 4342 troneinordi
989 4291 1067 4334 suras
1086 4274 1203 4333 dicimus
1214 4273 1416 4330 ecclesiasticas.
1434 4274 1494 4328 Hac
1508 4271 1582 4328 enim
1593 4269 1786 4327 excommuni-

130 4349 197 4399 note
211 4344 379 4413 ambulatum
393 4345 446 4402 boc
456 4352 509 4417 est,
525 4347 583 4419 eius
593 4345 763 4418 colloquium
777 4354 806 4404 et
819 4362 933 4405 consor·
987 4346 1094 4404 catione
1106 4347 1173 4403 nihil
1186 4344 1258 4403 aliud
1270 4344 1354 4401 voluit
1364 4343 1522 4417 Apostolus,
1532 4358 1615 4416 quam
1627 4340 1785 4414 hujusmodi

129 4414 203 4472 tium
219 4415 319 4486 vitetis,
343 4424 374 4472 ut
385 4414 490 4488 pudore
508 4416 632 4476 suffusus
654 4416 804 4489 resipiscat,
815 4434 879 4476 cum
893 4417 935 4475 ri·
1038 4419 1158 4476 rioribus
1177 4416 1293 4490 peccatis
1315 4423 1343 4473 et
1356 4415 1488 4473 scandalis
1500 4414 1662 4472 obnoxiosa
1681 4413 1787 4471 caeteris

131 4485 206 4543 derit
226 4501 255 4542 se
268 4486 302 4542 ab
321 4487 450 4545 omnibus
471 4487 560 4546 vitari.
573 4492 607 4546 Et
627 4487 688 4546 led
708 4489 864 4548 Corinthios
889 4506 931 4546 t:
1008 4489 1113 4548 delibus
1136 4488 1228 4558 vitari,
1244 4488 1325 4562 idque
1351 4486 1451 4561 duplici
1475 4488 1579 4544 ratione
1606 4506 1612 4541 :
1637 4486 1725 4558 primo
1750 4500 1785 4541 ne

131 4559 164 4616 Si
176 4561 211 4625 is,
225 4561 273 4628 qui
277 4560 365 4626 frater·
377 4562 544 4626 norninotnr,
553 4565 592 4617 est
598 4563 757 4629 innuatur,
765 4567 813 4619 aut
821 4577 932 4628 auarus,
946 4535 972 4599 D
987 4562 1045 4620 suis
1070 4561 1173 4621 morbis
1194 4568 1223 4618 et
1245 4560 1320 4617 vitiis
1338 4559 1406 4616 alios
1430 4558 1589 4616 inicerent:
1604 4560 1785 4628 corrumpunt

132 4633 181 4684 unt
194 4631 351 4694 maledicus,
366 4632 551 4695 nntebriosns,
564 4639 630 4700 etc,
644 4646 706 4687 cnm
719 4632 876 4704 uniusmodi
887 4650 934 4690 nec
988 4636 1060 4692 enirn
1074 4636 1153 4690 bonos
1166 4647 1251 4690 mores
1265 4633 1394 4704 colloquio
1406 4647 1505 4703 prauo,
1522 4633 1533 4686 1
1549 4629 1674 4687 Corinth.
1688 4645 1729 4685 xv
1740 4651 1747 4695 3
1760 4634 1788 4682 et

132 4700 219 4755 cibum
240 4716 352 4757 sumere.
373 4704 507 4773 Quaerunt
527 4703 584 4759 inte
618 4710 690 4758 retes
708 4716 745 4758 an
765 4702 820 4761 illis
845 4704 935 4763 serbis
988 4705 1088 4763 ibidem
1102 4722 1161 4779 cap.
1176 4706 1339 4762 vzliescitis
1349 4706 1413 4773 quin
1422 4703 1555 4758 modicum
1568 4703 1729 4767 temnentem
1744 4701 1786 4752 to-

130 4770 299 4844 significetur
312 4772 584 4830 excommunicatio?
619 4780 936 4839 coest,aneosexcom·
989 4782 1045 4834 tarn
1067 4793 1185 4834 moseum
1207 4777 1377 4844 cornrmpr't?
1399 4771 1519 4828 secundo
1534 4778 1566 4824 ut
1579 4768 1683 4839 pudore
1695 4765 1785 4823 allecti

134 4843 267 4898 municari
282 4843 397 4900 voluerit
409 4845 569 4916 Apostolus,
588 4859 657 4917 quos
676 4842 830 4903 audelibus
854 4846 935 4904 vitari
988 4846 1189 4920 resipiscerent,
1212 4845 1264 4900 hoe
1279 4853 1330 4907 est,
1346 4843 1380 4899 ad
1393 4841 1532 4897 saniorem
1547 4845 1709 4894 mentemst
1722 4853 1783 4893 tue-

131 4915 276 4986 praecipit?
299 4915 353 4971 Ubi
377 4915 410 4971 de
434 4930 497 4971 vera
510 4924 538 4972 et
556 4915 686 4972 canonica
711 4917 935 4976 exeommunica-
989 4917 1087 4975 liorem
1116 4916 1224 4987 frugem
1256 4912 1386 4979 redirent,
1422 4910 1460 4966 uti
1481 4925 1572 4980 supra.
1601 4910 1686 4965 Porro
1713 4906 1786 4965 bunc

130 4983 216 5053 done,
232 4986 287 5041 sire
312 5000 425 5042 censura
443 4985 634 5056 ecclesiastica,
650 4985 782 5059 quaeritur
805 5002 867 5059 quse
890 4996 932 5046 ost
987 4983 1240 5045 excommunicandi
1264 4981 1396 5049 modum,
1420 4994 1476 5054 quo
1500 4979 1602 5037 scilicet
1622 4978 1731 5053 publice
1753 4993 1785 5036 ac

129 5055 254 5127 praem'sio
273 5072 287 5110 a
310 5071 424 5128 corpore
440 5057 551 5125 Christi,
572 5056 647 5131 quod
669 5066 711 5115 est
726 5058 932 5126 Ecclesiaste
985 5057 1149 5115 nominatim
1176 5053 1405 5113 denmtiabantur
1430 5052 1475 5125 qui
1502 5051 1655 5109 aiidelibus
1682 5049 1786 5108 vitandi

130 5126 355 5183 acommunione
375 5127 507 5185 fidelium.
533 5129 603 5199 Quae
628 5128 739 5200 quidem
760 5130 876 5202 quaestio
897 5129 931 5187 ad
986 5135 1086 5198 essent,
1101 5125 1202 5185 fatetur
1215 5134 1243 5182 et
1266 5125 1444 5199 conqueritur
1459 5128 1490 5180 D.
1510 5125 1724 5198 chrysostomus
1736 5138 1786 5181 suo

130 5199 269 5255 rationem
288 5198 404 5255 instituti
416 5199 502 5256 nostri
523 5215 620 5273 parum
642 5199 753 5270 iaceret,
767 5200 819 5257 nisi
828 5200 932 5274 aliquid
982 5200 1043 5274 jam
1054 5207 1178 5272 tempore
1189 5197 1348 5266 exolevisse,
1369 5196 1500 5254 nimirum
1514 5195 1541 5250 in
1555 5195 1694 5252 communi
1727 5193 1785 5253 lehc

130 5267 203 5326 lucis
232 5268 344 5327 aiterret
365 5270 399 5327 ad
415 5270 619 5345 intelligentiam
633 5271 931 5342 excommunicationis,
986 5271 1160 5328 fideliumAt
1173 5269 1201 5326 in
1215 5269 1388 5326 monasteriis
1403 5281 1588 5340 perseverasse
1605 5275 1678 5324 recte
1690 5211 1786 5323 ciser-

128 5355 215 5414 quam
228 5341 380 5413 praescribit
402 5345 435 5397 D.
450 5344 529 5399 Pater
549 5351 642 5400 nomer
661 5341 823 5399 Benedictus
836 5342 865 5399 in
878 5345 934 5400 ltc-
985 5342 1059 5400 ravit
1082 5341 1228 5400 Ca'etanus
1254 5343 1303 5408 (In
1324 5356 1448 5397 minen.
1461 5343 1483 5407 l,
1512 5338 1744 5411 quemadmodum
1758 5345 1785 5395 et

130 5411 195 5484 gula
208 5428 258 5484 pro
271 5413 360 5485 culpis
378 5421 437 5470 tum
457 5413 638 5486 gravioribus,
649 5421 710 5472 tum
723 5412 878 5472 levioribus.
896 5416 933 5472 tn
986 5413 1067 5471 bodie
1080 5358 1171 5471 adimo
1187 5420 1350 5486 perseverat,
1372 5411 1440 5468 dum
1455 5410 1489 5467 ab
1503 5412 1624 5469 oratorio
1639 5411 1680 5467 rel
1693 5426 1709 5466 a
1721 5424 1785 5491 con·

131 5482 243 5554 quidem
261 5485 573 5542 excommunicationem
586 5484 925 5559 hicagnoscuntinterpre
987 5485 1139 5544 remouens
1167 5484 1297 5555 fratrum,
1317 5484 1357 5541 rel
1381 5498 1396 5539 a
1424 5497 1528 5550 mensa,
1552 5483 1593 5538 rel
1620 5499 1636 5539 a
1660 5487 1785 5554 portione

131 5558 175 5609 tes
200 5562 258 5610 tam
278 5555 378 5624 Gracci,
395 5571 478 5626 quam
495 5555 761 5629 Latinildbrgsust„
782 5558 932 5628 Theophil„
986 5557 1126 5615 communi
1146 5556 1230 5630 aliqui
1255 5563 1365 5628 propter
1383 5552 1481 5611 delicta
1496 5562 1655 5624 separantur
1673 5549 1785 5623 autpri·

134 5623 255 5694 Augusti
277 5628 325 5682 lib.
342 5627 375 5682 de
388 5628 454 5684 Fide
474 5633 500 5683 et
520 5630 627 5700 operib.
642 5645 702 5700 cop.
716 5634 743 5687 ⁵.
754 5629 785 5686 S.
795 5630 887 5697 Thon.
907 5632 934 5684 et
985 5636 1095 5698 rantur,
1109 5625 1343 5703 quemadmodum
1362 5627 1390 5682 in
1403 5624 1496 5698 regula
1511 5624 1546 5679 D.
1564 5621 1702 5680 Benedicti
1715 5636 1786 5695 prse-

134 5694 210 5780 stet
226 5701 260 5781 in·
278 5698 446 5780 comoneat),
457 5698 505 5781 sed
517 5698 551 5757 de
566 5699 650 5758 mode
666 5709 693 5757 et
706 5700 807 5773 speciei
820 5714 932 5756 excom·
986 5699 1115 5760 scribitur
1129 5702 1212 5774 (an.
1228 5703 1262 5755 rt
1276 5702 1345 5755 nrt
1354 5703 1372 5767 ).

133 5771 324 5826 municatronis
334 5768 378 5826 brc
389 5778 529 5842 quantur.
542 5773 613 5828 Nam
627 5771 763 5846 majorem
773 5785 933 5829 excommu-
