<?xml version="1.0" encoding="UTF-8"?>
<!DOCTYPE html PUBLIC "-//W3C//DTD XHTML 1.0 Transitional//EN"
    "http://www.w3.org/TR/xhtml1/DTD/xhtml1-transitional.dtd">
<html xmlns="http://www.w3.org/1999/xhtml" xml:lang="en" lang="en">
 <head>
  <title>
</title>
<meta http-equiv="Content-Type" content="text/html;charset=utf-8" />
  <meta name='ocr-system' content='tesseract 3.04.00' />
  <meta name='ocr-capabilities' content='ocr_page ocr_carea ocr_par ocr_line ocrx_word'/>
</head>
<body>
  <div class='ocr_page' id='page_1' title='image "./patrologiaecurs29unkngoog_0110.png"; bbox 0 0 3848 6158; ppageno 0'>
   <div class='ocr_carea' id='block_1_1' title="bbox 128 300 1790 377">
    <p class='ocr_par' dir='ltr' id='par_1_1' title="bbox 128 300 1790 377">
     <span class='ocr_line' id='line_1_1' title="bbox 128 300 1790 377; baseline 0.002 -20"><span class='ocrx_word' id='word_1_1' title='bbox 128 301 185 357; x_wconf 74' lang='lat' dir='ltr'>aba</span> <span class='ocrx_word' id='word_1_2' title='bbox 347 370 351 377; x_wconf 33' lang='grc' dir='ltr'>Ι</span> <span class='ocrx_word' id='word_1_3' title='bbox 388 302 432 356; x_wconf 87' lang='lat' dir='ltr'>DE</span> <span class='ocrx_word' id='word_1_4' title='bbox 450 301 689 359; x_wconf 74' lang='lat' dir='ltr'>COENOBIORUM</span> <span class='ocrx_word' id='word_1_5' title='bbox 708 303 829 359; x_wconf 74' lang='lat' dir='ltr'>insili.</span> <span class='ocrx_word' id='word_1_6' title='bbox 850 302 912 359; x_wconf 80' lang='lat' dir='ltr'>tta.</span> <span class='ocrx_word' id='word_1_7' title='bbox 934 302 967 356; x_wconf 82' lang='lat' dir='ltr'>V.</span> <span class='ocrx_word' id='word_1_8' title='bbox 987 330 1023 343; x_wconf 96' lang='lat'><em>-</em></span> <span class='ocrx_word' id='word_1_9' title='bbox 1041 301 1086 356; x_wconf 83' lang='lat' dir='ltr'>DE</span> <span class='ocrx_word' id='word_1_10' title='bbox 1104 300 1239 358; x_wconf 76' lang='lat' dir='ltr'>setalia</span> <span class='ocrx_word' id='word_1_11' title='bbox 1259 303 1537 362; x_wconf 74' lang='lat' dir='ltr'>Gasintnhnular.</span> <span class='ocrx_word' id='word_1_12' title='bbox 1738 319 1790 373; x_wconf 67' lang='lat'>2013</span> 
     </span>
    </p>
   </div>
   <div class='ocr_carea' id='block_1_2' title="bbox 414 425 1790 503">
    <p class='ocr_par' dir='ltr' id='par_1_2' title="bbox 414 425 1790 503">
     <span class='ocr_line' id='line_1_2' title="bbox 414 425 1790 503; baseline 0.008 -19"><span class='ocrx_word' id='word_1_13' title='bbox 414 467 421 476; x_wconf 89' lang='lat'>.</span> <span class='ocrx_word' id='word_1_14' title='bbox 440 428 560 484; x_wconf 79' lang='lat' dir='ltr'><strong>CAPUT</strong></span> <span class='ocrx_word' id='word_1_15' title='bbox 578 430 629 483; x_wconf 92' lang='grc'><strong>111.</strong></span> <span class='ocrx_word' id='word_1_16' title='bbox 948 430 1050 493; x_wconf 74' lang='grc' dir='ltr'>Λαειη</span> <span class='ocrx_word' id='word_1_17' title='bbox 1072 426 1246 483; x_wconf 76' lang='lat' dir='ltr'>continentia</span> <span class='ocrx_word' id='word_1_18' title='bbox 1268 425 1453 500; x_wconf 81' lang='lat' dir='ltr'>disciplinam,</span> <span class='ocrx_word' id='word_1_19' title='bbox 1473 439 1501 487; x_wconf 88' lang='lat' dir='ltr'>ct</span> <span class='ocrx_word' id='word_1_20' title='bbox 1520 430 1670 503; x_wconf 78' lang='lat' dir='ltr'><strong>perfectam</strong></span> <span class='ocrx_word' id='word_1_21' title='bbox 1687 435 1790 495; x_wconf 82' lang='lat' dir='ltr'>disere·</span> 
     </span>
    </p>
   </div>
   <div class='ocr_carea' id='block_1_3' title="bbox 130 518 1556 726">
    <p class='ocr_par' dir='ltr' id='par_1_3' title="bbox 130 518 1556 726">
     <span class='ocr_line' id='line_1_3' title="bbox 130 518 1556 599; baseline -0.002 -14"><span class='ocrx_word' id='word_1_22' title='bbox 130 528 211 597; x_wconf 76' lang='lat' dir='ltr'>Quod</span> <span class='ocrx_word' id='word_1_23' title='bbox 225 531 320 599; x_wconf 77' lang='lat' dir='ltr'>priano</span> <span class='ocrx_word' id='word_1_24' title='bbox 340 529 416 583; x_wconf 81' lang='lat' dir='ltr'>reobtr</span> <span class='ocrx_word' id='word_1_25' title='bbox 435 531 585 592; x_wconf 76' lang='lat' dir='ltr'>colluctatio</span> <span class='ocrx_word' id='word_1_26' title='bbox 603 532 640 583; x_wconf 89' lang='lat' dir='ltr'>sit</span> <span class='ocrx_word' id='word_1_27' title='bbox 658 529 788 586; x_wconf 80' lang='lat' dir='ltr'>aduersus</span> <span class='ocrx_word' id='word_1_28' title='bbox 807 531 935 598; x_wconf 83' lang='lat' dir='ltr'>spo-num</span> <span class='ocrx_word' id='word_1_29' title='bbox 987 518 1070 577; x_wconf 79' lang='lat' dir='ltr'>nona</span> <span class='ocrx_word' id='word_1_30' title='bbox 1082 519 1170 578; x_wconf 72' lang='lat' dir='ltr'>inette</span> <span class='ocrx_word' id='word_1_31' title='bbox 1184 520 1318 577; x_wconf 69' lang='lat' dir='ltr'>rationem</span> <span class='ocrx_word' id='word_1_32' title='bbox 1333 522 1424 579; x_wconf 83' lang='lat' dir='ltr'>nuilus</span> <span class='ocrx_word' id='word_1_33' title='bbox 1439 523 1556 596; x_wconf 76' lang='lat' dir='ltr'><strong>ignorat.</strong></span> 
     </span>
     <span class='ocr_line' id='line_1_4' title="bbox 194 600 1479 726; baseline 0.001 -72"><span class='ocrx_word' id='word_1_34' title='bbox 194 600 407 671; x_wconf 81' lang='lat' dir='ltr'>pastrimurqioe‚</span> <span class='ocrx_word' id='word_1_35' title='bbox 426 600 456 655; x_wconf 87' lang='lat' dir='ltr'>id</span> <span class='ocrx_word' id='word_1_36' title='bbox 468 605 517 664; x_wconf 87' lang='lat' dir='ltr'>est,</span> <span class='ocrx_word' id='word_1_37' title='bbox 538 602 777 670; x_wconf 77' lang='lat' dir='ltr'>concupiscentiam</span> <span class='ocrx_word' id='word_1_38' title='bbox 791 600 872 670; x_wconf 82' lang='lat' dir='ltr'>qula.</span> <span class='ocrx_word' id='word_1_39' title='bbox 1293 667 1416 726; x_wconf 58' lang='lat' dir='ltr'><strong>CAPUT</strong></span> <span class='ocrx_word' id='word_1_40' title='bbox 1433 670 1479 724; x_wconf 43' lang='lat' dir='ltr'>W·</span> 
     </span>
    </p>
   </div>
   <div class='ocr_carea' id='block_1_4' title="bbox 129 703 1788 1153">
    <p class='ocr_par' dir='ltr' id='par_1_4' title="bbox 129 703 1788 1153">
     <span class='ocr_line' id='line_1_5' title="bbox 167 703 936 777; baseline -0.003 -15"><span class='ocrx_word' id='word_1_41' title='bbox 167 706 265 777; x_wconf 87' lang='lat' dir='ltr'>ltaque</span> <span class='ocrx_word' id='word_1_42' title='bbox 287 707 300 737; x_wconf 81' lang='lat'><strong>¹</strong></span> <span class='ocrx_word' id='word_1_43' title='bbox 323 703 443 777; x_wconf 88' lang='lat' dir='ltr'>primum</span> <span class='ocrx_word' id='word_1_44' title='bbox 466 703 545 762; x_wconf 88' lang='lat' dir='ltr'>nobis</span> <span class='ocrx_word' id='word_1_45' title='bbox 562 703 713 762; x_wconf 82' lang='lat' dir='ltr'>meandum</span> <span class='ocrx_word' id='word_1_46' title='bbox 731 710 871 763; x_wconf 75' lang='lat' dir='ltr'>conamen</span> <span class='ocrx_word' id='word_1_47' title='bbox 893 712 936 761; x_wconf 89' lang='lat' dir='ltr'>est</span> 
     </span>
     <span class='ocr_line' id='line_1_6' title="bbox 129 796 1788 874; baseline 0.002 -17"><span class='ocrx_word' id='word_1_48' title='bbox 129 796 263 857; x_wconf 66' lang='lat' dir='ltr'>maenus</span> <span class='ocrx_word' id='word_1_49' title='bbox 282 797 508 871; x_wconf 75' lang='lat' dir='ltr'>gastrimargiam,</span> <span class='ocrx_word' id='word_1_50' title='bbox 536 814 618 872; x_wconf 90' lang='lat' dir='ltr'>qoam</span> <span class='ocrx_word' id='word_1_51' title='bbox 639 798 756 856; x_wconf 83' lang='lat' dir='ltr'><strong>diximus</strong></span> <span class='ocrx_word' id='word_1_52' title='bbox 778 799 851 872; x_wconf 84' lang='lat' dir='ltr'>gulac</span> <span class='ocrx_word' id='word_1_53' title='bbox 875 813 934 855; x_wconf 89' lang='lat' dir='ltr'>esse</span> <span class='ocrx_word' id='word_1_54' title='bbox 988 798 1649 869; x_wconf 70' lang='lat' dir='ltr'>Testimoniumobbatisdruoniiqnodocetatrium</span> <span class='ocrx_word' id='word_1_55' title='bbox 1672 819 1788 874; x_wconf 74' lang='lat' dir='ltr'>uariaque</span> 
     </span>
     <span class='ocr_line' id='line_1_7' title="bbox 130 868 1787 964; baseline -0.011 -15"><span class='ocrx_word' id='word_1_56' title='bbox 130 889 379 962; x_wconf 82' lang='lat' dir='ltr'>concup&#39;noentiam</span> <span class='ocrx_word' id='word_1_57' title='bbox 399 910 405 946; x_wconf 93' lang='lat'>:</span> <span class='ocrx_word' id='word_1_58' title='bbox 422 899 450 947; x_wconf 94' lang='lat' dir='ltr'>et</span> <span class='ocrx_word' id='word_1_59' title='bbox 462 890 492 946; x_wconf 90' lang='lat' dir='ltr'>in</span> <span class='ocrx_word' id='word_1_60' title='bbox 509 890 605 963; x_wconf 88' lang='lat' dir='ltr'>primis</span> <span class='ocrx_word' id='word_1_61' title='bbox 623 890 658 948; x_wconf 92' lang='lat' dir='ltr'>de</span> <span class='ocrx_word' id='word_1_62' title='bbox 672 889 755 947; x_wconf 91' lang='lat' dir='ltr'>modo</span> <span class='ocrx_word' id='word_1_63' title='bbox 766 889 934 964; x_wconf 72' lang='lat' dir='ltr'>jejuniorum</span> <span class='ocrx_word' id='word_1_64' title='bbox 1020 869 1147 922; x_wconf 81' lang='lat' dir='ltr'>virtutem</span> <span class='ocrx_word' id='word_1_65' title='bbox 1159 868 1194 921; x_wconf 84' lang='lat' dir='ltr'>ab</span> <span class='ocrx_word' id='word_1_66' title='bbox 1204 869 1250 922; x_wconf 87' lang='lat' dir='ltr'>illo</span> <span class='ocrx_word' id='word_1_67' title='bbox 1263 870 1314 939; x_wconf 90' lang='lat' dir='ltr'>qui</span> <span class='ocrx_word' id='word_1_68' title='bbox 1325 885 1384 925; x_wconf 87' lang='lat' dir='ltr'>eam</span> <span class='ocrx_word' id='word_1_69' title='bbox 1395 871 1562 938; x_wconf 76' lang='lat' dir='ltr'>peculiarius</span> <span class='ocrx_word' id='word_1_70' title='bbox 1571 875 1647 940; x_wconf 84' lang='lat' dir='ltr'>possi</span> <span class='ocrx_word' id='word_1_71' title='bbox 1681 879 1692 928; x_wconf 92' lang='lat' dir='ltr'>t</span> <span class='ocrx_word' id='word_1_72' title='bbox 1706 892 1787 945; x_wconf 69' lang='lat' dir='ltr'>eupre-</span> 
     </span>
     <span class='ocr_line' id='line_1_8' title="bbox 129 938 1142 1053; baseline 0 -16"><span class='ocrx_word' id='word_1_73' title='bbox 129 986 161 1037; x_wconf 92' lang='lat' dir='ltr'>et</span> <span class='ocrx_word' id='word_1_74' title='bbox 175 994 300 1038; x_wconf 83' lang='lat' dir='ltr'>escarum</span> <span class='ocrx_word' id='word_1_75' title='bbox 319 979 448 1053; x_wconf 77' lang='lat' dir='ltr'>qualitate</span> <span class='ocrx_word' id='word_1_76' title='bbox 462 978 571 1049; x_wconf 88' lang='lat' dir='ltr'>dicturi,</span> <span class='ocrx_word' id='word_1_77' title='bbox 589 995 684 1037; x_wconf 90' lang='lat' dir='ltr'>rursus</span> <span class='ocrx_word' id='word_1_78' title='bbox 696 979 731 1037; x_wconf 90' lang='lat' dir='ltr'>ad</span> <span class='ocrx_word' id='word_1_79' title='bbox 746 981 933 1053; x_wconf 82' lang='lat' dir='ltr'>AEgyptiomm</span> <span class='ocrx_word' id='word_1_80' title='bbox 1022 938 1142 993; x_wconf 53' lang='lat' dir='ltr'>mmm·</span> 
     </span>
     <span class='ocr_line' id='line_1_9' title="bbox 129 1069 1787 1153; baseline 0.005 -25"><span class='ocrx_word' id='word_1_81' title='bbox 129 1070 291 1131; x_wconf 66' lang='lat' dir='ltr'>traditiones</span> <span class='ocrx_word' id='word_1_82' title='bbox 306 1088 338 1129; x_wconf 92' lang='lat' dir='ltr'>ac</span> <span class='ocrx_word' id='word_1_83' title='bbox 351 1079 453 1131; x_wconf 87' lang='lat' dir='ltr'>statuta</span> <span class='ocrx_word' id='word_1_84' title='bbox 467 1087 655 1142; x_wconf 89' lang='lat' dir='ltr'>recurremus,</span> <span class='ocrx_word' id='word_1_85' title='bbox 674 1072 775 1146; x_wconf 86' lang='lat' dir='ltr'>quibus</span> <span class='ocrx_word' id='word_1_86' title='bbox 788 1073 931 1130; x_wconf 88' lang='lat' dir='ltr'>sublimio·</span> <span class='ocrx_word' id='word_1_87' title='bbox 1022 1078 1106 1133; x_wconf 82' lang='lat' dir='ltr'>Vetus</span> <span class='ocrx_word' id='word_1_88' title='bbox 1126 1090 1244 1147; x_wconf 86' lang='lat' dir='ltr'>nomque</span> <span class='ocrx_word' id='word_1_89' title='bbox 1264 1081 1305 1132; x_wconf 88' lang='lat' dir='ltr'>est</span> <span class='ocrx_word' id='word_1_90' title='bbox 1322 1069 1336 1107; x_wconf 82' lang='lat'>¹&#39;</span> <span class='ocrx_word' id='word_1_91' title='bbox 1351 1074 1424 1133; x_wconf 88' lang='lat' dir='ltr'>beati</span> <span class='ocrx_word' id='word_1_92' title='bbox 1437 1076 1549 1133; x_wconf 81' lang='lat' dir='ltr'>Antonii</span> <span class='ocrx_word' id='word_1_93' title='bbox 1567 1078 1787 1153; x_wconf 89' lang='lat' dir='ltr'>admirabilisque</span> 
     </span>
    </p>
   </div>
   <div class='ocr_carea' id='block_1_5' title="bbox 685 1199 1239 1258">
    <p class='ocr_par' dir='ltr' id='par_1_5' title="bbox 685 1199 1239 1258">
     <span class='ocr_line' id='line_1_10' title="bbox 685 1199 1239 1258; baseline 0.004 -5"><span class='ocrx_word' id='word_1_94' title='bbox 685 1199 812 1255; x_wconf 77' lang='lat' dir='ltr'>nnantn</span> <span class='ocrx_word' id='word_1_95' title='bbox 830 1199 944 1257; x_wconf 78' lang='lat' dir='ltr'>GdZAEl</span> <span class='ocrx_word' id='word_1_96' title='bbox 960 1200 1239 1258; x_wconf 68' lang='lat' dir='ltr'>communicans.</span> 
     </span>
    </p>
   </div>
   <div class='ocr_carea' id='block_1_6' title="bbox 131 1314 1786 2031">
    <p class='ocr_par' dir='ltr' id='par_1_6' title="bbox 131 1314 1786 2031">
     <span class='ocr_line' id='line_1_11' title="bbox 168 1314 1785 1390; baseline 0.003 -19"><span class='ocrx_word' id='word_1_97' title='bbox 168 1317 182 1348; x_wconf 83' lang='lat'>⁸</span> <span class='ocrx_word' id='word_1_98' title='bbox 203 1314 403 1386; x_wconf 82' lang='lat' dir='ltr'>Gcstrimargia</span> <span class='ocrx_word' id='word_1_99' title='bbox 423 1329 473 1386; x_wconf 90' lang='lat' dir='ltr'>pro</span> <span class='ocrx_word' id='word_1_100' title='bbox 494 1314 532 1370; x_wconf 90' lang='lat' dir='ltr'>ric</span> <span class='ocrx_word' id='word_1_101' title='bbox 551 1322 594 1371; x_wconf 86' lang='lat' dir='ltr'>est</span> <span class='ocrx_word' id='word_1_102' title='bbox 615 1316 715 1373; x_wconf 72' lang='lat' dir='ltr'>ventus</span> <span class='ocrx_word' id='word_1_103' title='bbox 736 1316 853 1382; x_wconf 86' lang='lat' dir='ltr'>insania;</span> <span class='ocrx_word' id='word_1_104' title='bbox 870 1337 933 1388; x_wconf 85' lang='grc' dir='ltr'>γαα-</span> <span class='ocrx_word' id='word_1_105' title='bbox 986 1322 1204 1390; x_wconf 83' lang='lat' dir='ltr'>inquinationem</span> <span class='ocrx_word' id='word_1_106' title='bbox 1217 1319 1554 1390; x_wconf 67' lang='lat' dir='ltr'>fluetusprofundumque</span> <span class='ocrx_word' id='word_1_107' title='bbox 1567 1324 1728 1375; x_wconf 82' lang='lat' dir='ltr'>serratarum</span> <span class='ocrx_word' id='word_1_108' title='bbox 1744 1328 1785 1376; x_wconf 89' lang='lat' dir='ltr'>ut-</span> 
     </span>
     <span class='ocr_line' id='line_1_12' title="bbox 131 1329 1785 1460; baseline 0.006 -24"><span class='ocrx_word' id='word_1_109' title='bbox 131 1385 270 1456; x_wconf 71' lang='grc' dir='ltr'>γριμαργας</span> <span class='ocrx_word' id='word_1_110' title='bbox 288 1386 411 1458; x_wconf 83' lang='lat' dir='ltr'>gulosus,</span> <span class='ocrx_word' id='word_1_111' title='bbox 434 1329 537 1453; x_wconf 57' lang='lat' dir='ltr'>helino,</span> <span class='ocrx_word' id='word_1_112' title='bbox 557 1387 644 1441; x_wconf 79' lang='lat' dir='ltr'>ventri</span> <span class='ocrx_word' id='word_1_113' title='bbox 666 1385 775 1443; x_wconf 91' lang='lat' dir='ltr'>deditus</span> <span class='ocrx_word' id='word_1_114' title='bbox 795 1389 930 1455; x_wconf 75' lang='lat' dir='ltr'>(Bittius).</span> <span class='ocrx_word' id='word_1_115' title='bbox 985 1391 1785 1460; x_wconf 78' lang='lat' dir='ltr'>quoiquotarumimmumiitmrumcameprocedunt.Fili&#39;n</span> 
     </span>
     <span class='ocr_line' id='line_1_13' title="bbox 133 1455 1786 1531; baseline 0.001 -18"><span class='ocrx_word' id='word_1_116' title='bbox 133 1455 257 1513; x_wconf 85' lang='lat' dir='ltr'>isidorus</span> <span class='ocrx_word' id='word_1_117' title='bbox 271 1455 420 1512; x_wconf 81' lang='lat' dir='ltr'>Pelusiotae</span> <span class='ocrx_word' id='word_1_118' title='bbox 436 1476 442 1512; x_wconf 92' lang='lat'>:</span> <span class='ocrx_word' id='word_1_119' title='bbox 455 1456 639 1527; x_wconf 68' lang='grc' dir='ltr'>γαστριμαργία</span> <span class='ocrx_word' id='word_1_120' title='bbox 651 1455 716 1510; x_wconf 75' lang='grc' dir='ltr'><strong>ἐστὶν</strong></span> <span class='ocrx_word' id='word_1_121' title='bbox 730 1456 745 1523; x_wconf 75' lang='grc' dir='ltr'>ἡ</span> <span class='ocrx_word' id='word_1_122' title='bbox 758 1459 813 1528; x_wconf 69' lang='grc' dir='ltr'>περὶ</span> <span class='ocrx_word' id='word_1_123' title='bbox 823 1464 932 1530; x_wconf 77' lang='grc' dir='ltr'>γαστέρα</span> <span class='ocrx_word' id='word_1_124' title='bbox 985 1477 1046 1517; x_wconf 86' lang='lat' dir='ltr'>caro</span> <span class='ocrx_word' id='word_1_125' title='bbox 1058 1478 1122 1517; x_wconf 81' lang='lat' dir='ltr'>mea</span> <span class='ocrx_word' id='word_1_126' title='bbox 1131 1462 1319 1526; x_wconf 80' lang='lat' dir='ltr'>suntdeccdia,</span> <span class='ocrx_word' id='word_1_127' title='bbox 1331 1463 1490 1530; x_wconf 76' lang='lat' dir='ltr'>loquacitas,</span> <span class='ocrx_word' id='word_1_128' title='bbox 1502 1462 1673 1531; x_wconf 68' lang='lat' dir='ltr'>accendentur,</span> <span class='ocrx_word' id='word_1_129' title='bbox 1685 1466 1786 1517; x_wconf 76' lang='lat' dir='ltr'>sorarai-</span> 
     </span>
     <span class='ocr_line' id='line_1_14' title="bbox 133 1525 1785 1597; baseline 0.006 -20"><span class='ocrx_word' id='word_1_130' title='bbox 133 1525 222 1597; x_wconf 73' lang='lat' dir='ltr'>parta.</span> <span class='ocrx_word' id='word_1_131' title='bbox 235 1527 437 1596; x_wconf 82' lang='lat' dir='ltr'>Gastrimarqia</span> <span class='ocrx_word' id='word_1_132' title='bbox 448 1531 488 1582; x_wconf 86' lang='lat' dir='ltr'>est</span> <span class='ocrx_word' id='word_1_133' title='bbox 501 1529 627 1583; x_wconf 82' lang='lat' dir='ltr'>irisunum</span> <span class='ocrx_word' id='word_1_134' title='bbox 640 1531 741 1583; x_wconf 84' lang='lat' dir='ltr'>uentris</span> <span class='ocrx_word' id='word_1_135' title='bbox 752 1530 883 1585; x_wconf 85' lang='lat' dir='ltr'>shuiium.</span> <span class='ocrx_word' id='word_1_136' title='bbox 895 1533 930 1586; x_wconf 91' lang='lat' dir='ltr'>D.</span> <span class='ocrx_word' id='word_1_137' title='bbox 985 1532 1048 1588; x_wconf 85' lang='lat' dir='ltr'>titus</span> <span class='ocrx_word' id='word_1_138' title='bbox 1062 1535 1145 1587; x_wconf 77' lang='lat' dir='ltr'>rusum</span> <span class='ocrx_word' id='word_1_139' title='bbox 1158 1549 1273 1597; x_wconf 75' lang='lat' dir='ltr'>mouera,</span> <span class='ocrx_word' id='word_1_140' title='bbox 1285 1534 1471 1594; x_wconf 89' lang='lat' dir='ltr'>contradictio,</span> <span class='ocrx_word' id='word_1_141' title='bbox 1482 1535 1589 1587; x_wconf 83' lang='lat' dir='ltr'>ceruicis</span> <span class='ocrx_word' id='word_1_142' title='bbox 1602 1533 1717 1595; x_wconf 77' lang='lat' dir='ltr'>duritiae,</span> <span class='ocrx_word' id='word_1_143' title='bbox 1732 1539 1785 1588; x_wconf 86' lang='lat' dir='ltr'>tur-</span> 
     </span>
     <span class='ocr_line' id='line_1_15' title="bbox 132 1596 1783 1679; baseline 0.004 -27"><span class='ocrx_word' id='word_1_144' title='bbox 132 1596 285 1679; x_wconf 76' lang='lat' dir='ltr'>(iregorius</span> <span class='ocrx_word' id='word_1_145' title='bbox 307 1599 378 1664; x_wconf 80' lang='lat' dir='ltr'>(nib.</span> <span class='ocrx_word' id='word_1_146' title='bbox 403 1611 414 1652; x_wconf 89' lang='lat' dir='ltr'>r</span> <span class='ocrx_word' id='word_1_147' title='bbox 441 1599 518 1667; x_wconf 83' lang='lat' dir='ltr'>epist.</span> <span class='ocrx_word' id='word_1_148' title='bbox 543 1603 622 1667; x_wconf 82' lang='lat' dir='ltr'>rsa),</span> <span class='ocrx_word' id='word_1_149' title='bbox 645 1599 743 1656; x_wconf 79' lang='lat' dir='ltr'>ventris</span> <span class='ocrx_word' id='word_1_150' title='bbox 766 1599 929 1671; x_wconf 82' lang='lat' dir='ltr'>ingluviem3</span> <span class='ocrx_word' id='word_1_151' title='bbox 985 1601 1783 1672; x_wconf 69' lang='lat' dir='ltr'>ditasadaudiendum,insensibilitaselutio,(riquetrrrrror,</span> 
     </span>
     <span class='ocr_line' id='line_1_16' title="bbox 134 1666 1781 1741; baseline 0.001 -16"><span class='ocrx_word' id='word_1_152' title='bbox 134 1666 289 1734; x_wconf 63' lang='lat' dir='ltr'>munus,</span> <span class='ocrx_word' id='word_1_153' title='bbox 307 1677 335 1725; x_wconf 88' lang='lat' dir='ltr'>et</span> <span class='ocrx_word' id='word_1_154' title='bbox 353 1667 513 1740; x_wconf 80' lang='lat' dir='ltr'>Dionysius,</span> <span class='ocrx_word' id='word_1_155' title='bbox 535 1670 607 1741; x_wconf 81' lang='lat' dir='ltr'>gulae</span> <span class='ocrx_word' id='word_1_156' title='bbox 625 1670 872 1741; x_wconf 88' lang='lat' dir='ltr'>concupiscentiam</span> <span class='ocrx_word' id='word_1_157' title='bbox 889 1672 929 1727; x_wconf 88' lang='lat' dir='ltr'>in·</span> <span class='ocrx_word' id='word_1_158' title='bbox 984 1676 1132 1737; x_wconf 79' lang='lat' dir='ltr'>temeritas,</span> <span class='ocrx_word' id='word_1_159' title='bbox 1153 1675 1250 1729; x_wconf 91' lang='lat' dir='ltr'>mundi</span> <span class='ocrx_word' id='word_1_160' title='bbox 1263 1689 1349 1737; x_wconf 90' lang='lat' dir='ltr'>amor,</span> <span class='ocrx_word' id='word_1_161' title='bbox 1369 1676 1456 1728; x_wconf 87' lang='lat' dir='ltr'>oratio</span> <span class='ocrx_word' id='word_1_162' title='bbox 1472 1674 1624 1736; x_wconf 87' lang='lat' dir='ltr'>immunda,</span> <span class='ocrx_word' id='word_1_163' title='bbox 1640 1676 1685 1727; x_wconf 82' lang='lat' dir='ltr'>nti</span> <span class='ocrx_word' id='word_1_164' title='bbox 1697 1690 1781 1727; x_wconf 76' lang='lat' dir='ltr'>siaa-rc·</span> 
     </span>
     <span class='ocr_line' id='line_1_17' title="bbox 194 1738 1781 1845; baseline 0.001 -50"><span class='ocrx_word' id='word_1_165' title='bbox 194 1745 329 1820; x_wconf 70' lang='lat' dir='ltr'>retnntur,</span> <span class='ocrx_word' id='word_1_166' title='bbox 348 1738 437 1810; x_wconf 80' lang='lat' dir='ltr'>magis</span> <span class='ocrx_word' id='word_1_167' title='bbox 455 1739 618 1820; x_wconf 26' lang='lat' dir='ltr'>semtipsum</span> <span class='ocrx_word' id='word_1_168' title='bbox 640 1755 723 1822; x_wconf 82' lang='lat' dir='ltr'>quam</span> <span class='ocrx_word' id='word_1_169' title='bbox 741 1741 859 1798; x_wconf 85' lang='lat' dir='ltr'>nominis</span> <span class='ocrx_word' id='word_1_170' title='bbox 877 1751 934 1812; x_wconf 81' lang='lat' dir='ltr'>ety-</span> <span class='ocrx_word' id='word_1_171' title='bbox 947 1783 972 1845; x_wconf 79' lang='lat' dir='ltr'>B</span> <span class='ocrx_word' id='word_1_172' title='bbox 987 1743 1056 1798; x_wconf 81' lang='lat' dir='ltr'>duret</span> <span class='ocrx_word' id='word_1_173' title='bbox 1073 1746 1169 1812; x_wconf 67' lang='lat' dir='ltr'>{luctus</span> <span class='ocrx_word' id='word_1_174' title='bbox 1183 1746 1388 1813; x_wconf 74' lang='lat' dir='ltr'>cogitationum</span> <span class='ocrx_word' id='word_1_175' title='bbox 1408 1759 1611 1812; x_wconf 78' lang='lat' dir='ltr'>nonnumquam</span> <span class='ocrx_word' id='word_1_176' title='bbox 1633 1759 1693 1798; x_wconf 79' lang='lat' dir='ltr'>aero</span> <span class='ocrx_word' id='word_1_177' title='bbox 1709 1746 1781 1798; x_wconf 79' lang='lat' dir='ltr'>carlit-</span> 
     </span>
     <span class='ocr_line' id='line_1_18' title="bbox 132 1809 1782 1884; baseline 0.002 -20"><span class='ocrx_word' id='word_1_178' title='bbox 132 1822 209 1864; x_wconf 88' lang='lat' dir='ltr'>moo</span> <span class='ocrx_word' id='word_1_179' title='bbox 236 1824 282 1864; x_wconf 92' lang='lat' dir='ltr'>am</span> <span class='ocrx_word' id='word_1_180' title='bbox 294 1816 456 1880; x_wconf 86' lang='lat' dir='ltr'>spectantes.</span> <span class='ocrx_word' id='word_1_181' title='bbox 472 1811 524 1866; x_wconf 79' lang='lat' dir='ltr'>Usi</span> <span class='ocrx_word' id='word_1_182' title='bbox 542 1818 606 1866; x_wconf 88' lang='lat' dir='ltr'>sunt</span> <span class='ocrx_word' id='word_1_183' title='bbox 625 1818 708 1866; x_wconf 88' lang='lat' dir='ltr'>enam</span> <span class='ocrx_word' id='word_1_184' title='bbox 722 1809 774 1867; x_wconf 90' lang='lat' dir='ltr'>hac</span> <span class='ocrx_word' id='word_1_185' title='bbox 792 1827 857 1868; x_wconf 89' lang='lat' dir='ltr'>voce</span> <span class='ocrx_word' id='word_1_186' title='bbox 870 1812 933 1868; x_wconf 78' lang='lat' dir='ltr'>Ari·</span> <span class='ocrx_word' id='word_1_187' title='bbox 987 1816 1068 1869; x_wconf 86' lang='lat' dir='ltr'>mites</span> <span class='ocrx_word' id='word_1_188' title='bbox 1081 1830 1186 1884; x_wconf 85' lang='lat' dir='ltr'>quoque</span> <span class='ocrx_word' id='word_1_189' title='bbox 1195 1819 1296 1883; x_wconf 85' lang='lat' dir='ltr'>prater</span> <span class='ocrx_word' id='word_1_190' title='bbox 1308 1829 1412 1869; x_wconf 73' lang='lat' dir='ltr'>uuum</span> <span class='ocrx_word' id='word_1_191' title='bbox 1423 1828 1497 1884; x_wconf 86' lang='lat' dir='ltr'>spem</span> <span class='ocrx_word' id='word_1_192' title='bbox 1509 1818 1534 1868; x_wconf 89' lang='lat' dir='ltr'>ct</span> <span class='ocrx_word' id='word_1_193' title='bbox 1545 1815 1782 1883; x_wconf 76' lang='lat' dir='ltr'>carpentariorum,-</span> 
     </span>
     <span class='ocr_line' id='line_1_19' title="bbox 131 1877 1785 1955; baseline 0.003 -20"><span class='ocrx_word' id='word_1_194' title='bbox 131 1885 205 1935; x_wconf 76' lang='lat' dir='ltr'>ntote</span> <span class='ocrx_word' id='word_1_195' title='bbox 216 1893 247 1934; x_wconf 87' lang='lat' dir='ltr'>cs</span> <span class='ocrx_word' id='word_1_196' title='bbox 258 1878 304 1935; x_wconf 89' lang='lat' dir='ltr'>lib.</span> <span class='ocrx_word' id='word_1_197' title='bbox 319 1892 340 1935; x_wconf 82' lang='lat' dir='ltr'>v</span> <span class='ocrx_word' id='word_1_198' title='bbox 355 1877 444 1935; x_wconf 85' lang='lat' dir='ltr'>Ethic.</span> <span class='ocrx_word' id='word_1_199' title='bbox 461 1887 489 1935; x_wconf 88' lang='lat' dir='ltr'>et</span> <span class='ocrx_word' id='word_1_200' title='bbox 502 1880 627 1937; x_wconf 86' lang='lat' dir='ltr'>Clemens</span> <span class='ocrx_word' id='word_1_201' title='bbox 641 1882 754 1937; x_wconf 76' lang='lat' dir='ltr'>hieran.</span> <span class='ocrx_word' id='word_1_202' title='bbox 770 1881 818 1937; x_wconf 88' lang='lat' dir='ltr'>lib.</span> <span class='ocrx_word' id='word_1_203' title='bbox 835 1897 860 1938; x_wconf 86' lang='lat' dir='ltr'>rr</span> <span class='ocrx_word' id='word_1_204' title='bbox 875 1885 934 1938; x_wconf 84' lang='lat' dir='ltr'>Pm-</span> <span class='ocrx_word' id='word_1_205' title='bbox 986 1900 1068 1954; x_wconf 89' lang='lat' dir='ltr'>qnam</span> <span class='ocrx_word' id='word_1_206' title='bbox 1078 1887 1224 1940; x_wconf 85' lang='lat' dir='ltr'>necessario</span> <span class='ocrx_word' id='word_1_207' title='bbox 1233 1885 1385 1955; x_wconf 75' lang='lat' dir='ltr'>desperatio</span> <span class='ocrx_word' id='word_1_208' title='bbox 1397 1886 1519 1953; x_wconf 83' lang='lat' dir='ltr'>seqnitur</span> <span class='ocrx_word' id='word_1_209' title='bbox 1533 1885 1654 1939; x_wconf 86' lang='lat' dir='ltr'>omnibus</span> <span class='ocrx_word' id='word_1_210' title='bbox 1667 1887 1785 1939; x_wconf 81' lang='lat' dir='ltr'>acerbior</span> 
     </span>
     <span class='ocr_line' id='line_1_20' title="bbox 133 1947 1785 2031; baseline 0.002 -26"><span class='ocrx_word' id='word_1_211' title='bbox 133 1947 233 2031; x_wconf 81' lang='lat' dir='ltr'>dagogi</span> <span class='ocrx_word' id='word_1_212' title='bbox 248 1965 309 2022; x_wconf 81' lang='lat' dir='ltr'>erp.</span> <span class='ocrx_word' id='word_1_213' title='bbox 325 1957 351 2016; x_wconf 91' lang='grc'>1,</span> <span class='ocrx_word' id='word_1_214' title='bbox 370 1958 399 2005; x_wconf 89' lang='lat' dir='ltr'>et</span> <span class='ocrx_word' id='word_1_215' title='bbox 411 1950 531 2006; x_wconf 84' lang='lat' dir='ltr'>ioannes</span> <span class='ocrx_word' id='word_1_216' title='bbox 549 1951 704 2008; x_wconf 78' lang='lat' dir='ltr'>climachus</span> <span class='ocrx_word' id='word_1_217' title='bbox 716 1951 801 2024; x_wconf 88' lang='lat' dir='ltr'>gradu</span> <span class='ocrx_word' id='word_1_218' title='bbox 818 1959 861 2008; x_wconf 84' lang='grc'>14.</span> <span class='ocrx_word' id='word_1_219' title='bbox 880 1955 934 2008; x_wconf 88' lang='lat' dir='ltr'>La·</span> <span class='ocrx_word' id='word_1_220' title='bbox 986 1959 1013 2009; x_wconf 88' lang='lat' dir='ltr'>et</span> <span class='ocrx_word' id='word_1_221' title='bbox 1022 1957 1140 2024; x_wconf 76' lang='lat' dir='ltr'>gratior.</span> <span class='ocrx_word' id='word_1_222' title='bbox 1155 1957 1299 2025; x_wconf 74' lang='lat' dir='ltr'>quruqreat</span> <span class='ocrx_word' id='word_1_223' title='bbox 1309 1955 1417 2023; x_wconf 85' lang='lat' dir='ltr'>quidem</span> <span class='ocrx_word' id='word_1_224' title='bbox 1428 1970 1479 2016; x_wconf 90' lang='lat' dir='ltr'>mo,</span> <span class='ocrx_word' id='word_1_225' title='bbox 1491 1955 1539 2009; x_wconf 86' lang='lat' dir='ltr'>sed</span> <span class='ocrx_word' id='word_1_226' title='bbox 1549 1970 1599 2009; x_wconf 88' lang='lat' dir='ltr'>nou</span> <span class='ocrx_word' id='word_1_227' title='bbox 1609 1961 1719 2024; x_wconf 75' lang='lat' dir='ltr'>naqreral</span> <span class='ocrx_word' id='word_1_228' title='bbox 1728 1973 1785 2024; x_wconf 74' lang='lat' dir='ltr'>per·</span> 
     </span>
    </p>
   </div>
   <div class='ocr_carea' id='block_1_7' title="bbox 133 2020 1884 2093">
    <p class='ocr_par' dir='ltr' id='par_1_7' title="bbox 133 2020 1884 2093">
     <span class='ocr_line' id='line_1_21' title="bbox 133 2020 1884 2093; baseline 0.001 -17"><span class='ocrx_word' id='word_1_229' title='bbox 133 2026 183 2076; x_wconf 86' lang='lat' dir='ltr'>tmt</span> <span class='ocrx_word' id='word_1_230' title='bbox 196 2028 321 2077; x_wconf 84' lang='lat' dir='ltr'>auctores</span> <span class='ocrx_word' id='word_1_231' title='bbox 333 2020 404 2093; x_wconf 80' lang='lat' dir='ltr'>guiae</span> <span class='ocrx_word' id='word_1_232' title='bbox 418 2021 553 2078; x_wconf 83' lang='lat' dir='ltr'>vocabulo</span> <span class='ocrx_word' id='word_1_233' title='bbox 568 2022 690 2078; x_wconf 86' lang='lat' dir='ltr'>contenti</span> <span class='ocrx_word' id='word_1_234' title='bbox 704 2021 789 2079; x_wconf 80' lang='lat' dir='ltr'>sucre.</span> <span class='ocrx_word' id='word_1_235' title='bbox 802 2024 855 2079; x_wconf 81' lang='lat' dir='ltr'>Sed</span> <span class='ocrx_word' id='word_1_236' title='bbox 869 2024 934 2080; x_wconf 86' lang='lat' dir='ltr'>Cos·</span> <span class='ocrx_word' id='word_1_237' title='bbox 970 2030 1108 2080; x_wconf 63' lang='lat' dir='ltr'>”catorum</span> <span class='ocrx_word' id='word_1_238' title='bbox 1124 2028 1268 2090; x_wconf 77' lang='lat' dir='ltr'>memoriu3</span> <span class='ocrx_word' id='word_1_239' title='bbox 1282 2027 1438 2079; x_wconf 83' lang='lat' dir='ltr'>iuirniet&#39;tios</span> <span class='ocrx_word' id='word_1_240' title='bbox 1450 2029 1596 2079; x_wconf 77' lang='lat' dir='ltr'>contremo</span> <span class='ocrx_word' id='word_1_241' title='bbox 1610 2027 1784 2092; x_wconf 69' lang='lat' dir='ltr'>pertruunt-</span> <span class='ocrx_word' id='word_1_242' title='bbox 1881 2063 1884 2069; x_wconf 85' lang='lat'>.</span> 
     </span>
    </p>
   </div>
   <div class='ocr_carea' id='block_1_8' title="bbox 98 2090 1831 5127">
    <p class='ocr_par' dir='ltr' id='par_1_8' title="bbox 98 2090 1831 5127">
     <span class='ocr_line' id='line_1_22' title="bbox 134 2090 1784 2166; baseline 0.001 -20"><span class='ocrx_word' id='word_1_243' title='bbox 134 2090 214 2146; x_wconf 87' lang='lat' dir='ltr'>siano</span> <span class='ocrx_word' id='word_1_244' title='bbox 230 2090 316 2147; x_wconf 83' lang='lat' dir='ltr'>visum</span> <span class='ocrx_word' id='word_1_245' title='bbox 331 2098 375 2146; x_wconf 90' lang='lat' dir='ltr'>est</span> <span class='ocrx_word' id='word_1_246' title='bbox 391 2106 422 2146; x_wconf 90' lang='lat' dir='ltr'>ea</span> <span class='ocrx_word' id='word_1_247' title='bbox 442 2106 508 2146; x_wconf 86' lang='lat' dir='ltr'>roca</span> <span class='ocrx_word' id='word_1_248' title='bbox 529 2091 586 2147; x_wconf 86' lang='lat' dir='ltr'>vim</span> <span class='ocrx_word' id='word_1_249' title='bbox 605 2108 717 2147; x_wconf 91' lang='lat' dir='ltr'>omnem</span> <span class='ocrx_word' id='word_1_250' title='bbox 737 2093 932 2166; x_wconf 73' lang='lat' dir='ltr'>gastrimargia</span> <span class='ocrx_word' id='word_1_251' title='bbox 986 2098 1088 2151; x_wconf 89' lang='lat' dir='ltr'>intenta</span> <span class='ocrx_word' id='word_1_252' title='bbox 1097 2099 1240 2165; x_wconf 66' lang='lat' dir='ltr'>capitatim</span> <span class='ocrx_word' id='word_1_253' title='bbox 1253 2095 1322 2149; x_wconf 87' lang='lat' dir='ltr'>m&#39;bit</span> <span class='ocrx_word' id='word_1_254' title='bbox 1330 2110 1392 2149; x_wconf 82' lang='lat' dir='ltr'>aero</span> <span class='ocrx_word' id='word_1_255' title='bbox 1402 2097 1430 2148; x_wconf 88' lang='lat' dir='ltr'>in</span> <span class='ocrx_word' id='word_1_256' title='bbox 1440 2095 1591 2148; x_wconf 86' lang='lat' dir='ltr'>bominibus</span> <span class='ocrx_word' id='word_1_257' title='bbox 1602 2099 1651 2155; x_wconf 86' lang='lat' dir='ltr'>esi,</span> <span class='ocrx_word' id='word_1_258' title='bbox 1662 2094 1734 2161; x_wconf 84' lang='lat' dir='ltr'>quod</span> <span class='ocrx_word' id='word_1_259' title='bbox 1744 2112 1784 2148; x_wconf 84' lang='lat' dir='ltr'>me</span> 
     </span>
     <span class='ocr_line' id='line_1_23' title="bbox 133 2160 1783 2236; baseline 0.001 -20"><span class='ocrx_word' id='word_1_260' title='bbox 133 2175 193 2217; x_wconf 89' lang='lat' dir='ltr'>non</span> <span class='ocrx_word' id='word_1_261' title='bbox 213 2161 279 2218; x_wconf 88' lang='lat' dir='ltr'>satis</span> <span class='ocrx_word' id='word_1_262' title='bbox 296 2161 426 2234; x_wconf 79' lang='lat' dir='ltr'>exprimi3</span> <span class='ocrx_word' id='word_1_263' title='bbox 449 2160 510 2218; x_wconf 89' lang='lat' dir='ltr'>ideo</span> <span class='ocrx_word' id='word_1_264' title='bbox 533 2163 630 2219; x_wconf 80' lang='lat' dir='ltr'>Graeca</span> <span class='ocrx_word' id='word_1_265' title='bbox 652 2163 742 2232; x_wconf 89' lang='lat' dir='ltr'>potius</span> <span class='ocrx_word' id='word_1_266' title='bbox 765 2164 804 2219; x_wconf 92' lang='lat' dir='ltr'>uti</span> <span class='ocrx_word' id='word_1_267' title='bbox 825 2164 929 2221; x_wconf 88' lang='lat' dir='ltr'>maluit.</span> <span class='ocrx_word' id='word_1_268' title='bbox 982 2168 1102 2236; x_wconf 72' lang='lat' dir='ltr'>perlecta</span> <span class='ocrx_word' id='word_1_269' title='bbox 1114 2171 1233 2236; x_wconf 87' lang='lat' dir='ltr'>superat.</span> <span class='ocrx_word' id='word_1_270' title='bbox 1249 2165 1303 2232; x_wconf 81' lang='lat' dir='ltr'>Qui</span> <span class='ocrx_word' id='word_1_271' title='bbox 1311 2166 1478 2220; x_wconf 86' lang='lat' dir='ltr'>Paracletum</span> <span class='ocrx_word' id='word_1_272' title='bbox 1487 2164 1616 2233; x_wconf 85' lang='lat' dir='ltr'>possidet,</span> <span class='ocrx_word' id='word_1_273' title='bbox 1631 2165 1783 2233; x_wconf 84' lang='lat' dir='ltr'>interpellat</span> 
     </span>
     <span class='ocr_line' id='line_1_24' title="bbox 133 2231 1783 2305; baseline 0.001 -18"><span class='ocrx_word' id='word_1_274' title='bbox 133 2232 189 2287; x_wconf 84' lang='lat' dir='ltr'>Est</span> <span class='ocrx_word' id='word_1_275' title='bbox 199 2238 291 2287; x_wconf 82' lang='lat' dir='ltr'>autem</span> <span class='ocrx_word' id='word_1_276' title='bbox 304 2231 355 2288; x_wconf 90' lang='lat' dir='ltr'>hoc</span> <span class='ocrx_word' id='word_1_277' title='bbox 366 2231 459 2287; x_wconf 76' lang='lat' dir='ltr'>vinum</span> <span class='ocrx_word' id='word_1_278' title='bbox 475 2232 566 2288; x_wconf 85' lang='lat' dir='ltr'>virtuti</span> <span class='ocrx_word' id='word_1_279' title='bbox 581 2233 750 2290; x_wconf 70' lang='lat' dir='ltr'>abstinentias</span> <span class='ocrx_word' id='word_1_280' title='bbox 764 2234 931 2291; x_wconf 77' lang='lat' dir='ltr'>annuariam</span> <span class='ocrx_word' id='word_1_281' title='bbox 985 2237 1128 2293; x_wconf 83' lang='lat' dir='ltr'>adeersum</span> <span class='ocrx_word' id='word_1_282' title='bbox 1142 2253 1193 2298; x_wconf 90' lang='lat' dir='ltr'>me,</span> <span class='ocrx_word' id='word_1_283' title='bbox 1207 2238 1303 2305; x_wconf 84' lang='lat' dir='ltr'>illeque</span> <span class='ocrx_word' id='word_1_284' title='bbox 1317 2240 1444 2290; x_wconf 81' lang='lat' dir='ltr'>eaorutns</span> <span class='ocrx_word' id='word_1_285' title='bbox 1458 2250 1510 2288; x_wconf 84' lang='lat' dir='ltr'>rton</span> <span class='ocrx_word' id='word_1_286' title='bbox 1520 2236 1657 2304; x_wconf 85' lang='lat' dir='ltr'>permittit</span> <span class='ocrx_word' id='word_1_287' title='bbox 1668 2250 1709 2287; x_wconf 71' lang='lat' dir='ltr'>mar</span> <span class='ocrx_word' id='word_1_288' title='bbox 1720 2251 1783 2303; x_wconf 84' lang='lat' dir='ltr'>ope·</span> 
     </span>
     <span class='ocr_line' id='line_1_25' title="bbox 132 2300 1783 2376; baseline -0.001 -18"><span class='ocrx_word' id='word_1_289' title='bbox 132 2300 382 2375; x_wconf 78' lang='lat' dir='ltr'>complectiturque</span> <span class='ocrx_word' id='word_1_290' title='bbox 400 2317 510 2359; x_wconf 89' lang='lat' dir='ltr'>omnem</span> <span class='ocrx_word' id='word_1_291' title='bbox 534 2302 719 2360; x_wconf 88' lang='lat' dir='ltr'>inordinatam</span> <span class='ocrx_word' id='word_1_292' title='bbox 739 2305 932 2376; x_wconf 87' lang='lat' dir='ltr'>appetitionem</span> <span class='ocrx_word' id='word_1_293' title='bbox 984 2311 1043 2362; x_wconf 86' lang='lat' dir='ltr'>rari</span> <span class='ocrx_word' id='word_1_294' title='bbox 1063 2310 1163 2364; x_wconf 80' lang='lat' dir='ltr'>uitiosa.</span> <span class='ocrx_word' id='word_1_295' title='bbox 1180 2309 1234 2374; x_wconf 81' lang='lat' dir='ltr'>Qui</span> <span class='ocrx_word' id='word_1_296' title='bbox 1250 2321 1312 2362; x_wconf 86' lang='lat' dir='ltr'>eero</span> <span class='ocrx_word' id='word_1_297' title='bbox 1326 2307 1431 2361; x_wconf 87' lang='lat' dir='ltr'>nullum</span> <span class='ocrx_word' id='word_1_298' title='bbox 1445 2305 1520 2359; x_wconf 88' lang='lat' dir='ltr'>itlius</span> <span class='ocrx_word' id='word_1_299' title='bbox 1536 2309 1646 2373; x_wconf 81' lang='lat' dir='ltr'>qusttrm</span> <span class='ocrx_word' id='word_1_300' title='bbox 1664 2319 1783 2375; x_wconf 74' lang='lat' dir='ltr'>susscepe-</span> 
     </span>
     <span class='ocr_line' id='line_1_26' title="bbox 133 2371 1784 2456; baseline 0 -28"><span class='ocrx_word' id='word_1_301' title='bbox 133 2378 164 2428; x_wconf 83' lang='lat' dir='ltr'>et</span> <span class='ocrx_word' id='word_1_302' title='bbox 178 2385 260 2428; x_wconf 79' lang='lat' dir='ltr'>mom</span> <span class='ocrx_word' id='word_1_303' title='bbox 279 2371 331 2428; x_wconf 92' lang='lat' dir='ltr'>cibi</span> <span class='ocrx_word' id='word_1_304' title='bbox 348 2379 374 2427; x_wconf 93' lang='lat' dir='ltr'>et</span> <span class='ocrx_word' id='word_1_305' title='bbox 423 2380 477 2429; x_wconf 89' lang='lat' dir='ltr'>tus.</span> <span class='ocrx_word' id='word_1_306' title='bbox 499 2372 631 2445; x_wconf 90' lang='lat' dir='ltr'>Spiritum</span> <span class='ocrx_word' id='word_1_307' title='bbox 644 2373 839 2456; x_wconf 75' lang='lat' dir='ltr'>gastrimargia</span> <span class='ocrx_word' id='word_1_308' title='bbox 853 2384 933 2432; x_wconf 83' lang='lat' dir='ltr'>rorat</span> <span class='ocrx_word' id='word_1_309' title='bbox 985 2382 1060 2440; x_wconf 86' lang='lat' dir='ltr'>runt,</span> <span class='ocrx_word' id='word_1_310' title='bbox 1073 2381 1181 2433; x_wconf 88' lang='lat' dir='ltr'>omnino</span> <span class='ocrx_word' id='word_1_311' title='bbox 1194 2377 1342 2432; x_wconf 84' lang='lat' dir='ltr'>dulcedinis</span> <span class='ocrx_word' id='word_1_312' title='bbox 1355 2393 1386 2431; x_wconf 90' lang='lat' dir='ltr'>uc</span> <span class='ocrx_word' id='word_1_313' title='bbox 1400 2377 1543 2431; x_wconf 83' lang='lat' dir='ltr'>suauitatis</span> <span class='ocrx_word' id='word_1_314' title='bbox 1560 2390 1624 2430; x_wconf 83' lang='lat' dir='ltr'>rma</span> <span class='ocrx_word' id='word_1_315' title='bbox 1637 2377 1784 2444; x_wconf 89' lang='lat' dir='ltr'>rapiuntur</span> 
     </span>
     <span class='ocr_line' id='line_1_27' title="bbox 132 2440 1783 2518; baseline 0.001 -19"><span class='ocrx_word' id='word_1_316' title='bbox 132 2440 281 2499; x_wconf 70' lang='lat' dir='ltr'>maianus</span> <span class='ocrx_word' id='word_1_317' title='bbox 293 2441 320 2498; x_wconf 93' lang='lat' dir='ltr'>in</span> <span class='ocrx_word' id='word_1_318' title='bbox 337 2443 358 2498; x_wconf 91' lang='lat' dir='ltr'>ti</span> <span class='ocrx_word' id='word_1_319' title='bbox 401 2458 417 2499; x_wconf 96' lang='lat' dir='ltr'>o</span> <span class='ocrx_word' id='word_1_320' title='bbox 437 2442 519 2515; x_wconf 85' lang='lat' dir='ltr'>hujus</span> <span class='ocrx_word' id='word_1_321' title='bbox 536 2443 608 2509; x_wconf 87' lang='lat' dir='ltr'>iibri,</span> <span class='ocrx_word' id='word_1_322' title='bbox 630 2452 701 2501; x_wconf 80' lang='lat' dir='ltr'>sicut</span> <span class='ocrx_word' id='word_1_323' title='bbox 713 2444 765 2500; x_wconf 88' lang='lat' dir='ltr'>atin</span> <span class='ocrx_word' id='word_1_324' title='bbox 783 2445 855 2514; x_wconf 81' lang='lat' dir='ltr'>vatia,</span> <span class='ocrx_word' id='word_1_325' title='bbox 869 2461 931 2517; x_wconf 85' lang='lat' dir='ltr'>quae</span> <span class='ocrx_word' id='word_1_326' title='bbox 983 2449 1124 2505; x_wconf 72' lang='lat' dir='ltr'>illecebras.</span> <span class='ocrx_word' id='word_1_327' title='bbox 1139 2450 1206 2504; x_wconf 81' lang='lat' dir='ltr'>Haec</span> <span class='ocrx_word' id='word_1_328' title='bbox 1216 2447 1287 2518; x_wconf 86' lang='lat' dir='ltr'>apud</span> <span class='ocrx_word' id='word_1_329' title='bbox 1300 2444 1483 2511; x_wconf 82' lang='lat' dir='ltr'>climachum,</span> <span class='ocrx_word' id='word_1_330' title='bbox 1495 2444 1594 2516; x_wconf 89' lang='lat' dir='ltr'>quibos</span> <span class='ocrx_word' id='word_1_331' title='bbox 1607 2444 1678 2517; x_wconf 78' lang='lat' dir='ltr'>gulae</span> <span class='ocrx_word' id='word_1_332' title='bbox 1687 2452 1783 2502; x_wconf 86' lang='lat' dir='ltr'>natura</span> 
     </span>
     <span class='ocr_line' id='line_1_28' title="bbox 134 2511 1783 2591; baseline 0.003 -22"><span class='ocrx_word' id='word_1_333' title='bbox 134 2511 179 2569; x_wconf 85' lang='lat' dir='ltr'>his</span> <span class='ocrx_word' id='word_1_334' title='bbox 196 2512 271 2569; x_wconf 89' lang='lat' dir='ltr'>libris</span> <span class='ocrx_word' id='word_1_335' title='bbox 290 2513 470 2585; x_wconf 88' lang='lat' dir='ltr'>persequitur,</span> <span class='ocrx_word' id='word_1_336' title='bbox 487 2529 500 2571; x_wconf 92' lang='lat' dir='ltr'>s</span> <span class='ocrx_word' id='word_1_337' title='bbox 520 2513 615 2570; x_wconf 88' lang='lat' dir='ltr'>iritum</span> <span class='ocrx_word' id='word_1_338' title='bbox 630 2511 829 2584; x_wconf 83' lang='lat' dir='ltr'>fornicationis,</span> <span class='ocrx_word' id='word_1_339' title='bbox 850 2532 864 2572; x_wconf 87' lang='lat' dir='ltr'>s</span> <span class='ocrx_word' id='word_1_340' title='bbox 883 2516 931 2572; x_wconf 88' lang='lat' dir='ltr'>iri·</span> <span class='ocrx_word' id='word_1_341' title='bbox 985 2520 1215 2591; x_wconf 82' lang='lat' dir='ltr'>proprietatesque</span> <span class='ocrx_word' id='word_1_342' title='bbox 1274 2517 1371 2590; x_wconf 89' lang='lat' dir='ltr'>aphice</span> <span class='ocrx_word' id='word_1_343' title='bbox 1398 2516 1591 2589; x_wconf 85' lang='lat' dir='ltr'>depinguntur,</span> <span class='ocrx_word' id='word_1_344' title='bbox 1618 2514 1653 2572; x_wconf 92' lang='lat' dir='ltr'>de</span> <span class='ocrx_word' id='word_1_345' title='bbox 1683 2515 1783 2588; x_wconf 87' lang='lat' dir='ltr'>quibos</span> 
     </span>
     <span class='ocr_line' id='line_1_29' title="bbox 134 2529 1749 2668; baseline 0.004 -29"><span class='ocrx_word' id='word_1_346' title='bbox 134 2590 195 2666; x_wconf 79' lang='lat' dir='ltr'>nrm</span> <span class='ocrx_word' id='word_1_347' title='bbox 219 2581 401 2657; x_wconf 76' lang='lat' dir='ltr'>philargyriae,</span> <span class='ocrx_word' id='word_1_348' title='bbox 427 2529 596 2650; x_wconf 61' lang='lat' dir='ltr'>cenodoxiae,</span> <span class='ocrx_word' id='word_1_349' title='bbox 616 2585 759 2657; x_wconf 78' lang='lat' dir='ltr'>superbia,</span> <span class='ocrx_word' id='word_1_350' title='bbox 781 2593 834 2642; x_wconf 90' lang='lat' dir='ltr'>etc.</span> <span class='ocrx_word' id='word_1_351' title='bbox 863 2533 931 2659; x_wconf 53' lang='lat' dir='ltr'>guae</span> <span class='ocrx_word' id='word_1_352' title='bbox 984 2587 1062 2660; x_wconf 85' lang='lat' dir='ltr'>plura</span> <span class='ocrx_word' id='word_1_353' title='bbox 1076 2589 1105 2645; x_wconf 90' lang='lat' dir='ltr'>in</span> <span class='ocrx_word' id='word_1_354' title='bbox 1125 2534 1311 2668; x_wconf 55' lang='lat' dir='ltr'>sequentffios.</span> <span class='ocrx_word' id='word_1_355' title='bbox 1394 2655 1400 2667; x_wconf 30' lang='grc' dir='ltr'>ι</span> <span class='ocrx_word' id='word_1_356' title='bbox 1745 2656 1749 2666; x_wconf 36' lang='grc' dir='ltr'>Ι</span> 
     </span>
     <span class='ocr_line' id='line_1_30' title="bbox 134 2652 1784 2781; baseline 0.002 -71"><span class='ocrx_word' id='word_1_357' title='bbox 134 2653 246 2781; x_wconf 56' lang='lat' dir='ltr'>ggqara</span> <span class='ocrx_word' id='word_1_358' title='bbox 266 2652 378 2725; x_wconf 87' lang='lat' dir='ltr'>phrases</span> <span class='ocrx_word' id='word_1_359' title='bbox 396 2662 424 2709; x_wconf 87' lang='lat' dir='ltr'>et</span> <span class='ocrx_word' id='word_1_360' title='bbox 440 2654 654 2712; x_wconf 77' lang='lat' dir='ltr'>nomenclaturae</span> <span class='ocrx_word' id='word_1_361' title='bbox 674 2655 809 2727; x_wconf 81' lang='lat' dir='ltr'>pleraeque</span> <span class='ocrx_word' id='word_1_362' title='bbox 824 2672 840 2714; x_wconf 90' lang='lat' dir='ltr'>e</span> <span class='ocrx_word' id='word_1_363' title='bbox 854 2672 932 2714; x_wconf 85' lang='lat' dir='ltr'>sacra</span> <span class='ocrx_word' id='word_1_364' title='bbox 1020 2652 1090 2715; x_wconf 76' lang='lat' dir='ltr'>¹&#39;De</span> <span class='ocrx_word' id='word_1_365' title='bbox 1108 2661 1140 2715; x_wconf 87' lang='lat' dir='ltr'>B.</span> <span class='ocrx_word' id='word_1_366' title='bbox 1160 2664 1281 2714; x_wconf 77' lang='lat' dir='ltr'>Antonio</span> <span class='ocrx_word' id='word_1_367' title='bbox 1301 2656 1401 2713; x_wconf 81' lang='lat' dir='ltr'>celebri</span> <span class='ocrx_word' id='word_1_368' title='bbox 1415 2655 1590 2725; x_wconf 87' lang='lat' dir='ltr'>anachoreta,</span> <span class='ocrx_word' id='word_1_369' title='bbox 1603 2663 1702 2727; x_wconf 84' lang='lat' dir='ltr'>praetcr</span> <span class='ocrx_word' id='word_1_370' title='bbox 1716 2655 1784 2713; x_wconf 89' lang='lat' dir='ltr'>ahos</span> 
     </span>
     <span class='ocr_line' id='line_1_31' title="bbox 186 2724 1784 2802; baseline 0.001 -21"><span class='ocrx_word' id='word_1_371' title='bbox 186 2724 275 2796; x_wconf 85' lang='lat' dir='ltr'>&#39;ptura</span> <span class='ocrx_word' id='word_1_372' title='bbox 294 2724 447 2797; x_wconf 71' lang='lat' dir='ltr'>desumptas</span> <span class='ocrx_word' id='word_1_373' title='bbox 460 2733 536 2792; x_wconf 89' lang='lat' dir='ltr'>sunt,</span> <span class='ocrx_word' id='word_1_374' title='bbox 557 2733 589 2782; x_wconf 90' lang='lat' dir='ltr'>ut</span> <span class='ocrx_word' id='word_1_375' title='bbox 607 2725 664 2783; x_wconf 90' lang='lat' dir='ltr'>suis</span> <span class='ocrx_word' id='word_1_376' title='bbox 682 2725 747 2782; x_wconf 85' lang='lat' dir='ltr'>locis</span> <span class='ocrx_word' id='word_1_377' title='bbox 762 2725 930 2784; x_wconf 90' lang='lat' dir='ltr'>ostendetur.</span> <span class='ocrx_word' id='word_1_378' title='bbox 985 2729 1130 2802; x_wconf 81' lang='lat' dir='ltr'>scriptores</span> <span class='ocrx_word' id='word_1_379' title='bbox 1154 2738 1213 2785; x_wconf 90' lang='lat' dir='ltr'>tum</span> <span class='ocrx_word' id='word_1_380' title='bbox 1273 2743 1361 2792; x_wconf 84' lang='lat' dir='ltr'>aecos,</span> <span class='ocrx_word' id='word_1_381' title='bbox 1382 2735 1441 2781; x_wconf 90' lang='lat' dir='ltr'>tom</span> <span class='ocrx_word' id='word_1_382' title='bbox 1466 2725 1784 2791; x_wconf 58' lang='lat' dir='ltr'>manauerantque</span> 
     </span>
     <span class='ocr_line' id='line_1_32' title="bbox 135 2794 1783 2868; baseline -0.001 -16"><span class='ocrx_word' id='word_1_383' title='bbox 135 2794 301 2852; x_wconf 60' lang='lat' dir='ltr'>&amp;nachon</span> <span class='ocrx_word' id='word_1_384' title='bbox 315 2794 734 2868; x_wconf 77' lang='lat' dir='ltr'>vitiumdiclthuctorprimum</span> <span class='ocrx_word' id='word_1_385' title='bbox 749 2796 932 2854; x_wconf 87' lang='lat' dir='ltr'>nobisineon·</span> <span class='ocrx_word' id='word_1_386' title='bbox 985 2800 1145 2856; x_wconf 76' lang='lat' dir='ltr'>summatim</span> <span class='ocrx_word' id='word_1_387' title='bbox 1159 2799 1195 2854; x_wconf 88' lang='lat' dir='ltr'>ita</span> <span class='ocrx_word' id='word_1_388' title='bbox 1206 2814 1250 2854; x_wconf 86' lang='lat' dir='ltr'>scr</span> <span class='ocrx_word' id='word_1_389' title='bbox 1279 2797 1783 2867; x_wconf 57' lang='grc' dir='ltr'>1111111.1Ηὶαε.,ε.13);8γίἀ1Ειγγ-</span> 
     </span>
     <span class='ocr_line' id='line_1_33' title="bbox 135 2863 1783 2942; baseline 0.001 -20"><span class='ocrx_word' id='word_1_390' title='bbox 135 2863 205 2923; x_wconf 89' lang='lat' dir='ltr'>dum</span> <span class='ocrx_word' id='word_1_391' title='bbox 219 2880 279 2922; x_wconf 82' lang='lat' dir='ltr'>esse</span> <span class='ocrx_word' id='word_1_392' title='bbox 297 2874 437 2923; x_wconf 84' lang='lat' dir='ltr'>certarnen</span> <span class='ocrx_word' id='word_1_393' title='bbox 458 2884 464 2921; x_wconf 94' lang='lat'><strong>:</strong></span> <span class='ocrx_word' id='word_1_394' title='bbox 479 2866 600 2939; x_wconf 66' lang='lat' dir='ltr'>quod1et</span> <span class='ocrx_word' id='word_1_395' title='bbox 618 2867 762 2923; x_wconf 81' lang='lat' dir='ltr'>confirmat</span> <span class='ocrx_word' id='word_1_396' title='bbox 775 2870 809 2924; x_wconf 89' lang='lat' dir='ltr'>D.</span> <span class='ocrx_word' id='word_1_397' title='bbox 831 2869 934 2942; x_wconf 82' lang='lat' dir='ltr'>Grego-</span> <span class='ocrx_word' id='word_1_398' title='bbox 983 2873 1048 2941; x_wconf 69' lang='lat' dir='ltr'>pti,</span> <span class='ocrx_word' id='word_1_399' title='bbox 1068 2872 1123 2926; x_wconf 80' lang='lat' dir='ltr'>sice</span> <span class='ocrx_word' id='word_1_400' title='bbox 1143 2872 1194 2924; x_wconf 87' lang='lat' dir='ltr'>atii</span> <span class='ocrx_word' id='word_1_401' title='bbox 1212 2870 1292 2939; x_wconf 75' lang='lat' dir='ltr'>buius</span> <span class='ocrx_word' id='word_1_402' title='bbox 1304 2871 1360 2939; x_wconf 82' lang='lat' dir='ltr'>pia</span> <span class='ocrx_word' id='word_1_403' title='bbox 1378 2871 1441 2923; x_wconf 83' lang='lat' dir='ltr'>uita</span> <span class='ocrx_word' id='word_1_404' title='bbox 1456 2867 1647 2936; x_wconf 72' lang='lat' dir='ltr'>(monasticar)</span> <span class='ocrx_word' id='word_1_405' title='bbox 1662 2872 1783 2923; x_wconf 78' lang='lat' dir='ltr'>erectores</span> 
     </span>
     <span class='ocr_line' id='line_1_34' title="bbox 135 2935 1782 3010; baseline -0.001 -17"><span class='ocrx_word' id='word_1_406' title='bbox 135 2935 193 2994; x_wconf 86' lang='lat' dir='ltr'>rius</span> <span class='ocrx_word' id='word_1_407' title='bbox 203 2935 252 2993; x_wconf 90' lang='lat' dir='ltr'>lib.</span> <span class='ocrx_word' id='word_1_408' title='bbox 266 2951 345 2993; x_wconf 82' lang='lat' dir='ltr'>xxxa</span> <span class='ocrx_word' id='word_1_409' title='bbox 357 2936 457 2992; x_wconf 83' lang='lat' dir='ltr'>Morat.</span> <span class='ocrx_word' id='word_1_410' title='bbox 470 2953 530 3007; x_wconf 89' lang='lat' dir='ltr'>cap.</span> <span class='ocrx_word' id='word_1_411' title='bbox 545 2943 592 3002; x_wconf 81' lang='grc'>16,</span> <span class='ocrx_word' id='word_1_412' title='bbox 603 2938 713 3010; x_wconf 85' lang='lat' dir='ltr'>ejusque</span> <span class='ocrx_word' id='word_1_413' title='bbox 726 2937 860 2995; x_wconf 88' lang='lat' dir='ltr'>rationem</span> <span class='ocrx_word' id='word_1_414' title='bbox 872 2939 933 2996; x_wconf 76' lang='lat' dir='ltr'>red</span> <span class='ocrx_word' id='word_1_415' title='bbox 985 2942 1108 3009; x_wconf 75' lang='lat' dir='ltr'>fueruit,</span> <span class='ocrx_word' id='word_1_416' title='bbox 1125 2941 1195 2996; x_wconf 92' lang='lat' dir='ltr'>illud</span> <span class='ocrx_word' id='word_1_417' title='bbox 1210 2945 1278 2996; x_wconf 86' lang='lat' dir='ltr'>certe</span> <span class='ocrx_word' id='word_1_418' title='bbox 1291 2943 1394 2995; x_wconf 81' lang='lat' dir='ltr'>comtat</span> <span class='ocrx_word' id='word_1_419' title='bbox 1405 2940 1476 2994; x_wconf 85' lang='lat' dir='ltr'>inter</span> <span class='ocrx_word' id='word_1_420' title='bbox 1490 2953 1588 3002; x_wconf 64' lang='lat' dir='ltr'>aurun</span> <span class='ocrx_word' id='word_1_421' title='bbox 1607 2936 1681 3008; x_wconf 84' lang='lat' dir='ltr'>quod</span> <span class='ocrx_word' id='word_1_422' title='bbox 1693 2938 1782 2993; x_wconf 81' lang='lat' dir='ltr'>Areto-</span> 
     </span>
     <span class='ocr_line' id='line_1_35' title="bbox 135 3004 1783 3081; baseline -0.002 -17"><span class='ocrx_word' id='word_1_423' title='bbox 135 3004 177 3064; x_wconf 85' lang='lat' dir='ltr'>dit</span> <span class='ocrx_word' id='word_1_424' title='bbox 188 3006 232 3063; x_wconf 86' lang='lat' dir='ltr'>his</span> <span class='ocrx_word' id='word_1_425' title='bbox 245 3007 335 3063; x_wconf 86' lang='lat' dir='ltr'>verbis</span> <span class='ocrx_word' id='word_1_426' title='bbox 348 3024 355 3061; x_wconf 92' lang='lat'><strong>:</strong></span> <span class='ocrx_word' id='word_1_427' title='bbox 368 3008 464 3065; x_wconf 81' lang='lat' dir='ltr'>Nullus</span> <span class='ocrx_word' id='word_1_428' title='bbox 475 3008 597 3079; x_wconf 87' lang='lat' dir='ltr'>palmam</span> <span class='ocrx_word' id='word_1_429' title='bbox 610 3010 761 3078; x_wconf 86' lang='lat' dir='ltr'>spiritualis</span> <span class='ocrx_word' id='word_1_430' title='bbox 779 3013 932 3067; x_wconf 80' lang='lat' dir='ltr'>certaminis</span> <span class='ocrx_word' id='word_1_431' title='bbox 985 3014 1180 3081; x_wconf 67' lang='lat' dir='ltr'>transmarinus</span> <span class='ocrx_word' id='word_1_432' title='bbox 1187 3012 1233 3065; x_wconf 87' lang='lat' dir='ltr'>ille</span> <span class='ocrx_word' id='word_1_433' title='bbox 1239 3011 1393 3073; x_wconf 80' lang='lat' dir='ltr'>masuetus,</span> <span class='ocrx_word' id='word_1_434' title='bbox 1400 3010 1645 3079; x_wconf 83' lang='lat' dir='ltr'>persectispiotutis</span> <span class='ocrx_word' id='word_1_435' title='bbox 1650 3009 1783 3063; x_wconf 85' lang='lat' dir='ltr'>institutis</span> 
     </span>
     <span class='ocr_line' id='line_1_36' title="bbox 98 3078 1831 3151; baseline -0.001 -18"><span class='ocrx_word' id='word_1_436' title='bbox 98 3135 104 3143; x_wconf 77' lang='grc'><em>,</em></span> <span class='ocrx_word' id='word_1_437' title='bbox 133 3079 324 3151; x_wconf 82' lang='lat' dir='ltr'>appreltendit,</span> <span class='ocrx_word' id='word_1_438' title='bbox 337 3081 449 3148; x_wconf 85' lang='lat' dir='ltr'>quinon</span> <span class='ocrx_word' id='word_1_439' title='bbox 463 3081 638 3149; x_wconf 84' lang='lat' dir='ltr'>insemetipso</span> <span class='ocrx_word' id='word_1_440' title='bbox 650 3083 729 3150; x_wconf 82' lang='lat' dir='ltr'>prius</span> <span class='ocrx_word' id='word_1_441' title='bbox 737 3083 932 3150; x_wconf 74' lang='lat' dir='ltr'>perastutum</span> <span class='ocrx_word' id='word_1_442' title='bbox 985 3082 1252 3139; x_wconf 80' lang='lat' dir='ltr'>eiecereitotionibus</span> <span class='ocrx_word' id='word_1_443' title='bbox 1262 3082 1364 3136; x_wconf 88' lang='lat' dir='ltr'>adeam</span> <span class='ocrx_word' id='word_1_444' title='bbox 1372 3095 1429 3135; x_wconf 89' lang='lat' dir='ltr'>rcm</span> <span class='ocrx_word' id='word_1_445' title='bbox 1437 3078 1653 3142; x_wconf 81' lang='lat' dir='ltr'>accommodatis,</span> <span class='ocrx_word' id='word_1_446' title='bbox 1664 3078 1712 3133; x_wconf 88' lang='lat' dir='ltr'>boc</span> <span class='ocrx_word' id='word_1_447' title='bbox 1720 3081 1783 3135; x_wconf 73' lang='lat' dir='ltr'>aitte</span> <span class='ocrx_word' id='word_1_448' title='bbox 1828 3120 1831 3125; x_wconf 94' lang='lat'>.</span> 
     </span>
     <span class='ocr_line' id='line_1_37' title="bbox 135 3147 1783 3223; baseline -0.001 -19"><span class='ocrx_word' id='word_1_449' title='bbox 135 3152 237 3204; x_wconf 72' lang='lat' dir='ltr'>amima</span> <span class='ocrx_word' id='word_1_450' title='bbox 250 3152 487 3219; x_wconf 79' lang='lat' dir='ltr'>conuspiscentiam</span> <span class='ocrx_word' id='word_1_451' title='bbox 497 3152 586 3204; x_wconf 85' lang='lat' dir='ltr'>earnr&#39;s</span> <span class='ocrx_word' id='word_1_452' title='bbox 598 3152 729 3205; x_wconf 77' lang='lat' dir='ltr'>intention</span> <span class='ocrx_word' id='word_1_453' title='bbox 739 3151 880 3215; x_wconf 61' lang='lat' dir='ltr'>devicerim</span> <span class='ocrx_word' id='word_1_454' title='bbox 892 3169 932 3208; x_wconf 88' lang='lat' dir='ltr'>ne-</span> <span class='ocrx_word' id='word_1_455' title='bbox 945 3147 968 3211; x_wconf 87' lang='lat' dir='ltr'>C</span> <span class='ocrx_word' id='word_1_456' title='bbox 986 3169 1069 3221; x_wconf 72' lang='lat' dir='ltr'>qenes</span> <span class='ocrx_word' id='word_1_457' title='bbox 1080 3153 1118 3208; x_wconf 85' lang='lat' dir='ltr'>ad</span> <span class='ocrx_word' id='word_1_458' title='bbox 1126 3169 1260 3209; x_wconf 72' lang='lat' dir='ltr'>nummum</span> <span class='ocrx_word' id='word_1_459' title='bbox 1265 3151 1407 3223; x_wconf 77' lang='lat' dir='ltr'>perducit.</span> <span class='ocrx_word' id='word_1_460' title='bbox 1418 3150 1501 3217; x_wconf 79' lang='lat' dir='ltr'>Quem</span> <span class='ocrx_word' id='word_1_461' title='bbox 1511 3149 1539 3203; x_wconf 84' lang='lat' dir='ltr'>id</span> <span class='ocrx_word' id='word_1_462' title='bbox 1551 3151 1676 3219; x_wconf 84' lang='lat' dir='ltr'>temporis</span> <span class='ocrx_word' id='word_1_463' title='bbox 1689 3150 1715 3202; x_wconf 89' lang='lat' dir='ltr'>in</span> <span class='ocrx_word' id='word_1_464' title='bbox 1725 3151 1783 3204; x_wconf 90' lang='lat' dir='ltr'>soli·</span> 
     </span>
     <span class='ocr_line' id='line_1_38' title="bbox 133 3220 1784 3293; baseline -0.001 -18"><span class='ocrx_word' id='word_1_465' title='bbox 133 3235 189 3290; x_wconf 87' lang='lat' dir='ltr'>que</span> <span class='ocrx_word' id='word_1_466' title='bbox 204 3220 479 3287; x_wconf 78' lang='lat' dir='ltr'>cuimodeouttietum</span> <span class='ocrx_word' id='word_1_467' title='bbox 491 3221 643 3290; x_wconf 85' lang='lat' dir='ltr'>spiritualis</span> <span class='ocrx_word' id='word_1_468' title='bbox 656 3223 751 3289; x_wconf 79' lang='lat' dir='ltr'>aquiiis</span> <span class='ocrx_word' id='word_1_469' title='bbox 764 3224 930 3291; x_wconf 86' lang='lat' dir='ltr'>assurqitur,</span> <span class='ocrx_word' id='word_1_470' title='bbox 986 3224 1127 3280; x_wconf 87' lang='lat' dir='ltr'>tudinibus</span> <span class='ocrx_word' id='word_1_471' title='bbox 1142 3225 1254 3293; x_wconf 78' lang='lat' dir='ltr'>AEqppti</span> <span class='ocrx_word' id='word_1_472' title='bbox 1265 3238 1367 3291; x_wconf 83' lang='lat' dir='ltr'>moquo</span> <span class='ocrx_word' id='word_1_473' title='bbox 1388 3236 1447 3274; x_wconf 89' lang='lat' dir='ltr'>cam</span> <span class='ocrx_word' id='word_1_474' title='bbox 1459 3221 1574 3275; x_wconf 84' lang='lat' dir='ltr'>nominis</span> <span class='ocrx_word' id='word_1_475' title='bbox 1587 3225 1613 3274; x_wconf 87' lang='lat' dir='ltr'>et</span> <span class='ocrx_word' id='word_1_476' title='bbox 1624 3221 1707 3285; x_wconf 74' lang='lat' dir='ltr'>tumre</span> <span class='ocrx_word' id='word_1_477' title='bbox 1720 3221 1784 3274; x_wconf 83' lang='lat' dir='ltr'>cele-</span> 
     </span>
     <span class='ocr_line' id='line_1_39' title="bbox 132 3292 1784 3435; baseline -0.001 -18"><span class='ocrx_word' id='word_1_478' title='bbox 132 3292 932 3432; x_wconf 62' lang='lat' dir='ltr'>mttnnmlnntttttttttntlt</span> <span class='ocrx_word' id='word_1_479' title='bbox 986 3292 1612 3435; x_wconf 61' lang='lat' dir='ltr'>natantianatantia}</span> <span class='ocrx_word' id='word_1_480' title='bbox 1611 3295 1784 3416; x_wconf 70' lang='lat' dir='ltr'>“initian</span> 
     </span>
     <span class='ocr_line' id='line_1_40' title="bbox 401 3402 1614 3429; baseline -0.001 -5"><span class='ocrx_word' id='word_1_481' title='bbox 401 3403 410 3424; x_wconf 79' lang='lat' dir='ltr'>r</span> <span class='ocrx_word' id='word_1_482' title='bbox 567 3403 574 3429; x_wconf 78' lang='grc' dir='ltr'>γ</span> <span class='ocrx_word' id='word_1_483' title='bbox 1605 3402 1614 3423; x_wconf 76' lang='lat' dir='ltr'>r</span> 
     </span>
     <span class='ocr_line' id='line_1_41' title="bbox 132 3431 1782 3505; baseline -0.001 -18"><span class='ocrx_word' id='word_1_484' title='bbox 132 3435 200 3487; x_wconf 82' lang='lat' dir='ltr'>aunt</span> <span class='ocrx_word' id='word_1_485' title='bbox 216 3433 345 3486; x_wconf 74' lang='lat' dir='ltr'>ricimero</span> <span class='ocrx_word' id='word_1_486' title='bbox 354 3435 560 3503; x_wconf 66' lang='lat' dir='ltr'>mosmnrimns,</span> <span class='ocrx_word' id='word_1_487' title='bbox 576 3434 694 3488; x_wconf 75' lang='lat' dir='ltr'>teuniter</span> <span class='ocrx_word' id='word_1_488' title='bbox 706 3432 744 3487; x_wconf 90' lang='lat' dir='ltr'>ad</span> <span class='ocrx_word' id='word_1_489' title='bbox 760 3448 791 3487; x_wconf 88' lang='lat' dir='ltr'>ea</span> <span class='ocrx_word' id='word_1_490' title='bbox 804 3449 864 3504; x_wconf 88' lang='lat' dir='ltr'>quoe</span> <span class='ocrx_word' id='word_1_491' title='bbox 879 3434 934 3489; x_wconf 89' lang='lat' dir='ltr'>lon-</span> <span class='ocrx_word' id='word_1_492' title='bbox 986 3437 1093 3505; x_wconf 73' lang='lat' dir='ltr'>aurifice</span> <span class='ocrx_word' id='word_1_493' title='bbox 1101 3437 1217 3505; x_wconf 87' lang='lat' dir='ltr'>scriptas</span> <span class='ocrx_word' id='word_1_494' title='bbox 1229 3433 1266 3488; x_wconf 88' lang='lat' dir='ltr'>ad</span> <span class='ocrx_word' id='word_1_495' title='bbox 1274 3432 1427 3494; x_wconf 77' lang='lat' dir='ltr'>mmmisit,</span> <span class='ocrx_word' id='word_1_496' title='bbox 1439 3446 1651 3501; x_wconf 73' lang='lat' dir='ltr'>maprropaeque</span> <span class='ocrx_word' id='word_1_497' title='bbox 1660 3431 1782 3486; x_wconf 82' lang='lat' dir='ltr'>hortatus</span> 
     </span>
     <span class='ocr_line' id='line_1_42' title="bbox 133 3501 1783 3583; baseline 0 -26"><span class='ocrx_word' id='word_1_498' title='bbox 133 3504 198 3573; x_wconf 75' lang='lat' dir='ltr'>qaus</span> <span class='ocrx_word' id='word_1_499' title='bbox 210 3507 277 3558; x_wconf 88' lang='lat' dir='ltr'>sunt</span> <span class='ocrx_word' id='word_1_500' title='bbox 289 3503 477 3573; x_wconf 78' lang='lat' dir='ltr'>impupuaudu</span> <span class='ocrx_word' id='word_1_501' title='bbox 491 3505 646 3558; x_wconf 75' lang='lat' dir='ltr'>transimus.</span> <span class='ocrx_word' id='word_1_502' title='bbox 662 3506 799 3559; x_wconf 72' lang='lat' dir='ltr'>moestum</span> <span class='ocrx_word' id='word_1_503' title='bbox 817 3519 934 3575; x_wconf 86' lang='lat' dir='ltr'>namque</span> <span class='ocrx_word' id='word_1_504' title='bbox 987 3509 1036 3570; x_wconf 82' lang='lat' dir='ltr'>est,</span> <span class='ocrx_word' id='word_1_505' title='bbox 1047 3509 1090 3561; x_wconf 88' lang='lat' dir='ltr'>uti</span> <span class='ocrx_word' id='word_1_506' title='bbox 1097 3522 1148 3576; x_wconf 89' lang='lat' dir='ltr'>pro</span> <span class='ocrx_word' id='word_1_507' title='bbox 1160 3506 1249 3573; x_wconf 83' lang='lat' dir='ltr'>rebus,</span> <span class='ocrx_word' id='word_1_508' title='bbox 1260 3519 1376 3574; x_wconf 84' lang='lat' dir='ltr'>quorum</span> <span class='ocrx_word' id='word_1_509' title='bbox 1385 3501 1528 3570; x_wconf 78' lang='lat' dir='ltr'>indigeret,</span> <span class='ocrx_word' id='word_1_510' title='bbox 1539 3502 1577 3556; x_wconf 91' lang='lat' dir='ltr'>ad</span> <span class='ocrx_word' id='word_1_511' title='bbox 1588 3503 1676 3583; x_wconf 63' lang='lat' dir='ltr'>equum</span> <span class='ocrx_word' id='word_1_512' title='bbox 1687 3502 1783 3557; x_wconf 79' lang='lat' dir='ltr'>scribe·</span> 
     </span>
     <span class='ocr_line' id='line_1_43' title="bbox 133 3570 1784 3644; baseline -0.002 -15"><span class='ocrx_word' id='word_1_513' title='bbox 133 3577 229 3629; x_wconf 74' lang='lat' dir='ltr'>uraca</span> <span class='ocrx_word' id='word_1_514' title='bbox 241 3575 385 3630; x_wconf 73' lang='lat' dir='ltr'>exteriores</span> <span class='ocrx_word' id='word_1_515' title='bbox 398 3576 515 3629; x_wconf 89' lang='lat' dir='ltr'>inimicos</span> <span class='ocrx_word' id='word_1_516' title='bbox 528 3576 556 3627; x_wconf 86' lang='lat' dir='ltr'>iu</span> <span class='ocrx_word' id='word_1_517' title='bbox 566 3589 659 3643; x_wconf 88' lang='lat' dir='ltr'>cumpo</span> <span class='ocrx_word' id='word_1_518' title='bbox 672 3574 769 3629; x_wconf 89' lang='lat' dir='ltr'>bellum</span> <span class='ocrx_word' id='word_1_519' title='bbox 782 3576 897 3643; x_wconf 74' lang='lat' dir='ltr'>dentur,</span> <span class='ocrx_word' id='word_1_520' title='bbox 909 3577 936 3630; x_wconf 86' lang='lat' dir='ltr'>si</span> <span class='ocrx_word' id='word_1_521' title='bbox 988 3580 1038 3641; x_wconf 89' lang='lat' dir='ltr'>ret,</span> <span class='ocrx_word' id='word_1_522' title='bbox 1060 3584 1113 3632; x_wconf 89' lang='lat' dir='ltr'>etc.</span> <span class='ocrx_word' id='word_1_523' title='bbox 1134 3578 1176 3631; x_wconf 88' lang='lat' dir='ltr'>De</span> <span class='ocrx_word' id='word_1_524' title='bbox 1191 3575 1288 3632; x_wconf 86' lang='lat' dir='ltr'>eodem</span> <span class='ocrx_word' id='word_1_525' title='bbox 1303 3574 1361 3630; x_wconf 80' lang='lat' dir='ltr'>haec</span> <span class='ocrx_word' id='word_1_526' title='bbox 1375 3573 1404 3629; x_wconf 94' lang='lat' dir='ltr'>in</span> <span class='ocrx_word' id='word_1_527' title='bbox 1421 3573 1618 3644; x_wconf 82' lang='lat' dir='ltr'>Martyrologro</span> <span class='ocrx_word' id='word_1_528' title='bbox 1639 3573 1722 3626; x_wconf 82' lang='lat' dir='ltr'>Rom.</span> <span class='ocrx_word' id='word_1_529' title='bbox 1737 3570 1784 3626; x_wconf 86' lang='lat' dir='ltr'>ha-</span> 
     </span>
     <span class='ocr_line' id='line_1_44' title="bbox 134 3643 1782 3715; baseline -0.002 -17"><span class='ocrx_word' id='word_1_530' title='bbox 134 3646 211 3699; x_wconf 80' lang='lat' dir='ltr'>intro</span> <span class='ocrx_word' id='word_1_531' title='bbox 220 3646 280 3715; x_wconf 78' lang='lat' dir='ltr'>ipso</span> <span class='ocrx_word' id='word_1_532' title='bbox 287 3644 361 3700; x_wconf 84' lang='lat' dir='ltr'>urbis</span> <span class='ocrx_word' id='word_1_533' title='bbox 369 3647 465 3699; x_wconf 77' lang='lat' dir='ltr'>martia</span> <span class='ocrx_word' id='word_1_534' title='bbox 473 3645 536 3698; x_wconf 76' lang='lat' dir='ltr'>airu</span> <span class='ocrx_word' id='word_1_535' title='bbox 543 3644 676 3700; x_wconf 85' lang='lat' dir='ltr'>insidiam</span> <span class='ocrx_word' id='word_1_536' title='bbox 685 3643 933 3715; x_wconf 66' lang='lat' dir='ltr'>maurannus,</span> <span class='ocrx_word' id='word_1_537' title='bbox 988 3645 1088 3703; x_wconf 88' lang='lat' dir='ltr'>bentur</span> <span class='ocrx_word' id='word_1_538' title='bbox 1097 3650 1225 3714; x_wconf 83' lang='lat' dir='ltr'>(ianuar.</span> <span class='ocrx_word' id='word_1_539' title='bbox 1241 3651 1272 3700; x_wconf 86' lang='grc'>11</span> <span class='ocrx_word' id='word_1_540' title='bbox 1280 3651 1307 3712; x_wconf 86' lang='grc'>);</span> <span class='ocrx_word' id='word_1_541' title='bbox 1321 3647 1354 3702; x_wconf 92' lang='lat' dir='ltr'>ln</span> <span class='ocrx_word' id='word_1_542' title='bbox 1367 3643 1509 3706; x_wconf 74' lang='lat' dir='ltr'>Thebaide,</span> <span class='ocrx_word' id='word_1_543' title='bbox 1521 3644 1610 3698; x_wconf 78' lang='lat' dir='ltr'>sacnti</span> <span class='ocrx_word' id='word_1_544' title='bbox 1618 3644 1732 3698; x_wconf 57' lang='lat' dir='ltr'>rtutom&#39;i</span> <span class='ocrx_word' id='word_1_545' title='bbox 1740 3643 1782 3695; x_wconf 85' lang='lat' dir='ltr'>ab·</span> 
     </span>
     <span class='ocr_line' id='line_1_45' title="bbox 135 3712 1783 3791; baseline -0.005 -20"><span class='ocrx_word' id='word_1_546' title='bbox 135 3712 249 3785; x_wconf 86' lang='lat' dir='ltr'>adaptat</span> <span class='ocrx_word' id='word_1_547' title='bbox 265 3713 339 3785; x_wconf 91' lang='lat' dir='ltr'>qnod</span> <span class='ocrx_word' id='word_1_548' title='bbox 350 3713 385 3771; x_wconf 89' lang='lat' dir='ltr'>de</span> <span class='ocrx_word' id='word_1_549' title='bbox 399 3713 588 3770; x_wconf 84' lang='lat' dir='ltr'>Nabozardam</span> <span class='ocrx_word' id='word_1_550' title='bbox 601 3713 671 3770; x_wconf 87' lang='lat' dir='ltr'>duce</span> <span class='ocrx_word' id='word_1_551' title='bbox 683 3714 802 3771; x_wconf 91' lang='lat' dir='ltr'>militum</span> <span class='ocrx_word' id='word_1_552' title='bbox 819 3714 935 3787; x_wconf 82' lang='lat' dir='ltr'>Babylo·</span> <span class='ocrx_word' id='word_1_553' title='bbox 990 3718 1070 3780; x_wconf 85' lang='lat' dir='ltr'>batis,</span> <span class='ocrx_word' id='word_1_554' title='bbox 1085 3721 1133 3788; x_wconf 91' lang='lat' dir='ltr'>qui</span> <span class='ocrx_word' id='word_1_555' title='bbox 1142 3718 1287 3772; x_wconf 86' lang='lat' dir='ltr'>multorum</span> <span class='ocrx_word' id='word_1_556' title='bbox 1299 3715 1487 3770; x_wconf 77' lang='lat' dir='ltr'>macariorum</span> <span class='ocrx_word' id='word_1_557' title='bbox 1495 3719 1586 3784; x_wconf 85' lang='lat' dir='ltr'>pater,</span> <span class='ocrx_word' id='word_1_558' title='bbox 1595 3716 1656 3786; x_wconf 71' lang='lat' dir='ltr'>pito</span> <span class='ocrx_word' id='word_1_559' title='bbox 1668 3716 1693 3766; x_wconf 85' lang='lat' dir='ltr'>et</span> <span class='ocrx_word' id='word_1_560' title='bbox 1704 3714 1783 3791; x_wconf 72' lang='lat' dir='ltr'>mira</span> 
     </span>
     <span class='ocr_line' id='line_1_46' title="bbox 135 3783 1783 3866; baseline -0.004 -27"><span class='ocrx_word' id='word_1_561' title='bbox 135 3784 249 3841; x_wconf 86' lang='lat' dir='ltr'>niorum</span> <span class='ocrx_word' id='word_1_562' title='bbox 258 3785 387 3841; x_wconf 87' lang='lat' dir='ltr'>scribitur</span> <span class='ocrx_word' id='word_1_563' title='bbox 397 3805 403 3841; x_wconf 96' lang='lat'>:</span> <span class='ocrx_word' id='word_1_564' title='bbox 414 3787 540 3866; x_wconf 73' lang='lat' dir='ltr'>Princeps</span> <span class='ocrx_word' id='word_1_565' title='bbox 547 3800 688 3856; x_wconf 86' lang='lat' dir='ltr'>coqetorum</span> <span class='ocrx_word' id='word_1_566' title='bbox 698 3786 835 3841; x_wconf 72' lang='lat' dir='ltr'>destertuit</span> <span class='ocrx_word' id='word_1_567' title='bbox 843 3802 934 3842; x_wconf 85' lang='lat' dir='ltr'>muros</span> <span class='ocrx_word' id='word_1_568' title='bbox 987 3788 1053 3844; x_wconf 84' lang='lat' dir='ltr'>culis</span> <span class='ocrx_word' id='word_1_569' title='bbox 1062 3790 1294 3858; x_wconf 73' lang='lat' dir='ltr'>praeclarissimus,</span> <span class='ocrx_word' id='word_1_570' title='bbox 1303 3788 1374 3841; x_wconf 83' lang='lat' dir='ltr'>uicit</span> <span class='ocrx_word' id='word_1_571' title='bbox 1385 3803 1393 3838; x_wconf 88' lang='lat'>:</span> <span class='ocrx_word' id='word_1_572' title='bbox 1404 3785 1478 3855; x_wconf 74' lang='lat' dir='ltr'>majus</span> <span class='ocrx_word' id='word_1_573' title='bbox 1486 3790 1561 3853; x_wconf 75' lang='lat' dir='ltr'>qesta</span> <span class='ocrx_word' id='word_1_574' title='bbox 1573 3784 1601 3839; x_wconf 88' lang='lat' dir='ltr'>S.</span> <span class='ocrx_word' id='word_1_575' title='bbox 1615 3783 1783 3859; x_wconf 72' lang='lat' dir='ltr'>Athanasius</span> 
     </span>
     <span class='ocr_line' id='line_1_47' title="bbox 136 3850 1784 3929; baseline -0.006 -17"><span class='ocrx_word' id='word_1_576' title='bbox 136 3856 485 3924; x_wconf 60' lang='lat' dir='ltr'>Bremetennacum,</span> <span class='ocrx_word' id='word_1_577' title='bbox 499 3856 595 3925; x_wconf 80' lang='lat' dir='ltr'>inquit,</span> <span class='ocrx_word' id='word_1_578' title='bbox 606 3872 655 3926; x_wconf 88' lang='lat' dir='ltr'>por</span> <span class='ocrx_word' id='word_1_579' title='bbox 664 3872 754 3912; x_wconf 87' lang='lat' dir='ltr'>muros</span> <span class='ocrx_word' id='word_1_580' title='bbox 765 3858 935 3912; x_wconf 77' lang='lat' dir='ltr'>Hierusalem</span> <span class='ocrx_word' id='word_1_581' title='bbox 988 3860 1089 3929; x_wconf 78' lang='lat' dir='ltr'>insigni</span> <span class='ocrx_word' id='word_1_582' title='bbox 1102 3860 1235 3914; x_wconf 85' lang='lat' dir='ltr'>uolumine</span> <span class='ocrx_word' id='word_1_583' title='bbox 1245 3860 1402 3928; x_wconf 85' lang='lat' dir='ltr'>prosecutus</span> <span class='ocrx_word' id='word_1_584' title='bbox 1421 3858 1469 3910; x_wconf 88' lang='lat' dir='ltr'>est.</span> <span class='ocrx_word' id='word_1_585' title='bbox 1493 3853 1546 3908; x_wconf 88' lang='lat' dir='ltr'>Ubl</span> <span class='ocrx_word' id='word_1_586' title='bbox 1560 3850 1636 3907; x_wconf 86' lang='lat' dir='ltr'>card.</span> <span class='ocrx_word' id='word_1_587' title='bbox 1650 3850 1784 3904; x_wconf 82' lang='lat' dir='ltr'>Baronros</span> 
     </span>
     <span class='ocr_line' id='line_1_48' title="bbox 135 3921 1780 4002; baseline -0.004 -22"><span class='ocrx_word' id='word_1_588' title='bbox 135 3928 291 3997; x_wconf 68' lang='lat' dir='ltr'>aquitanus</span> <span class='ocrx_word' id='word_1_589' title='bbox 300 3927 934 3998; x_wconf 81' lang='lat' dir='ltr'>Scripturoeaprimitticrem.v;1Vlleq.xxv),</span> <span class='ocrx_word' id='word_1_590' title='bbox 989 3930 1033 3994; x_wconf 85' lang='lat' dir='ltr'>(ln</span> <span class='ocrx_word' id='word_1_591' title='bbox 1052 3931 1131 3994; x_wconf 79' lang='lat' dir='ltr'>ruetis)</span> <span class='ocrx_word' id='word_1_592' title='bbox 1153 3949 1159 3984; x_wconf 75' lang='grc' dir='ltr'><strong>ε</strong></span> <span class='ocrx_word' id='word_1_593' title='bbox 1184 3929 1308 3997; x_wconf 80' lang='lat' dir='ltr'>Scripsit,</span> <span class='ocrx_word' id='word_1_594' title='bbox 1333 3924 1429 3994; x_wconf 86' lang='lat' dir='ltr'>inquit,</span> <span class='ocrx_word' id='word_1_595' title='bbox 1447 3926 1554 3993; x_wconf 82' lang='lat' dir='ltr'>eqrepia</span> <span class='ocrx_word' id='word_1_596' title='bbox 1573 3922 1648 4002; x_wconf 82' lang='lat' dir='ltr'>illius</span> <span class='ocrx_word' id='word_1_597' title='bbox 1671 3924 1738 3999; x_wconf 33' lang='lat' dir='ltr'>actu·</span> <span class='ocrx_word' id='word_1_598' title='bbox 1751 3921 1780 3976; x_wconf 84' lang='lat' dir='ltr'>S.</span> 
     </span>
     <span class='ocr_line' id='line_1_49' title="bbox 135 3991 1783 4072; baseline -0.007 -19"><span class='ocrx_word' id='word_1_599' title='bbox 135 3998 312 4053; x_wconf 64' lang='lat' dir='ltr'>ursicinum</span> <span class='ocrx_word' id='word_1_600' title='bbox 321 4000 429 4061; x_wconf 83' lang='lat' dir='ltr'>anima,</span> <span class='ocrx_word' id='word_1_601' title='bbox 440 3997 623 4067; x_wconf 83' lang='lat' dir='ltr'>quaadpaeis</span> <span class='ocrx_word' id='word_1_602' title='bbox 631 3999 759 4052; x_wconf 77' lang='lat' dir='ltr'>risionem</span> <span class='ocrx_word' id='word_1_603' title='bbox 771 3997 874 4051; x_wconf 86' lang='lat' dir='ltr'>tendit:</span> <span class='ocrx_word' id='word_1_604' title='bbox 887 4003 936 4052; x_wconf 91' lang='lat' dir='ltr'>aut</span> <span class='ocrx_word' id='word_1_605' title='bbox 988 4000 1167 4061; x_wconf 76' lang='lat' dir='ltr'>Athanasius,</span> <span class='ocrx_word' id='word_1_606' title='bbox 1181 4015 1241 4068; x_wconf 81' lang='lat' dir='ltr'>qiua</span> <span class='ocrx_word' id='word_1_607' title='bbox 1258 3997 1368 4066; x_wconf 86' lang='lat' dir='ltr'>quidem</span> <span class='ocrx_word' id='word_1_608' title='bbox 1380 3997 1523 4062; x_wconf 79' lang='lat' dir='ltr'>Euagrius,</span> <span class='ocrx_word' id='word_1_609' title='bbox 1537 4008 1590 4047; x_wconf 87' lang='lat' dir='ltr'>nou</span> <span class='ocrx_word' id='word_1_610' title='bbox 1602 3991 1647 4072; x_wconf 76' lang='lat' dir='ltr'>elle</span> <span class='ocrx_word' id='word_1_611' title='bbox 1659 3993 1783 4067; x_wconf 73' lang='lat' dir='ltr'>Polaticus</span> 
     </span>
     <span class='ocr_line' id='line_1_50' title="bbox 135 4060 1784 4142; baseline -0.007 -20"><span class='ocrx_word' id='word_1_612' title='bbox 135 4070 201 4141; x_wconf 83' lang='lat' dir='ltr'>quis</span> <span class='ocrx_word' id='word_1_613' title='bbox 208 4071 492 4138; x_wconf 81' lang='lat' dir='ltr'>eoquommpriueeps,</span> <span class='ocrx_word' id='word_1_614' title='bbox 503 4071 659 4123; x_wconf 79' lang='lat' dir='ltr'>nisinenter</span> <span class='ocrx_word' id='word_1_615' title='bbox 669 4069 811 4138; x_wconf 86' lang='lat' dir='ltr'>accipitur,</span> <span class='ocrx_word' id='word_1_616' title='bbox 822 4070 867 4122; x_wconf 91' lang='lat' dir='ltr'>cui</span> <span class='ocrx_word' id='word_1_617' title='bbox 876 4067 936 4122; x_wconf 81' lang='lat' dir='ltr'>dili</span> <span class='ocrx_word' id='word_1_618' title='bbox 990 4070 1152 4137; x_wconf 77' lang='lat' dir='ltr'>Oriqertista,</span> <span class='ocrx_word' id='word_1_619' title='bbox 1167 4069 1213 4123; x_wconf 89' lang='lat' dir='ltr'>sed</span> <span class='ocrx_word' id='word_1_620' title='bbox 1232 4069 1281 4136; x_wconf 87' lang='lat' dir='ltr'>qui</span> <span class='ocrx_word' id='word_1_621' title='bbox 1296 4070 1389 4135; x_wconf 85' lang='lat' dir='ltr'>postca</span> <span class='ocrx_word' id='word_1_622' title='bbox 1405 4065 1523 4133; x_wconf 76' lang='lat' dir='ltr'>pratuit</span> <span class='ocrx_word' id='word_1_623' title='bbox 1542 4062 1664 4142; x_wconf 75' lang='lat' dir='ltr'>licclestoe</span> <span class='ocrx_word' id='word_1_624' title='bbox 1684 4060 1784 4114; x_wconf 77' lang='lat' dir='ltr'>Aratio-</span> 
     </span>
     <span class='ocr_line' id='line_1_51' title="bbox 133 4132 1783 4209; baseline -0.008 -14"><span class='ocrx_word' id='word_1_625' title='bbox 133 4141 293 4209; x_wconf 80' lang='lat' dir='ltr'>geatiesima</span> <span class='ocrx_word' id='word_1_626' title='bbox 309 4139 509 4209; x_wconf 86' lang='lat' dir='ltr'>acoqucutibus</span> <span class='ocrx_word' id='word_1_627' title='bbox 518 4155 585 4194; x_wconf 86' lang='lat' dir='ltr'>cura</span> <span class='ocrx_word' id='word_1_628' title='bbox 599 4140 737 4194; x_wconf 78' lang='lat' dir='ltr'>sarritur?</span> <span class='ocrx_word' id='word_1_629' title='bbox 748 4139 841 4195; x_wconf 79' lang='lat' dir='ltr'>biuros</span> <span class='ocrx_word' id='word_1_630' title='bbox 851 4139 936 4207; x_wconf 80' lang='lat' dir='ltr'>igitur</span> <span class='ocrx_word' id='word_1_631' title='bbox 988 4140 1087 4200; x_wconf 69' lang='lat' dir='ltr'>ubuum</span> <span class='ocrx_word' id='word_1_632' title='bbox 1100 4140 1129 4192; x_wconf 90' lang='lat' dir='ltr'>in</span> <span class='ocrx_word' id='word_1_633' title='bbox 1141 4140 1269 4193; x_wconf 67' lang='lat' dir='ltr'>Murum</span> <span class='ocrx_word' id='word_1_634' title='bbox 1281 4149 1426 4189; x_wconf 82' lang='lat' dir='ltr'>sernmrrem</span> <span class='ocrx_word' id='word_1_635' title='bbox 1440 4135 1577 4192; x_wconf 72' lang='lat' dir='ltr'>cononici,</span> <span class='ocrx_word' id='word_1_636' title='bbox 1593 4134 1624 4184; x_wconf 91' lang='lat' dir='ltr'>ut</span> <span class='ocrx_word' id='word_1_637' title='bbox 1637 4132 1732 4185; x_wconf 86' lang='lat' dir='ltr'>auctor</span> <span class='ocrx_word' id='word_1_638' title='bbox 1745 4132 1783 4182; x_wconf 89' lang='lat' dir='ltr'>cst</span> 
     </span>
     <span class='ocr_line' id='line_1_52' title="bbox 135 4202 1782 4336; baseline -0.009 -69"><span class='ocrx_word' id='word_1_639' title='bbox 135 4210 308 4267; x_wconf 70' lang='lat' dir='ltr'>manualem</span> <span class='ocrx_word' id='word_1_640' title='bbox 316 4212 442 4281; x_wconf 79' lang='lat' dir='ltr'>princeps</span> <span class='ocrx_word' id='word_1_641' title='bbox 453 4225 597 4279; x_wconf 86' lang='lat' dir='ltr'>coquorum</span> <span class='ocrx_word' id='word_1_642' title='bbox 610 4210 812 4336; x_wconf 59' lang='grc' dir='ltr'>1181111111,ἕαί11</span> <span class='ocrx_word' id='word_1_643' title='bbox 822 4210 935 4264; x_wconf 77' lang='lat' dir='ltr'>uirtutes</span> <span class='ocrx_word' id='word_1_644' title='bbox 989 4210 1017 4267; x_wconf 91' lang='lat' dir='ltr'>S.</span> <span class='ocrx_word' id='word_1_645' title='bbox 1037 4211 1215 4276; x_wconf 80' lang='lat' dir='ltr'>llieroupmus</span> <span class='ocrx_word' id='word_1_646' title='bbox 1230 4207 1263 4261; x_wconf 86' lang='lat' dir='ltr'>de</span> <span class='ocrx_word' id='word_1_647' title='bbox 1280 4205 1378 4287; x_wconf 77' lang='lat' dir='ltr'>script.</span> <span class='ocrx_word' id='word_1_648' title='bbox 1394 4203 1491 4260; x_wconf 73' lang='lat' dir='ltr'>aceles</span> <span class='ocrx_word' id='word_1_649' title='bbox 1507 4204 1538 4256; x_wconf 92' lang='lat' dir='ltr'>in</span> <span class='ocrx_word' id='word_1_650' title='bbox 1558 4202 1688 4270; x_wconf 77' lang='lat' dir='ltr'>Evagrio.</span> <span class='ocrx_word' id='word_1_651' title='bbox 1707 4202 1782 4255; x_wconf 80' lang='lat' dir='ltr'>Pra-</span> 
     </span>
     <span class='ocr_line' id='line_1_53' title="bbox 135 4273 1783 4354; baseline -0.007 -19"><span class='ocrx_word' id='word_1_652' title='bbox 135 4282 247 4343; x_wconf 81' lang='lat' dir='ltr'>artianoe,</span> <span class='ocrx_word' id='word_1_653' title='bbox 257 4281 321 4336; x_wconf 90' lang='lat' dir='ltr'>dum</span> <span class='ocrx_word' id='word_1_654' title='bbox 332 4297 386 4336; x_wconf 82' lang='lat' dir='ltr'>noae</span> <span class='ocrx_word' id='word_1_655' title='bbox 399 4283 583 4349; x_wconf 74' lang='lat' dir='ltr'>restringitur,</span> <span class='ocrx_word' id='word_1_656' title='bbox 591 4284 736 4350; x_wconf 83' lang='lat' dir='ltr'>amterpcr</span> <span class='ocrx_word' id='word_1_657' title='bbox 756 4281 786 4335; x_wconf 91' lang='lat' dir='ltr'>it.</span> <span class='ocrx_word' id='word_1_658' title='bbox 798 4279 936 4336; x_wconf 81' lang='lat' dir='ltr'>Hactenus</span> <span class='ocrx_word' id='word_1_659' title='bbox 956 4330 960 4335; x_wconf 90' lang='lat'>.</span> <span class='ocrx_word' id='word_1_660' title='bbox 988 4281 1061 4337; x_wconf 86' lang='lat' dir='ltr'>stitit</span> <span class='ocrx_word' id='word_1_661' title='bbox 1073 4280 1120 4334; x_wconf 88' lang='lat' dir='ltr'>boc</span> <span class='ocrx_word' id='word_1_662' title='bbox 1131 4281 1219 4349; x_wconf 87' lang='lat' dir='ltr'>ipsum</span> <span class='ocrx_word' id='word_1_663' title='bbox 1227 4276 1491 4343; x_wconf 75' lang='lat' dir='ltr'>idemiimongmus,</span> <span class='ocrx_word' id='word_1_664' title='bbox 1500 4273 1654 4354; x_wconf 79' lang='lat' dir='ltr'>postulante</span> <span class='ocrx_word' id='word_1_665' title='bbox 1664 4274 1783 4354; x_wconf 72' lang='lat' dir='ltr'>⁸Pamma-</span> 
     </span>
     <span class='ocr_line' id='line_1_54' title="bbox 136 4344 1784 4423; baseline -0.007 -16"><span class='ocrx_word' id='word_1_666' title='bbox 136 4351 175 4407; x_wconf 87' lang='lat' dir='ltr'>D.</span> <span class='ocrx_word' id='word_1_667' title='bbox 195 4350 355 4423; x_wconf 79' lang='lat' dir='ltr'>Gregorius.</span> <span class='ocrx_word' id='word_1_668' title='bbox 378 4349 518 4407; x_wconf 83' lang='lat' dir='ltr'>videndos</span> <span class='ocrx_word' id='word_1_669' title='bbox 536 4349 617 4406; x_wconf 88' lang='lat' dir='ltr'>etiam</span> <span class='ocrx_word' id='word_1_670' title='bbox 638 4352 758 4406; x_wconf 85' lang='lat' dir='ltr'>ioannes</span> <span class='ocrx_word' id='word_1_671' title='bbox 779 4348 935 4407; x_wconf 81' lang='lat' dir='ltr'>climachus</span> <span class='ocrx_word' id='word_1_672' title='bbox 989 4350 1056 4414; x_wconf 85' lang='lat' dir='ltr'>ebio,</span> <span class='ocrx_word' id='word_1_673' title='bbox 1069 4355 1098 4404; x_wconf 92' lang='lat' dir='ltr'>ut</span> <span class='ocrx_word' id='word_1_674' title='bbox 1111 4344 1704 4420; x_wconf 70' lang='lat' dir='ltr'>ipsepronteiurudeumdemsembuisepist.</span> <span class='ocrx_word' id='word_1_675' title='bbox 1720 4345 1784 4405; x_wconf 83' lang='lat'>101,</span> 
     </span>
     <span class='ocr_line' id='line_1_55' title="bbox 135 4417 1784 4493; baseline -0.008 -15"><span class='ocrx_word' id='word_1_676' title='bbox 135 4419 225 4493; x_wconf 75' lang='lat' dir='ltr'>gnam</span> <span class='ocrx_word' id='word_1_677' title='bbox 243 4427 275 4477; x_wconf 81' lang='grc'>11</span> <span class='ocrx_word' id='word_1_678' title='bbox 287 4436 345 4478; x_wconf 79' lang='lat' dir='ltr'>sore</span> <span class='ocrx_word' id='word_1_679' title='bbox 358 4421 449 4487; x_wconf 84' lang='lat' dir='ltr'>scatae,</span> <span class='ocrx_word' id='word_1_680' title='bbox 464 4419 509 4477; x_wconf 91' lang='lat' dir='ltr'>nbi</span> <span class='ocrx_word' id='word_1_681' title='bbox 524 4419 576 4477; x_wconf 93' lang='lat' dir='ltr'>hoc</span> <span class='ocrx_word' id='word_1_682' title='bbox 588 4420 683 4476; x_wconf 84' lang='lat' dir='ltr'>vitium</span> <span class='ocrx_word' id='word_1_683' title='bbox 695 4420 767 4491; x_wconf 76' lang='lat' dir='ltr'>gulae</span> <span class='ocrx_word' id='word_1_684' title='bbox 778 4435 826 4476; x_wconf 92' lang='lat' dir='ltr'>seu</span> <span class='ocrx_word' id='word_1_685' title='bbox 839 4421 936 4493; x_wconf 89' lang='lat' dir='ltr'>gastri-</span> <span class='ocrx_word' id='word_1_686' title='bbox 989 4422 1023 4476; x_wconf 89' lang='lat' dir='ltr'>de</span> <span class='ocrx_word' id='word_1_687' title='bbox 1036 4426 1092 4492; x_wconf 84' lang='lat' dir='ltr'>opt.</span> <span class='ocrx_word' id='word_1_688' title='bbox 1109 4437 1168 4490; x_wconf 76' lang='lat' dir='ltr'>aare.</span> <span class='ocrx_word' id='word_1_689' title='bbox 1189 4422 1315 4488; x_wconf 74' lang='lat' dir='ltr'>euterpe..</span> <span class='ocrx_word' id='word_1_690' title='bbox 1330 4433 1413 4488; x_wconf 76' lang='lat' dir='ltr'>quarm</span> <span class='ocrx_word' id='word_1_691' title='bbox 1427 4417 1502 4470; x_wconf 90' lang='lat' dir='ltr'>ittam</span> <span class='ocrx_word' id='word_1_692' title='bbox 1516 4431 1570 4471; x_wconf 83' lang='lat' dir='ltr'>esse</span> <span class='ocrx_word' id='word_1_693' title='bbox 1582 4419 1710 4484; x_wconf 76' lang='lat' dir='ltr'>patrimus</span> <span class='ocrx_word' id='word_1_694' title='bbox 1724 4429 1784 4482; x_wconf 72' lang='lat' dir='ltr'>quero</span> 
     </span>
     <span class='ocr_line' id='line_1_56' title="bbox 136 4486 1785 4572; baseline -0.008 -23"><span class='ocrx_word' id='word_1_695' title='bbox 136 4492 253 4563; x_wconf 76' lang='lat' dir='ltr'>margia</span> <span class='ocrx_word' id='word_1_696' title='bbox 266 4492 372 4565; x_wconf 83' lang='lat' dir='ltr'>egregie</span> <span class='ocrx_word' id='word_1_697' title='bbox 386 4491 525 4549; x_wconf 86' lang='lat' dir='ltr'>describit.</span> <span class='ocrx_word' id='word_1_698' title='bbox 541 4491 586 4547; x_wconf 84' lang='lat' dir='ltr'>Sic</span> <span class='ocrx_word' id='word_1_699' title='bbox 594 4492 669 4547; x_wconf 89' lang='lat' dir='ltr'>enim</span> <span class='ocrx_word' id='word_1_700' title='bbox 684 4490 769 4572; x_wconf 86' lang='lat' dir='ltr'>ipsam</span> <span class='ocrx_word' id='word_1_701' title='bbox 788 4492 864 4562; x_wconf 89' lang='lat' dir='ltr'>quasi</span> <span class='ocrx_word' id='word_1_702' title='bbox 878 4489 934 4547; x_wconf 92' lang='lat' dir='ltr'>bel·</span> <span class='ocrx_word' id='word_1_703' title='bbox 990 4492 1104 4548; x_wconf 83' lang='lat' dir='ltr'>habena</span> <span class='ocrx_word' id='word_1_704' title='bbox 1114 4506 1174 4562; x_wconf 85' lang='lat' dir='ltr'>pra</span> <span class='ocrx_word' id='word_1_705' title='bbox 1186 4490 1324 4555; x_wconf 78' lang='lat' dir='ltr'>mortibus3</span> <span class='ocrx_word' id='word_1_706' title='bbox 1337 4503 1448 4557; x_wconf 81' lang='lat' dir='ltr'>curaque</span> <span class='ocrx_word' id='word_1_707' title='bbox 1461 4490 1501 4569; x_wconf 83' lang='lat' dir='ltr'>(ut</span> <span class='ocrx_word' id='word_1_708' title='bbox 1514 4488 1571 4556; x_wconf 86' lang='lat' dir='ltr'>ipse</span> <span class='ocrx_word' id='word_1_709' title='bbox 1582 4487 1634 4552; x_wconf 90' lang='lat' dir='ltr'>uit)</span> <span class='ocrx_word' id='word_1_710' title='bbox 1647 4486 1720 4567; x_wconf 72' lang='lat' dir='ltr'>ineo</span> <span class='ocrx_word' id='word_1_711' title='bbox 1731 4498 1785 4537; x_wconf 82' lang='lat' dir='ltr'>ro·-</span> 
     </span>
     <span class='ocr_line' id='line_1_57' title="bbox 136 4532 1784 4635; baseline -0.007 -17"><span class='ocrx_word' id='word_1_712' title='bbox 136 4562 215 4619; x_wconf 85' lang='lat' dir='ltr'>luam</span> <span class='ocrx_word' id='word_1_713' title='bbox 232 4560 420 4619; x_wconf 79' lang='lat' dir='ltr'>dominantem</span> <span class='ocrx_word' id='word_1_714' title='bbox 437 4562 559 4618; x_wconf 89' lang='lat' dir='ltr'>humano</span> <span class='ocrx_word' id='word_1_715' title='bbox 582 4560 672 4634; x_wconf 82' lang='lat' dir='ltr'>generi</span> <span class='ocrx_word' id='word_1_716' title='bbox 691 4568 848 4632; x_wconf 81' lang='lat' dir='ltr'>interrogat,</span> <span class='ocrx_word' id='word_1_717' title='bbox 861 4577 936 4635; x_wconf 80' lang='lat' dir='ltr'>eam·</span> <span class='ocrx_word' id='word_1_718' title='bbox 948 4532 975 4595; x_wconf 75' lang='lat' dir='ltr'>D</span> <span class='ocrx_word' id='word_1_719' title='bbox 989 4564 1080 4627; x_wconf 88' lang='lat' dir='ltr'>tenda,</span> <span class='ocrx_word' id='word_1_720' title='bbox 1093 4578 1166 4618; x_wconf 89' lang='lat' dir='ltr'>more</span> <span class='ocrx_word' id='word_1_721' title='bbox 1176 4576 1233 4624; x_wconf 87' lang='lat' dir='ltr'>sue,</span> <span class='ocrx_word' id='word_1_722' title='bbox 1247 4576 1300 4615; x_wconf 79' lang='lat' dir='ltr'>riori</span> <span class='ocrx_word' id='word_1_723' title='bbox 1310 4560 1392 4614; x_wconf 84' lang='lat' dir='ltr'>uerba</span> <span class='ocrx_word' id='word_1_724' title='bbox 1405 4558 1503 4619; x_wconf 79' lang='lat' dir='ltr'>cerbus,</span> <span class='ocrx_word' id='word_1_725' title='bbox 1513 4557 1560 4611; x_wconf 89' lang='lat' dir='ltr'>sed</span> <span class='ocrx_word' id='word_1_726' title='bbox 1568 4559 1713 4611; x_wconf 77' lang='lat' dir='ltr'>cartennas</span> <span class='ocrx_word' id='word_1_727' title='bbox 1727 4554 1784 4633; x_wconf 73' lang='lat' dir='ltr'>aaut·</span> 
     </span>
     <span class='ocr_line' id='line_1_58' title="bbox 135 4624 1786 4707; baseline -0.01 -17"><span class='ocrx_word' id='word_1_728' title='bbox 135 4647 193 4703; x_wconf 77' lang='lat' dir='ltr'>qne</span> <span class='ocrx_word' id='word_1_729' title='bbox 202 4647 268 4690; x_wconf 91' lang='lat' dir='ltr'>enm</span> <span class='ocrx_word' id='word_1_730' title='bbox 279 4633 378 4707; x_wconf 84' lang='lat' dir='ltr'>insigni</span> <span class='ocrx_word' id='word_1_731' title='bbox 388 4631 577 4705; x_wconf 87' lang='lat' dir='ltr'>prosopopoeia</span> <span class='ocrx_word' id='word_1_732' title='bbox 589 4631 800 4704; x_wconf 87' lang='lat' dir='ltr'>respondentem</span> <span class='ocrx_word' id='word_1_733' title='bbox 809 4631 913 4688; x_wconf 90' lang='lat' dir='ltr'>inducit</span> <span class='ocrx_word' id='word_1_734' title='bbox 926 4653 931 4688; x_wconf 93' lang='lat'>:</span> <span class='ocrx_word' id='word_1_735' title='bbox 989 4634 1091 4689; x_wconf 84' lang='lat' dir='ltr'>diderit</span> <span class='ocrx_word' id='word_1_736' title='bbox 1097 4635 1234 4688; x_wconf 80' lang='lat' dir='ltr'>eurturtiis</span> <span class='ocrx_word' id='word_1_737' title='bbox 1243 4650 1250 4685; x_wconf 90' lang='lat'>:</span> <span class='ocrx_word' id='word_1_738' title='bbox 1259 4631 1321 4685; x_wconf 85' lang='lat' dir='ltr'>iude</span> <span class='ocrx_word' id='word_1_739' title='bbox 1329 4632 1445 4696; x_wconf 75' lang='lat' dir='ltr'>{crusec</span> <span class='ocrx_word' id='word_1_740' title='bbox 1450 4629 1556 4696; x_wconf 76' lang='lat' dir='ltr'>suetiam</span> <span class='ocrx_word' id='word_1_741' title='bbox 1565 4630 1653 4707; x_wconf 78' lang='lat' dir='ltr'>estut</span> <span class='ocrx_word' id='word_1_742' title='bbox 1663 4624 1786 4702; x_wconf 68' lang='lat' dir='ltr'>(taleis-ms⁸</span> 
     </span>
     <span class='ocr_line' id='line_1_59' title="bbox 136 4695 1784 4775; baseline -0.013 -14"><span class='ocrx_word' id='word_1_743' title='bbox 136 4706 188 4762; x_wconf 82' lang='lat' dir='ltr'>nic</span> <span class='ocrx_word' id='word_1_744' title='bbox 201 4704 288 4767; x_wconf 84' lang='lat' dir='ltr'>nobie,</span> <span class='ocrx_word' id='word_1_745' title='bbox 304 4704 352 4767; x_wconf 86' lang='lat' dir='ltr'>ait,</span> <span class='ocrx_word' id='word_1_746' title='bbox 369 4705 552 4759; x_wconf 84' lang='lat' dir='ltr'>omortalinm</span> <span class='ocrx_word' id='word_1_747' title='bbox 564 4705 681 4758; x_wconf 90' lang='lat' dir='ltr'>omnium</span> <span class='ocrx_word' id='word_1_748' title='bbox 694 4704 807 4757; x_wconf 87' lang='lat' dir='ltr'>nimium</span> <span class='ocrx_word' id='word_1_749' title='bbox 821 4704 936 4760; x_wconf 80' lang='lat' dir='ltr'>uiolento</span> <span class='ocrx_word' id='word_1_750' title='bbox 986 4721 1062 4775; x_wconf 87' lang='lat' dir='ltr'>papa</span> <span class='ocrx_word' id='word_1_751' title='bbox 1078 4721 1139 4760; x_wconf 89' lang='lat' dir='ltr'>eum</span> <span class='ocrx_word' id='word_1_752' title='bbox 1160 4719 1211 4758; x_wconf 82' lang='lat' dir='ltr'>reon</span> <span class='ocrx_word' id='word_1_753' title='bbox 1228 4707 1284 4757; x_wconf 91' lang='lat' dir='ltr'>tam</span> <span class='ocrx_word' id='word_1_754' title='bbox 1299 4703 1408 4755; x_wconf 70' lang='lat' dir='ltr'>ruthae</span> <span class='ocrx_word' id='word_1_755' title='bbox 1425 4714 1508 4767; x_wconf 89' lang='lat' dir='ltr'>quam</span> <span class='ocrx_word' id='word_1_756' title='bbox 1523 4709 1659 4763; x_wconf 74' lang='lat' dir='ltr'>irrupsisse</span> <span class='ocrx_word' id='word_1_757' title='bbox 1671 4695 1784 4773; x_wconf 76' lang='lat' dir='ltr'>¹Aulona</span> 
     </span>
     <span class='ocr_line' id='line_1_60' title="bbox 136 4761 1785 4848; baseline -0.011 -18"><span class='ocrx_word' id='word_1_758' title='bbox 136 4775 261 4839; x_wconf 85' lang='lat' dir='ltr'>domina,</span> <span class='ocrx_word' id='word_1_759' title='bbox 280 4775 351 4831; x_wconf 87' lang='lat' dir='ltr'>unde</span> <span class='ocrx_word' id='word_1_760' title='bbox 368 4776 417 4831; x_wconf 76' lang='lat' dir='ltr'>tibi</span> <span class='ocrx_word' id='word_1_761' title='bbox 430 4776 569 4830; x_wconf 86' lang='lat' dir='ltr'>introitum</span> <span class='ocrx_word' id='word_1_762' title='bbox 584 4773 700 4828; x_wconf 66' lang='lat' dir='ltr'>intrabis</span> <span class='ocrx_word' id='word_1_763' title='bbox 716 4776 824 4844; x_wconf 87' lang='lat' dir='ltr'>paras?</span> <span class='ocrx_word' id='word_1_764' title='bbox 838 4774 936 4844; x_wconf 84' lang='lat' dir='ltr'>quidue</span> <span class='ocrx_word' id='word_1_765' title='bbox 993 4777 1085 4832; x_wconf 81' lang='lat' dir='ltr'>Vitem</span> <span class='ocrx_word' id='word_1_766' title='bbox 1096 4778 1216 4835; x_wconf 86' lang='lat' dir='ltr'>testetur,</span> <span class='ocrx_word' id='word_1_767' title='bbox 1228 4787 1287 4827; x_wconf 88' lang='lat' dir='ltr'>cum</span> <span class='ocrx_word' id='word_1_768' title='bbox 1300 4773 1362 4825; x_wconf 78' lang='lat' dir='ltr'>ait:</span> <span class='ocrx_word' id='word_1_769' title='bbox 1379 4771 1455 4826; x_wconf 81' lang='lat' dir='ltr'>i&#39;itas</span> <span class='ocrx_word' id='word_1_770' title='bbox 1466 4770 1581 4848; x_wconf 76' lang='lat' dir='ltr'>Petrum</span> <span class='ocrx_word' id='word_1_771' title='bbox 1592 4763 1684 4822; x_wconf 82' lang='lat' dir='ltr'>Paule,</span> <span class='ocrx_word' id='word_1_772' title='bbox 1704 4761 1785 4815; x_wconf 84' lang='lat' dir='ltr'>Anto</span> 
     </span>
     <span class='ocr_line' id='line_1_61' title="bbox 134 4835 1784 4917; baseline -0.013 -15"><span class='ocrx_word' id='word_1_773' title='bbox 134 4849 199 4917; x_wconf 87' lang='lat' dir='ltr'>post</span> <span class='ocrx_word' id='word_1_774' title='bbox 216 4848 365 4915; x_wconf 76' lang='lat' dir='ltr'>mprmsum</span> <span class='ocrx_word' id='word_1_775' title='bbox 377 4850 452 4900; x_wconf 90' lang='lat' dir='ltr'>tuum</span> <span class='ocrx_word' id='word_1_776' title='bbox 463 4860 563 4916; x_wconf 73' lang='lat' dir='ltr'>presure</span> <span class='ocrx_word' id='word_1_777' title='bbox 577 4847 756 4900; x_wconf 75' lang='lat' dir='ltr'>coacuerint?</span> <span class='ocrx_word' id='word_1_778' title='bbox 768 4849 794 4899; x_wconf 89' lang='lat' dir='ltr'>et</span> <span class='ocrx_word' id='word_1_779' title='bbox 808 4847 935 4914; x_wconf 86' lang='lat' dir='ltr'>quisnam</span> <span class='ocrx_word' id='word_1_780' title='bbox 989 4849 1040 4911; x_wconf 87' lang='lat' dir='ltr'>nii,</span> <span class='ocrx_word' id='word_1_781' title='bbox 1063 4845 1223 4905; x_wconf 71' lang='lat' dir='ltr'>hilarionis,</span> <span class='ocrx_word' id='word_1_782' title='bbox 1240 4847 1266 4897; x_wconf 88' lang='lat' dir='ltr'>et</span> <span class='ocrx_word' id='word_1_783' title='bbox 1283 4842 1402 4896; x_wconf 78' lang='lat' dir='ltr'>emerium</span> <span class='ocrx_word' id='word_1_784' title='bbox 1416 4843 1597 4895; x_wconf 75' lang='lat' dir='ltr'>aemulorum,</span> <span class='ocrx_word' id='word_1_785' title='bbox 1613 4847 1681 4913; x_wconf 75' lang='lat' dir='ltr'>queas</span> <span class='ocrx_word' id='word_1_786' title='bbox 1696 4835 1784 4883; x_wconf 78' lang='lat' dir='ltr'>terrum</span> 
     </span>
     <span class='ocr_line' id='line_1_62' title="bbox 137 4901 1785 5038; baseline -0.002 -66"><span class='ocrx_word' id='word_1_787' title='bbox 137 4919 175 4972; x_wconf 81' lang='lat' dir='ltr'>sit</span> <span class='ocrx_word' id='word_1_788' title='bbox 196 4921 306 4972; x_wconf 75' lang='lat' dir='ltr'>tumea</span> <span class='ocrx_word' id='word_1_789' title='bbox 316 4918 392 4971; x_wconf 86' lang='lat' dir='ltr'>nobis</span> <span class='ocrx_word' id='word_1_790' title='bbox 405 4918 503 4979; x_wconf 74' lang='lat' dir='ltr'>cattia,</span> <span class='ocrx_word' id='word_1_791' title='bbox 517 4931 634 4986; x_wconf 88' lang='lat' dir='ltr'>quonam</span> <span class='ocrx_word' id='word_1_792' title='bbox 650 4916 726 4970; x_wconf 89' lang='lat' dir='ltr'>modo</span> <span class='ocrx_word' id='word_1_793' title='bbox 739 4916 838 4971; x_wconf 85' lang='lat' dir='ltr'>scilicet</span> <span class='ocrx_word' id='word_1_794' title='bbox 849 4916 898 4970; x_wconf 86' lang='lat' dir='ltr'>obs</span> <span class='ocrx_word' id='word_1_795' title='bbox 911 4920 937 4970; x_wconf 89' lang='lat' dir='ltr'>te</span> <span class='ocrx_word' id='word_1_796' title='bbox 991 4918 1159 4973; x_wconf 84' lang='lat' dir='ltr'>beatissimus</span> <span class='ocrx_word' id='word_1_797' title='bbox 1174 4913 1315 5038; x_wconf 57' lang='lat' dir='ltr'>descrigsit</span> <span class='ocrx_word' id='word_1_798' title='bbox 1328 4912 1516 4991; x_wconf 62' lang='lat' dir='ltr'>damnamus,</span> <span class='ocrx_word' id='word_1_799' title='bbox 1529 4919 1589 4959; x_wconf 66' lang='lat' dir='ltr'>illm</span> <span class='ocrx_word' id='word_1_800' title='bbox 1603 4917 1674 4956; x_wconf 84' lang='lat' dir='ltr'>orruu</span> <span class='ocrx_word' id='word_1_801' title='bbox 1688 4901 1785 4955; x_wconf 64' lang='lat' dir='ltr'>d⁰²l⁰l⁰</span> 
     </span>
     <span class='ocr_line' id='line_1_63' title="bbox 137 4973 1785 5063; baseline -0.01 -22"><span class='ocrx_word' id='word_1_802' title='bbox 137 4986 310 5042; x_wconf 77' lang='lat' dir='ltr'>liba-amur?</span> <span class='ocrx_word' id='word_1_803' title='bbox 321 4988 375 5043; x_wconf 87' lang='lat' dir='ltr'>illo</span> <span class='ocrx_word' id='word_1_804' title='bbox 385 5002 445 5042; x_wconf 84' lang='lat' dir='ltr'>acro</span> <span class='ocrx_word' id='word_1_805' title='bbox 458 4989 566 5057; x_wconf 81' lang='lat' dir='ltr'>agitatu</span> <span class='ocrx_word' id='word_1_806' title='bbox 576 4987 751 5053; x_wconf 88' lang='lat' dir='ltr'>coutumeliis,</span> <span class='ocrx_word' id='word_1_807' title='bbox 762 4987 885 5042; x_wconf 79' lang='lat' dir='ltr'>nobisne</span> <span class='ocrx_word' id='word_1_808' title='bbox 899 4990 937 5056; x_wconf 80' lang='lat' dir='ltr'>tu·</span> <span class='ocrx_word' id='word_1_809' title='bbox 990 4982 1248 5056; x_wconf 75' lang='lat' dir='ltr'>smeipimiestdpud</span> <span class='ocrx_word' id='word_1_810' title='bbox 1279 4978 1450 5035; x_wconf 67' lang='lat' dir='ltr'>renuntiati</span> <span class='ocrx_word' id='word_1_811' title='bbox 1460 4973 1785 5063; x_wconf 76' lang='lat' dir='ltr'>tcup.Sanctaltomamr)‚</span> 
     </span>
     <span class='ocr_line' id='line_1_64' title="bbox 138 5044 1783 5127; baseline -0.011 -13"><span class='ocrx_word' id='word_1_812' title='bbox 138 5061 251 5114; x_wconf 75' lang='lat' dir='ltr'>runmce</span> <span class='ocrx_word' id='word_1_813' title='bbox 266 5057 523 5127; x_wconf 78' lang='lat' dir='ltr'>cruentuferoaque</span> <span class='ocrx_word' id='word_1_814' title='bbox 539 5056 676 5126; x_wconf 81' lang='lat' dir='ltr'>respondit</span> <span class='ocrx_word' id='word_1_815' title='bbox 690 5076 698 5111; x_wconf 76' lang='lat' dir='ltr'>c</span> <span class='ocrx_word' id='word_1_816' title='bbox 714 5056 783 5125; x_wconf 76' lang='lat' dir='ltr'>Quid</span> <span class='ocrx_word' id='word_1_817' title='bbox 797 5073 838 5112; x_wconf 89' lang='lat' dir='ltr'>me</span> <span class='ocrx_word' id='word_1_818' title='bbox 852 5058 938 5111; x_wconf 89' lang='lat' dir='ltr'>male-</span> <span class='ocrx_word' id='word_1_819' title='bbox 991 5059 1058 5115; x_wconf 86' lang='lat' dir='ltr'>Haec</span> <span class='ocrx_word' id='word_1_820' title='bbox 1073 5054 1219 5117; x_wconf 75' lang='lat' dir='ltr'>BaroniuS,</span> <span class='ocrx_word' id='word_1_821' title='bbox 1233 5060 1262 5108; x_wconf 90' lang='lat' dir='ltr'>et</span> <span class='ocrx_word' id='word_1_822' title='bbox 1279 5064 1372 5122; x_wconf 80' lang='lat' dir='ltr'>qums</span> <span class='ocrx_word' id='word_1_823' title='bbox 1409 5044 1719 5112; x_wconf 66' lang='lat' dir='ltr'>murmurabatur.</span> <span class='ocrx_word' id='word_1_824' title='bbox 1737 5044 1783 5097; x_wconf 82' lang='lat' dir='ltr'>tib.</span> 
     </span>
    </p>
   </div>
   <div class='ocr_carea' id='block_1_9' title="bbox 137 5113 1784 5250">
    <p class='ocr_par' dir='ltr' id='par_1_9' title="bbox 137 5113 1784 5250">
     <span class='ocr_line' id='line_1_65' title="bbox 137 5113 1784 5250; baseline -0.01 -66"><span class='ocrx_word' id='word_1_825' title='bbox 137 5129 373 5193; x_wconf 76' lang='lat' dir='ltr'>stamineorum,</span> <span class='ocrx_word' id='word_1_826' title='bbox 387 5130 436 5198; x_wconf 89' lang='lat' dir='ltr'>qui</span> <span class='ocrx_word' id='word_1_827' title='bbox 446 5130 514 5183; x_wconf 87' lang='lat' dir='ltr'>mibi</span> <span class='ocrx_word' id='word_1_828' title='bbox 526 5130 587 5182; x_wconf 79' lang='lat' dir='ltr'>estes</span> <span class='ocrx_word' id='word_1_829' title='bbox 601 5128 729 5184; x_wconf 84' lang='lat' dir='ltr'>obnocii?</span> <span class='ocrx_word' id='word_1_830' title='bbox 743 5132 791 5182; x_wconf 92' lang='lat' dir='ltr'>aut</span> <span class='ocrx_word' id='word_1_831' title='bbox 808 5127 937 5197; x_wconf 87' lang='lat' dir='ltr'>quomodo</span> <span class='ocrx_word' id='word_1_832' title='bbox 991 5145 1019 5186; x_wconf 87' lang='lat' dir='ltr'>rr</span> <span class='ocrx_word' id='word_1_833' title='bbox 1038 5129 1071 5183; x_wconf 87' lang='lat' dir='ltr'>de</span> <span class='ocrx_word' id='word_1_834' title='bbox 1085 5125 1231 5194; x_wconf 79' lang='lat' dir='ltr'>Menochia.</span> <span class='ocrx_word' id='word_1_835' title='bbox 1247 5139 1306 5250; x_wconf 63' lang='lat' dir='ltr'>capso.</span> <span class='ocrx_word' id='word_1_836' title='bbox 1325 5124 1369 5187; x_wconf 80' lang='lat'>5).</span> <span class='ocrx_word' id='word_1_837' title='bbox 1415 5120 1496 5176; x_wconf 91' lang='lat' dir='ltr'>uibus</span> <span class='ocrx_word' id='word_1_838' title='bbox 1510 5116 1616 5173; x_wconf 82' lang='lat' dir='ltr'>ridetur</span> <span class='ocrx_word' id='word_1_839' title='bbox 1629 5113 1731 5171; x_wconf 89' lang='lat' dir='ltr'>sentire</span> <span class='ocrx_word' id='word_1_840' title='bbox 1747 5113 1784 5168; x_wconf 79' lang='lat' dir='ltr'>ni·</span> 
     </span>
    </p>
   </div>
   <div class='ocr_carea' id='block_1_10' title="bbox 137 5185 1793 5908">
    <p class='ocr_par' dir='ltr' id='par_1_10' title="bbox 137 5185 1793 5908">
     <span class='ocr_line' id='line_1_66' title="bbox 138 5185 1785 5271; baseline -0.01 -16"><span class='ocrx_word' id='word_1_841' title='bbox 138 5203 268 5271; x_wconf 78' lang='lat' dir='ltr'>separari</span> <span class='ocrx_word' id='word_1_842' title='bbox 282 5216 300 5254; x_wconf 90' lang='lat' dir='ltr'>a</span> <span class='ocrx_word' id='word_1_843' title='bbox 315 5216 357 5256; x_wconf 88' lang='lat' dir='ltr'>mc</span> <span class='ocrx_word' id='word_1_844' title='bbox 376 5199 499 5262; x_wconf 72' lang='lat' dir='ltr'>endem,</span> <span class='ocrx_word' id='word_1_845' title='bbox 518 5214 578 5268; x_wconf 83' lang='lat' dir='ltr'>quea</span> <span class='ocrx_word' id='word_1_846' title='bbox 598 5203 707 5254; x_wconf 76' lang='lat' dir='ltr'>metune</span> <span class='ocrx_word' id='word_1_847' title='bbox 727 5213 846 5253; x_wconf 76' lang='lat' dir='ltr'>contiuuo</span> <span class='ocrx_word' id='word_1_848' title='bbox 860 5201 939 5254; x_wconf 79' lang='lat' dir='ltr'>urin?</span> <span class='ocrx_word' id='word_1_849' title='bbox 992 5208 1050 5256; x_wconf 93' lang='lat' dir='ltr'>tam</span> <span class='ocrx_word' id='word_1_850' title='bbox 1069 5201 1100 5255; x_wconf 93' lang='lat' dir='ltr'>B.</span> <span class='ocrx_word' id='word_1_851' title='bbox 1120 5195 1262 5253; x_wconf 81' lang='lat' dir='ltr'>Antoniia</span> <span class='ocrx_word' id='word_1_852' title='bbox 1299 5190 1476 5250; x_wconf 84' lang='lat' dir='ltr'>.Athanasio</span> <span class='ocrx_word' id='word_1_853' title='bbox 1491 5189 1587 5271; x_wconf 76' lang='lat' dir='ltr'>Graece</span> <span class='ocrx_word' id='word_1_854' title='bbox 1605 5185 1785 5265; x_wconf 82' lang='lat' dir='ltr'>descriptam,</span> 
     </span>
     <span class='ocr_line' id='line_1_67' title="bbox 137 5259 1786 5338; baseline -0.019 4"><span class='ocrx_word' id='word_1_855' title='bbox 137 5273 231 5327; x_wconf 63' lang='lat' dir='ltr'>«istim</span> <span class='ocrx_word' id='word_1_856' title='bbox 242 5287 302 5325; x_wconf 61' lang='lat' dir='ltr'>met</span> <span class='ocrx_word' id='word_1_857' title='bbox 314 5276 416 5327; x_wconf 61' lang='lat' dir='ltr'>“alula</span> <span class='ocrx_word' id='word_1_858' title='bbox 430 5271 548 5325; x_wconf 66' lang='lat' dir='ltr'>ciborum</span> <span class='ocrx_word' id='word_1_859' title='bbox 560 5274 609 5332; x_wconf 72' lang='lat' dir='ltr'>til,</span> <span class='ocrx_word' id='word_1_860' title='bbox 622 5269 782 5324; x_wconf 80' lang='lat' dir='ltr'>minuetudo</span> <span class='ocrx_word' id='word_1_861' title='bbox 795 5284 855 5324; x_wconf 86' lang='lat' dir='ltr'>cero</span> <span class='ocrx_word' id='word_1_862' title='bbox 865 5271 939 5324; x_wconf 83' lang='lat' dir='ltr'>irrea·</span> <span class='ocrx_word' id='word_1_863' title='bbox 1011 5271 1113 5327; x_wconf 84' lang='lat' dir='ltr'>rimum</span> <span class='ocrx_word' id='word_1_864' title='bbox 1127 5267 1161 5323; x_wconf 91' lang='lat' dir='ltr'>ab</span> <span class='ocrx_word' id='word_1_865' title='bbox 1176 5265 1301 5338; x_wconf 75' lang='lat' dir='ltr'>Evagrio,</span> <span class='ocrx_word' id='word_1_866' title='bbox 1316 5263 1414 5321; x_wconf 89' lang='lat' dir='ltr'>deinde</span> <span class='ocrx_word' id='word_1_867' title='bbox 1426 5278 1442 5318; x_wconf 90' lang='lat' dir='ltr'>a</span> <span class='ocrx_word' id='word_1_868' title='bbox 1456 5264 1491 5317; x_wconf 91' lang='lat' dir='ltr'>D.</span> <span class='ocrx_word' id='word_1_869' title='bbox 1504 5263 1673 5330; x_wconf 82' lang='lat' dir='ltr'>Hieronymo</span> <span class='ocrx_word' id='word_1_870' title='bbox 1688 5259 1786 5337; x_wconf 79' lang='lat' dir='ltr'>Lanae</span> 
     </span>
     <span class='ocr_line' id='line_1_68' title="bbox 137 5287 1787 5415; baseline -0.01 -18"><span class='ocrx_word' id='word_1_871' title='bbox 137 5342 300 5412; x_wconf 82' lang='lat' dir='ltr'>plebr&#39;litate&#39;s</span> <span class='ocrx_word' id='word_1_872' title='bbox 310 5342 380 5397; x_wconf 80' lang='lat' dir='ltr'>milti</span> <span class='ocrx_word' id='word_1_873' title='bbox 387 5356 470 5396; x_wconf 84' lang='lat' dir='ltr'>causo</span> <span class='ocrx_word' id='word_1_874' title='bbox 479 5344 527 5396; x_wconf 82' lang='lat' dir='ltr'>est.</span> <span class='ocrx_word' id='word_1_875' title='bbox 540 5342 623 5395; x_wconf 89' lang='lat' dir='ltr'>Porro</span> <span class='ocrx_word' id='word_1_876' title='bbox 635 5342 751 5395; x_wconf 85' lang='lat' dir='ltr'>materia</span> <span class='ocrx_word' id='word_1_877' title='bbox 762 5341 941 5409; x_wconf 82' lang='lat' dir='ltr'>perturbatio</span> <span class='ocrx_word' id='word_1_878' title='bbox 992 5287 1077 5399; x_wconf 59' lang='lat' dir='ltr'>inisse</span> <span class='ocrx_word' id='word_1_879' title='bbox 1090 5338 1237 5403; x_wconf 87' lang='lat' dir='ltr'>redditam,</span> <span class='ocrx_word' id='word_1_880' title='bbox 1250 5346 1278 5393; x_wconf 88' lang='lat' dir='ltr'>et</span> <span class='ocrx_word' id='word_1_881' title='bbox 1290 5337 1363 5392; x_wconf 91' lang='lat' dir='ltr'>hanc</span> <span class='ocrx_word' id='word_1_882' title='bbox 1376 5334 1463 5415; x_wconf 82' lang='lat' dir='ltr'>ipsam</span> <span class='ocrx_word' id='word_1_883' title='bbox 1475 5345 1545 5400; x_wconf 87' lang='lat' dir='ltr'>esse,</span> <span class='ocrx_word' id='word_1_884' title='bbox 1556 5344 1619 5402; x_wconf 78' lang='lat' dir='ltr'>quae</span> <span class='ocrx_word' id='word_1_885' title='bbox 1630 5342 1687 5401; x_wconf 79' lang='lat' dir='ltr'>pree</span> <span class='ocrx_word' id='word_1_886' title='bbox 1702 5342 1787 5407; x_wconf 72' lang='lat' dir='ltr'>maur-</span> 
     </span>
     <span class='ocr_line' id='line_1_69' title="bbox 141 5401 1789 5481; baseline -0.017 -2"><span class='ocrx_word' id='word_1_887' title='bbox 141 5410 938 5481; x_wconf 76' lang='lat' dir='ltr'>niemeoe,eooseutudoquamdiaiatqueindolentiaonlma,</span> <span class='ocrx_word' id='word_1_888' title='bbox 993 5412 1045 5469; x_wconf 90' lang='lat' dir='ltr'>bus</span> <span class='ocrx_word' id='word_1_889' title='bbox 1065 5410 1194 5475; x_wconf 88' lang='lat' dir='ltr'>habetur,</span> <span class='ocrx_word' id='word_1_890' title='bbox 1215 5409 1268 5464; x_wconf 92' lang='lat' dir='ltr'>hoc</span> <span class='ocrx_word' id='word_1_891' title='bbox 1286 5415 1338 5473; x_wconf 90' lang='lat' dir='ltr'>est,</span> <span class='ocrx_word' id='word_1_892' title='bbox 1360 5414 1391 5462; x_wconf 92' lang='lat' dir='ltr'>ut</span> <span class='ocrx_word' id='word_1_893' title='bbox 1410 5418 1519 5477; x_wconf 79' lang='lat' dir='ltr'>opinor,</span> <span class='ocrx_word' id='word_1_894' title='bbox 1543 5401 1623 5472; x_wconf 86' lang='lat' dir='ltr'>vulgo</span> <span class='ocrx_word' id='word_1_895' title='bbox 1637 5408 1665 5455; x_wconf 89' lang='lat' dir='ltr'>et</span> <span class='ocrx_word' id='word_1_896' title='bbox 1686 5413 1789 5470; x_wconf 81' lang='lat' dir='ltr'>passim</span> 
     </span>
     <span class='ocr_line' id='line_1_70' title="bbox 142 5468 1788 5557; baseline -0.008 -22"><span class='ocrx_word' id='word_1_897' title='bbox 142 5487 289 5555; x_wconf 70' lang='lat' dir='ltr'>modisque</span> <span class='ocrx_word' id='word_1_898' title='bbox 301 5483 533 5538; x_wconf 82' lang='lat' dir='ltr'>irremiuisnntio.</span> <span class='ocrx_word' id='word_1_899' title='bbox 547 5483 679 5551; x_wconf 84' lang='lat' dir='ltr'>Stirpium</span> <span class='ocrx_word' id='word_1_900' title='bbox 690 5496 752 5536; x_wconf 80' lang='lat' dir='ltr'>acro</span> <span class='ocrx_word' id='word_1_901' title='bbox 764 5498 884 5537; x_wconf 75' lang='lat' dir='ltr'>meierum</span> <span class='ocrx_word' id='word_1_902' title='bbox 898 5499 942 5537; x_wconf 87' lang='lat' dir='ltr'>no-</span> <span class='ocrx_word' id='word_1_903' title='bbox 994 5481 1202 5548; x_wconf 82' lang='lat' dir='ltr'>circnmiertor,</span> <span class='ocrx_word' id='word_1_904' title='bbox 1218 5479 1389 5548; x_wconf 84' lang='lat' dir='ltr'>habeturque</span> <span class='ocrx_word' id='word_1_905' title='bbox 1404 5475 1499 5557; x_wconf 75' lang='lat' dir='ltr'>iatine</span> <span class='ocrx_word' id='word_1_906' title='bbox 1515 5486 1630 5554; x_wconf 82' lang='lat' dir='ltr'>operum</span> <span class='ocrx_word' id='word_1_907' title='bbox 1649 5471 1678 5527; x_wconf 89' lang='lat' dir='ltr'>S.</span> <span class='ocrx_word' id='word_1_908' title='bbox 1694 5468 1788 5551; x_wconf 36' lang='lat' dir='ltr'>&#39;Atha-</span> 
     </span>
     <span class='ocr_line' id='line_1_71' title="bbox 141 5537 1787 5630; baseline -0.009 -23"><span class='ocrx_word' id='word_1_909' title='bbox 141 5553 905 5625; x_wconf 73' lang='lat' dir='ltr'>mr&#39;aaquomodoquaeritisaddisocrc?innumeraboeas,</span> <span class='ocrx_word' id='word_1_910' title='bbox 916 5558 942 5608; x_wconf 85' lang='lat' dir='ltr'>et</span> <span class='ocrx_word' id='word_1_911' title='bbox 994 5554 1077 5622; x_wconf 85' lang='lat' dir='ltr'>nesii,</span> <span class='ocrx_word' id='word_1_912' title='bbox 1098 5566 1160 5624; x_wconf 83' lang='lat' dir='ltr'>qoae</span> <span class='ocrx_word' id='word_1_913' title='bbox 1174 5549 1316 5607; x_wconf 88' lang='lat' dir='ltr'>tamenab</span> <span class='ocrx_word' id='word_1_914' title='bbox 1335 5551 1449 5630; x_wconf 76' lang='lat' dir='ltr'>Evaqno</span> <span class='ocrx_word' id='word_1_915' title='bbox 1470 5545 1604 5628; x_wconf 79' lang='lat' dir='ltr'>translata</span> <span class='ocrx_word' id='word_1_916' title='bbox 1618 5537 1787 5623; x_wconf 81' lang='lat' dir='ltr'>rnscnhnur.</span> 
     </span>
     <span class='ocr_line' id='line_1_72' title="bbox 138 5613 1792 5701; baseline -0.01 -20"><span class='ocrx_word' id='word_1_917' title='bbox 138 5639 225 5695; x_wconf 83' lang='lat' dir='ltr'>sarper</span> <span class='ocrx_word' id='word_1_918' title='bbox 238 5641 350 5682; x_wconf 77' lang='lat' dir='ltr'>arcuum</span> <span class='ocrx_word' id='word_1_919' title='bbox 363 5623 622 5694; x_wconf 85' lang='lat' dir='ltr'>multiplicabuntur.</span> <span class='ocrx_word' id='word_1_920' title='bbox 639 5625 880 5693; x_wconf 80' lang='lat' dir='ltr'>Primoqenitomm</span> <span class='ocrx_word' id='word_1_921' title='bbox 897 5630 942 5679; x_wconf 87' lang='lat' dir='ltr'>tu·</span> <span class='ocrx_word' id='word_1_922' title='bbox 995 5627 1098 5682; x_wconf 90' lang='lat' dir='ltr'>Verum</span> <span class='ocrx_word' id='word_1_923' title='bbox 1117 5623 1188 5678; x_wconf 91' lang='lat' dir='ltr'>hanc</span> <span class='ocrx_word' id='word_1_924' title='bbox 1208 5620 1318 5677; x_wconf 81' lang='lat' dir='ltr'>naraon</span> <span class='ocrx_word' id='word_1_925' title='bbox 1332 5619 1491 5701; x_wconf 80' lang='lat' dir='ltr'>opinionem</span> <span class='ocrx_word' id='word_1_926' title='bbox 1515 5613 1741 5697; x_wconf 75' lang='lat' dir='ltr'>improbabilem,</span> <span class='ocrx_word' id='word_1_927' title='bbox 1764 5619 1792 5666; x_wconf 85' lang='lat' dir='ltr'>et</span> 
     </span>
     <span class='ocr_line' id='line_1_73' title="bbox 140 5685 1793 5771; baseline -0.009 -21"><span class='ocrx_word' id='word_1_928' title='bbox 140 5711 203 5750; x_wconf 85' lang='lat' dir='ltr'>meu</span> <span class='ocrx_word' id='word_1_929' title='bbox 214 5712 332 5750; x_wconf 80' lang='lat' dir='ltr'>rarorum</span> <span class='ocrx_word' id='word_1_930' title='bbox 341 5696 533 5766; x_wconf 77' lang='lat' dir='ltr'>appellationes</span> <span class='ocrx_word' id='word_1_931' title='bbox 543 5694 636 5750; x_wconf 87' lang='lat' dir='ltr'>audite</span> <span class='ocrx_word' id='word_1_932' title='bbox 647 5712 655 5748; x_wconf 75' lang='grc' dir='ltr'><strong><em>ε</em></strong></span> <span class='ocrx_word' id='word_1_933' title='bbox 667 5697 861 5763; x_wconf 79' lang='lat' dir='ltr'>Primoqonttns</span> <span class='ocrx_word' id='word_1_934' title='bbox 871 5710 942 5750; x_wconf 83' lang='lat' dir='ltr'>mem</span> <span class='ocrx_word' id='word_1_935' title='bbox 996 5711 1029 5753; x_wconf 83' lang='lat' dir='ltr'>es</span> <span class='ocrx_word' id='word_1_936' title='bbox 1045 5695 1160 5767; x_wconf 87' lang='lat' dir='ltr'>epistola</span> <span class='ocrx_word' id='word_1_937' title='bbox 1179 5696 1214 5749; x_wconf 89' lang='lat' dir='ltr'>D.</span> <span class='ocrx_word' id='word_1_938' title='bbox 1237 5692 1402 5762; x_wconf 76' lang='lat' dir='ltr'>litoronpmr</span> <span class='ocrx_word' id='word_1_939' title='bbox 1415 5696 1461 5771; x_wconf 83' lang='grc'>101</span> <span class='ocrx_word' id='word_1_940' title='bbox 1481 5687 1553 5743; x_wconf 89' lang='lat' dir='ltr'>maie</span> <span class='ocrx_word' id='word_1_941' title='bbox 1572 5685 1712 5741; x_wconf 79' lang='lat' dir='ltr'>intellecta</span> <span class='ocrx_word' id='word_1_942' title='bbox 1726 5696 1793 5737; x_wconf 92' lang='lat' dir='ltr'>con·</span> 
     </span>
     <span class='ocr_line' id='line_1_74' title="bbox 139 5751 1793 5842; baseline -0.011 -19"><span class='ocrx_word' id='word_1_943' title='bbox 139 5769 331 5835; x_wconf 76' lang='lat' dir='ltr'>lomuatiouts</span> <span class='ocrx_word' id='word_1_944' title='bbox 349 5769 467 5823; x_wconf 77' lang='lat' dir='ltr'>inanior</span> <span class='ocrx_word' id='word_1_945' title='bbox 478 5769 533 5833; x_wconf 80' lang='lat' dir='ltr'>eet,-</span> <span class='ocrx_word' id='word_1_946' title='bbox 551 5765 683 5820; x_wconf 87' lang='lat' dir='ltr'>secundus</span> <span class='ocrx_word' id='word_1_947' title='bbox 696 5766 731 5820; x_wconf 92' lang='lat' dir='ltr'>ab</span> <span class='ocrx_word' id='word_1_948' title='bbox 744 5767 790 5822; x_wconf 82' lang='lat' dir='ltr'>illo</span> <span class='ocrx_word' id='word_1_949' title='bbox 805 5771 844 5821; x_wconf 87' lang='lat' dir='ltr'>est</span> <span class='ocrx_word' id='word_1_950' title='bbox 857 5767 942 5821; x_wconf 89' lang='lat' dir='ltr'>obdu·</span> <span class='ocrx_word' id='word_1_951' title='bbox 996 5776 1105 5839; x_wconf 90' lang='lat' dir='ltr'>ceptam</span> <span class='ocrx_word' id='word_1_952' title='bbox 1120 5764 1241 5821; x_wconf 87' lang='lat' dir='ltr'>ostendit</span> <span class='ocrx_word' id='word_1_953' title='bbox 1255 5767 1290 5819; x_wconf 87' lang='lat' dir='ltr'>n.</span> <span class='ocrx_word' id='word_1_954' title='bbox 1307 5765 1336 5817; x_wconf 87' lang='lat' dir='ltr'>P.</span> <span class='ocrx_word' id='word_1_955' title='bbox 1356 5760 1517 5842; x_wconf 80' lang='lat' dir='ltr'>ilerrbertus</span> <span class='ocrx_word' id='word_1_956' title='bbox 1531 5753 1702 5833; x_wconf 74' lang='lat' dir='ltr'>Rosnepdos</span> <span class='ocrx_word' id='word_1_957' title='bbox 1715 5767 1729 5807; x_wconf 93' lang='lat' dir='ltr'>c</span> <span class='ocrx_word' id='word_1_958' title='bbox 1744 5751 1793 5804; x_wconf 89' lang='lat' dir='ltr'>So·</span> 
     </span>
     <span class='ocr_line' id='line_1_75' title="bbox 141 5826 1792 5908; baseline -0.012 -17"><span class='ocrx_word' id='word_1_959' title='bbox 141 5840 489 5908; x_wconf 75' lang='lat' dir='ltr'>rarrounaucror3somuus</span> <span class='ocrx_word' id='word_1_960' title='bbox 496 5841 536 5893; x_wconf 86' lang='lat' dir='ltr'>eat</span> <span class='ocrx_word' id='word_1_961' title='bbox 543 5838 647 5893; x_wconf 85' lang='lat' dir='ltr'>tertius.</span> <span class='ocrx_word' id='word_1_962' title='bbox 658 5838 943 5908; x_wconf 76' lang='lat' dir='ltr'>Marccopitationum,</span> <span class='ocrx_word' id='word_1_963' title='bbox 997 5837 1097 5895; x_wconf 87' lang='lat' dir='ltr'>ciotate</span> <span class='ocrx_word' id='word_1_964' title='bbox 1109 5838 1175 5894; x_wconf 84' lang='lat' dir='ltr'>iesu</span> <span class='ocrx_word' id='word_1_965' title='bbox 1188 5834 1334 5906; x_wconf 79' lang='lat' dir='ltr'>dreologus</span> <span class='ocrx_word' id='word_1_966' title='bbox 1355 5846 1412 5889; x_wconf 81' lang='lat' dir='ltr'>suis</span> <span class='ocrx_word' id='word_1_967' title='bbox 1425 5829 1462 5886; x_wconf 85' lang='lat' dir='ltr'>ad</span> <span class='ocrx_word' id='word_1_968' title='bbox 1478 5837 1565 5886; x_wconf 80' lang='lat' dir='ltr'>urtam</span> <span class='ocrx_word' id='word_1_969' title='bbox 1584 5831 1703 5884; x_wconf 76' lang='lat' dir='ltr'>hutenu</span> <span class='ocrx_word' id='word_1_970' title='bbox 1719 5826 1792 5876; x_wconf 74' lang='lat' dir='ltr'>nota</span> 
     </span>
    </p>
   </div>
   <div class='ocr_carea' id='block_1_11' title="bbox 0 0 1935 6148">
    <p class='ocr_par' dir='ltr' id='par_1_11' title="bbox 0 0 1935 6148">
     <span class='ocr_line' id='line_1_76' title="bbox 0 0 1935 6148; baseline 0 0"><span class='ocrx_word' id='word_1_971' title='bbox 0 0 1935 6148; x_wconf 95' lang='lat' dir='ltr'> </span> 
     </span>
    </p>
   </div>
  </div>
 </body>
</html>
