<?xml version="1.0" encoding="UTF-8"?>
<!DOCTYPE html PUBLIC "-//W3C//DTD XHTML 1.0 Transitional//EN"
    "http://www.w3.org/TR/xhtml1/DTD/xhtml1-transitional.dtd">
<html xmlns="http://www.w3.org/1999/xhtml" xml:lang="en" lang="en">
 <head>
  <title>
</title>
<meta http-equiv="Content-Type" content="text/html;charset=utf-8" />
  <meta name='ocr-system' content='tesseract 3.04.00' />
  <meta name='ocr-capabilities' content='ocr_page ocr_carea ocr_par ocr_line ocrx_word'/>
</head>
<body>
  <div class='ocr_page' id='page_1' title='image "./patrologiaecurs29unkngoog/patrologiaecurs29unkngoog_0505.png"; bbox 0 0 3824 6164; ppageno 0'>
   <div class='ocr_carea' id='block_1_1' title="bbox 154 250 1812 315">
    <p class='ocr_par' dir='ltr' id='par_1_1' title="bbox 154 250 1812 315">
     <span class='ocr_line' id='line_1_1' title="bbox 154 250 1812 315; baseline -0.006 0"><span class='ocrx_word' id='word_1_1' title='bbox 154 260 208 315; x_wconf 80' lang='lat' dir='ltr'><strong>sits</strong></span> <span class='ocrx_word' id='word_1_2' title='bbox 694 250 836 309; x_wconf 78' lang='lat' dir='ltr'><strong>toansts</strong></span> <span class='ocrx_word' id='word_1_3' title='bbox 854 252 1005 311; x_wconf 73' lang='lat' dir='ltr'><strong>cassum</strong></span> <span class='ocrx_word' id='word_1_4' title='bbox 1022 250 1266 311; x_wconf 75' lang='lat' dir='ltr'><strong>COLLleONES.</strong></span> <span class='ocrx_word' id='word_1_5' title='bbox 1755 250 1812 305; x_wconf 77' lang='grc'><strong>996</strong></span> 
     </span>
    </p>
   </div>
   <div class='ocr_carea' id='block_1_2' title="bbox 154 372 1812 877">
    <p class='ocr_par' dir='ltr' id='par_1_2' title="bbox 154 372 1812 824">
     <span class='ocr_line' id='line_1_2' title="bbox 154 372 1809 452; baseline -0.005 -12"><span class='ocrx_word' id='word_1_6' title='bbox 154 381 243 441; x_wconf 80' lang='lat' dir='ltr'><strong>macti</strong></span> <span class='ocrx_word' id='word_1_7' title='bbox 264 378 349 452; x_wconf 77' lang='lat' dir='ltr'><strong>gratio</strong></span> <span class='ocrx_word' id='word_1_8' title='bbox 378 377 559 450; x_wconf 70' lang='lat' dir='ltr'>possiderent,</span> <span class='ocrx_word' id='word_1_9' title='bbox 587 390 739 449; x_wconf 83' lang='lat' dir='ltr'><strong>numquam</strong></span> <span class='ocrx_word' id='word_1_10' title='bbox 761 390 888 434; x_wconf 87' lang='lat' dir='ltr'><strong>exercere</strong></span> <span class='ocrx_word' id='word_1_11' title='bbox 910 392 955 435; x_wconf 88' lang='lat' dir='ltr'><strong>ro·</strong></span> <span class='ocrx_word' id='word_1_12' title='bbox 968 381 995 445; x_wconf 77' lang='grc' dir='ltr'>Α</span> <span class='ocrx_word' id='word_1_13' title='bbox 1008 378 1120 451; x_wconf 87' lang='lat' dir='ltr'><strong>quidam</strong></span> <span class='ocrx_word' id='word_1_14' title='bbox 1131 376 1178 450; x_wconf 90' lang='lat' dir='ltr'><strong>qui</strong></span> <span class='ocrx_word' id='word_1_15' title='bbox 1189 377 1203 414; x_wconf 75' lang='lat'><strong>‘¹</strong></span> <span class='ocrx_word' id='word_1_16' title='bbox 1215 374 1340 433; x_wconf 84' lang='lat' dir='ltr'><strong>Eunomii</strong></span> <span class='ocrx_word' id='word_1_17' title='bbox 1355 373 1497 449; x_wconf 84' lang='lat' dir='ltr'><strong>porlidiam</strong></span> <span class='ocrx_word' id='word_1_18' title='bbox 1513 373 1680 441; x_wconf 73' lang='lat' dir='ltr'><strong>metabatur,</strong></span> <span class='ocrx_word' id='word_1_19' title='bbox 1695 372 1809 431; x_wconf 87' lang='lat' dir='ltr'><strong>sinceri·</strong></span> 
     </span>
     <span class='ocr_line' id='line_1_3' title="bbox 154 466 1812 543; baseline -0.007 -10"><span class='ocrx_word' id='word_1_20' title='bbox 154 478 275 543; x_wconf 89' lang='lat' dir='ltr'><strong>luerunt,</strong></span> <span class='ocrx_word' id='word_1_21' title='bbox 298 473 349 530; x_wconf 89' lang='lat' dir='ltr'><strong>nisi</strong></span> <span class='ocrx_word' id='word_1_22' title='bbox 369 471 441 529; x_wconf 82' lang='lat' dir='ltr'><strong>torte</strong></span> <span class='ocrx_word' id='word_1_23' title='bbox 455 479 577 529; x_wconf 74' lang='lat' dir='ltr'><strong>extreme</strong></span> <span class='ocrx_word' id='word_1_24' title='bbox 597 469 659 527; x_wconf 91' lang='lat' dir='ltr'><strong>illos</strong></span> <span class='ocrx_word' id='word_1_25' title='bbox 679 476 707 527; x_wconf 91' lang='lat' dir='ltr'><strong>et</strong></span> <span class='ocrx_word' id='word_1_26' title='bbox 726 468 888 528; x_wconf 82' lang='lat' dir='ltr'><strong>inevitabilis</strong></span> <span class='ocrx_word' id='word_1_27' title='bbox 904 486 954 528; x_wconf 90' lang='lat' dir='ltr'><strong>ne·</strong></span> <span class='ocrx_word' id='word_1_28' title='bbox 1006 478 1092 527; x_wconf 89' lang='lat' dir='ltr'><strong>tatem</strong></span> <span class='ocrx_word' id='word_1_29' title='bbox 1110 470 1251 526; x_wconf 83' lang='lat' dir='ltr'><strong>catholicae</strong></span> <span class='ocrx_word' id='word_1_30' title='bbox 1266 468 1328 525; x_wconf 91' lang='lat' dir='ltr'><strong>lldei</strong></span> <span class='ocrx_word' id='word_1_31' title='bbox 1343 475 1403 525; x_wconf 91' lang='lat' dir='ltr'><strong>arte</strong></span> <span class='ocrx_word' id='word_1_32' title='bbox 1422 466 1562 523; x_wconf 75' lang='lat' dir='ltr'><strong>disiectus</strong></span> <span class='ocrx_word' id='word_1_33' title='bbox 1583 466 1745 524; x_wconf 86' lang='lat' dir='ltr'><strong>subvertere</strong></span> <span class='ocrx_word' id='word_1_34' title='bbox 1759 480 1812 523; x_wconf 89' lang='lat' dir='ltr'><strong>eo·</strong></span> 
     </span>
     <span class='ocr_line' id='line_1_4' title="bbox 154 554 1811 636; baseline -0.005 -9"><span class='ocrx_word' id='word_1_35' title='bbox 154 570 266 627; x_wconf 79' lang='lat' dir='ltr'><strong>cessitas</strong></span> <span class='ocrx_word' id='word_1_36' title='bbox 283 554 458 625; x_wconf 71' lang='lat' dir='ltr'><strong>confotasset.</strong></span> <span class='ocrx_word' id='word_1_37' title='bbox 1006 572 1125 630; x_wconf 87' lang='lat' dir='ltr'><strong>naretur,</strong></span> <span class='ocrx_word' id='word_1_38' title='bbox 1141 579 1324 636; x_wconf 77' lang='lat' dir='ltr'><strong>magnamque</strong></span> <span class='ocrx_word' id='word_1_39' title='bbox 1345 562 1404 636; x_wconf 85' lang='lat' dir='ltr'><strong>jam</strong></span> <span class='ocrx_word' id='word_1_40' title='bbox 1424 560 1570 619; x_wconf 92' lang='lat' dir='ltr'><strong>bominum</strong></span> <span class='ocrx_word' id='word_1_41' title='bbox 1596 560 1811 619; x_wconf 77' lang='lat' dir='ltr'><strong>multitudinem</strong></span> 
     </span>
     <span class='ocr_line' id='line_1_5' title="bbox 460 654 1810 754; baseline -0.003 -38"><span class='ocrx_word' id='word_1_42' title='bbox 460 698 579 754; x_wconf 60' lang='lat' dir='ltr'><strong>CAPUT</strong></span> <span class='ocrx_word' id='word_1_43' title='bbox 601 698 640 752; x_wconf 74' lang='lat' dir='ltr'><em>m</em></span> <span class='ocrx_word' id='word_1_44' title='bbox 1006 656 1173 728; x_wconf 77' lang='lat' dir='ltr'>decepisset,</span> <span class='ocrx_word' id='word_1_45' title='bbox 1192 663 1305 729; x_wconf 82' lang='lat' dir='ltr'><strong>rogatus</strong></span> <span class='ocrx_word' id='word_1_46' title='bbox 1327 671 1344 712; x_wconf 86' lang='lat' dir='ltr'><strong>a</strong></span> <span class='ocrx_word' id='word_1_47' title='bbox 1368 654 1506 712; x_wconf 78' lang='lat' dir='ltr'><strong>catholicis</strong></span> <span class='ocrx_word' id='word_1_48' title='bbox 1541 654 1617 723; x_wconf 83' lang='lat' dir='ltr'><strong>viris,</strong></span> <span class='ocrx_word' id='word_1_49' title='bbox 1647 655 1696 727; x_wconf 93' lang='lat' dir='ltr'><strong>qui</strong></span> <span class='ocrx_word' id='word_1_50' title='bbox 1728 656 1810 712; x_wconf 87' lang='lat' dir='ltr'><strong>ruina</strong></span> 
     </span>
     <span class='ocr_line' id='line_1_6' title="bbox 645 737 1810 824; baseline -0.001 -15"><span class='ocrx_word' id='word_1_51' title='bbox 645 737 652 753; x_wconf 66' lang='lat'><strong>⁹</strong></span> <span class='ocrx_word' id='word_1_52' title='bbox 1006 760 1090 809; x_wconf 85' lang='lat' dir='ltr'><strong>taatae</strong></span> <span class='ocrx_word' id='word_1_53' title='bbox 1113 751 1293 808; x_wconf 78' lang='lat' dir='ltr'><strong>subversionis</strong></span> <span class='ocrx_word' id='word_1_54' title='bbox 1313 751 1471 824; x_wconf 77' lang='lat' dir='ltr'><strong>gravissime</strong></span> <span class='ocrx_word' id='word_1_55' title='bbox 1492 750 1688 817; x_wconf 79' lang='lat' dir='ltr'><strong>movebamur,</strong></span> <span class='ocrx_word' id='word_1_56' title='bbox 1713 749 1810 808; x_wconf 87' lang='lat' dir='ltr'><strong>beatus</strong></span> 
     </span>
    </p>

    <p class='ocr_par' dir='ltr' id='par_1_3' title="bbox 252 816 855 877">
     <span class='ocr_line' id='line_1_7' title="bbox 252 816 855 877; baseline -0.008 -1"><span class='ocrx_word' id='word_1_57' title='bbox 252 824 290 877; x_wconf 81' lang='lat' dir='ltr'><strong>lte</strong></span> <span class='ocrx_word' id='word_1_58' title='bbox 300 821 429 874; x_wconf 88' lang='lat' dir='ltr'><strong>suscitato</strong></span> <span class='ocrx_word' id='word_1_59' title='bbox 442 822 549 873; x_wconf 87' lang='lat' dir='ltr'><strong>mortuo</strong></span> <span class='ocrx_word' id='word_1_60' title='bbox 561 816 595 871; x_wconf 86' lang='lat' dir='ltr'><strong>ab</strong></span> <span class='ocrx_word' id='word_1_61' title='bbox 612 817 709 872; x_wconf 87' lang='lat' dir='ltr'><strong>abbate</strong></span> <span class='ocrx_word' id='word_1_62' title='bbox 724 817 855 873; x_wconf 83' lang='lat' dir='ltr'><strong>blacerio.</strong></span> 
     </span>
    </p>
   </div>
   <div class='ocr_carea' id='block_1_3' title="bbox 151 842 1809 1199">
    <p class='ocr_par' dir='ltr' id='par_1_4' title="bbox 1009 842 1809 916">
     <span class='ocr_line' id='line_1_8' title="bbox 1009 842 1809 916; baseline -0.001 -13"><span class='ocrx_word' id='word_1_63' title='bbox 1009 846 1153 911; x_wconf 87' lang='lat' dir='ltr'><strong>blacarins,</strong></span> <span class='ocrx_word' id='word_1_64' title='bbox 1169 854 1200 902; x_wconf 92' lang='lat' dir='ltr'><strong>ut</strong></span> <span class='ocrx_word' id='word_1_65' title='bbox 1217 845 1417 915; x_wconf 90' lang='lat' dir='ltr'><strong>simplicitatem</strong></span> <span class='ocrx_word' id='word_1_66' title='bbox 1428 844 1511 901; x_wconf 91' lang='lat' dir='ltr'><strong>totius</strong></span> <span class='ocrx_word' id='word_1_67' title='bbox 1531 843 1637 916; x_wconf 72' lang='lat' dir='ltr'><strong>AEppti</strong></span> <span class='ocrx_word' id='word_1_68' title='bbox 1658 843 1695 900; x_wconf 88' lang='lat' dir='ltr'><strong>ab</strong></span> <span class='ocrx_word' id='word_1_69' title='bbox 1708 842 1809 902; x_wconf 88' lang='lat' dir='ltr'><strong>inlide-</strong></span> 
     </span>
    </p>

    <p class='ocr_par' dir='ltr' id='par_1_5' title="bbox 151 936 1808 1199">
     <span class='ocr_line' id='line_1_9' title="bbox 189 936 1808 1013; baseline -0.004 -11"><span class='ocrx_word' id='word_1_70' title='bbox 189 944 264 1002; x_wconf 88' lang='lat' dir='ltr'><strong>Sicut</strong></span> <span class='ocrx_word' id='word_1_71' title='bbox 283 946 312 997; x_wconf 88' lang='lat' dir='ltr'><strong>ot</strong></span> <span class='ocrx_word' id='word_1_72' title='bbox 324 952 337 978; x_wconf 78' lang='lat'>⁸</span> <span class='ocrx_word' id='word_1_73' title='bbox 351 941 386 997; x_wconf 90' lang='lat' dir='ltr'><strong>ab</strong></span> <span class='ocrx_word' id='word_1_74' title='bbox 408 942 505 999; x_wconf 86' lang='lat' dir='ltr'><strong>abbate</strong></span> <span class='ocrx_word' id='word_1_75' title='bbox 527 942 656 1013; x_wconf 86' lang='lat' dir='ltr'><strong>blacerio,</strong></span> <span class='ocrx_word' id='word_1_76' title='bbox 680 941 727 1013; x_wconf 90' lang='lat' dir='ltr'><strong>qni</strong></span> <span class='ocrx_word' id='word_1_77' title='bbox 752 940 952 998; x_wconf 81' lang='lat' dir='ltr'><strong>habitationem</strong></span> <span class='ocrx_word' id='word_1_78' title='bbox 1007 938 1090 995; x_wconf 90' lang='lat' dir='ltr'><strong>litatis</strong></span> <span class='ocrx_word' id='word_1_79' title='bbox 1103 937 1245 1010; x_wconf 77' lang='lat' dir='ltr'><strong>naufragio</strong></span> <span class='ocrx_word' id='word_1_80' title='bbox 1268 938 1404 1008; x_wconf 89' lang='lat' dir='ltr'><strong>liberaret,</strong></span> <span class='ocrx_word' id='word_1_81' title='bbox 1418 936 1539 994; x_wconf 83' lang='lat' dir='ltr'><strong>advenit.</strong></span> <span class='ocrx_word' id='word_1_82' title='bbox 1555 938 1642 1006; x_wconf 85' lang='lat' dir='ltr'><strong>Quem</strong></span> <span class='ocrx_word' id='word_1_83' title='bbox 1666 952 1731 994; x_wconf 90' lang='lat' dir='ltr'><strong>cum</strong></span> <span class='ocrx_word' id='word_1_84' title='bbox 1747 938 1808 996; x_wconf 78' lang='lat' dir='ltr'><strong>bae·</strong></span> 
     </span>
     <span class='ocr_line' id='line_1_10' title="bbox 151 1030 1803 1111; baseline -0.005 -15"><span class='ocrx_word' id='word_1_85' title='bbox 151 1037 356 1111; x_wconf 66' lang='lat' dir='ltr'><strong>”scythioticae</strong></span> <span class='ocrx_word' id='word_1_86' title='bbox 369 1036 525 1093; x_wconf 90' lang='lat' dir='ltr'><strong>solitudinis</strong></span> <span class='ocrx_word' id='word_1_87' title='bbox 547 1037 651 1108; x_wconf 89' lang='lat' dir='ltr'><strong>primus</strong></span> <span class='ocrx_word' id='word_1_88' title='bbox 664 1035 793 1103; x_wconf 77' lang='lat' dir='ltr'><strong>invenit,e</strong></span> <span class='ocrx_word' id='word_1_89' title='bbox 812 1042 953 1092; x_wconf 89' lang='lat' dir='ltr'><strong>mortuum</strong></span> <span class='ocrx_word' id='word_1_90' title='bbox 1008 1032 1109 1089; x_wconf 87' lang='lat' dir='ltr'><strong>relicus</strong></span> <span class='ocrx_word' id='word_1_91' title='bbox 1122 1040 1181 1088; x_wconf 88' lang='lat' dir='ltr'><strong>arte</strong></span> <span class='ocrx_word' id='word_1_92' title='bbox 1201 1032 1338 1088; x_wconf 88' lang='lat' dir='ltr'><strong>dialectica</strong></span> <span class='ocrx_word' id='word_1_93' title='bbox 1352 1030 1449 1088; x_wconf 87' lang='lat' dir='ltr'><strong>luisset</strong></span> <span class='ocrx_word' id='word_1_94' title='bbox 1471 1044 1632 1103; x_wconf 79' lang='lat' dir='ltr'><strong>aggressus,</strong></span> <span class='ocrx_word' id='word_1_95' title='bbox 1646 1037 1674 1086; x_wconf 92' lang='lat' dir='ltr'><strong>et</strong></span> <span class='ocrx_word' id='word_1_96' title='bbox 1693 1032 1803 1089; x_wconf 79' lang='lat' dir='ltr'><strong>Aristo·</strong></span> 
     </span>
     <span class='ocr_line' id='line_1_11' title="bbox 151 1123 1807 1199; baseline -0.006 -8"><span class='ocrx_word' id='word_1_97' title='bbox 151 1133 315 1191; x_wconf 88' lang='lat' dir='ltr'><strong>suscitatum</strong></span> <span class='ocrx_word' id='word_1_98' title='bbox 329 1147 388 1189; x_wconf 88' lang='lat' dir='ltr'><strong>csse</strong></span> <span class='ocrx_word' id='word_1_99' title='bbox 408 1130 621 1187; x_wconf 77' lang='lat' dir='ltr'><strong>reminiscimur.</strong></span> <span class='ocrx_word' id='word_1_100' title='bbox 642 1132 711 1186; x_wconf 86' lang='lat' dir='ltr'><strong>llam</strong></span> <span class='ocrx_word' id='word_1_101' title='bbox 730 1145 794 1185; x_wconf 90' lang='lat' dir='ltr'><strong>cnm</strong></span> <span class='ocrx_word' id='word_1_102' title='bbox 810 1128 955 1185; x_wconf 83' lang='lat' dir='ltr'><strong>baereticns</strong></span> <span class='ocrx_word' id='word_1_103' title='bbox 1009 1126 1096 1182; x_wconf 91' lang='lat' dir='ltr'><strong>teliois</strong></span> <span class='ocrx_word' id='word_1_104' title='bbox 1121 1126 1290 1199; x_wconf 78' lang='lat' dir='ltr'><strong>ignorantem</strong></span> <span class='ocrx_word' id='word_1_105' title='bbox 1309 1125 1417 1198; x_wconf 72' lang='lat' dir='ltr'><strong>spinis‘</strong></span> <span class='ocrx_word' id='word_1_106' title='bbox 1438 1124 1522 1181; x_wconf 88' lang='lat' dir='ltr'><strong>vellet</strong></span> <span class='ocrx_word' id='word_1_107' title='bbox 1547 1123 1692 1191; x_wconf 86' lang='lat' dir='ltr'><strong>abducere,</strong></span> <span class='ocrx_word' id='word_1_108' title='bbox 1707 1125 1807 1182; x_wconf 88' lang='lat' dir='ltr'><strong>beatus</strong></span> 
     </span>
    </p>
   </div>
   <div class='ocr_carea' id='block_1_4' title="bbox 697 1276 1255 1337">
    <p class='ocr_par' dir='ltr' id='par_1_6' title="bbox 697 1276 1255 1337">
     <span class='ocr_line' id='line_1_12' title="bbox 697 1276 1255 1337; baseline -0.013 -1"><span class='ocrx_word' id='word_1_109' title='bbox 697 1280 825 1337; x_wconf 76' lang='lat' dir='ltr'><strong>attunt</strong></span> <span class='ocrx_word' id='word_1_110' title='bbox 843 1279 957 1335; x_wconf 74' lang='lat' dir='ltr'><strong>GAZAEl</strong></span> <span class='ocrx_word' id='word_1_111' title='bbox 977 1276 1255 1335; x_wconf 72' lang='lat' dir='ltr'>COMMENTARIUS.</span> 
     </span>
    </p>
   </div>
   <div class='ocr_carea' id='block_1_5' title="bbox 151 1410 1805 1839">
    <p class='ocr_par' dir='ltr' id='par_1_7' title="bbox 151 1410 1805 1839">
     <span class='ocr_line' id='line_1_13' title="bbox 152 1410 1805 1489; baseline -0.002 -18"><span class='ocrx_word' id='word_1_112' title='bbox 152 1415 245 1489; x_wconf 75' lang='lat' dir='ltr'><strong>gloriare</strong></span> <span class='ocrx_word' id='word_1_113' title='bbox 258 1412 394 1485; x_wconf 81' lang='lat' dir='ltr'><strong>specimen</strong></span> <span class='ocrx_word' id='word_1_114' title='bbox 407 1410 553 1480; x_wconf 80' lang='lat' dir='ltr'><strong>dedissent,</strong></span> <span class='ocrx_word' id='word_1_115' title='bbox 575 1411 692 1484; x_wconf 84' lang='lat' dir='ltr'><strong>sulpitio</strong></span> <span class='ocrx_word' id='word_1_116' title='bbox 709 1415 808 1469; x_wconf 80' lang='lat' dir='ltr'><strong>Severo</strong></span> <span class='ocrx_word' id='word_1_117' title='bbox 830 1428 890 1468; x_wconf 93' lang='lat' dir='ltr'><strong>rem</strong></span> <span class='ocrx_word' id='word_1_118' title='bbox 913 1412 950 1468; x_wconf 85' lang='lat' dir='ltr'><strong>ita</strong></span> <span class='ocrx_word' id='word_1_119' title='bbox 1003 1412 1180 1481; x_wconf 82' lang='lat' dir='ltr'><strong>prederentur</strong></span> <span class='ocrx_word' id='word_1_120' title='bbox 1196 1432 1204 1466; x_wconf 78' lang='lat' dir='ltr'><strong>r</strong></span> <span class='ocrx_word' id='word_1_121' title='bbox 1219 1415 1249 1467; x_wconf 87' lang='lat' dir='ltr'><strong>in</strong></span> <span class='ocrx_word' id='word_1_122' title='bbox 1261 1428 1340 1483; x_wconf 90' lang='lat' dir='ltr'><strong>quem</strong></span> <span class='ocrx_word' id='word_1_123' title='bbox 1350 1412 1466 1481; x_wconf 75' lang='lat' dir='ltr'><strong>inpressi</strong></span> <span class='ocrx_word' id='word_1_124' title='bbox 1476 1415 1539 1467; x_wconf 78' lang='lat' dir='ltr'><strong>stent</strong></span> <span class='ocrx_word' id='word_1_125' title='bbox 1549 1411 1603 1466; x_wconf 90' lang='lat' dir='ltr'><strong>duo</strong></span> <span class='ocrx_word' id='word_1_126' title='bbox 1617 1410 1727 1465; x_wconf 88' lang='lat' dir='ltr'><strong>tribuni</strong></span> <span class='ocrx_word' id='word_1_127' title='bbox 1746 1426 1805 1467; x_wconf 81' lang='lat' dir='ltr'><strong>neat</strong></span> 
     </span>
     <span class='ocr_line' id='line_1_14' title="bbox 152 1482 1804 1555; baseline -0.004 -12"><span class='ocrx_word' id='word_1_128' title='bbox 152 1494 318 1543; x_wconf 84' lang='lat' dir='ltr'><strong>enarrante:</strong></span> <span class='ocrx_word' id='word_1_129' title='bbox 334 1485 447 1541; x_wconf 83' lang='lat' dir='ltr'><strong>Gnidum</strong></span> <span class='ocrx_word' id='word_1_130' title='bbox 464 1485 595 1547; x_wconf 87' lang='lat' dir='ltr'><strong>solitario,</strong></span> <span class='ocrx_word' id='word_1_131' title='bbox 612 1487 663 1554; x_wconf 88' lang='lat' dir='ltr'><strong>qui</strong></span> <span class='ocrx_word' id='word_1_132' title='bbox 674 1501 760 1555; x_wconf 90' lang='lat' dir='ltr'><strong>nuper</strong></span> <span class='ocrx_word' id='word_1_133' title='bbox 776 1486 814 1538; x_wconf 85' lang='lat' dir='ltr'><strong>ad</strong></span> <span class='ocrx_word' id='word_1_134' title='bbox 834 1499 951 1538; x_wconf 90' lang='lat' dir='ltr'><strong>eremum</strong></span> <span class='ocrx_word' id='word_1_135' title='bbox 1004 1500 1102 1551; x_wconf 83' lang='lat' dir='ltr'><strong>moqne</strong></span> <span class='ocrx_word' id='word_1_136' title='bbox 1111 1486 1188 1551; x_wconf 74' lang='lat' dir='ltr'><strong>tastu</strong></span> <span class='ocrx_word' id='word_1_137' title='bbox 1198 1489 1223 1538; x_wconf 90' lang='lat' dir='ltr'><strong>et</strong></span> <span class='ocrx_word' id='word_1_138' title='bbox 1234 1488 1380 1553; x_wconf 86' lang='lat' dir='ltr'><strong>apparatu.</strong></span> <span class='ocrx_word' id='word_1_139' title='bbox 1393 1486 1540 1552; x_wconf 85' lang='lat' dir='ltr'><strong>Postquam</strong></span> <span class='ocrx_word' id='word_1_140' title='bbox 1549 1498 1612 1551; x_wconf 85' lang='lat' dir='ltr'><strong>erqo</strong></span> <span class='ocrx_word' id='word_1_141' title='bbox 1622 1482 1804 1537; x_wconf 84' lang='lat' dir='ltr'><strong>tribtmiuide</strong></span> 
     </span>
     <span class='ocr_line' id='line_1_15' title="bbox 152 1554 1804 1625; baseline -0.003 -11"><span class='ocrx_word' id='word_1_142' title='bbox 152 1560 301 1619; x_wconf 87' lang='lat' dir='ltr'><strong>secesserat,</strong></span> <span class='ocrx_word' id='word_1_143' title='bbox 323 1571 407 1625; x_wconf 90' lang='lat' dir='ltr'><strong>neque</strong></span> <span class='ocrx_word' id='word_1_144' title='bbox 426 1556 542 1625; x_wconf 87' lang='lat' dir='ltr'><strong>amptius</strong></span> <span class='ocrx_word' id='word_1_145' title='bbox 561 1556 595 1609; x_wconf 89' lang='lat' dir='ltr'><strong>ab</strong></span> <span class='ocrx_word' id='word_1_146' title='bbox 618 1556 667 1611; x_wconf 84' lang='lat' dir='ltr'><strong>boc</strong></span> <span class='ocrx_word' id='word_1_147' title='bbox 687 1558 846 1609; x_wconf 79' lang='lat' dir='ltr'><strong>rnortatstenio</strong></span> <span class='ocrx_word' id='word_1_148' title='bbox 870 1571 951 1623; x_wconf 87' lang='lat' dir='ltr'><strong>qtutm</strong></span> <span class='ocrx_word' id='word_1_149' title='bbox 1003 1560 1068 1609; x_wconf 89' lang='lat' dir='ltr'><strong>runt</strong></span> <span class='ocrx_word' id='word_1_150' title='bbox 1082 1558 1151 1623; x_wconf 88' lang='lat' dir='ltr'><strong>ipsos</strong></span> <span class='ocrx_word' id='word_1_151' title='bbox 1159 1556 1394 1623; x_wconf 81' lang='lat' dir='ltr'><strong>ueteribuspannis</strong></span> <span class='ocrx_word' id='word_1_152' title='bbox 1404 1556 1513 1609; x_wconf 85' lang='lat' dir='ltr'><strong>indutos</strong></span> <span class='ocrx_word' id='word_1_153' title='bbox 1521 1559 1547 1609; x_wconf 88' lang='lat' dir='ltr'><strong>et</strong></span> <span class='ocrx_word' id='word_1_154' title='bbox 1555 1554 1675 1610; x_wconf 88' lang='lat' dir='ltr'><strong>sedentes</strong></span> <span class='ocrx_word' id='word_1_155' title='bbox 1683 1556 1713 1608; x_wconf 90' lang='lat' dir='ltr'><strong>ia</strong></span> <span class='ocrx_word' id='word_1_156' title='bbox 1723 1569 1804 1624; x_wconf 85' lang='lat' dir='ltr'><strong>anqu-</strong></span> 
     </span>
     <span class='ocr_line' id='line_1_16' title="bbox 151 1625 1803 1695; baseline -0.003 -11"><span class='ocrx_word' id='word_1_157' title='bbox 151 1644 201 1685; x_wconf 79' lang='lat' dir='ltr'><strong>see</strong></span> <span class='ocrx_word' id='word_1_158' title='bbox 220 1628 341 1682; x_wconf 87' lang='lat' dir='ltr'><strong>rttillibns</strong></span> <span class='ocrx_word' id='word_1_159' title='bbox 361 1627 563 1681; x_wconf 82' lang='lat' dir='ltr'><strong>tuberataeulunt</strong></span> <span class='ocrx_word' id='word_1_160' title='bbox 582 1627 637 1681; x_wconf 85' lang='lat' dir='ltr'><strong>sibi</strong></span> <span class='ocrx_word' id='word_1_161' title='bbox 653 1630 838 1691; x_wconf 87' lang='lat' dir='ltr'><strong>constituerat,</strong></span> <span class='ocrx_word' id='word_1_162' title='bbox 852 1641 951 1695; x_wconf 85' lang='lat' dir='ltr'><strong>partem</strong></span> <span class='ocrx_word' id='word_1_163' title='bbox 1005 1625 1039 1687; x_wconf 85' lang='lat' dir='ltr'><strong>le,</strong></span> <span class='ocrx_word' id='word_1_164' title='bbox 1051 1626 1263 1680; x_wconf 78' lang='lat' dir='ltr'><strong>terentilernillam</strong></span> <span class='ocrx_word' id='word_1_165' title='bbox 1275 1630 1300 1679; x_wconf 89' lang='lat' dir='ltr'><strong>et</strong></span> <span class='ocrx_word' id='word_1_166' title='bbox 1313 1626 1536 1680; x_wconf 81' lang='lat' dir='ltr'><strong>teneternoiuendi</strong></span> <span class='ocrx_word' id='word_1_167' title='bbox 1545 1625 1803 1687; x_wconf 71' lang='lat' dir='ltr'><strong>restaurationum</strong></span> 
     </span>
     <span class='ocr_line' id='line_1_17' title="bbox 152 1694 1803 1769; baseline -0.003 -14"><span class='ocrx_word' id='word_1_168' title='bbox 152 1700 236 1755; x_wconf 85' lang='lat' dir='ltr'><strong>obbas</strong></span> <span class='ocrx_word' id='word_1_169' title='bbox 246 1714 297 1769; x_wconf 85' lang='lat' dir='ltr'><strong>per</strong></span> <span class='ocrx_word' id='word_1_170' title='bbox 307 1699 373 1753; x_wconf 82' lang='lat' dir='ltr'><strong>detes</strong></span> <span class='ocrx_word' id='word_1_171' title='bbox 383 1712 481 1767; x_wconf 87' lang='lat' dir='ltr'><strong>pueros</strong></span> <span class='ocrx_word' id='word_1_172' title='bbox 494 1700 622 1763; x_wconf 66' lang='lat' dir='ltr'><strong>miseram</strong></span> <span class='ocrx_word' id='word_1_173' title='bbox 641 1712 754 1766; x_wconf 86' lang='lat' dir='ltr'><strong>qttorum</strong></span> <span class='ocrx_word' id='word_1_174' title='bbox 768 1698 856 1767; x_wconf 74' lang='lat' dir='ltr'><strong>major</strong></span> <span class='ocrx_word' id='word_1_175' title='bbox 867 1697 950 1751; x_wconf 89' lang='lat' dir='ltr'><strong>babe-</strong></span> <span class='ocrx_word' id='word_1_176' title='bbox 999 1694 1173 1765; x_wconf 75' lang='lat' dir='ltr'><strong>judicabant.</strong></span> <span class='ocrx_word' id='word_1_177' title='bbox 1193 1698 1265 1763; x_wconf 81' lang='lat' dir='ltr'><strong>linus</strong></span> <span class='ocrx_word' id='word_1_178' title='bbox 1277 1702 1369 1751; x_wconf 88' lang='lat' dir='ltr'><strong>autem</strong></span> <span class='ocrx_word' id='word_1_179' title='bbox 1378 1712 1412 1751; x_wconf 80' lang='lat' dir='ltr'><strong>ea</strong></span> <span class='ocrx_word' id='word_1_180' title='bbox 1427 1699 1438 1750; x_wconf 95' lang='lat' dir='ltr'><strong>i</strong></span> <span class='ocrx_word' id='word_1_181' title='bbox 1456 1699 1494 1749; x_wconf 88' lang='lat' dir='ltr'><strong>sis</strong></span> <span class='ocrx_word' id='word_1_182' title='bbox 1509 1697 1626 1750; x_wconf 79' lang='lat' dir='ltr'><strong>tribunis</strong></span> <span class='ocrx_word' id='word_1_183' title='bbox 1636 1696 1712 1750; x_wconf 66' lang='lat' dir='ltr'><strong>dreit</strong></span> <span class='ocrx_word' id='word_1_184' title='bbox 1722 1696 1762 1750; x_wconf 91' lang='lat' dir='ltr'><strong>ad</strong></span> <span class='ocrx_word' id='word_1_185' title='bbox 1768 1698 1803 1767; x_wconf 84' lang='lat' dir='ltr'><strong>ip</strong></span> 
     </span>
     <span class='ocr_line' id='line_1_18' title="bbox 153 1712 1803 1839; baseline -0.002 -13"><span class='ocrx_word' id='word_1_186' title='bbox 153 1772 201 1826; x_wconf 89' lang='lat' dir='ltr'><strong>bat</strong></span> <span class='ocrx_word' id='word_1_187' title='bbox 208 1772 300 1825; x_wconf 84' lang='lat' dir='ltr'><strong>atatis</strong></span> <span class='ocrx_word' id='word_1_188' title='bbox 311 1784 395 1824; x_wconf 86' lang='lat' dir='ltr'><strong>annos</strong></span> <span class='ocrx_word' id='word_1_189' title='bbox 406 1770 558 1838; x_wconf 89' lang='lat' dir='ltr'><strong>quindecim</strong></span> <span class='ocrx_word' id='word_1_190' title='bbox 570 1787 578 1822; x_wconf 91' lang='lat'><strong>:</strong></span> <span class='ocrx_word' id='word_1_191' title='bbox 591 1770 679 1823; x_wconf 88' lang='lat' dir='ltr'><strong>minor</strong></span> <span class='ocrx_word' id='word_1_192' title='bbox 690 1768 866 1823; x_wconf 80' lang='lat' dir='ltr'><strong>dunrlecennis</strong></span> <span class='ocrx_word' id='word_1_193' title='bbox 879 1772 948 1823; x_wconf 89' lang='lat' dir='ltr'><strong>erat.</strong></span> <span class='ocrx_word' id='word_1_194' title='bbox 1003 1782 1046 1821; x_wconf 87' lang='lat' dir='ltr'><strong>sos</strong></span> <span class='ocrx_word' id='word_1_195' title='bbox 1058 1787 1066 1822; x_wconf 74' lang='grc' dir='ltr'><strong><em>ε</em></strong></span> <span class='ocrx_word' id='word_1_196' title='bbox 1078 1769 1156 1823; x_wconf 80' lang='lat' dir='ltr'><strong>Beati</strong></span> <span class='ocrx_word' id='word_1_197' title='bbox 1164 1770 1227 1822; x_wconf 89' lang='lat' dir='ltr'><strong>estis</strong></span> <span class='ocrx_word' id='word_1_198' title='bbox 1234 1782 1289 1835; x_wconf 79' lang='lat' dir='ltr'><strong>ens,</strong></span> <span class='ocrx_word' id='word_1_199' title='bbox 1300 1769 1348 1837; x_wconf 90' lang='lat' dir='ltr'><strong>qui</strong></span> <span class='ocrx_word' id='word_1_200' title='bbox 1357 1712 1487 1822; x_wconf 45' lang='lat' dir='ltr'><strong>mundium</strong></span> <span class='ocrx_word' id='word_1_201' title='bbox 1493 1768 1622 1821; x_wconf 77' lang='lat' dir='ltr'><strong>illuditis.</strong></span> <span class='ocrx_word' id='word_1_202' title='bbox 1633 1768 1803 1839; x_wconf 69' lang='lat' dir='ltr'><strong>Respondeas</strong></span> 
     </span>
    </p>
   </div>
   <div class='ocr_carea' id='block_1_6' title="bbox 153 1826 1799 1909">
    <p class='ocr_par' dir='ltr' id='par_1_8' title="bbox 153 1826 1799 1909">
     <span class='ocr_line' id='line_1_19' title="bbox 153 1826 1799 1909; baseline -0.003 -11"><span class='ocrx_word' id='word_1_203' title='bbox 153 1844 203 1899; x_wconf 86' lang='lat' dir='ltr'><strong>llis</strong></span> <span class='ocrx_word' id='word_1_204' title='bbox 219 1856 282 1909; x_wconf 84' lang='lat' dir='ltr'><strong>erpo</strong></span> <span class='ocrx_word' id='word_1_205' title='bbox 297 1840 359 1895; x_wconf 88' lang='lat' dir='ltr'><strong>iude</strong></span> <span class='ocrx_word' id='word_1_206' title='bbox 378 1840 552 1894; x_wconf 80' lang='lat' dir='ltr'><strong>redeuntibus</strong></span> <span class='ocrx_word' id='word_1_207' title='bbox 567 1842 639 1909; x_wconf 82' lang='lat' dir='ltr'><strong>aspis</strong></span> <span class='ocrx_word' id='word_1_208' title='bbox 654 1842 732 1893; x_wconf 80' lang='lat' dir='ltr'><strong>atine</strong></span> <span class='ocrx_word' id='word_1_209' title='bbox 753 1839 950 1907; x_wconf 66' lang='lat' dir='ltr'><strong>magnitudinis</strong></span> <span class='ocrx_word' id='word_1_210' title='bbox 965 1826 1092 1892; x_wconf 83' lang='lat' dir='ltr'><strong>Baetem</strong></span> <span class='ocrx_word' id='word_1_211' title='bbox 1104 1840 1248 1900; x_wconf 69' lang='lat' dir='ltr'><strong>lineantis,</strong></span> <span class='ocrx_word' id='word_1_212' title='bbox 1261 1840 1375 1907; x_wconf 88' lang='lat' dir='ltr'><strong>quierat</strong></span> <span class='ocrx_word' id='word_1_213' title='bbox 1384 1838 1514 1902; x_wconf 85' lang='lat' dir='ltr'><strong>urbanus,</strong></span> <span class='ocrx_word' id='word_1_214' title='bbox 1527 1838 1603 1893; x_wconf 79' lang='lat' dir='ltr'><strong>erait</strong></span> <span class='ocrx_word' id='word_1_215' title='bbox 1613 1840 1652 1893; x_wconf 85' lang='lat' dir='ltr'><strong>eis</strong></span> <span class='ocrx_word' id='word_1_216' title='bbox 1662 1856 1671 1891; x_wconf 87' lang='lat'><strong>.·</strong></span> <span class='ocrx_word' id='word_1_217' title='bbox 1681 1840 1731 1895; x_wconf 66' lang='lat' dir='ltr'><strong>libs</strong></span> <span class='ocrx_word' id='word_1_218' title='bbox 1742 1840 1799 1908; x_wconf 88' lang='lat' dir='ltr'><strong>qui-</strong></span> 
     </span>
    </p>
   </div>
   <div class='ocr_carea' id='block_1_7' title="bbox 150 1908 1803 2193">
    <p class='ocr_par' dir='ltr' id='par_1_9' title="bbox 150 1908 1803 2193">
     <span class='ocr_line' id='line_1_20' title="bbox 151 1908 1795 1980; baseline -0.001 -14"><span class='ocrx_word' id='word_1_219' title='bbox 151 1915 224 1967; x_wconf 83' lang='lat' dir='ltr'><strong>renit</strong></span> <span class='ocrx_word' id='word_1_220' title='bbox 233 1912 338 1967; x_wconf 74' lang='lat' dir='ltr'><strong>obruam</strong></span> <span class='ocrx_word' id='word_1_221' title='bbox 351 1931 359 1965; x_wconf 74' lang='lat' dir='ltr'><strong>r</strong></span> <span class='ocrx_word' id='word_1_222' title='bbox 371 1912 447 1979; x_wconf 77' lang='lat' dir='ltr'><strong>tnjtts</strong></span> <span class='ocrx_word' id='word_1_223' title='bbox 460 1926 568 1966; x_wconf 89' lang='lat' dir='ltr'><strong>occursu</strong></span> <span class='ocrx_word' id='word_1_224' title='bbox 583 1911 653 1964; x_wconf 86' lang='lat' dir='ltr'><strong>nibil</strong></span> <span class='ocrx_word' id='word_1_225' title='bbox 661 1912 825 1980; x_wconf 67' lang='lat' dir='ltr'><strong>perterritis,</strong></span> <span class='ocrx_word' id='word_1_226' title='bbox 844 1914 875 1964; x_wconf 90' lang='lat' dir='ltr'><strong>ut</strong></span> <span class='ocrx_word' id='word_1_227' title='bbox 888 1915 950 1965; x_wconf 89' lang='lat' dir='ltr'><strong>ante</strong></span> <span class='ocrx_word' id='word_1_228' title='bbox 1002 1908 1062 1963; x_wconf 89' lang='lat' dir='ltr'><strong>dem</strong></span> <span class='ocrx_word' id='word_1_229' title='bbox 1076 1909 1207 1963; x_wconf 86' lang='lat' dir='ltr'><strong>mundum</strong></span> <span class='ocrx_word' id='word_1_230' title='bbox 1219 1910 1354 1964; x_wconf 80' lang='lat' dir='ltr'><strong>illusimus</strong></span> <span class='ocrx_word' id='word_1_231' title='bbox 1377 1924 1440 1964; x_wconf 87' lang='lat' dir='ltr'><strong>:uos</strong></span> <span class='ocrx_word' id='word_1_232' title='bbox 1463 1914 1553 1963; x_wconf 90' lang='lat' dir='ltr'><strong>eutem</strong></span> <span class='ocrx_word' id='word_1_233' title='bbox 1565 1908 1679 1963; x_wconf 85' lang='lat' dir='ltr'><strong>muudus</strong></span> <span class='ocrx_word' id='word_1_234' title='bbox 1694 1910 1795 1964; x_wconf 85' lang='lat' dir='ltr'><strong>illudit.</strong></span> 
     </span>
     <span class='ocr_line' id='line_1_21' title="bbox 150 1980 1799 2054; baseline -0.002 -16"><span class='ocrx_word' id='word_1_235' title='bbox 150 1984 230 2054; x_wconf 89' lang='lat' dir='ltr'><strong>pedes</strong></span> <span class='ocrx_word' id='word_1_236' title='bbox 239 1998 330 2037; x_wconf 89' lang='lat' dir='ltr'><strong>earnm</strong></span> <span class='ocrx_word' id='word_1_237' title='bbox 338 1985 411 2037; x_wconf 82' lang='lat' dir='ltr'><strong>ontit</strong></span> <span class='ocrx_word' id='word_1_238' title='bbox 421 1985 648 2051; x_wconf 86' lang='lat' dir='ltr'><strong>quasiiucautnta</strong></span> <span class='ocrx_word' id='word_1_239' title='bbox 656 1982 949 2043; x_wconf 68' lang='lat' dir='ltr'><strong>carmeuibusaamtca</strong></span> <span class='ocrx_word' id='word_1_240' title='bbox 1002 1980 1078 2036; x_wconf 85' lang='lat' dir='ltr'><strong>Scias</strong></span> <span class='ocrx_word' id='word_1_241' title='bbox 1090 1985 1179 2035; x_wconf 80' lang='lat' dir='ltr'><strong>teretem</strong></span> <span class='ocrx_word' id='word_1_242' title='bbox 1192 1985 1217 2033; x_wconf 91' lang='lat' dir='ltr'><strong>te</strong></span> <span class='ocrx_word' id='word_1_243' title='bbox 1230 1996 1283 2034; x_wconf 89' lang='lat' dir='ltr'><strong>non</strong></span> <span class='ocrx_word' id='word_1_244' title='bbox 1295 1985 1343 2035; x_wconf 87' lang='lat' dir='ltr'><strong>tua</strong></span> <span class='ocrx_word' id='word_1_245' title='bbox 1352 1984 1446 2050; x_wconf 89' lang='lat' dir='ltr'><strong>sponte</strong></span> <span class='ocrx_word' id='word_1_246' title='bbox 1457 1982 1504 2034; x_wconf 87' lang='lat' dir='ltr'><strong>boc</strong></span> <span class='ocrx_word' id='word_1_247' title='bbox 1513 1980 1626 2039; x_wconf 72' lang='lat' dir='ltr'><strong>diense.</strong></span> <span class='ocrx_word' id='word_1_248' title='bbox 1638 1980 1799 2050; x_wconf 85' lang='lat' dir='ltr'><strong>sedprapbe·</strong></span> 
     </span>
     <span class='ocr_line' id='line_1_22' title="bbox 152 2050 1803 2123; baseline -0.002 -14"><span class='ocrx_word' id='word_1_249' title='bbox 152 2055 220 2109; x_wconf 90' lang='lat' dir='ltr'><strong>colln</strong></span> <span class='ocrx_word' id='word_1_250' title='bbox 229 2054 366 2123; x_wconf 86' lang='lat' dir='ltr'><strong>deposuit,</strong></span> <span class='ocrx_word' id='word_1_251' title='bbox 376 2055 464 2107; x_wconf 89' lang='lat' dir='ltr'><strong>minor</strong></span> <span class='ocrx_word' id='word_1_252' title='bbox 474 2070 508 2107; x_wconf 81' lang='lat' dir='ltr'><strong>aa</strong></span> <span class='ocrx_word' id='word_1_253' title='bbox 519 2055 622 2123; x_wconf 79' lang='lat' dir='ltr'><strong>peteris,</strong></span> <span class='ocrx_word' id='word_1_254' title='bbox 636 2067 720 2105; x_wconf 79' lang='lat' dir='ltr'><strong>mareu</strong></span> <span class='ocrx_word' id='word_1_255' title='bbox 733 2068 790 2106; x_wconf 90' lang='lat' dir='ltr'><strong>eam</strong></span> <span class='ocrx_word' id='word_1_256' title='bbox 801 2052 948 2121; x_wconf 77' lang='lat' dir='ltr'><strong>‹approben-</strong></span> <span class='ocrx_word' id='word_1_257' title='bbox 1003 2053 1062 2105; x_wconf 86' lang='lat' dir='ltr'><strong>tice.</strong></span> <span class='ocrx_word' id='word_1_258' title='bbox 1079 2051 1163 2106; x_wconf 85' lang='lat' dir='ltr'><strong>Ambo</strong></span> <span class='ocrx_word' id='word_1_259' title='bbox 1181 2053 1248 2105; x_wconf 89' lang='lat' dir='ltr'><strong>enirn</strong></span> <span class='ocrx_word' id='word_1_260' title='bbox 1261 2066 1387 2105; x_wconf 77' lang='lat' dir='ltr'><strong>commta</strong></span> <span class='ocrx_word' id='word_1_261' title='bbox 1402 2053 1527 2114; x_wconf 76' lang='lat' dir='ltr'><strong>Messeni,</strong></span> <span class='ocrx_word' id='word_1_262' title='bbox 1546 2053 1594 2105; x_wconf 88' lang='lat' dir='ltr'><strong>boe</strong></span> <span class='ocrx_word' id='word_1_263' title='bbox 1607 2054 1657 2112; x_wconf 84' lang='lat' dir='ltr'><strong>est,</strong></span> <span class='ocrx_word' id='word_1_264' title='bbox 1677 2050 1760 2104; x_wconf 89' lang='lat' dir='ltr'><strong>beati.</strong></span> <span class='ocrx_word' id='word_1_265' title='bbox 1776 2052 1803 2105; x_wconf 89' lang='lat' dir='ltr'><strong>Is</strong></span> 
     </span>
     <span class='ocr_line' id='line_1_23' title="bbox 151 2122 1801 2193; baseline -0.002 -13"><span class='ocrx_word' id='word_1_266' title='bbox 151 2140 221 2187; x_wconf 88' lang='lat' dir='ltr'><strong>sam,</strong></span> <span class='ocrx_word' id='word_1_267' title='bbox 237 2141 268 2178; x_wconf 81' lang='lat' dir='ltr'><strong>tte</strong></span> <span class='ocrx_word' id='word_1_268' title='bbox 279 2125 364 2193; x_wconf 91' lang='lat' dir='ltr'><strong>pollio</strong></span> <span class='ocrx_word' id='word_1_269' title='bbox 376 2125 525 2177; x_wconf 83' lang='lat' dir='ltr'><strong>irtuolutam</strong></span> <span class='ocrx_word' id='word_1_270' title='bbox 548 2124 621 2189; x_wconf 74' lang='lat' dir='ltr'><strong>terre</strong></span> <span class='ocrx_word' id='word_1_271' title='bbox 636 2126 714 2193; x_wconf 86' lang='lat' dir='ltr'><strong>capit</strong></span> <span class='ocrx_word' id='word_1_272' title='bbox 725 2142 733 2176; x_wconf 89' lang='lat'>:</span> <span class='ocrx_word' id='word_1_273' title='bbox 744 2124 840 2177; x_wconf 88' lang='lat' dir='ltr'><strong>deinde</strong></span> <span class='ocrx_word' id='word_1_274' title='bbox 850 2138 946 2177; x_wconf 89' lang='lat' dir='ltr'><strong>mone-</strong></span> <span class='ocrx_word' id='word_1_275' title='bbox 1002 2122 1158 2192; x_wconf 81' lang='lat' dir='ltr'><strong>nutemcjus</strong></span> <span class='ocrx_word' id='word_1_276' title='bbox 1166 2128 1471 2193; x_wconf 81' lang='lat' dir='ltr'><strong>sameaecompunctus,</strong></span> <span class='ocrx_word' id='word_1_277' title='bbox 1482 2138 1541 2176; x_wconf 88' lang='lat' dir='ltr'><strong>cum</strong></span> <span class='ocrx_word' id='word_1_278' title='bbox 1556 2122 1667 2175; x_wconf 89' lang='lat' dir='ltr'><strong>domum</strong></span> <span class='ocrx_word' id='word_1_279' title='bbox 1678 2124 1801 2187; x_wconf 80' lang='lat' dir='ltr'><strong>uenisset,</strong></span> 
     </span>
    </p>
   </div>
   <div class='ocr_carea' id='block_1_8' title="bbox 92 2196 950 3194">
    <p class='ocr_par' dir='ltr' id='par_1_10' title="bbox 147 2196 950 2972">
     <span class='ocr_line' id='line_1_24' title="bbox 151 2196 949 2263; baseline -0.003 -12"><span class='ocrx_word' id='word_1_280' title='bbox 151 2198 263 2251; x_wconf 78' lang='lat' dir='ltr'><strong>sterium</strong></span> <span class='ocrx_word' id='word_1_281' title='bbox 276 2197 358 2263; x_wconf 87' lang='lat' dir='ltr'><strong>quasi</strong></span> <span class='ocrx_word' id='word_1_282' title='bbox 368 2196 453 2248; x_wconf 88' lang='lat' dir='ltr'><strong>uictor</strong></span> <span class='ocrx_word' id='word_1_283' title='bbox 471 2196 619 2262; x_wconf 79' lang='lat' dir='ltr'><strong>inpressas,</strong></span> <span class='ocrx_word' id='word_1_284' title='bbox 634 2196 664 2247; x_wconf 89' lang='lat' dir='ltr'><strong>in</strong></span> <span class='ocrx_word' id='word_1_285' title='bbox 677 2209 813 2249; x_wconf 87' lang='lat' dir='ltr'><strong>accursum</strong></span> <span class='ocrx_word' id='word_1_286' title='bbox 827 2196 949 2261; x_wconf 77' lang='lat' dir='ltr'><strong>fratrum</strong></span> 
     </span>
     <span class='ocr_line' id='line_1_25' title="bbox 152 2265 950 2334; baseline 0.003 -17"><span class='ocrx_word' id='word_1_287' title='bbox 152 2268 288 2334; x_wconf 86' lang='lat' dir='ltr'><strong>captiuam</strong></span> <span class='ocrx_word' id='word_1_288' title='bbox 302 2265 424 2325; x_wconf 86' lang='lat' dir='ltr'><strong>bestium,</strong></span> <span class='ocrx_word' id='word_1_289' title='bbox 443 2266 558 2317; x_wconf 84' lang='lat' dir='ltr'><strong>resoluto</strong></span> <span class='ocrx_word' id='word_1_290' title='bbox 570 2265 666 2334; x_wconf 88' lang='lat' dir='ltr'><strong>pallio,</strong></span> <span class='ocrx_word' id='word_1_291' title='bbox 678 2280 731 2319; x_wconf 85' lang='lat' dir='ltr'><strong>aaa</strong></span> <span class='ocrx_word' id='word_1_292' title='bbox 742 2268 800 2320; x_wconf 88' lang='lat' dir='ltr'><strong>sine</strong></span> <span class='ocrx_word' id='word_1_293' title='bbox 807 2265 950 2333; x_wconf 73' lang='lat' dir='ltr'><strong>jactantie</strong></span> 
     </span>
     <span class='ocr_line' id='line_1_26' title="bbox 152 2335 948 2404; baseline -0.003 -13"><span class='ocrx_word' id='word_1_294' title='bbox 152 2340 255 2391; x_wconf 85' lang='lat' dir='ltr'><strong>tumore</strong></span> <span class='ocrx_word' id='word_1_295' title='bbox 268 2335 401 2404; x_wconf 87' lang='lat' dir='ltr'><strong>deposuit.</strong></span> <span class='ocrx_word' id='word_1_296' title='bbox 417 2336 470 2390; x_wconf 85' lang='lat' dir='ltr'><strong>Sed</strong></span> <span class='ocrx_word' id='word_1_297' title='bbox 479 2350 539 2389; x_wconf 88' lang='lat' dir='ltr'><strong>cum</strong></span> <span class='ocrx_word' id='word_1_298' title='bbox 549 2337 699 2400; x_wconf 76' lang='lat' dir='ltr'><strong>infantium</strong></span> <span class='ocrx_word' id='word_1_299' title='bbox 708 2336 788 2403; x_wconf 66' lang='grc' dir='ltr'><em>ράνννι</em></span> <span class='ocrx_word' id='word_1_300' title='bbox 799 2338 948 2404; x_wconf 84' lang='lat' dir='ltr'><strong>atqueuir-</strong></span> 
     </span>
     <span class='ocr_line' id='line_1_27' title="bbox 152 2406 946 2475; baseline -0.001 -14"><span class='ocrx_word' id='word_1_301' title='bbox 152 2410 235 2461; x_wconf 91' lang='lat' dir='ltr'><strong>tutem</strong></span> <span class='ocrx_word' id='word_1_302' title='bbox 250 2409 345 2460; x_wconf 78' lang='lat' dir='ltr'><strong>ceteri</strong></span> <span class='ocrx_word' id='word_1_303' title='bbox 357 2406 547 2475; x_wconf 79' lang='lat' dir='ltr'><strong>predicarent,</strong></span> <span class='ocrx_word' id='word_1_304' title='bbox 561 2406 644 2461; x_wconf 86' lang='lat' dir='ltr'><strong>abbas</strong></span> <span class='ocrx_word' id='word_1_305' title='bbox 657 2407 703 2461; x_wconf 87' lang='lat' dir='ltr'><strong>ille</strong></span> <span class='ocrx_word' id='word_1_306' title='bbox 718 2407 813 2460; x_wconf 88' lang='lat' dir='ltr'><strong>altiori</strong></span> <span class='ocrx_word' id='word_1_307' title='bbox 827 2407 946 2467; x_wconf 86' lang='lat' dir='ltr'><strong>consilio,</strong></span> 
     </span>
     <span class='ocr_line' id='line_1_28' title="bbox 151 2478 945 2546; baseline -0.003 -14"><span class='ocrx_word' id='word_1_308' title='bbox 151 2493 185 2533; x_wconf 90' lang='lat' dir='ltr'><strong>ne</strong></span> <span class='ocrx_word' id='word_1_309' title='bbox 195 2479 331 2546; x_wconf 71' lang='lat' dir='ltr'><strong>infirmior</strong></span> <span class='ocrx_word' id='word_1_310' title='bbox 344 2482 410 2532; x_wconf 79' lang='lat' dir='ltr'><strong>atres</strong></span> <span class='ocrx_word' id='word_1_311' title='bbox 425 2478 600 2544; x_wconf 76' lang='lat' dir='ltr'><strong>innotesceret,</strong></span> <span class='ocrx_word' id='word_1_312' title='bbox 615 2482 761 2545; x_wconf 80' lang='lat' dir='ltr'><strong>tttmtmqne</strong></span> <span class='ocrx_word' id='word_1_313' title='bbox 772 2478 857 2544; x_wconf 79' lang='lat' dir='ltr'><strong>uirqis</strong></span> <span class='ocrx_word' id='word_1_314' title='bbox 874 2492 945 2530; x_wconf 88' lang='lat' dir='ltr'><strong>corn·</strong></span> 
     </span>
     <span class='ocr_line' id='line_1_29' title="bbox 149 2548 946 2619; baseline -0.003 -16"><span class='ocrx_word' id='word_1_315' title='bbox 149 2552 262 2619; x_wconf 84' lang='lat' dir='ltr'><strong>pescuit,</strong></span> <span class='ocrx_word' id='word_1_316' title='bbox 284 2550 398 2603; x_wconf 88' lang='lat' dir='ltr'><strong>multum</strong></span> <span class='ocrx_word' id='word_1_317' title='bbox 415 2550 580 2618; x_wconf 69' lang='lat' dir='ltr'><strong>obius-patos,</strong></span> <span class='ocrx_word' id='word_1_318' title='bbox 601 2564 649 2602; x_wconf 85' lang='lat' dir='ltr'><strong>eur</strong></span> <span class='ocrx_word' id='word_1_319' title='bbox 662 2549 726 2615; x_wconf 88' lang='lat' dir='ltr'><strong>ipsi,</strong></span> <span class='ocrx_word' id='word_1_320' title='bbox 742 2548 814 2615; x_wconf 90' lang='lat' dir='ltr'><strong>quod</strong></span> <span class='ocrx_word' id='word_1_321' title='bbox 833 2562 883 2616; x_wconf 78' lang='lat' dir='ltr'><strong>per</strong></span> <span class='ocrx_word' id='word_1_322' title='bbox 904 2562 946 2601; x_wconf 90' lang='lat' dir='ltr'><strong>eos</strong></span> 
     </span>
     <span class='ocr_line' id='line_1_30' title="bbox 150 2618 948 2689; baseline -0.003 -15"><span class='ocrx_word' id='word_1_323' title='bbox 150 2626 278 2689; x_wconf 81' lang='lat' dir='ltr'><strong>operatus</strong></span> <span class='ocrx_word' id='word_1_324' title='bbox 297 2622 389 2687; x_wconf 72' lang='lat' dir='ltr'><strong>ficerat</strong></span> <span class='ocrx_word' id='word_1_325' title='bbox 409 2622 545 2683; x_wconf 78' lang='lat' dir='ltr'><strong>Dominus,</strong></span> <span class='ocrx_word' id='word_1_326' title='bbox 563 2618 769 2689; x_wconf 75' lang='lat' dir='ltr'><strong>prodidissent:</strong></span> <span class='ocrx_word' id='word_1_327' title='bbox 786 2632 853 2687; x_wconf 81' lang='lat' dir='ltr'><strong>aptes</strong></span> <span class='ocrx_word' id='word_1_328' title='bbox 877 2618 948 2672; x_wconf 89' lang='lat' dir='ltr'><strong>iilud</strong></span> 
     </span>
     <span class='ocr_line' id='line_1_31' title="bbox 150 2690 948 2761; baseline -0.003 -15"><span class='ocrx_word' id='word_1_329' title='bbox 150 2706 204 2746; x_wconf 91' lang='lat' dir='ltr'><strong>noa</strong></span> <span class='ocrx_word' id='word_1_330' title='bbox 227 2706 283 2746; x_wconf 80' lang='lat' dir='ltr'><strong>stre</strong></span> <span class='ocrx_word' id='word_1_331' title='bbox 295 2692 369 2761; x_wconf 73' lang='lat' dir='ltr'><strong>fidei,</strong></span> <span class='ocrx_word' id='word_1_332' title='bbox 384 2692 430 2746; x_wconf 90' lang='lat' dir='ltr'><strong>sed</strong></span> <span class='ocrx_word' id='word_1_333' title='bbox 447 2692 546 2746; x_wconf 85' lang='lat' dir='ltr'><strong>dirime</strong></span> <span class='ocrx_word' id='word_1_334' title='bbox 565 2692 651 2757; x_wconf 74' lang='lat' dir='ltr'><strong>seinse</strong></span> <span class='ocrx_word' id='word_1_335' title='bbox 668 2691 801 2743; x_wconf 81' lang='lat' dir='ltr'><strong>uirtutis:</strong></span> <span class='ocrx_word' id='word_1_336' title='bbox 815 2690 948 2745; x_wconf 81' lang='lat' dir='ltr'><strong>discerent</strong></span> 
     </span>
     <span class='ocr_line' id='line_1_32' title="bbox 147 2762 947 2833; baseline -0.005 -16"><span class='ocrx_word' id='word_1_337' title='bbox 147 2765 241 2833; x_wconf 82' lang='lat' dir='ltr'><strong>potius</strong></span> <span class='ocrx_word' id='word_1_338' title='bbox 255 2767 308 2819; x_wconf 87' lang='lat' dir='ltr'><strong>Deo</strong></span> <span class='ocrx_word' id='word_1_339' title='bbox 318 2765 349 2817; x_wconf 89' lang='lat' dir='ltr'><strong>iu</strong></span> <span class='ocrx_word' id='word_1_340' title='bbox 359 2763 512 2817; x_wconf 84' lang='lat' dir='ltr'><strong>bumilitate</strong></span> <span class='ocrx_word' id='word_1_341' title='bbox 524 2763 632 2822; x_wconf 64' lang='lat' dir='ltr'><strong>sarrire,</strong></span> <span class='ocrx_word' id='word_1_342' title='bbox 650 2774 702 2813; x_wconf 83' lang='lat' dir='ltr'><strong>tion</strong></span> <span class='ocrx_word' id='word_1_343' title='bbox 713 2762 743 2813; x_wconf 91' lang='lat' dir='ltr'><strong>in</strong></span> <span class='ocrx_word' id='word_1_344' title='bbox 755 2762 841 2828; x_wconf 81' lang='lat' dir='ltr'><strong>siquis</strong></span> <span class='ocrx_word' id='word_1_345' title='bbox 856 2765 881 2815; x_wconf 89' lang='lat' dir='ltr'><strong>et</strong></span> <span class='ocrx_word' id='word_1_346' title='bbox 894 2763 947 2813; x_wconf 89' lang='lat' dir='ltr'><strong>oir-</strong></span> 
     </span>
     <span class='ocr_line' id='line_1_33' title="bbox 150 2832 947 2903; baseline -0.005 -14"><span class='ocrx_word' id='word_1_347' title='bbox 150 2835 376 2902; x_wconf 83' lang='lat' dir='ltr'><strong>tu-tibusploriari</strong></span> <span class='ocrx_word' id='word_1_348' title='bbox 382 2852 390 2888; x_wconf 77' lang='grc' dir='ltr'><strong><em>ε</em></strong></span> <span class='ocrx_word' id='word_1_349' title='bbox 398 2835 463 2903; x_wconf 89' lang='lat' dir='ltr'><strong>quia</strong></span> <span class='ocrx_word' id='word_1_350' title='bbox 473 2834 568 2887; x_wconf 85' lang='lat' dir='ltr'><strong>melior</strong></span> <span class='ocrx_word' id='word_1_351' title='bbox 575 2832 947 2900; x_wconf 76' lang='lat' dir='ltr'><strong>essctirtprmitatiscouscien·</strong></span> 
     </span>
     <span class='ocr_line' id='line_1_34' title="bbox 150 2903 884 2972; baseline -0.004 -13"><span class='ocrx_word' id='word_1_352' title='bbox 150 2906 200 2971; x_wconf 61' lang='grc' dir='ltr'><strong>ἳνα,</strong></span> <span class='ocrx_word' id='word_1_353' title='bbox 213 2908 347 2960; x_wconf 79' lang='lat' dir='ltr'><strong>uirtutum</strong></span> <span class='ocrx_word' id='word_1_354' title='bbox 356 2907 487 2959; x_wconf 73' lang='lat' dir='ltr'><strong>ttartitnte.</strong></span> <span class='ocrx_word' id='word_1_355' title='bbox 498 2906 565 2959; x_wconf 76' lang='lat' dir='ltr'><strong>liene</strong></span> <span class='ocrx_word' id='word_1_356' title='bbox 580 2904 637 2971; x_wconf 90' lang='lat' dir='ltr'><strong>ipse</strong></span> <span class='ocrx_word' id='word_1_357' title='bbox 651 2903 731 2969; x_wconf 75' lang='lat' dir='ltr'><strong>(neat</strong></span> <span class='ocrx_word' id='word_1_358' title='bbox 749 2916 830 2972; x_wconf 89' lang='lat' dir='ltr'><strong>tcap.</strong></span> <span class='ocrx_word' id='word_1_359' title='bbox 847 2908 884 2965; x_wconf 82' lang='grc'><strong>9).</strong></span> 
     </span>
    </p>

    <p class='ocr_par' dir='ltr' id='par_1_11' title="bbox 92 2973 945 3194">
     <span class='ocr_line' id='line_1_35' title="bbox 92 2973 943 3047; baseline -0.007 -17"><span class='ocrx_word' id='word_1_360' title='bbox 92 2978 97 2985; x_wconf 89' lang='grc'><strong>“</strong></span> <span class='ocrx_word' id='word_1_361' title='bbox 185 2984 198 3011; x_wconf 78' lang='lat'>⁸</span> <span class='ocrx_word' id='word_1_362' title='bbox 212 2976 338 3047; x_wconf 81' lang='lat' dir='ltr'><strong>AEgyptio</strong></span> <span class='ocrx_word' id='word_1_363' title='bbox 359 2976 404 3029; x_wconf 91' lang='lat' dir='ltr'><strong>illo</strong></span> <span class='ocrx_word' id='word_1_364' title='bbox 430 2974 546 3037; x_wconf 91' lang='lat' dir='ltr'><strong>seniore,</strong></span> <span class='ocrx_word' id='word_1_365' title='bbox 570 2973 604 3027; x_wconf 90' lang='lat' dir='ltr'><strong>de</strong></span> <span class='ocrx_word' id='word_1_366' title='bbox 627 2986 682 3040; x_wconf 91' lang='lat' dir='ltr'><strong>qao</strong></span> <span class='ocrx_word' id='word_1_367' title='bbox 696 2987 778 3043; x_wconf 88' lang='lat' dir='ltr'><strong>supra</strong></span> <span class='ocrx_word' id='word_1_368' title='bbox 798 2974 943 3039; x_wconf 59' lang='lat' dir='ltr'><strong>[meamea.</strong></span> 
     </span>
     <span class='ocr_line' id='line_1_36' title="bbox 150 3041 944 3125; baseline -0.001 -27"><span class='ocrx_word' id='word_1_369' title='bbox 150 3045 169 3098; x_wconf 93' lang='lat' dir='ltr'><strong>l.</strong></span> <span class='ocrx_word' id='word_1_370' title='bbox 185 3060 231 3108; x_wconf 90' lang='lat' dir='ltr'><strong>ttr,</strong></span> <span class='ocrx_word' id='word_1_371' title='bbox 247 3062 268 3097; x_wconf 91' lang='lat' dir='ltr'><strong>c.</strong></span> <span class='ocrx_word' id='word_1_372' title='bbox 289 3044 339 3112; x_wconf 82' lang='lat' dir='ltr'><strong>ts),</strong></span> <span class='ocrx_word' id='word_1_373' title='bbox 355 3052 386 3099; x_wconf 87' lang='lat' dir='ltr'><strong>ut</strong></span> <span class='ocrx_word' id='word_1_374' title='bbox 397 3044 535 3115; x_wconf 87' lang='lat' dir='ltr'><strong>colligitur</strong></span> <span class='ocrx_word' id='word_1_375' title='bbox 548 3058 579 3095; x_wconf 84' lang='lat' dir='ltr'><strong>ex</strong></span> <span class='ocrx_word' id='word_1_376' title='bbox 595 3042 760 3107; x_wconf 81' lang='lat' dir='ltr'><strong>Saramene,</strong></span> <span class='ocrx_word' id='word_1_377' title='bbox 770 3042 816 3125; x_wconf 87' lang='lat' dir='ltr'><strong>qai</strong></span> <span class='ocrx_word' id='word_1_378' title='bbox 828 3041 863 3097; x_wconf 88' lang='lat' dir='ltr'><strong>de</strong></span> <span class='ocrx_word' id='word_1_379' title='bbox 877 3041 944 3097; x_wconf 90' lang='lat' dir='ltr'><strong>duo·</strong></span> 
     </span>
     <span class='ocr_line' id='line_1_37' title="bbox 150 3112 945 3194; baseline -0.001 -26"><span class='ocrx_word' id='word_1_380' title='bbox 150 3112 202 3169; x_wconf 92' lang='lat' dir='ltr'><strong>bus</strong></span> <span class='ocrx_word' id='word_1_381' title='bbox 221 3114 349 3169; x_wconf 88' lang='lat' dir='ltr'><strong>blacariis</strong></span> <span class='ocrx_word' id='word_1_382' title='bbox 367 3128 459 3181; x_wconf 71' lang='lat' dir='ltr'><strong>opens,</strong></span> <span class='ocrx_word' id='word_1_383' title='bbox 479 3112 640 3167; x_wconf 88' lang='lat' dir='ltr'><strong>miraculum</strong></span> <span class='ocrx_word' id='word_1_384' title='bbox 659 3112 731 3194; x_wconf 89' lang='lat' dir='ltr'><strong>quod</strong></span> <span class='ocrx_word' id='word_1_385' title='bbox 756 3112 800 3167; x_wconf 93' lang='lat' dir='ltr'><strong>btc</strong></span> <span class='ocrx_word' id='word_1_386' title='bbox 819 3120 945 3167; x_wconf 85' lang='lat' dir='ltr'><strong>narratur</strong></span> 
     </span>
    </p>
   </div>
   <div class='ocr_carea' id='block_1_9' title="bbox 996 2194 1801 3185">
    <p class='ocr_par' dir='ltr' id='par_1_12' title="bbox 1002 2194 1801 2333">
     <span class='ocr_line' id='line_1_38' title="bbox 1002 2194 1801 2261; baseline 0.004 -15"><span class='ocrx_word' id='word_1_387' title='bbox 1002 2198 1086 2247; x_wconf 84' lang='lat' dir='ltr'><strong>uestes</strong></span> <span class='ocrx_word' id='word_1_388' title='bbox 1099 2208 1210 2257; x_wconf 82' lang='lat' dir='ltr'><strong>certeris,</strong></span> <span class='ocrx_word' id='word_1_389' title='bbox 1224 2194 1321 2261; x_wconf 86' lang='lat' dir='ltr'><strong>deleqit</strong></span> <span class='ocrx_word' id='word_1_390' title='bbox 1333 2196 1417 2247; x_wconf 79' lang='lat' dir='ltr'><strong>vitarat</strong></span> <span class='ocrx_word' id='word_1_391' title='bbox 1437 2208 1516 2261; x_wconf 84' lang='lat' dir='ltr'><strong>apere</strong></span> <span class='ocrx_word' id='word_1_392' title='bbox 1525 2194 1689 2253; x_wconf 65' lang='lat' dir='ltr'><strong>scidae-inm,</strong></span> <span class='ocrx_word' id='word_1_393' title='bbox 1703 2194 1801 2249; x_wconf 85' lang='lat' dir='ltr'><strong>mttltas</strong></span> 
     </span>
     <span class='ocr_line' id='line_1_39' title="bbox 1004 2263 1454 2333; baseline 0.002 -17"><span class='ocrx_word' id='word_1_394' title='bbox 1004 2264 1106 2329; x_wconf 74' lang='lat' dir='ltr'><strong>taciens</strong></span> <span class='ocrx_word' id='word_1_395' title='bbox 1120 2265 1305 2333; x_wconf 73' lang='lat' dir='ltr'><strong>eleemosynas.</strong></span> <span class='ocrx_word' id='word_1_396' title='bbox 1321 2266 1388 2320; x_wconf 79' lang='lat' dir='ltr'><strong>ttae</strong></span> <span class='ocrx_word' id='word_1_397' title='bbox 1408 2263 1454 2318; x_wconf 90' lang='lat' dir='ltr'><strong>ibi.</strong></span> 
     </span>
    </p>

    <p class='ocr_par' dir='ltr' id='par_1_13' title="bbox 996 2333 1799 3185">
     <span class='ocr_line' id='line_1_40' title="bbox 1039 2333 1797 2391; baseline 0.005 -4"><span class='ocrx_word' id='word_1_398' title='bbox 1039 2342 1049 2368; x_wconf 77' lang='lat'>⁰</span> <span class='ocrx_word' id='word_1_399' title='bbox 1063 2334 1153 2388; x_wconf 88' lang='lat' dir='ltr'><strong>Habes</strong></span> <span class='ocrx_word' id='word_1_400' title='bbox 1168 2336 1221 2390; x_wconf 92' lang='lat' dir='ltr'><strong>boc</strong></span> <span class='ocrx_word' id='word_1_401' title='bbox 1239 2334 1399 2390; x_wconf 89' lang='lat' dir='ltr'><strong>miraculum</strong></span> <span class='ocrx_word' id='word_1_402' title='bbox 1415 2333 1509 2390; x_wconf 89' lang='lat' dir='ltr'><strong>itidem</strong></span> <span class='ocrx_word' id='word_1_403' title='bbox 1521 2334 1642 2390; x_wconf 91' lang='lat' dir='ltr'><strong>relatum</strong></span> <span class='ocrx_word' id='word_1_404' title='bbox 1654 2349 1669 2389; x_wconf 86' lang='lat' dir='ltr'><strong>a</strong></span> <span class='ocrx_word' id='word_1_405' title='bbox 1682 2333 1797 2391; x_wconf 82' lang='lat' dir='ltr'><strong>Palladio</strong></span> 
     </span>
     <span class='ocr_line' id='line_1_41' title="bbox 1003 2404 1798 2477; baseline 0.003 -18"><span class='ocrx_word' id='word_1_406' title='bbox 1003 2404 1069 2467; x_wconf 86' lang='lat' dir='ltr'><strong>(Ubi</strong></span> <span class='ocrx_word' id='word_1_407' title='bbox 1086 2411 1192 2473; x_wconf 88' lang='lat' dir='ltr'><strong>snpra),</strong></span> <span class='ocrx_word' id='word_1_408' title='bbox 1211 2405 1366 2476; x_wconf 84' lang='lat' dir='ltr'><strong>Nicepboro</strong></span> <span class='ocrx_word' id='word_1_409' title='bbox 1380 2406 1450 2477; x_wconf 88' lang='lat' dir='ltr'><strong>(Lib.</strong></span> <span class='ocrx_word' id='word_1_410' title='bbox 1473 2420 1519 2467; x_wconf 82' lang='lat' dir='ltr'><strong>tx.</strong></span> <span class='ocrx_word' id='word_1_411' title='bbox 1535 2422 1558 2459; x_wconf 86' lang='lat' dir='ltr'><strong>e.</strong></span> <span class='ocrx_word' id='word_1_412' title='bbox 1578 2409 1636 2472; x_wconf 83' lang='lat' dir='ltr'><strong>tt),</strong></span> <span class='ocrx_word' id='word_1_413' title='bbox 1652 2406 1798 2476; x_wconf 81' lang='lat' dir='ltr'><strong>praete-rSo</strong></span> 
     </span>
     <span class='ocr_line' id='line_1_42' title="bbox 1000 2475 1797 2545; baseline 0.008 -18"><span class='ocrx_word' id='word_1_414' title='bbox 1000 2488 1148 2529; x_wconf 81' lang='lat' dir='ltr'><strong>somenam</strong></span> <span class='ocrx_word' id='word_1_415' title='bbox 1169 2476 1294 2545; x_wconf 89' lang='lat' dir='ltr'><strong>superius</strong></span> <span class='ocrx_word' id='word_1_416' title='bbox 1309 2476 1436 2532; x_wconf 87' lang='lat' dir='ltr'><strong>citatum.</strong></span> <span class='ocrx_word' id='word_1_417' title='bbox 1453 2478 1549 2532; x_wconf 76' lang='lat' dir='ltr'><strong>Exstat</strong></span> <span class='ocrx_word' id='word_1_418' title='bbox 1562 2475 1661 2531; x_wconf 88' lang='lat' dir='ltr'><strong>eadem</strong></span> <span class='ocrx_word' id='word_1_419' title='bbox 1686 2476 1797 2533; x_wconf 86' lang='lat' dir='ltr'><strong>bistoritt</strong></span> 
     </span>
     <span class='ocr_line' id='line_1_43' title="bbox 999 2544 1797 2673; baseline 0.006 -75"><span class='ocrx_word' id='word_1_420' title='bbox 999 2544 1072 2669; x_wconf 64' lang='lat' dir='ltr'><strong>spttbd</strong></span> <span class='ocrx_word' id='word_1_421' title='bbox 1087 2546 1244 2617; x_wconf 81' lang='lat' dir='ltr'><strong>Evagrium,</strong></span> <span class='ocrx_word' id='word_1_422' title='bbox 1264 2561 1311 2673; x_wconf 59' lang='lat' dir='ltr'><strong>selu</strong></span> <span class='ocrx_word' id='word_1_423' title='bbox 1324 2548 1417 2629; x_wconf 80' lang='lat' dir='ltr'><strong>potius</strong></span> <span class='ocrx_word' id='word_1_424' title='bbox 1427 2548 1559 2673; x_wconf 47' lang='lat' dir='ltr'><strong>Rulitpum</strong></span> <span class='ocrx_word' id='word_1_425' title='bbox 1569 2546 1797 2673; x_wconf 51' lang='grc' dir='ltr'><strong>ἰρνίνίεθῐᾶοπυω</strong></span> 
     </span>
     <span class='ocr_line' id='line_1_44' title="bbox 1001 2614 1798 2770; baseline 0.006 -29"><span class='ocrx_word' id='word_1_426' title='bbox 1001 2614 1275 2770; x_wconf 44' lang='lat' dir='ltr'><strong>fflfflqiissigpsstffi&#39;,</strong></span> <span class='ocrx_word' id='word_1_427' title='bbox 1291 2618 1687 2770; x_wconf 43' lang='lat' dir='ltr'><strong>‘zizipffllrlepssmpsgpltpltphisc</strong></span> <span class='ocrx_word' id='word_1_428' title='bbox 1713 2634 1798 2746; x_wconf 53' lang='lat' dir='ltr'><strong>affl-</strong></span> 
     </span>
     <span class='ocr_line' id='line_1_45' title="bbox 1000 2760 1799 2831; baseline 0.006 -20"><span class='ocrx_word' id='word_1_429' title='bbox 1000 2764 1074 2811; x_wconf 89' lang='lat' dir='ltr'><strong>tasse</strong></span> <span class='ocrx_word' id='word_1_430' title='bbox 1082 2760 1196 2827; x_wconf 81' lang='lat' dir='ltr'><strong>Juvabtt.</strong></span> <span class='ocrx_word' id='word_1_431' title='bbox 1215 2760 1258 2814; x_wconf 88' lang='lat' dir='ltr'><strong>Sto</strong></span> <span class='ocrx_word' id='word_1_432' title='bbox 1275 2774 1351 2814; x_wconf 88' lang='lat' dir='ltr'><strong>emm</strong></span> <span class='ocrx_word' id='word_1_433' title='bbox 1364 2760 1421 2831; x_wconf 90' lang='lat' dir='ltr'><strong>ipse</strong></span> <span class='ocrx_word' id='word_1_434' title='bbox 1436 2760 1470 2815; x_wconf 90' lang='lat' dir='ltr'><strong>de</strong></span> <span class='ocrx_word' id='word_1_435' title='bbox 1481 2762 1603 2815; x_wconf 79' lang='lat' dir='ltr'><strong>blacerio</strong></span> <span class='ocrx_word' id='word_1_436' title='bbox 1614 2775 1701 2831; x_wconf 74' lang='lat' dir='ltr'><strong>agens</strong></span> <span class='ocrx_word' id='word_1_437' title='bbox 1715 2778 1724 2815; x_wconf 72' lang='grc' dir='ltr'><em>τ</em></span> <span class='ocrx_word' id='word_1_438' title='bbox 1739 2762 1799 2817; x_wconf 79' lang='grc' dir='ltr'><strong>Αἰν-</strong></span> 
     </span>
     <span class='ocr_line' id='line_1_46' title="bbox 1002 2828 1796 2899; baseline 0.009 -19"><span class='ocrx_word' id='word_1_439' title='bbox 1002 2828 1067 2881; x_wconf 90' lang='lat' dir='ltr'><strong>bant</strong></span> <span class='ocrx_word' id='word_1_440' title='bbox 1081 2834 1214 2899; x_wconf 81' lang='lat' dir='ltr'><strong>preterea</strong></span> <span class='ocrx_word' id='word_1_441' title='bbox 1230 2830 1378 2899; x_wconf 86' lang='lat' dir='ltr'><strong>aliquorulo</strong></span> <span class='ocrx_word' id='word_1_442' title='bbox 1393 2833 1494 2885; x_wconf 76' lang='lat' dir='ltr'><strong>uertisse</strong></span> <span class='ocrx_word' id='word_1_443' title='bbox 1510 2832 1548 2885; x_wconf 90' lang='lat' dir='ltr'><strong>ad</strong></span> <span class='ocrx_word' id='word_1_444' title='bbox 1570 2847 1632 2885; x_wconf 82' lang='lat' dir='ltr'><strong>errat</strong></span> <span class='ocrx_word' id='word_1_445' title='bbox 1646 2834 1796 2887; x_wconf 72' lang='lat' dir='ltr'><strong>imreticuat</strong></span> 
     </span>
     <span class='ocr_line' id='line_1_47' title="bbox 1000 2901 1797 2971; baseline 0.008 -20"><span class='ocrx_word' id='word_1_446' title='bbox 1000 2901 1141 2968; x_wconf 87' lang='lat' dir='ltr'><strong>quemdam</strong></span> <span class='ocrx_word' id='word_1_447' title='bbox 1154 2903 1327 2964; x_wconf 81' lang='lat' dir='ltr'><strong>literautam,</strong></span> <span class='ocrx_word' id='word_1_448' title='bbox 1337 2902 1409 2969; x_wconf 84' lang='lat' dir='ltr'><strong>qtrod</strong></span> <span class='ocrx_word' id='word_1_449' title='bbox 1420 2918 1504 2971; x_wconf 79' lang='lat' dir='ltr'><strong>perstas</strong></span> <span class='ocrx_word' id='word_1_450' title='bbox 1519 2903 1648 2957; x_wconf 83' lang='lat' dir='ltr'><strong>lrmreseos</strong></span> <span class='ocrx_word' id='word_1_451' title='bbox 1662 2904 1797 2957; x_wconf 64' lang='lat' dir='ltr'><strong>inuratur</strong></span> 
     </span>
     <span class='ocr_line' id='line_1_48' title="bbox 1000 2968 1795 3042; baseline 0.003 -17"><span class='ocrx_word' id='word_1_452' title='bbox 1000 2986 1017 3025; x_wconf 93' lang='lat' dir='ltr'><strong>a</strong></span> <span class='ocrx_word' id='word_1_453' title='bbox 1029 2968 1077 3022; x_wconf 82' lang='lat' dir='ltr'><strong>ned</strong></span> <span class='ocrx_word' id='word_1_454' title='bbox 1087 2974 1243 3041; x_wconf 79' lang='lat' dir='ltr'><strong>AEqpptnm.</strong></span> <span class='ocrx_word' id='word_1_455' title='bbox 1255 2974 1304 3027; x_wconf 86' lang='lat' dir='ltr'><strong>llic</strong></span> <span class='ocrx_word' id='word_1_456' title='bbox 1314 2988 1373 3027; x_wconf 87' lang='lat' dir='ltr'><strong>eum</strong></span> <span class='ocrx_word' id='word_1_457' title='bbox 1392 2990 1430 3027; x_wconf 81' lang='lat' dir='ltr'><strong>rer</strong></span> <span class='ocrx_word' id='word_1_458' title='bbox 1442 2974 1556 3027; x_wconf 87' lang='lat' dir='ltr'><strong>multam</strong></span> <span class='ocrx_word' id='word_1_459' title='bbox 1570 2974 1704 3042; x_wconf 85' lang='lat' dir='ltr'><strong>loqueruli</strong></span> <span class='ocrx_word' id='word_1_460' title='bbox 1714 2978 1795 3028; x_wconf 87' lang='lat' dir='ltr'><strong>artem</strong></span> 
     </span>
     <span class='ocr_line' id='line_1_49' title="bbox 996 2990 1796 3112; baseline 0.004 -16"><span class='ocrx_word' id='word_1_461' title='bbox 996 3041 1127 3110; x_wconf 84' lang='lat' dir='ltr'><strong>parimas</strong></span> <span class='ocrx_word' id='word_1_462' title='bbox 1136 3044 1267 3109; x_wconf 72' lang='lat' dir='ltr'><strong>fratrum,</strong></span> <span class='ocrx_word' id='word_1_463' title='bbox 1284 3046 1331 3112; x_wconf 92' lang='lat' dir='ltr'><strong>qui</strong></span> <span class='ocrx_word' id='word_1_464' title='bbox 1340 2990 1535 3097; x_wconf 61' lang='lat' dir='ltr'><strong>erebrescunt</strong></span> <span class='ocrx_word' id='word_1_465' title='bbox 1545 3060 1642 3105; x_wconf 88' lang='lat' dir='ltr'><strong>eremo,</strong></span> <span class='ocrx_word' id='word_1_466' title='bbox 1659 3046 1796 3099; x_wconf 83' lang='lat' dir='ltr'><strong>contruba-</strong></span> 
     </span>
     <span class='ocr_line' id='line_1_50' title="bbox 999 3115 1798 3185; baseline 0.005 -20"><span class='ocrx_word' id='word_1_467' title='bbox 999 3118 1049 3176; x_wconf 90' lang='lat' dir='ltr'><strong>ret‚</strong></span> <span class='ocrx_word' id='word_1_468' title='bbox 1066 3129 1147 3167; x_wconf 79' lang='lat' dir='ltr'><strong>arnus</strong></span> <span class='ocrx_word' id='word_1_469' title='bbox 1156 3120 1194 3169; x_wconf 90' lang='lat' dir='ltr'><strong>est</strong></span> <span class='ocrx_word' id='word_1_470' title='bbox 1204 3117 1285 3169; x_wconf 76' lang='lat' dir='ltr'><strong>etiarm</strong></span> <span class='ocrx_word' id='word_1_471' title='bbox 1296 3131 1385 3168; x_wconf 76' lang='lat' dir='ltr'><strong>cerream</strong></span> <span class='ocrx_word' id='word_1_472' title='bbox 1394 3117 1450 3183; x_wconf 88' lang='lat' dir='ltr'><strong>ipsa</strong></span> <span class='ocrx_word' id='word_1_473' title='bbox 1456 3115 1520 3183; x_wconf 73' lang='lat' dir='ltr'><strong>patet</strong></span> <span class='ocrx_word' id='word_1_474' title='bbox 1529 3130 1586 3169; x_wconf 82' lang='lat' dir='ltr'><strong>stete</strong></span> <span class='ocrx_word' id='word_1_475' title='bbox 1599 3131 1719 3170; x_wconf 84' lang='lat' dir='ltr'><strong>asserere</strong></span> <span class='ocrx_word' id='word_1_476' title='bbox 1729 3131 1798 3185; x_wconf 89' lang='lat' dir='ltr'><strong>pra·</strong></span> 
     </span>
    </p>
   </div>
   <div class='ocr_carea' id='block_1_10' title="bbox 149 3182 1798 3326">
    <p class='ocr_par' dir='ltr' id='par_1_14' title="bbox 149 3182 1798 3326">
     <span class='ocr_line' id='line_1_51' title="bbox 149 3182 1798 3266; baseline 0.001 -27"><span class='ocrx_word' id='word_1_477' title='bbox 149 3184 273 3265; x_wconf 72' lang='lat' dir='ltr'><strong>blacerio</strong></span> <span class='ocrx_word' id='word_1_478' title='bbox 286 3184 412 3265; x_wconf 74' lang='lat' dir='ltr'><strong>AEgyptio</strong></span> <span class='ocrx_word' id='word_1_479' title='bbox 427 3182 590 3238; x_wconf 87' lang='lat' dir='ltr'><strong>nominatim</strong></span> <span class='ocrx_word' id='word_1_480' title='bbox 605 3192 632 3238; x_wconf 90' lang='lat' dir='ltr'><strong>et</strong></span> <span class='ocrx_word' id='word_1_481' title='bbox 647 3182 745 3265; x_wconf 82' lang='lat' dir='ltr'><strong>dtserte</strong></span> <span class='ocrx_word' id='word_1_482' title='bbox 757 3198 788 3238; x_wconf 88' lang='lat' dir='ltr'><strong>er</strong></span> <span class='ocrx_word' id='word_1_483' title='bbox 804 3183 944 3266; x_wconf 85' lang='lat' dir='ltr'><strong>communi</strong></span> <span class='ocrx_word' id='word_1_484' title='bbox 959 3202 982 3266; x_wconf 73' lang='lat' dir='ltr'>C</span> <span class='ocrx_word' id='word_1_485' title='bbox 997 3186 1115 3241; x_wconf 64' lang='lat' dir='ltr'><strong>trimam.</strong></span> <span class='ocrx_word' id='word_1_486' title='bbox 1125 3186 1175 3240; x_wconf 82' lang='lat' dir='ltr'><strong>Ceti</strong></span> <span class='ocrx_word' id='word_1_487' title='bbox 1184 3202 1241 3239; x_wconf 87' lang='lat' dir='ltr'><strong>cum</strong></span> <span class='ocrx_word' id='word_1_488' title='bbox 1250 3188 1380 3241; x_wconf 84' lang='lat' dir='ltr'><strong>resisteret</strong></span> <span class='ocrx_word' id='word_1_489' title='bbox 1390 3187 1488 3245; x_wconf 81' lang='lat' dir='ltr'><strong>senior,</strong></span> <span class='ocrx_word' id='word_1_490' title='bbox 1501 3190 1527 3239; x_wconf 89' lang='lat' dir='ltr'><strong>et</strong></span> <span class='ocrx_word' id='word_1_491' title='bbox 1537 3187 1744 3251; x_wconf 82' lang='lat' dir='ltr'><strong>corttrmlieeret,</strong></span> <span class='ocrx_word' id='word_1_492' title='bbox 1755 3185 1798 3241; x_wconf 88' lang='lat' dir='ltr'><strong>illc</strong></span> 
     </span>
     <span class='ocr_line' id='line_1_52' title="bbox 150 3253 1794 3326; baseline 0.001 -16"><span class='ocrx_word' id='word_1_493' title='bbox 150 3256 282 3310; x_wconf 78' lang='lat' dir='ltr'><strong>relatione</strong></span> <span class='ocrx_word' id='word_1_494' title='bbox 300 3254 436 3320; x_wconf 81' lang='lat' dir='ltr'><strong>attribuat,</strong></span> <span class='ocrx_word' id='word_1_495' title='bbox 452 3254 510 3309; x_wconf 84' lang='lat' dir='ltr'><strong>ltaec</strong></span> <span class='ocrx_word' id='word_1_496' title='bbox 525 3253 559 3309; x_wconf 92' lang='lat' dir='ltr'><strong>de</strong></span> <span class='ocrx_word' id='word_1_497' title='bbox 579 3268 612 3311; x_wconf 89' lang='lat' dir='ltr'><strong>eo</strong></span> <span class='ocrx_word' id='word_1_498' title='bbox 629 3256 766 3309; x_wconf 80' lang='lat' dir='ltr'><strong>scribens:</strong></span> <span class='ocrx_word' id='word_1_499' title='bbox 788 3256 943 3325; x_wconf 79' lang='lat' dir='ltr'><strong>AEqpptuun</strong></span> <span class='ocrx_word' id='word_1_500' title='bbox 998 3257 1794 3326; x_wconf 77' lang='lat' dir='ltr'><strong>embasimplicrbraarqumentiscallidiseludebot.Sederat</strong></span> 
     </span>
    </p>
   </div>
   <div class='ocr_carea' id='block_1_11' title="bbox 145 3325 947 4526">
    <p class='ocr_par' dir='ltr' id='par_1_15' title="bbox 145 3325 947 4526">
     <span class='ocr_line' id='line_1_53' title="bbox 148 3325 946 3394; baseline -0.001 -14"><span class='ocrx_word' id='word_1_501' title='bbox 148 3328 227 3393; x_wconf 82' lang='lat' dir='ltr'><strong>saraa</strong></span> <span class='ocrx_word' id='word_1_502' title='bbox 238 3326 460 3381; x_wconf 86' lang='lat' dir='ltr'><strong>esttnortuumed</strong></span> <span class='ocrx_word' id='word_1_503' title='bbox 466 3330 550 3381; x_wconf 82' lang='lat' dir='ltr'><strong>situm</strong></span> <span class='ocrx_word' id='word_1_504' title='bbox 562 3340 765 3394; x_wconf 58' lang='lat' dir='ltr'><strong>recusassemque</strong></span> <span class='ocrx_word' id='word_1_505' title='bbox 776 3325 887 3388; x_wconf 88' lang='lat' dir='ltr'><strong>bamini,</strong></span> <span class='ocrx_word' id='word_1_506' title='bbox 896 3326 946 3394; x_wconf 90' lang='lat' dir='ltr'><strong>qui</strong></span> 
     </span>
     <span class='ocr_line' id='line_1_54' title="bbox 148 3398 946 3467; baseline -0.001 -15"><span class='ocrx_word' id='word_1_507' title='bbox 148 3402 244 3452; x_wconf 84' lang='lat' dir='ltr'><strong>eorttrn</strong></span> <span class='ocrx_word' id='word_1_508' title='bbox 261 3399 382 3461; x_wconf 84' lang='lat' dir='ltr'><strong>sertliret,</strong></span> <span class='ocrx_word' id='word_1_509' title='bbox 401 3402 488 3467; x_wconf 88' lang='lat' dir='ltr'><strong>posset</strong></span> <span class='ocrx_word' id='word_1_510' title='bbox 512 3398 675 3467; x_wconf 88' lang='lat' dir='ltr'><strong>persuadere</strong></span> <span class='ocrx_word' id='word_1_511' title='bbox 696 3402 862 3451; x_wconf 86' lang='lat' dir='ltr'><strong>mortuorum</strong></span> <span class='ocrx_word' id='word_1_512' title='bbox 886 3399 946 3465; x_wconf 73' lang='lat' dir='ltr'><strong>sare</strong></span> 
     </span>
     <span class='ocr_line' id='line_1_55' title="bbox 148 3470 946 3536; baseline 0.001 -15"><span class='ocrx_word' id='word_1_513' title='bbox 148 3472 376 3523; x_wconf 87' lang='lat' dir='ltr'><strong>resurrectionem.</strong></span> <span class='ocrx_word' id='word_1_514' title='bbox 395 3470 473 3523; x_wconf 77' lang='lat' dir='ltr'><strong>Viuit</strong></span> <span class='ocrx_word' id='word_1_515' title='bbox 484 3483 568 3523; x_wconf 80' lang='lat' dir='ltr'><strong>auitos</strong></span> <span class='ocrx_word' id='word_1_516' title='bbox 583 3471 687 3522; x_wconf 82' lang='lat' dir='ltr'><strong>circiter</strong></span> <span class='ocrx_word' id='word_1_517' title='bbox 705 3471 866 3536; x_wconf 85' lang='lat' dir='ltr'><strong>rtonaqinta,</strong></span> <span class='ocrx_word' id='word_1_518' title='bbox 876 3483 946 3536; x_wconf 89' lang='lat' dir='ltr'><strong>qne·</strong></span> 
     </span>
     <span class='ocr_line' id='line_1_56' title="bbox 147 3539 947 3605; baseline -0.003 -12"><span class='ocrx_word' id='word_1_519' title='bbox 147 3542 359 3605; x_wconf 81' lang='lat' dir='ltr'><strong>rumseeaqinta</strong></span> <span class='ocrx_word' id='word_1_520' title='bbox 372 3540 400 3591; x_wconf 91' lang='lat' dir='ltr'><strong>ia</strong></span> <span class='ocrx_word' id='word_1_521' title='bbox 411 3539 557 3591; x_wconf 85' lang='lat' dir='ltr'><strong>solitudine</strong></span> <span class='ocrx_word' id='word_1_522' title='bbox 566 3541 699 3592; x_wconf 75' lang='lat' dir='ltr'><strong>contituit.</strong></span> <span class='ocrx_word' id='word_1_523' title='bbox 707 3540 760 3604; x_wconf 84' lang='lat' dir='ltr'><strong>(ini</strong></span> <span class='ocrx_word' id='word_1_524' title='bbox 769 3540 852 3592; x_wconf 81' lang='lat' dir='ltr'><strong>sienni</strong></span> <span class='ocrx_word' id='word_1_525' title='bbox 859 3544 947 3592; x_wconf 86' lang='lat' dir='ltr'><strong>utsta-</strong></span> 
     </span>
     <span class='ocr_line' id='line_1_57' title="bbox 147 3608 944 3675; baseline -0.003 -12"><span class='ocrx_word' id='word_1_526' title='bbox 147 3608 192 3663; x_wconf 80' lang='lat' dir='ltr'><strong>tiio</strong></span> <span class='ocrx_word' id='word_1_527' title='bbox 200 3610 361 3667; x_wconf 73' lang='lat' dir='ltr'><strong>merrurslicu,</strong></span> <span class='ocrx_word' id='word_1_528' title='bbox 373 3612 502 3660; x_wconf 85' lang='lat' dir='ltr'><strong>etseoerre</strong></span> <span class='ocrx_word' id='word_1_529' title='bbox 512 3608 737 3675; x_wconf 63' lang='lat' dir='ltr'><strong>disciplinandum</strong></span> <span class='ocrx_word' id='word_1_530' title='bbox 745 3609 894 3660; x_wconf 72' lang='lat' dir='ltr'><strong>indolescens</strong></span> <span class='ocrx_word' id='word_1_531' title='bbox 903 3623 944 3661; x_wconf 90' lang='lat' dir='ltr'><strong>es·</strong></span> 
     </span>
     <span class='ocr_line' id='line_1_58' title="bbox 148 3676 946 3744; baseline -0.006 -11"><span class='ocrx_word' id='word_1_532' title='bbox 148 3681 198 3744; x_wconf 84' lang='lat' dir='ltr'><strong>sei,</strong></span> <span class='ocrx_word' id='word_1_533' title='bbox 208 3692 236 3732; x_wconf 89' lang='lat' dir='ltr'><strong>se</strong></span> <span class='ocrx_word' id='word_1_534' title='bbox 253 3676 369 3742; x_wconf 90' lang='lat' dir='ltr'><strong>dedidit,</strong></span> <span class='ocrx_word' id='word_1_535' title='bbox 389 3678 427 3729; x_wconf 84' lang='lat' dir='ltr'><strong>sia</strong></span> <span class='ocrx_word' id='word_1_536' title='bbox 442 3679 468 3728; x_wconf 91' lang='lat' dir='ltr'><strong>in</strong></span> <span class='ocrx_word' id='word_1_537' title='bbox 483 3692 512 3729; x_wconf 90' lang='lat' dir='ltr'><strong>co</strong></span> <span class='ocrx_word' id='word_1_538' title='bbox 527 3678 662 3742; x_wconf 85' lang='lat' dir='ltr'><strong>e.aeclluil,·</strong></span> <span class='ocrx_word' id='word_1_539' title='bbox 674 3680 704 3728; x_wconf 92' lang='lat' dir='ltr'><strong>ut</strong></span> <span class='ocrx_word' id='word_1_540' title='bbox 719 3693 737 3728; x_wconf 89' lang='lat' dir='ltr'><strong>a</strong></span> <span class='ocrx_word' id='word_1_541' title='bbox 746 3678 880 3730; x_wconf 83' lang='lat' dir='ltr'><strong>rnottacbis</strong></span> <span class='ocrx_word' id='word_1_542' title='bbox 890 3696 946 3729; x_wconf 75' lang='grc' dir='ltr'><strong>παι-</strong></span> 
     </span>
     <span class='ocr_line' id='line_1_59' title="bbox 148 3746 945 3817; baseline 0.004 -18"><span class='ocrx_word' id='word_1_543' title='bbox 148 3748 307 3817; x_wconf 75' lang='grc' dir='ltr'><strong>δαριογέρων,</strong></span> <span class='ocrx_word' id='word_1_544' title='bbox 328 3748 375 3801; x_wconf 87' lang='lat' dir='ltr'><strong>boe</strong></span> <span class='ocrx_word' id='word_1_545' title='bbox 390 3750 440 3813; x_wconf 90' lang='lat' dir='ltr'><strong>est,</strong></span> <span class='ocrx_word' id='word_1_546' title='bbox 458 3746 607 3801; x_wconf 81' lang='lat' dir='ltr'><strong>adolescens</strong></span> <span class='ocrx_word' id='word_1_547' title='bbox 624 3748 695 3800; x_wconf 84' lang='lat' dir='ltr'><strong>settis</strong></span> <span class='ocrx_word' id='word_1_548' title='bbox 714 3748 771 3812; x_wconf 78' lang='lat' dir='ltr'><strong>[nt.</strong></span> <span class='ocrx_word' id='word_1_549' title='bbox 785 3762 852 3815; x_wconf 89' lang='lat' dir='ltr'><strong>puer</strong></span> <span class='ocrx_word' id='word_1_550' title='bbox 870 3748 945 3802; x_wconf 91' lang='lat' dir='ltr'><strong>seni-</strong></span> 
     </span>
     <span class='ocr_line' id='line_1_60' title="bbox 150 3817 943 3887; baseline 0 -14"><span class='ocrx_word' id='word_1_551' title='bbox 150 3817 194 3887; x_wconf 89' lang='lat' dir='ltr'><strong>lis]</strong></span> <span class='ocrx_word' id='word_1_552' title='bbox 208 3834 288 3880; x_wconf 78' lang='lat' dir='ltr'><strong>meae,</strong></span> <span class='ocrx_word' id='word_1_553' title='bbox 301 3822 328 3873; x_wconf 89' lang='lat' dir='ltr'><strong>et</strong></span> <span class='ocrx_word' id='word_1_554' title='bbox 348 3820 507 3887; x_wconf 71' lang='lat' dir='ltr'><strong>prateitaiem</strong></span> <span class='ocrx_word' id='word_1_555' title='bbox 522 3832 580 3886; x_wconf 87' lang='lat' dir='ltr'><strong>pne</strong></span> <span class='ocrx_word' id='word_1_556' title='bbox 591 3832 618 3871; x_wconf 89' lang='lat' dir='ltr'><strong>se</strong></span> <span class='ocrx_word' id='word_1_557' title='bbox 628 3818 717 3884; x_wconf 67' lang='lat' dir='ltr'><strong>[mats</strong></span> <span class='ocrx_word' id='word_1_558' title='bbox 733 3823 943 3887; x_wconf 82' lang='lat' dir='ltr'><strong>attranrparetur.</strong></span> 
     </span>
     <span class='ocr_line' id='line_1_61' title="bbox 155 3888 942 3957; baseline -0.005 -10"><span class='ocrx_word' id='word_1_559' title='bbox 155 3892 207 3947; x_wconf 85' lang='lat' dir='ltr'><strong>Ubi</strong></span> <span class='ocrx_word' id='word_1_560' title='bbox 220 3896 310 3945; x_wconf 87' lang='lat' dir='ltr'><strong>autem</strong></span> <span class='ocrx_word' id='word_1_561' title='bbox 329 3905 430 3943; x_wconf 88' lang='lat' dir='ltr'><strong>annum</strong></span> <span class='ocrx_word' id='word_1_562' title='bbox 439 3888 501 3957; x_wconf 78' lang='lat' dir='ltr'><strong>jam</strong></span> <span class='ocrx_word' id='word_1_563' title='bbox 515 3890 606 3942; x_wconf 84' lang='lat' dir='ltr'><strong>atatis</strong></span> <span class='ocrx_word' id='word_1_564' title='bbox 619 3890 675 3955; x_wconf 83' lang='lat' dir='ltr'><strong>cpit</strong></span> <span class='ocrx_word' id='word_1_565' title='bbox 695 3890 942 3957; x_wconf 81' lang='lat' dir='ltr'><strong>qttadraqesintum,</strong></span> 
     </span>
     <span class='ocr_line' id='line_1_62' title="bbox 148 3960 945 4031; baseline -0.005 -14"><span class='ocrx_word' id='word_1_566' title='bbox 148 3960 440 4031; x_wconf 81' lang='lat' dir='ltr'><strong>presbplet·ordiutrttts</strong></span> <span class='ocrx_word' id='word_1_567' title='bbox 450 3966 506 4014; x_wconf 91' lang='lat' dir='ltr'><strong>est:</strong></span> <span class='ocrx_word' id='word_1_568' title='bbox 521 3960 721 4013; x_wconf 70' lang='lat' dir='ltr'><strong>trituranda</strong></span> <span class='ocrx_word' id='word_1_569' title='bbox 733 3965 793 4029; x_wconf 89' lang='lat' dir='ltr'><strong>post</strong></span> <span class='ocrx_word' id='word_1_570' title='bbox 806 3961 945 4029; x_wconf 72' lang='lat' dir='ltr'><strong>presbyter</strong></span> 
     </span>
     <span class='ocr_line' id='line_1_63' title="bbox 148 4030 944 4101; baseline -0.001 -15"><span class='ocrx_word' id='word_1_571' title='bbox 148 4036 301 4097; x_wconf 88' lang='lat' dir='ltr'><strong>institutus,</strong></span> <span class='ocrx_word' id='word_1_572' title='bbox 312 4040 366 4086; x_wconf 88' lang='lat' dir='ltr'><strong>etc.</strong></span> <span class='ocrx_word' id='word_1_573' title='bbox 381 4030 469 4101; x_wconf 87' lang='lat' dir='ltr'><strong>liujus</strong></span> <span class='ocrx_word' id='word_1_574' title='bbox 482 4045 564 4101; x_wconf 91' lang='lat' dir='ltr'><strong>porro</strong></span> <span class='ocrx_word' id='word_1_575' title='bbox 579 4030 689 4085; x_wconf 85' lang='lat' dir='ltr'><strong>blacarii</strong></span> <span class='ocrx_word' id='word_1_576' title='bbox 720 4032 851 4085; x_wconf 90' lang='lat' dir='ltr'><strong>memoria</strong></span> <span class='ocrx_word' id='word_1_577' title='bbox 868 4030 944 4086; x_wconf 83' lang='lat' dir='ltr'><strong>lastis</strong></span> 
     </span>
     <span class='ocr_line' id='line_1_64' title="bbox 146 4101 944 4171; baseline -0.003 -12"><span class='ocrx_word' id='word_1_578' title='bbox 146 4104 333 4159; x_wconf 87' lang='lat' dir='ltr'><strong>ecclesiasticis</strong></span> <span class='ocrx_word' id='word_1_579' title='bbox 346 4102 522 4171; x_wconf 72' lang='lat' dir='ltr'><strong>consignatur</strong></span> <span class='ocrx_word' id='word_1_580' title='bbox 533 4102 626 4156; x_wconf 73' lang='lat' dir='ltr'><strong>lli-&#39;tlt</strong></span> <span class='ocrx_word' id='word_1_581' title='bbox 640 4101 745 4157; x_wconf 90' lang='lat' dir='ltr'><strong>calend.</strong></span> <span class='ocrx_word' id='word_1_582' title='bbox 764 4102 904 4157; x_wconf 84' lang='lat' dir='ltr'><strong>Februarii</strong></span> <span class='ocrx_word' id='word_1_583' title='bbox 915 4102 944 4157; x_wconf 93' lang='lat' dir='ltr'><strong>itt</strong></span> 
     </span>
     <span class='ocr_line' id='line_1_65' title="bbox 147 4173 946 4243; baseline -0.003 -14"><span class='ocrx_word' id='word_1_584' title='bbox 147 4173 206 4231; x_wconf 82' lang='lat' dir='ltr'><strong>baec</strong></span> <span class='ocrx_word' id='word_1_585' title='bbox 219 4175 318 4229; x_wconf 82' lang='lat' dir='ltr'><strong>rerba:</strong></span> <span class='ocrx_word' id='word_1_586' title='bbox 339 4176 370 4229; x_wconf 87' lang='lat' dir='ltr'><strong>la</strong></span> <span class='ocrx_word' id='word_1_587' title='bbox 385 4177 498 4243; x_wconf 79' lang='lat' dir='ltr'><strong>AEppplo</strong></span> <span class='ocrx_word' id='word_1_588' title='bbox 517 4174 544 4227; x_wconf 89' lang='lat' dir='ltr'><strong>S.</strong></span> <span class='ocrx_word' id='word_1_589' title='bbox 566 4175 681 4228; x_wconf 77' lang='lat' dir='ltr'><strong>blacarii</strong></span> <span class='ocrx_word' id='word_1_590' title='bbox 692 4174 799 4227; x_wconf 88' lang='lat' dir='ltr'><strong>obbatis</strong></span> <span class='ocrx_word' id='word_1_591' title='bbox 817 4174 946 4243; x_wconf 90' lang='lat' dir='ltr'><strong>discipuli</strong></span> 
     </span>
     <span class='ocr_line' id='line_1_66' title="bbox 146 4244 943 4315; baseline -0.004 -14"><span class='ocrx_word' id='word_1_592' title='bbox 146 4248 177 4301; x_wconf 85' lang='lat' dir='ltr'><strong>n.</strong></span> <span class='ocrx_word' id='word_1_593' title='bbox 187 4248 300 4303; x_wconf 77' lang='lat' dir='ltr'><strong>ditionii</strong></span> <span class='ocrx_word' id='word_1_594' title='bbox 309 4249 367 4300; x_wconf 86' lang='lat' dir='ltr'><strong>uita</strong></span> <span class='ocrx_word' id='word_1_595' title='bbox 380 4251 406 4299; x_wconf 88' lang='lat' dir='ltr'><strong>et</strong></span> <span class='ocrx_word' id='word_1_596' title='bbox 417 4246 558 4299; x_wconf 84' lang='lat' dir='ltr'><strong>ntirncult&#39;s</strong></span> <span class='ocrx_word' id='word_1_597' title='bbox 571 4245 737 4299; x_wconf 85' lang='lat' dir='ltr'><strong>celeberrimi</strong></span> <span class='ocrx_word' id='word_1_598' title='bbox 746 4244 787 4315; x_wconf 86' lang='lat' dir='ltr'><strong>(ln</strong></span> <span class='ocrx_word' id='word_1_599' title='bbox 800 4245 943 4313; x_wconf 83' lang='lat' dir='ltr'><strong>llartprol.</strong></span> 
     </span>
     <span class='ocr_line' id='line_1_67' title="bbox 145 4315 939 4387; baseline -0.004 -15"><span class='ocrx_word' id='word_1_600' title='bbox 145 4320 244 4387; x_wconf 75' lang='lat' dir='ltr'><strong>aaa).</strong></span> <span class='ocrx_word' id='word_1_601' title='bbox 261 4316 393 4386; x_wconf 83' lang='lat' dir='ltr'><strong>idemque</strong></span> <span class='ocrx_word' id='word_1_602' title='bbox 410 4316 481 4369; x_wconf 84' lang='lat' dir='ltr'><strong>inter</strong></span> <span class='ocrx_word' id='word_1_603' title='bbox 507 4315 655 4384; x_wconf 88' lang='lat' dir='ltr'><strong>scriptores</strong></span> <span class='ocrx_word' id='word_1_604' title='bbox 677 4316 872 4370; x_wconf 86' lang='lat' dir='ltr'><strong>ecclesiasticos</strong></span> <span class='ocrx_word' id='word_1_605' title='bbox 894 4330 939 4371; x_wconf 88' lang='lat' dir='ltr'><strong>aa·</strong></span> 
     </span>
     <span class='ocr_line' id='line_1_68' title="bbox 145 4384 943 4457; baseline 0 -16"><span class='ocrx_word' id='word_1_606' title='bbox 145 4396 307 4443; x_wconf 89' lang='lat' dir='ltr'><strong>numeratur</strong></span> <span class='ocrx_word' id='word_1_607' title='bbox 327 4402 342 4439; x_wconf 87' lang='lat' dir='ltr'><strong>a</strong></span> <span class='ocrx_word' id='word_1_608' title='bbox 363 4384 505 4441; x_wconf 90' lang='lat' dir='ltr'><strong>Gennadio</strong></span> <span class='ocrx_word' id='word_1_609' title='bbox 527 4386 574 4453; x_wconf 86' lang='lat' dir='ltr'><strong>(lle</strong></span> <span class='ocrx_word' id='word_1_610' title='bbox 605 4387 664 4440; x_wconf 90' lang='lat' dir='ltr'><strong>Vir.</strong></span> <span class='ocrx_word' id='word_1_611' title='bbox 689 4388 775 4441; x_wconf 88' lang='lat' dir='ltr'><strong>illust.</strong></span> <span class='ocrx_word' id='word_1_612' title='bbox 799 4385 943 4457; x_wconf 85' lang='lat' dir='ltr'><strong>c.10),ct</strong></span> 
     </span>
     <span class='ocr_line' id='line_1_69' title="bbox 145 4454 942 4526; baseline 0.001 -16"><span class='ocrx_word' id='word_1_613' title='bbox 145 4456 341 4526; x_wconf 82' lang='lat' dir='ltr'><strong>quinquaginta</strong></span> <span class='ocrx_word' id='word_1_614' title='bbox 354 4454 470 4508; x_wconf 92' lang='lat' dir='ltr'><strong>millium</strong></span> <span class='ocrx_word' id='word_1_615' title='bbox 483 4455 679 4510; x_wconf 85' lang='lat' dir='ltr'><strong>monae-borum</strong></span> <span class='ocrx_word' id='word_1_616' title='bbox 692 4457 942 4523; x_wconf 83' lang='lat' dir='ltr'><strong>Paterasseritnrin</strong></span> 
     </span>
    </p>
   </div>
   <div class='ocr_carea' id='block_1_12' title="bbox 993 3328 1795 4533">
    <p class='ocr_par' dir='ltr' id='par_1_16' title="bbox 993 3328 1795 4533">
     <span class='ocr_line' id='line_1_70' title="bbox 998 3328 1795 3398; baseline 0.001 -17"><span class='ocrx_word' id='word_1_617' title='bbox 998 3330 1100 3384; x_wconf 85' lang='lat' dir='ltr'><strong>uideret</strong></span> <span class='ocrx_word' id='word_1_618' title='bbox 1114 3333 1223 3381; x_wconf 83' lang='lat' dir='ltr'><strong>structus</strong></span> <span class='ocrx_word' id='word_1_619' title='bbox 1236 3328 1316 3396; x_wconf 73' lang='lat' dir='ltr'><strong>tidem</strong></span> <span class='ocrx_word' id='word_1_620' title='bbox 1330 3329 1448 3394; x_wconf 77' lang='lat' dir='ltr'><strong>fratrum</strong></span> <span class='ocrx_word' id='word_1_621' title='bbox 1459 3329 1616 3397; x_wconf 80' lang='lat' dir='ltr'><strong>periclitari</strong></span> <span class='ocrx_word' id='word_1_622' title='bbox 1626 3348 1635 3383; x_wconf 77' lang='lat'><strong>.-</strong></span> <span class='ocrx_word' id='word_1_623' title='bbox 1647 3329 1720 3395; x_wconf 80' lang='lat' dir='ltr'><strong>Quid</strong></span> <span class='ocrx_word' id='word_1_624' title='bbox 1732 3344 1795 3398; x_wconf 85' lang='lat' dir='ltr'><strong>epus</strong></span> 
     </span>
     <span class='ocr_line' id='line_1_71' title="bbox 999 3398 1793 3468; baseline 0.001 -16"><span class='ocrx_word' id='word_1_625' title='bbox 999 3404 1048 3465; x_wconf 85' lang='lat' dir='ltr'><strong>est,</strong></span> <span class='ocrx_word' id='word_1_626' title='bbox 1062 3400 1152 3468; x_wconf 89' lang='lat' dir='ltr'><strong>inquit</strong></span> <span class='ocrx_word' id='word_1_627' title='bbox 1163 3412 1210 3452; x_wconf 91' lang='lat' dir='ltr'><strong>nos</strong></span> <span class='ocrx_word' id='word_1_628' title='bbox 1219 3398 1306 3453; x_wconf 66' lang='lat' dir='ltr'><strong>tacebis</strong></span> <span class='ocrx_word' id='word_1_629' title='bbox 1319 3399 1474 3453; x_wconf 78' lang='lat' dir='ltr'><strong>coattendere</strong></span> <span class='ocrx_word' id='word_1_630' title='bbox 1487 3398 1525 3451; x_wconf 87' lang='lat' dir='ltr'><strong>cd</strong></span> <span class='ocrx_word' id='word_1_631' title='bbox 1535 3399 1733 3455; x_wconf 71' lang='lat' dir='ltr'><strong>subversionem</strong></span> <span class='ocrx_word' id='word_1_632' title='bbox 1744 3416 1793 3453; x_wconf 87' lang='lat' dir='ltr'><strong>ott-</strong></span> 
     </span>
     <span class='ocr_line' id='line_1_72' title="bbox 999 3470 1795 3540; baseline 0.005 -18"><span class='ocrx_word' id='word_1_633' title='bbox 999 3470 1130 3524; x_wconf 89' lang='lat' dir='ltr'><strong>dicntium</strong></span> <span class='ocrx_word' id='word_1_634' title='bbox 1139 3472 1153 3524; x_wconf 87' lang='lat'><strong><em>?</em></strong></span> <span class='ocrx_word' id='word_1_635' title='bbox 1162 3472 1299 3525; x_wconf 67' lang='lat' dir='ltr'><strong>Feruentis</strong></span> <span class='ocrx_word' id='word_1_636' title='bbox 1309 3470 1471 3539; x_wconf 88' lang='lat' dir='ltr'><strong>adsepulera</strong></span> <span class='ocrx_word' id='word_1_637' title='bbox 1477 3470 1600 3535; x_wconf 79' lang='lat' dir='ltr'><strong>fratrum</strong></span> <span class='ocrx_word' id='word_1_638' title='bbox 1615 3474 1718 3540; x_wconf 81' lang='lat' dir='ltr'><strong>quinne</strong></span> <span class='ocrx_word' id='word_1_639' title='bbox 1726 3486 1795 3540; x_wconf 80' lang='lat' dir='ltr'><strong>pra·</strong></span> 
     </span>
     <span class='ocr_line' id='line_1_73' title="bbox 998 3542 1795 3602; baseline 0.006 -9"><span class='ocrx_word' id='word_1_640' title='bbox 998 3545 1131 3595; x_wconf 87' lang='lat' dir='ltr'><strong>cesserunt</strong></span> <span class='ocrx_word' id='word_1_641' title='bbox 1142 3542 1173 3594; x_wconf 89' lang='lat' dir='ltr'><strong>in</strong></span> <span class='ocrx_word' id='word_1_642' title='bbox 1185 3543 1303 3602; x_wconf 79' lang='lat' dir='ltr'><strong>liutmun,</strong></span> <span class='ocrx_word' id='word_1_643' title='bbox 1315 3546 1341 3594; x_wconf 89' lang='lat' dir='ltr'><strong>et</strong></span> <span class='ocrx_word' id='word_1_644' title='bbox 1349 3543 1393 3594; x_wconf 90' lang='lat' dir='ltr'><strong>cui</strong></span> <span class='ocrx_word' id='word_1_645' title='bbox 1404 3546 1526 3593; x_wconf 80' lang='lat' dir='ltr'><strong>nostmtm</strong></span> <span class='ocrx_word' id='word_1_646' title='bbox 1535 3546 1691 3597; x_wconf 84' lang='lat' dir='ltr'><strong>eetteesscrit</strong></span> <span class='ocrx_word' id='word_1_647' title='bbox 1703 3546 1795 3597; x_wconf 80' lang='lat' dir='ltr'><strong>Demi·</strong></span> 
     </span>
     <span class='ocr_line' id='line_1_74' title="bbox 997 3612 1793 3681; baseline 0.004 -17"><span class='ocrx_word' id='word_1_648' title='bbox 997 3627 1047 3665; x_wconf 80' lang='lat' dir='ltr'><strong>atus</strong></span> <span class='ocrx_word' id='word_1_649' title='bbox 1060 3615 1190 3666; x_wconf 87' lang='lat' dir='ltr'><strong>suscitare</strong></span> <span class='ocrx_word' id='word_1_650' title='bbox 1199 3615 1333 3664; x_wconf 86' lang='lat' dir='ltr'><strong>mertuum</strong></span> <span class='ocrx_word' id='word_1_651' title='bbox 1343 3612 1376 3664; x_wconf 88' lang='lat' dir='ltr'><strong>de</strong></span> <span class='ocrx_word' id='word_1_652' title='bbox 1387 3612 1519 3681; x_wconf 87' lang='lat' dir='ltr'><strong>sepulcro,</strong></span> <span class='ocrx_word' id='word_1_653' title='bbox 1528 3614 1614 3665; x_wconf 78' lang='lat' dir='ltr'><strong>suam</strong></span> <span class='ocrx_word' id='word_1_654' title='bbox 1626 3628 1714 3666; x_wconf 76' lang='lat' dir='ltr'><strong>amares</strong></span> <span class='ocrx_word' id='word_1_655' title='bbox 1726 3616 1793 3681; x_wconf 89' lang='lat' dir='ltr'><strong>quia</strong></span> 
     </span>
     <span class='ocr_line' id='line_1_75' title="bbox 997 3682 1790 3751; baseline 0 -16"><span class='ocrx_word' id='word_1_656' title='bbox 997 3684 1072 3737; x_wconf 88' lang='lat' dir='ltr'><strong>illius</strong></span> <span class='ocrx_word' id='word_1_657' title='bbox 1082 3683 1148 3751; x_wconf 76' lang='lat' dir='ltr'><strong>tides</strong></span> <span class='ocrx_word' id='word_1_658' title='bbox 1158 3682 1288 3750; x_wconf 85' lang='lat' dir='ltr'><strong>probetur</strong></span> <span class='ocrx_word' id='word_1_659' title='bbox 1299 3698 1317 3733; x_wconf 87' lang='lat' dir='ltr'><strong>a</strong></span> <span class='ocrx_word' id='word_1_660' title='bbox 1333 3686 1396 3737; x_wconf 81' lang='lat' dir='ltr'><strong>beo.</strong></span> <span class='ocrx_word' id='word_1_661' title='bbox 1408 3684 1499 3737; x_wconf 85' lang='lat' dir='ltr'><strong>Sermo</strong></span> <span class='ocrx_word' id='word_1_662' title='bbox 1509 3684 1551 3735; x_wconf 84' lang='lat' dir='ltr'><strong>bic</strong></span> <span class='ocrx_word' id='word_1_663' title='bbox 1559 3684 1790 3749; x_wconf 81' lang='lat' dir='ltr'><strong>omnibusqur&#39;ad·</strong></span> 
     </span>
     <span class='ocr_line' id='line_1_76' title="bbox 997 3752 1787 3820; baseline -0.003 -13"><span class='ocrx_word' id='word_1_664' title='bbox 997 3758 1076 3807; x_wconf 85' lang='lat' dir='ltr'><strong>erartt</strong></span> <span class='ocrx_word' id='word_1_665' title='bbox 1089 3752 1225 3819; x_wconf 74' lang='lat' dir='ltr'><strong>tratribus</strong></span> <span class='ocrx_word' id='word_1_666' title='bbox 1241 3752 1352 3820; x_wconf 80' lang='lat' dir='ltr'><strong>pluerat.</strong></span> <span class='ocrx_word' id='word_1_667' title='bbox 1370 3756 1557 3807; x_wconf 79' lang='lat' dir='ltr'><strong>l’roeesscrnut</strong></span> <span class='ocrx_word' id='word_1_668' title='bbox 1568 3753 1605 3805; x_wconf 87' lang='lat' dir='ltr'><strong>ort</strong></span> <span class='ocrx_word' id='word_1_669' title='bbox 1614 3752 1745 3820; x_wconf 84' lang='lat' dir='ltr'><strong>sepulcra,</strong></span> <span class='ocrx_word' id='word_1_670' title='bbox 1760 3756 1787 3805; x_wconf 82' lang='lat' dir='ltr'><strong>et</strong></span> 
     </span>
     <span class='ocr_line' id='line_1_77' title="bbox 997 3824 1785 3885; baseline -0.001 -8"><span class='ocrx_word' id='word_1_671' title='bbox 997 3824 1123 3877; x_wconf 88' lang='lat' dir='ltr'><strong>bortatur</strong></span> <span class='ocrx_word' id='word_1_672' title='bbox 1141 3824 1278 3876; x_wconf 78' lang='lat' dir='ltr'><strong>lietcarius</strong></span> <span class='ocrx_word' id='word_1_673' title='bbox 1288 3824 1464 3885; x_wconf 84' lang='lat' dir='ltr'><strong>lileraeitam,</strong></span> <span class='ocrx_word' id='word_1_674' title='bbox 1479 3830 1509 3877; x_wconf 90' lang='lat' dir='ltr'><strong>ut</strong></span> <span class='ocrx_word' id='word_1_675' title='bbox 1526 3825 1636 3879; x_wconf 81' lang='lat' dir='ltr'><strong>caecaret</strong></span> <span class='ocrx_word' id='word_1_676' title='bbox 1651 3827 1785 3876; x_wconf 89' lang='lat' dir='ltr'><strong>mortuum</strong></span> 
     </span>
     <span class='ocr_line' id='line_1_78' title="bbox 997 3893 1789 3965; baseline -0.001 -18"><span class='ocrx_word' id='word_1_677' title='bbox 997 3896 1027 3949; x_wconf 87' lang='lat' dir='ltr'><strong>in</strong></span> <span class='ocrx_word' id='word_1_678' title='bbox 1042 3896 1146 3949; x_wconf 82' lang='lat' dir='ltr'><strong>tramitte</strong></span> <span class='ocrx_word' id='word_1_679' title='bbox 1160 3895 1272 3947; x_wconf 79' lang='lat' dir='ltr'><strong>baraiai.</strong></span> <span class='ocrx_word' id='word_1_680' title='bbox 1292 3894 1331 3948; x_wconf 76' lang='lat' dir='ltr'><strong>At</strong></span> <span class='ocrx_word' id='word_1_681' title='bbox 1344 3895 1406 3949; x_wconf 89' lang='lat' dir='ltr'><strong>ille:</strong></span> <span class='ocrx_word' id='word_1_682' title='bbox 1428 3898 1476 3957; x_wconf 88' lang='lat' dir='ltr'><strong>Tu,</strong></span> <span class='ocrx_word' id='word_1_683' title='bbox 1495 3897 1592 3965; x_wconf 87' lang='lat' dir='ltr'><strong>iuquit,</strong></span> <span class='ocrx_word' id='word_1_684' title='bbox 1607 3893 1722 3960; x_wconf 89' lang='lat' dir='ltr'><strong>domine,</strong></span> <span class='ocrx_word' id='word_1_685' title='bbox 1740 3896 1789 3963; x_wconf 90' lang='lat' dir='ltr'><strong>qui</strong></span> 
     </span>
     <span class='ocr_line' id='line_1_79' title="bbox 993 3965 1792 4036; baseline -0.004 -16"><span class='ocrx_word' id='word_1_686' title='bbox 993 3965 1169 4035; x_wconf 84' lang='lat' dir='ltr'><strong>proposuisti,</strong></span> <span class='ocrx_word' id='word_1_687' title='bbox 1177 3966 1254 4035; x_wconf 85' lang='lat' dir='ltr'><strong>ptiar</strong></span> <span class='ocrx_word' id='word_1_688' title='bbox 1263 3980 1349 4019; x_wconf 80' lang='lat' dir='ltr'><strong>mora.</strong></span> <span class='ocrx_word' id='word_1_689' title='bbox 1361 3968 1396 4021; x_wconf 80' lang='lat' dir='ltr'><strong>st</strong></span> <span class='ocrx_word' id='word_1_690' title='bbox 1406 3968 1544 4021; x_wconf 71' lang='lat' dir='ltr'><strong>litterarius</strong></span> <span class='ocrx_word' id='word_1_691' title='bbox 1551 3970 1719 4036; x_wconf 76' lang='lat' dir='ltr'><strong>paesterrtmts</strong></span> <span class='ocrx_word' id='word_1_692' title='bbox 1729 3980 1755 4019; x_wconf 88' lang='lat' dir='ltr'><strong>se</strong></span> <span class='ocrx_word' id='word_1_693' title='bbox 1763 3968 1792 4018; x_wconf 87' lang='lat' dir='ltr'><strong>in</strong></span> 
     </span>
     <span class='ocr_line' id='line_1_80' title="bbox 995 4036 1794 4106; baseline -0.001 -15"><span class='ocrx_word' id='word_1_694' title='bbox 995 4040 1143 4091; x_wconf 83' lang='lat' dir='ltr'><strong>orationem</strong></span> <span class='ocrx_word' id='word_1_695' title='bbox 1151 4038 1370 4103; x_wconf 80' lang='lat' dir='ltr'><strong>areteliomiuum,</strong></span> <span class='ocrx_word' id='word_1_696' title='bbox 1380 4038 1427 4090; x_wconf 90' lang='lat' dir='ltr'><strong>ubi</strong></span> <span class='ocrx_word' id='word_1_697' title='bbox 1435 4036 1794 4106; x_wconf 62' lang='lat' dir='ltr'><strong>sufficicntereratilmletu·</strong></span> 
     </span>
     <span class='ocr_line' id='line_1_81' title="bbox 997 4108 1792 4177; baseline 0.001 -16"><span class='ocrx_word' id='word_1_698' title='bbox 997 4108 1033 4161; x_wconf 88' lang='lat' dir='ltr'><strong>tis</strong></span> <span class='ocrx_word' id='word_1_699' title='bbox 1042 4123 1151 4161; x_wconf 88' lang='lat' dir='ltr'><strong>sursunt</strong></span> <span class='ocrx_word' id='word_1_700' title='bbox 1163 4108 1245 4161; x_wconf 79' lang='lat' dir='ltr'><strong>cattis</strong></span> <span class='ocrx_word' id='word_1_701' title='bbox 1257 4110 1323 4169; x_wconf 84' lang='lat' dir='ltr'><strong>sert&#39;s,</strong></span> <span class='ocrx_word' id='word_1_702' title='bbox 1350 4111 1389 4162; x_wconf 86' lang='lat' dir='ltr'><strong>eil</strong></span> <span class='ocrx_word' id='word_1_703' title='bbox 1402 4110 1438 4162; x_wconf 87' lang='lat' dir='ltr'><strong>ad</strong></span> <span class='ocrx_word' id='word_1_704' title='bbox 1456 4112 1617 4164; x_wconf 81' lang='lat' dir='ltr'><strong>Dominum:</strong></span> <span class='ocrx_word' id='word_1_705' title='bbox 1629 4110 1680 4175; x_wconf 80' lang='lat' dir='ltr'><strong>tn,</strong></span> <span class='ocrx_word' id='word_1_706' title='bbox 1695 4110 1792 4177; x_wconf 88' lang='lat' dir='ltr'><strong>inquit,</strong></span> 
     </span>
     <span class='ocr_line' id='line_1_82' title="bbox 997 4178 1792 4249; baseline 0 -16"><span class='ocrx_word' id='word_1_707' title='bbox 997 4181 1119 4246; x_wconf 78' lang='lat' dir='ltr'><strong>banaiae,</strong></span> <span class='ocrx_word' id='word_1_708' title='bbox 1135 4181 1194 4248; x_wconf 89' lang='lat' dir='ltr'><strong>quis</strong></span> <span class='ocrx_word' id='word_1_709' title='bbox 1208 4194 1242 4231; x_wconf 84' lang='lat' dir='ltr'><strong>ca</strong></span> <span class='ocrx_word' id='word_1_710' title='bbox 1258 4178 1360 4233; x_wconf 87' lang='lat' dir='ltr'><strong>duobus</strong></span> <span class='ocrx_word' id='word_1_711' title='bbox 1377 4180 1451 4233; x_wconf 87' lang='lat' dir='ltr'><strong>nobis</strong></span> <span class='ocrx_word' id='word_1_712' title='bbox 1474 4184 1574 4234; x_wconf 89' lang='lat' dir='ltr'><strong>rectam</strong></span> <span class='ocrx_word' id='word_1_713' title='bbox 1592 4180 1675 4249; x_wconf 71' lang='lat' dir='ltr'><strong>fidem</strong></span> <span class='ocrx_word' id='word_1_714' title='bbox 1696 4182 1792 4245; x_wconf 84' lang='lat' dir='ltr'><strong>teneat,</strong></span> 
     </span>
     <span class='ocr_line' id='line_1_83' title="bbox 997 4250 1792 4317; baseline 0.004 -16"><span class='ocrx_word' id='word_1_715' title='bbox 997 4251 1113 4311; x_wconf 82' lang='lat' dir='ltr'><strong>ostende,</strong></span> <span class='ocrx_word' id='word_1_716' title='bbox 1126 4252 1225 4303; x_wconf 72' lang='lat' dir='ltr'><strong>eltntato</strong></span> <span class='ocrx_word' id='word_1_717' title='bbox 1237 4254 1341 4303; x_wconf 89' lang='lat' dir='ltr'><strong>mortuo</strong></span> <span class='ocrx_word' id='word_1_718' title='bbox 1350 4250 1406 4303; x_wconf 86' lang='lat' dir='ltr'><strong>ttae.</strong></span> <span class='ocrx_word' id='word_1_719' title='bbox 1421 4254 1455 4305; x_wconf 82' lang='lat' dir='ltr'><strong>nt</strong></span> <span class='ocrx_word' id='word_1_720' title='bbox 1464 4267 1523 4305; x_wconf 88' lang='lat' dir='ltr'><strong>eum</strong></span> <span class='ocrx_word' id='word_1_721' title='bbox 1538 4254 1586 4305; x_wconf 89' lang='lat' dir='ltr'><strong>boc</strong></span> <span class='ocrx_word' id='word_1_722' title='bbox 1595 4252 1722 4315; x_wconf 73' lang='lat' dir='ltr'><strong>emisset,</strong></span> <span class='ocrx_word' id='word_1_723' title='bbox 1732 4252 1792 4317; x_wconf 82' lang='lat' dir='ltr'><strong>tm·</strong></span> 
     </span>
     <span class='ocr_line' id='line_1_84' title="bbox 996 4321 1793 4392; baseline 0.003 -19"><span class='ocrx_word' id='word_1_724' title='bbox 996 4322 1045 4373; x_wconf 79' lang='lat' dir='ltr'><strong>tris</strong></span> <span class='ocrx_word' id='word_1_725' title='bbox 1057 4321 1199 4390; x_wconf 73' lang='lat' dir='ltr'><strong>cujttsdam</strong></span> <span class='ocrx_word' id='word_1_726' title='bbox 1212 4336 1317 4388; x_wconf 80' lang='lat' dir='ltr'><strong>rtoatcn,</strong></span> <span class='ocrx_word' id='word_1_727' title='bbox 1328 4324 1378 4390; x_wconf 91' lang='lat' dir='ltr'><strong>qui</strong></span> <span class='ocrx_word' id='word_1_728' title='bbox 1391 4337 1475 4391; x_wconf 87' lang='lat' dir='ltr'><strong>nuper</strong></span> <span class='ocrx_word' id='word_1_729' title='bbox 1486 4324 1580 4389; x_wconf 80' lang='lat' dir='ltr'><strong>suerat</strong></span> <span class='ocrx_word' id='word_1_730' title='bbox 1589 4322 1722 4392; x_wconf 86' lang='lat' dir='ltr'><strong>sepultus,</strong></span> <span class='ocrx_word' id='word_1_731' title='bbox 1733 4336 1793 4377; x_wconf 85' lang='lat' dir='ltr'><strong>ero-</strong></span> 
     </span>
     <span class='ocr_line' id='line_1_85' title="bbox 996 4392 1791 4463; baseline 0.003 -18"><span class='ocrx_word' id='word_1_732' title='bbox 996 4393 1079 4453; x_wconf 85' lang='lat' dir='ltr'><strong>eanit,</strong></span> <span class='ocrx_word' id='word_1_733' title='bbox 1091 4394 1135 4445; x_wconf 90' lang='lat' dir='ltr'><strong>cui</strong></span> <span class='ocrx_word' id='word_1_734' title='bbox 1147 4392 1194 4444; x_wconf 90' lang='lat' dir='ltr'><strong>illc</strong></span> <span class='ocrx_word' id='word_1_735' title='bbox 1207 4406 1266 4443; x_wconf 88' lang='lat' dir='ltr'><strong>cum</strong></span> <span class='ocrx_word' id='word_1_736' title='bbox 1276 4392 1309 4445; x_wconf 88' lang='lat' dir='ltr'><strong>de</strong></span> <span class='ocrx_word' id='word_1_737' title='bbox 1324 4394 1426 4446; x_wconf 88' lang='lat' dir='ltr'><strong>tumulo</strong></span> <span class='ocrx_word' id='word_1_738' title='bbox 1438 4393 1629 4463; x_wconf 79' lang='lat' dir='ltr'><strong>respondisset.</strong></span> <span class='ocrx_word' id='word_1_739' title='bbox 1642 4393 1791 4447; x_wconf 73' lang='lat' dir='ltr'><strong>caenare</strong></span> 
     </span>
     <span class='ocr_line' id='line_1_86' title="bbox 995 4462 1790 4533; baseline 0 -18"><span class='ocrx_word' id='word_1_740' title='bbox 995 4462 1237 4527; x_wconf 77' lang='lat' dir='ltr'><strong>fratrescentiauo,</strong></span> <span class='ocrx_word' id='word_1_741' title='bbox 1247 4478 1308 4530; x_wconf 77' lang='lat' dir='ltr'><strong>quse</strong></span> <span class='ocrx_word' id='word_1_742' title='bbox 1315 4466 1485 4533; x_wconf 85' lang='lat' dir='ltr'><strong>superposita</strong></span> <span class='ocrx_word' id='word_1_743' title='bbox 1491 4466 1608 4529; x_wconf 72' lang='lat' dir='ltr'><strong>(stertunt</strong></span> <span class='ocrx_word' id='word_1_744' title='bbox 1616 4466 1790 4531; x_wconf 59' lang='lat' dir='ltr'><strong>{inscrutatur</strong></span> 
     </span>
    </p>
   </div>
   <div class='ocr_carea' id='block_1_13' title="bbox 144 4525 1788 4667">
    <p class='ocr_par' dir='ltr' id='par_1_17' title="bbox 144 4525 1788 4667">
     <span class='ocr_line' id='line_1_87' title="bbox 145 4525 1788 4605; baseline 0.004 -24"><span class='ocrx_word' id='word_1_745' title='bbox 145 4525 215 4599; x_wconf 86' lang='lat' dir='ltr'><strong>Vitis</strong></span> <span class='ocrx_word' id='word_1_746' title='bbox 232 4525 420 4591; x_wconf 76' lang='lat' dir='ltr'><strong>Patrunttlib.</strong></span> <span class='ocrx_word' id='word_1_747' title='bbox 437 4526 490 4579; x_wconf 92' lang='lat' dir='ltr'><strong>tin</strong></span> <span class='ocrx_word' id='word_1_748' title='bbox 508 4526 572 4605; x_wconf 58' lang='lat' dir='ltr'><strong>lsite</strong></span> <span class='ocrx_word' id='word_1_749' title='bbox 587 4526 734 4605; x_wconf 77' lang='lat' dir='ltr'><strong>Posttturnii</strong></span> <span class='ocrx_word' id='word_1_750' title='bbox 744 4543 800 4596; x_wconf 87' lang='lat' dir='ltr'><strong>cap.</strong></span> <span class='ocrx_word' id='word_1_751' title='bbox 814 4533 849 4591; x_wconf 85' lang='grc' dir='ltr'><strong>ν).</strong></span> <span class='ocrx_word' id='word_1_752' title='bbox 860 4526 941 4598; x_wconf 86' lang='lat' dir='ltr'><strong>Quod</strong></span> <span class='ocrx_word' id='word_1_753' title='bbox 996 4532 1119 4588; x_wconf 79' lang='lat' dir='ltr'><strong>euacua</strong></span> <span class='ocrx_word' id='word_1_754' title='bbox 1142 4548 1201 4585; x_wconf 88' lang='lat' dir='ltr'><strong>eum</strong></span> <span class='ocrx_word' id='word_1_755' title='bbox 1218 4532 1251 4585; x_wconf 90' lang='lat' dir='ltr'><strong>de</strong></span> <span class='ocrx_word' id='word_1_756' title='bbox 1273 4536 1402 4602; x_wconf 90' lang='lat' dir='ltr'><strong>sepulcro,</strong></span> <span class='ocrx_word' id='word_1_757' title='bbox 1416 4536 1538 4589; x_wconf 86' lang='lat' dir='ltr'><strong>resolutis</strong></span> <span class='ocrx_word' id='word_1_758' title='bbox 1556 4536 1682 4601; x_wconf 79' lang='lat' dir='ltr'><strong>fasciolis</strong></span> <span class='ocrx_word' id='word_1_759' title='bbox 1696 4533 1788 4605; x_wconf 79' lang='lat' dir='ltr'><strong>quibus</strong></span> 
     </span>
     <span class='ocr_line' id='line_1_88' title="bbox 144 4578 1783 4667; baseline 0.002 -14"><span class='ocrx_word' id='word_1_760' title='bbox 144 4605 238 4653; x_wconf 87' lang='lat' dir='ltr'><strong>aulem</strong></span> <span class='ocrx_word' id='word_1_761' title='bbox 251 4596 285 4652; x_wconf 85' lang='lat' dir='ltr'><strong>ad</strong></span> <span class='ocrx_word' id='word_1_762' title='bbox 304 4593 467 4650; x_wconf 88' lang='lat' dir='ltr'><strong>vocabulum</strong></span> <span class='ocrx_word' id='word_1_763' title='bbox 484 4602 592 4657; x_wconf 79' lang='lat' dir='ltr'><strong>attinet.</strong></span> <span class='ocrx_word' id='word_1_764' title='bbox 608 4604 703 4650; x_wconf 85' lang='lat' dir='ltr'><strong>vtttose</strong></span> <span class='ocrx_word' id='word_1_765' title='bbox 716 4596 871 4651; x_wconf 87' lang='lat' dir='ltr'><strong>blacbarius</strong></span> <span class='ocrx_word' id='word_1_766' title='bbox 887 4598 939 4652; x_wconf 95' lang='lat' dir='ltr'><strong>im·</strong></span> <span class='ocrx_word' id='word_1_767' title='bbox 956 4578 981 4640; x_wconf 76' lang='lat' dir='ltr'>D</span> <span class='ocrx_word' id='word_1_768' title='bbox 996 4606 1151 4658; x_wconf 72' lang='lat' dir='ltr'><strong>constrictus</strong></span> <span class='ocrx_word' id='word_1_769' title='bbox 1161 4604 1783 4667; x_wconf 74' lang='lat' dir='ltr'><strong>erateebibueruatuiuentemllieraeitarero,</strong></span> 
     </span>
    </p>
   </div>
   <div class='ocr_carea' id='block_1_14' title="bbox 140 4665 938 5382">
    <p class='ocr_par' dir='ltr' id='par_1_18' title="bbox 142 4665 938 5008">
     <span class='ocr_line' id='line_1_89' title="bbox 144 4665 937 4740; baseline -0.001 -15"><span class='ocrx_word' id='word_1_770' title='bbox 144 4684 253 4740; x_wconf 90' lang='lat' dir='ltr'><strong>pressus</strong></span> <span class='ocrx_word' id='word_1_771' title='bbox 268 4666 366 4737; x_wconf 78' lang='lat' dir='ltr'><strong>legitur</strong></span> <span class='ocrx_word' id='word_1_772' title='bbox 377 4665 460 4723; x_wconf 92' lang='lat' dir='ltr'><strong>etiam</strong></span> <span class='ocrx_word' id='word_1_773' title='bbox 481 4666 554 4736; x_wconf 90' lang='lat' dir='ltr'><strong>apud</strong></span> <span class='ocrx_word' id='word_1_774' title='bbox 573 4665 738 4722; x_wconf 83' lang='lat' dir='ltr'><strong>Plautinum.</strong></span> <span class='ocrx_word' id='word_1_775' title='bbox 756 4666 937 4724; x_wconf 83' lang='lat' dir='ltr'><strong>scribendam</strong></span> 
     </span>
     <span class='ocr_line' id='line_1_90' title="bbox 144 4736 938 4809; baseline 0 -14"><span class='ocrx_word' id='word_1_776' title='bbox 144 4740 216 4796; x_wconf 93' lang='lat' dir='ltr'><strong>enim</strong></span> <span class='ocrx_word' id='word_1_777' title='bbox 230 4749 271 4797; x_wconf 81' lang='lat' dir='ltr'><strong>est</strong></span> <span class='ocrx_word' id='word_1_778' title='bbox 283 4739 335 4796; x_wconf 94' lang='lat' dir='ltr'><strong>boc</strong></span> <span class='ocrx_word' id='word_1_779' title='bbox 351 4752 451 4793; x_wconf 90' lang='lat' dir='ltr'><strong>nomen</strong></span> <span class='ocrx_word' id='word_1_780' title='bbox 463 4737 520 4791; x_wconf 90' lang='lat' dir='ltr'><strong>siae</strong></span> <span class='ocrx_word' id='word_1_781' title='bbox 537 4736 709 4809; x_wconf 85' lang='lat' dir='ltr'><strong>aspiratione,</strong></span> <span class='ocrx_word' id='word_1_782' title='bbox 723 4746 751 4793; x_wconf 92' lang='lat' dir='ltr'><strong>et</strong></span> <span class='ocrx_word' id='word_1_783' title='bbox 763 4748 836 4794; x_wconf 88' lang='lat' dir='ltr'><strong>recte</strong></span> <span class='ocrx_word' id='word_1_784' title='bbox 849 4754 938 4796; x_wconf 87' lang='lat' dir='ltr'><strong>anao-</strong></span> 
     </span>
     <span class='ocr_line' id='line_1_91' title="bbox 143 4808 936 4882; baseline -0.005 -13"><span class='ocrx_word' id='word_1_785' title='bbox 143 4813 209 4869; x_wconf 86' lang='lat' dir='ltr'><strong>tavit</strong></span> <span class='ocrx_word' id='word_1_786' title='bbox 223 4811 377 4867; x_wconf 88' lang='lat' dir='ltr'><strong>Ciaconius.</strong></span> <span class='ocrx_word' id='word_1_787' title='bbox 393 4811 462 4865; x_wconf 87' lang='lat' dir='ltr'><strong>Nom</strong></span> <span class='ocrx_word' id='word_1_788' title='bbox 479 4808 575 4865; x_wconf 80' lang='lat' dir='ltr'><strong>Graece</strong></span> <span class='ocrx_word' id='word_1_789' title='bbox 595 4809 694 4865; x_wconf 90' lang='lat' dir='ltr'><strong>dicitur</strong></span> <span class='ocrx_word' id='word_1_790' title='bbox 711 4810 828 4881; x_wconf 74' lang='grc' dir='ltr'><strong>μακὰριος</strong></span> <span class='ocrx_word' id='word_1_791' title='bbox 852 4826 936 4882; x_wconf 78' lang='lat' dir='ltr'><strong>qua:</strong></span> 
     </span>
     <span class='ocr_line' id='line_1_92' title="bbox 143 4880 933 4954; baseline 0.004 -18"><span class='ocrx_word' id='word_1_792' title='bbox 143 4896 195 4939; x_wconf 84' lang='lat' dir='ltr'><strong>ror</strong></span> <span class='ocrx_word' id='word_1_793' title='bbox 205 4882 314 4937; x_wconf 88' lang='lat' dir='ltr'><strong>beatam</strong></span> <span class='ocrx_word' id='word_1_794' title='bbox 330 4880 474 4952; x_wconf 79' lang='lat' dir='ltr'><strong>significat,</strong></span> <span class='ocrx_word' id='word_1_795' title='bbox 489 4888 519 4935; x_wconf 91' lang='lat' dir='ltr'><strong>ut</strong></span> <span class='ocrx_word' id='word_1_796' title='bbox 532 4889 628 4937; x_wconf 91' lang='lat' dir='ltr'><strong>notum</strong></span> <span class='ocrx_word' id='word_1_797' title='bbox 639 4889 691 4949; x_wconf 90' lang='lat' dir='ltr'><strong>est,</strong></span> <span class='ocrx_word' id='word_1_798' title='bbox 706 4889 734 4938; x_wconf 90' lang='lat' dir='ltr'><strong>et</strong></span> <span class='ocrx_word' id='word_1_799' title='bbox 746 4883 805 4939; x_wconf 89' lang='lat' dir='ltr'><strong>vide</strong></span> <span class='ocrx_word' id='word_1_800' title='bbox 820 4898 933 4954; x_wconf 90' lang='lat' dir='ltr'><strong>sequen·</strong></span> 
     </span>
     <span class='ocr_line' id='line_1_93' title="bbox 142 4960 316 5008; baseline -0.023 0"><span class='ocrx_word' id='word_1_801' title='bbox 142 4960 199 5008; x_wconf 91' lang='lat' dir='ltr'><strong>tem</strong></span> <span class='ocrx_word' id='word_1_802' title='bbox 213 4960 316 5007; x_wconf 86' lang='lat' dir='ltr'><strong>notam.</strong></span> 
     </span>
    </p>

    <p class='ocr_par' dir='ltr' id='par_1_19' title="bbox 140 5019 937 5382">
     <span class='ocr_line' id='line_1_94' title="bbox 178 5019 937 5099; baseline 0.005 -20"><span class='ocrx_word' id='word_1_803' title='bbox 178 5021 284 5079; x_wconf 71' lang='lat' dir='ltr'><strong>estias</strong></span> <span class='ocrx_word' id='word_1_804' title='bbox 298 5019 431 5085; x_wconf 83' lang='lat' dir='ltr'><strong>Schrtieae</strong></span> <span class='ocrx_word' id='word_1_805' title='bbox 450 5020 491 5075; x_wconf 86' lang='lat' dir='ltr'><strong>sel</strong></span> <span class='ocrx_word' id='word_1_806' title='bbox 512 5022 632 5078; x_wconf 81' lang='lat' dir='ltr'><strong>Sectieae.</strong></span> <span class='ocrx_word' id='word_1_807' title='bbox 645 5026 687 5079; x_wconf 84' lang='lat' dir='ltr'><strong>ne</strong></span> <span class='ocrx_word' id='word_1_808' title='bbox 705 5040 758 5095; x_wconf 90' lang='lat' dir='ltr'><strong>qna</strong></span> <span class='ocrx_word' id='word_1_809' title='bbox 772 5024 835 5081; x_wconf 91' lang='lat' dir='ltr'><strong>alibi</strong></span> <span class='ocrx_word' id='word_1_810' title='bbox 854 5026 937 5099; x_wconf 91' lang='lat' dir='ltr'><strong>pluri·</strong></span> 
     </span>
     <span class='ocr_line' id='line_1_95' title="bbox 143 5082 937 5164; baseline 0.008 -16"><span class='ocrx_word' id='word_1_811' title='bbox 143 5092 194 5150; x_wconf 92' lang='lat' dir='ltr'><strong>btts</strong></span> <span class='ocrx_word' id='word_1_812' title='bbox 208 5094 235 5149; x_wconf 91' lang='lat' dir='ltr'><strong>in</strong></span> <span class='ocrx_word' id='word_1_813' title='bbox 251 5092 319 5149; x_wconf 92' lang='lat' dir='ltr'><strong>locis</strong></span> <span class='ocrx_word' id='word_1_814' title='bbox 343 5082 446 5147; x_wconf 91' lang='lat' dir='ltr'><strong>dictum</strong></span> <span class='ocrx_word' id='word_1_815' title='bbox 471 5094 642 5149; x_wconf 71' lang='lat' dir='ltr'><strong>conscribit</strong></span> <span class='ocrx_word' id='word_1_816' title='bbox 665 5110 746 5164; x_wconf 90' lang='lat' dir='ltr'><strong>porro</strong></span> <span class='ocrx_word' id='word_1_817' title='bbox 770 5096 937 5155; x_wconf 81' lang='lat' dir='ltr'><strong>sozomenus</strong></span> 
     </span>
     <span class='ocr_line' id='line_1_96' title="bbox 141 5165 936 5238; baseline 0.001 -15"><span class='ocrx_word' id='word_1_818' title='bbox 141 5165 187 5223; x_wconf 90' lang='lat' dir='ltr'><strong>ubi</strong></span> <span class='ocrx_word' id='word_1_819' title='bbox 201 5181 294 5238; x_wconf 87' lang='lat' dir='ltr'><strong>supro,</strong></span> <span class='ocrx_word' id='word_1_820' title='bbox 317 5174 463 5235; x_wconf 90' lang='lat' dir='ltr'><strong>utrumque</strong></span> <span class='ocrx_word' id='word_1_821' title='bbox 485 5165 632 5219; x_wconf 87' lang='lat' dir='ltr'><strong>biaoariam</strong></span> <span class='ocrx_word' id='word_1_822' title='bbox 650 5180 759 5220; x_wconf 89' lang='lat' dir='ltr'><strong>summa</strong></span> <span class='ocrx_word' id='word_1_823' title='bbox 775 5182 839 5222; x_wconf 92' lang='lat' dir='ltr'><strong>cnm</strong></span> <span class='ocrx_word' id='word_1_824' title='bbox 858 5168 936 5225; x_wconf 92' lang='lat' dir='ltr'><strong>laude</strong></span> 
     </span>
     <span class='ocr_line' id='line_1_97' title="bbox 141 5234 937 5308; baseline 0.005 -17"><span class='ocrx_word' id='word_1_825' title='bbox 141 5238 315 5295; x_wconf 89' lang='lat' dir='ltr'><strong>monasteriis</strong></span> <span class='ocrx_word' id='word_1_826' title='bbox 328 5238 354 5292; x_wconf 89' lang='lat' dir='ltr'><strong>in</strong></span> <span class='ocrx_word' id='word_1_827' title='bbox 367 5234 513 5291; x_wconf 90' lang='lat' dir='ltr'><strong>solitudine</strong></span> <span class='ocrx_word' id='word_1_828' title='bbox 527 5235 596 5293; x_wconf 87' lang='lat' dir='ltr'><strong>Sceti</strong></span> <span class='ocrx_word' id='word_1_829' title='bbox 617 5243 645 5291; x_wconf 89' lang='lat' dir='ltr'><strong>ct</strong></span> <span class='ocrx_word' id='word_1_830' title='bbox 660 5246 753 5292; x_wconf 91' lang='lat' dir='ltr'><strong>monte</strong></span> <span class='ocrx_word' id='word_1_831' title='bbox 775 5238 821 5308; x_wconf 88' lang='lat' dir='ltr'><strong>qui</strong></span> <span class='ocrx_word' id='word_1_832' title='bbox 840 5239 876 5293; x_wconf 93' lang='lat' dir='ltr'><strong>ibi</strong></span> <span class='ocrx_word' id='word_1_833' title='bbox 895 5248 937 5295; x_wconf 90' lang='lat' dir='ltr'><strong>est</strong></span> 
     </span>
     <span class='ocr_line' id='line_1_98' title="bbox 140 5306 936 5382; baseline -0.001 -16"><span class='ocrx_word' id='word_1_834' title='bbox 140 5310 233 5382; x_wconf 90' lang='lat' dir='ltr'><strong>positis</strong></span> <span class='ocrx_word' id='word_1_835' title='bbox 247 5308 406 5382; x_wconf 77' lang='lat' dir='ltr'><strong>praefuisse:</strong></span> <span class='ocrx_word' id='word_1_836' title='bbox 417 5306 603 5379; x_wconf 90' lang='lat' dir='ltr'><strong>atqnimirum</strong></span> <span class='ocrx_word' id='word_1_837' title='bbox 613 5323 669 5362; x_wconf 92' lang='lat' dir='ltr'><strong>noa</strong></span> <span class='ocrx_word' id='word_1_838' title='bbox 682 5315 732 5371; x_wconf 89' lang='lat' dir='ltr'><strong>est,</strong></span> <span class='ocrx_word' id='word_1_839' title='bbox 745 5306 766 5362; x_wconf 91' lang='lat' dir='ltr'><strong>si</strong></span> <span class='ocrx_word' id='word_1_840' title='bbox 779 5307 873 5362; x_wconf 87' lang='lat' dir='ltr'><strong>senior</strong></span> <span class='ocrx_word' id='word_1_841' title='bbox 892 5308 936 5365; x_wconf 90' lang='lat' dir='ltr'><strong>bic</strong></span> 
     </span>
    </p>
   </div>
   <div class='ocr_carea' id='block_1_15' title="bbox 990 4675 1787 5379">
    <p class='ocr_par' dir='ltr' id='par_1_20' title="bbox 990 4675 1787 5379">
     <span class='ocr_line' id='line_1_99' title="bbox 992 4675 1782 4745; baseline 0.003 -17"><span class='ocrx_word' id='word_1_842' title='bbox 992 4676 1042 4728; x_wconf 90' lang='lat' dir='ltr'><strong>ubi</strong></span> <span class='ocrx_word' id='word_1_843' title='bbox 1052 4675 1106 4728; x_wconf 76' lang='lat' dir='ltr'><strong>brec</strong></span> <span class='ocrx_word' id='word_1_844' title='bbox 1118 4676 1198 4738; x_wconf 83' lang='lat' dir='ltr'><strong>uidit,</strong></span> <span class='ocrx_word' id='word_1_845' title='bbox 1212 4675 1410 4745; x_wconf 72' lang='lat' dir='ltr'><strong>obstupefactus</strong></span> <span class='ocrx_word' id='word_1_846' title='bbox 1423 4679 1451 4729; x_wconf 89' lang='lat' dir='ltr'><strong>in</strong></span> <span class='ocrx_word' id='word_1_847' title='bbox 1462 4679 1559 4745; x_wconf 80' lang='lat' dir='ltr'><strong>supam</strong></span> <span class='ocrx_word' id='word_1_848' title='bbox 1574 4678 1782 4742; x_wconf 70' lang='lat' dir='ltr'><strong>crediturorum</strong></span> 
     </span>
     <span class='ocr_line' id='line_1_100' title="bbox 992 4746 1783 4816; baseline 0.003 -17"><span class='ocrx_word' id='word_1_849' title='bbox 992 4746 1093 4811; x_wconf 73' lang='lat' dir='ltr'><strong>trtrtres</strong></span> <span class='ocrx_word' id='word_1_850' title='bbox 1105 4762 1208 4815; x_wconf 87' lang='lat' dir='ltr'><strong>quaque</strong></span> <span class='ocrx_word' id='word_1_851' title='bbox 1215 4762 1305 4800; x_wconf 88' lang='lat' dir='ltr'><strong>omnes</strong></span> <span class='ocrx_word' id='word_1_852' title='bbox 1314 4750 1477 4816; x_wconf 87' lang='lat' dir='ltr'><strong>insequentes</strong></span> <span class='ocrx_word' id='word_1_853' title='bbox 1483 4753 1563 4803; x_wconf 79' lang='lat' dir='ltr'><strong>entra</strong></span> <span class='ocrx_word' id='word_1_854' title='bbox 1573 4751 1702 4802; x_wconf 88' lang='lat' dir='ltr'><strong>terminos</strong></span> <span class='ocrx_word' id='word_1_855' title='bbox 1711 4750 1783 4801; x_wconf 79' lang='lat' dir='ltr'><strong>tara</strong></span> 
     </span>
     <span class='ocr_line' id='line_1_101' title="bbox 992 4815 1786 4889; baseline 0.003 -20"><span class='ocrx_word' id='word_1_856' title='bbox 992 4815 1066 4870; x_wconf 87' lang='lat' dir='ltr'><strong>illius</strong></span> <span class='ocrx_word' id='word_1_857' title='bbox 1079 4818 1299 4871; x_wconf 80' lang='lat' dir='ltr'><strong>esturbarcnmt.</strong></span> <span class='ocrx_word' id='word_1_858' title='bbox 1315 4818 1499 4874; x_wconf 76' lang='lat' dir='ltr'><strong>landelinus:</strong></span> <span class='ocrx_word' id='word_1_859' title='bbox 1518 4834 1579 4889; x_wconf 85' lang='lat' dir='ltr'><strong>qnae</strong></span> <span class='ocrx_word' id='word_1_860' title='bbox 1593 4820 1655 4873; x_wconf 89' lang='lat' dir='ltr'><strong>licet</strong></span> <span class='ocrx_word' id='word_1_861' title='bbox 1669 4820 1694 4873; x_wconf 95' lang='lat' dir='ltr'><strong>in</strong></span> <span class='ocrx_word' id='word_1_862' title='bbox 1709 4815 1786 4871; x_wconf 88' lang='lat' dir='ltr'><strong>mira·</strong></span> 
     </span>
     <span class='ocr_line' id='line_1_102' title="bbox 992 4888 1787 4955; baseline 0.003 -14"><span class='ocrx_word' id='word_1_863' title='bbox 992 4888 1054 4942; x_wconf 88' lang='lat' dir='ltr'><strong>eolo</strong></span> <span class='ocrx_word' id='word_1_864' title='bbox 1065 4888 1185 4943; x_wconf 90' lang='lat' dir='ltr'><strong>suscitati</strong></span> <span class='ocrx_word' id='word_1_865' title='bbox 1194 4888 1294 4943; x_wconf 85' lang='lat' dir='ltr'><strong>mortui</strong></span> <span class='ocrx_word' id='word_1_866' title='bbox 1303 4903 1366 4943; x_wconf 91' lang='lat' dir='ltr'><strong>cum</strong></span> <span class='ocrx_word' id='word_1_867' title='bbox 1381 4896 1499 4945; x_wconf 79' lang='lat' dir='ltr'><strong>ductore</strong></span> <span class='ocrx_word' id='word_1_868' title='bbox 1509 4898 1606 4945; x_wconf 89' lang='lat' dir='ltr'><strong>nostro</strong></span> <span class='ocrx_word' id='word_1_869' title='bbox 1614 4888 1787 4955; x_wconf 79' lang='lat' dir='ltr'><strong>conveniant,</strong></span> 
     </span>
     <span class='ocr_line' id='line_1_103' title="bbox 992 4957 1785 5032; baseline 0.001 -20"><span class='ocrx_word' id='word_1_870' title='bbox 992 4957 1021 5012; x_wconf 94' lang='lat' dir='ltr'><strong>in</strong></span> <span class='ocrx_word' id='word_1_871' title='bbox 1046 4958 1148 5030; x_wconf 89' lang='lat' dir='ltr'><strong>reliqua</strong></span> <span class='ocrx_word' id='word_1_872' title='bbox 1174 4967 1266 5015; x_wconf 75' lang='lat' dir='ltr'><strong>tamem</strong></span> <span class='ocrx_word' id='word_1_873' title='bbox 1294 4959 1448 5015; x_wconf 88' lang='lat' dir='ltr'><strong>narratione</strong></span> <span class='ocrx_word' id='word_1_874' title='bbox 1471 4960 1544 5015; x_wconf 90' lang='lat' dir='ltr'><strong>baad</strong></span> <span class='ocrx_word' id='word_1_875' title='bbox 1569 4976 1668 5032; x_wconf 91' lang='lat' dir='ltr'><strong>parum</strong></span> <span class='ocrx_word' id='word_1_876' title='bbox 1686 4959 1785 5015; x_wconf 87' lang='lat' dir='ltr'><strong>discre-</strong></span> 
     </span>
     <span class='ocr_line' id='line_1_104' title="bbox 991 5030 1782 5158; baseline -0.001 -3"><span class='ocrx_word' id='word_1_877' title='bbox 991 5030 1690 5158; x_wconf 59' lang='lat' dir='ltr'><strong>tibitibi&#39;ittatilitiltttiititb</strong></span> <span class='ocrx_word' id='word_1_878' title='bbox 1703 5036 1782 5155; x_wconf 77' lang='lat' dir='ltr'><strong>tsi</strong></span> 
     </span>
     <span class='ocr_line' id='line_1_105' title="bbox 990 5117 1783 5244; baseline 0 -19"><span class='ocrx_word' id='word_1_879' title='bbox 990 5170 1052 5226; x_wconf 85' lang='lat' dir='ltr'><strong>alibi</strong></span> <span class='ocrx_word' id='word_1_880' title='bbox 1067 5173 1169 5244; x_wconf 76' lang='lat' dir='ltr'><strong>(Callet.</strong></span> <span class='ocrx_word' id='word_1_881' title='bbox 1186 5180 1203 5227; x_wconf 82' lang='lat'><strong>7</strong></span> <span class='ocrx_word' id='word_1_882' title='bbox 1223 5188 1281 5243; x_wconf 87' lang='lat' dir='ltr'><strong>cap.</strong></span> <span class='ocrx_word' id='word_1_883' title='bbox 1306 5134 1351 5227; x_wconf 52' lang='lat' dir='ltr'><strong>tl‘li</strong></span> <span class='ocrx_word' id='word_1_884' title='bbox 1368 5134 1437 5227; x_wconf 56' lang='lat' dir='ltr'><strong>licta</strong></span> <span class='ocrx_word' id='word_1_885' title='bbox 1449 5117 1491 5229; x_wconf 70' lang='lat' dir='ltr'><strong>cpst</strong></span> <span class='ocrx_word' id='word_1_886' title='bbox 1506 5143 1621 5237; x_wconf 71' lang='lat' dir='ltr'><strong>mealia,</strong></span> <span class='ocrx_word' id='word_1_887' title='bbox 1641 5118 1709 5229; x_wconf 55' lang='lat' dir='ltr'><strong>lsub.</strong></span> <span class='ocrx_word' id='word_1_888' title='bbox 1731 5172 1783 5227; x_wconf 79' lang='lat' dir='ltr'><strong>ia·</strong></span> 
     </span>
     <span class='ocr_line' id='line_1_106' title="bbox 990 5239 1785 5314; baseline 0.004 -20"><span class='ocrx_word' id='word_1_889' title='bbox 990 5239 1060 5298; x_wconf 90' lang='lat' dir='ltr'><strong>lente</strong></span> <span class='ocrx_word' id='word_1_890' title='bbox 1077 5244 1241 5314; x_wconf 89' lang='lat' dir='ltr'><strong>imperatore</strong></span> <span class='ocrx_word' id='word_1_891' title='bbox 1252 5250 1331 5309; x_wconf 87' lang='lat' dir='ltr'><strong>(teste</strong></span> <span class='ocrx_word' id='word_1_892' title='bbox 1341 5244 1435 5310; x_wconf 84' lang='lat' dir='ltr'><strong>Suida)</strong></span> <span class='ocrx_word' id='word_1_893' title='bbox 1451 5245 1506 5300; x_wconf 78' lang='lat' dir='ltr'><strong>Arii</strong></span> <span class='ocrx_word' id='word_1_894' title='bbox 1517 5243 1619 5309; x_wconf 79' lang='lat' dir='ltr'><strong>fautor,</strong></span> <span class='ocrx_word' id='word_1_895' title='bbox 1636 5259 1692 5299; x_wconf 91' lang='lat' dir='ltr'><strong>non</strong></span> <span class='ocrx_word' id='word_1_896' title='bbox 1705 5240 1785 5298; x_wconf 93' lang='lat' dir='ltr'><strong>modo</strong></span> 
     </span>
     <span class='ocr_line' id='line_1_107' title="bbox 991 5313 1786 5379; baseline 0 -12"><span class='ocrx_word' id='word_1_897' title='bbox 991 5314 1041 5367; x_wconf 87' lang='lat' dir='ltr'><strong>Dei</strong></span> <span class='ocrx_word' id='word_1_898' title='bbox 1057 5314 1154 5368; x_wconf 88' lang='lat' dir='ltr'><strong>Filium</strong></span> <span class='ocrx_word' id='word_1_899' title='bbox 1175 5329 1238 5368; x_wconf 90' lang='lat' dir='ltr'><strong>cum</strong></span> <span class='ocrx_word' id='word_1_900' title='bbox 1266 5315 1329 5370; x_wconf 78' lang='lat' dir='ltr'><strong>Ario</strong></span> <span class='ocrx_word' id='word_1_901' title='bbox 1349 5324 1504 5371; x_wconf 87' lang='lat' dir='ltr'><strong>creaturam</strong></span> <span class='ocrx_word' id='word_1_902' title='bbox 1525 5331 1667 5379; x_wconf 88' lang='lat' dir='ltr'><strong>asserens;</strong></span> <span class='ocrx_word' id='word_1_903' title='bbox 1689 5313 1738 5369; x_wconf 88' lang='lat' dir='ltr'><strong>sed</strong></span> <span class='ocrx_word' id='word_1_904' title='bbox 1760 5320 1786 5368; x_wconf 89' lang='lat' dir='ltr'><strong>et</strong></span> 
     </span>
    </p>
   </div>
   <div class='ocr_carea' id='block_1_16' title="bbox 129 5376 1834 5803">
    <p class='ocr_par' dir='ltr' id='par_1_21' title="bbox 129 5376 1834 5803">
     <span class='ocr_line' id='line_1_108' title="bbox 139 5376 1784 5457; baseline 0.002 -20"><span class='ocrx_word' id='word_1_905' title='bbox 139 5382 208 5453; x_wconf 78' lang='lat' dir='ltr'><strong>AEgy</strong></span> <span class='ocrx_word' id='word_1_906' title='bbox 228 5382 291 5449; x_wconf 89' lang='lat' dir='ltr'><strong>tius,</strong></span> <span class='ocrx_word' id='word_1_907' title='bbox 308 5380 413 5453; x_wconf 90' lang='lat' dir='ltr'><strong>primus</strong></span> <span class='ocrx_word' id='word_1_908' title='bbox 423 5379 523 5435; x_wconf 91' lang='lat' dir='ltr'><strong>ibidem</strong></span> <span class='ocrx_word' id='word_1_909' title='bbox 539 5376 734 5434; x_wconf 86' lang='lat' dir='ltr'><strong>habitationem</strong></span> <span class='ocrx_word' id='word_1_910' title='bbox 751 5378 892 5439; x_wconf 83' lang='lat' dir='ltr'><strong>invenerit.</strong></span> <span class='ocrx_word' id='word_1_911' title='bbox 906 5388 937 5437; x_wconf 92' lang='lat' dir='ltr'><strong>ut</strong></span> <span class='ocrx_word' id='word_1_912' title='bbox 989 5384 1253 5454; x_wconf 89' lang='lat' dir='ltr'><strong>Spiritamsanctam</strong></span> <span class='ocrx_word' id='word_1_913' title='bbox 1262 5385 1702 5457; x_wconf 85' lang='lat' dir='ltr'><strong>Filiicreaturambiaspbemans;</strong></span> <span class='ocrx_word' id='word_1_914' title='bbox 1717 5398 1784 5440; x_wconf 90' lang='lat' dir='ltr'><strong>cott-</strong></span> 
     </span>
     <span class='ocr_line' id='line_1_109' title="bbox 139 5446 1782 5531; baseline -0.001 -23"><span class='ocrx_word' id='word_1_915' title='bbox 139 5450 296 5510; x_wconf 86' lang='lat' dir='ltr'><strong>bicdtcitur.</strong></span> <span class='ocrx_word' id='word_1_916' title='bbox 309 5448 559 5531; x_wconf 83' lang='lat' dir='ltr'><strong>lladeetPalladius</strong></span> <span class='ocrx_word' id='word_1_917' title='bbox 566 5447 659 5505; x_wconf 92' lang='lat' dir='ltr'><strong>scribit</strong></span> <span class='ocrx_word' id='word_1_918' title='bbox 669 5446 801 5521; x_wconf 79' lang='lat' dir='ltr'><strong>(lomim</strong></span> <span class='ocrx_word' id='word_1_919' title='bbox 810 5450 936 5521; x_wconf 78' lang='lat' dir='ltr'><strong>rrxltta-</strong></span> <span class='ocrx_word' id='word_1_920' title='bbox 989 5463 1030 5510; x_wconf 87' lang='lat' dir='ltr'><strong>tra</strong></span> <span class='ocrx_word' id='word_1_921' title='bbox 1044 5471 1125 5526; x_wconf 90' lang='lat' dir='ltr'><strong>quem</strong></span> <span class='ocrx_word' id='word_1_922' title='bbox 1141 5460 1174 5511; x_wconf 88' lang='lat' dir='ltr'><strong>l).</strong></span> <span class='ocrx_word' id='word_1_923' title='bbox 1190 5456 1305 5511; x_wconf 86' lang='lat' dir='ltr'><strong>Basilius</strong></span> <span class='ocrx_word' id='word_1_924' title='bbox 1316 5464 1343 5512; x_wconf 90' lang='lat' dir='ltr'><strong>et</strong></span> <span class='ocrx_word' id='word_1_925' title='bbox 1357 5458 1491 5530; x_wconf 86' lang='lat' dir='ltr'><strong>Didymus</strong></span> <span class='ocrx_word' id='word_1_926' title='bbox 1503 5459 1633 5528; x_wconf 78' lang='lat' dir='ltr'><strong>praeclara</strong></span> <span class='ocrx_word' id='word_1_927' title='bbox 1646 5452 1782 5512; x_wconf 84' lang='lat' dir='ltr'><strong>volumina</strong></span> 
     </span>
     <span class='ocr_line' id='line_1_110' title="bbox 138 5521 1783 5602; baseline -0.001 -21"><span class='ocrx_word' id='word_1_928' title='bbox 138 5523 244 5581; x_wconf 91' lang='lat' dir='ltr'><strong>carium</strong></span> <span class='ocrx_word' id='word_1_929' title='bbox 256 5523 467 5578; x_wconf 74' lang='lat' dir='ltr'><strong>Alexandrinum</strong></span> <span class='ocrx_word' id='word_1_930' title='bbox 478 5521 623 5576; x_wconf 87' lang='lat' dir='ltr'><strong>verttssead</strong></span> <span class='ocrx_word' id='word_1_931' title='bbox 634 5521 762 5602; x_wconf 78' lang='lat' dir='ltr'><strong>lingnam</strong></span> <span class='ocrx_word' id='word_1_932' title='bbox 775 5522 933 5595; x_wconf 78' lang='lat' dir='ltr'><strong>biccarium,</strong></span> <span class='ocrx_word' id='word_1_933' title='bbox 989 5526 1165 5597; x_wconf 85' lang='lat' dir='ltr'><strong>scripserant.</strong></span> <span class='ocrx_word' id='word_1_934' title='bbox 1175 5526 1301 5599; x_wconf 86' lang='lat' dir='ltr'><strong>synodus</strong></span> <span class='ocrx_word' id='word_1_935' title='bbox 1311 5536 1401 5583; x_wconf 89' lang='lat' dir='ltr'><strong>sutem</strong></span> <span class='ocrx_word' id='word_1_936' title='bbox 1413 5528 1713 5599; x_wconf 84' lang='lat' dir='ltr'><strong>Constantinopolitano</strong></span> <span class='ocrx_word' id='word_1_937' title='bbox 1724 5524 1783 5596; x_wconf 90' lang='lat' dir='ltr'><strong>pri·</strong></span> 
     </span>
     <span class='ocr_line' id='line_1_111' title="bbox 139 5590 1785 5673; baseline 0.004 -26"><span class='ocrx_word' id='word_1_938' title='bbox 139 5594 184 5667; x_wconf 92' lang='lat' dir='ltr'><strong>qni</strong></span> <span class='ocrx_word' id='word_1_939' title='bbox 208 5600 266 5647; x_wconf 89' lang='lat' dir='ltr'><strong>erat</strong></span> <span class='ocrx_word' id='word_1_940' title='bbox 278 5592 305 5646; x_wconf 93' lang='lat' dir='ltr'><strong>in</strong></span> <span class='ocrx_word' id='word_1_941' title='bbox 325 5594 416 5673; x_wconf 76' lang='lat' dir='ltr'><strong>scete,</strong></span> <span class='ocrx_word' id='word_1_942' title='bbox 430 5590 577 5662; x_wconf 87' lang='lat' dir='ltr'><strong>subditque</strong></span> <span class='ocrx_word' id='word_1_943' title='bbox 592 5592 711 5663; x_wconf 81' lang='lat' dir='ltr'><strong>lepidum</strong></span> <span class='ocrx_word' id='word_1_944' title='bbox 725 5594 882 5664; x_wconf 88' lang='lat' dir='ltr'><strong>exemplum</strong></span> <span class='ocrx_word' id='word_1_945' title='bbox 902 5596 936 5651; x_wconf 94' lang='lat' dir='ltr'><strong>de</strong></span> <span class='ocrx_word' id='word_1_946' title='bbox 988 5612 1033 5652; x_wconf 90' lang='lat' dir='ltr'><strong>mn</strong></span> <span class='ocrx_word' id='word_1_947' title='bbox 1047 5608 1140 5653; x_wconf 92' lang='lat' dir='ltr'><strong>contra</strong></span> <span class='ocrx_word' id='word_1_948' title='bbox 1155 5614 1217 5653; x_wconf 90' lang='lat' dir='ltr'><strong>oum</strong></span> <span class='ocrx_word' id='word_1_949' title='bbox 1232 5605 1261 5652; x_wconf 90' lang='lat' dir='ltr'><strong>et</strong></span> <span class='ocrx_word' id='word_1_950' title='bbox 1272 5599 1465 5655; x_wconf 85' lang='lat' dir='ltr'><strong>blacedonium</strong></span> <span class='ocrx_word' id='word_1_951' title='bbox 1480 5608 1654 5673; x_wconf 71' lang='lat' dir='ltr'><strong>congregato.</strong></span> <span class='ocrx_word' id='word_1_952' title='bbox 1677 5606 1785 5655; x_wconf 87' lang='lat' dir='ltr'><strong>utrum·</strong></span> 
     </span>
     <span class='ocr_line' id='line_1_112' title="bbox 136 5662 1834 5740; baseline 0.003 -19"><span class='ocrx_word' id='word_1_953' title='bbox 136 5663 250 5721; x_wconf 92' lang='lat' dir='ltr'><strong>nominc</strong></span> <span class='ocrx_word' id='word_1_954' title='bbox 262 5662 379 5725; x_wconf 73' lang='lat' dir='ltr'><strong>uacat,</strong></span> <span class='ocrx_word' id='word_1_955' title='bbox 391 5672 418 5717; x_wconf 91' lang='lat' dir='ltr'><strong>ct</strong></span> <span class='ocrx_word' id='word_1_956' title='bbox 438 5662 550 5732; x_wconf 89' lang='lat' dir='ltr'><strong>pulchra</strong></span> <span class='ocrx_word' id='word_1_957' title='bbox 562 5664 622 5731; x_wconf 75' lang='lat' dir='ltr'><strong>eius</strong></span> <span class='ocrx_word' id='word_1_958' title='bbox 635 5663 776 5730; x_wconf 84' lang='lat' dir='ltr'><strong>allusione,</strong></span> <span class='ocrx_word' id='word_1_959' title='bbox 795 5680 827 5718; x_wconf 88' lang='lat' dir='ltr'><strong>ac</strong></span> <span class='ocrx_word' id='word_1_960' title='bbox 844 5663 935 5721; x_wconf 84' lang='lat' dir='ltr'><strong>tractu</strong></span> <span class='ocrx_word' id='word_1_961' title='bbox 989 5683 1041 5740; x_wconf 91' lang='lat' dir='ltr'><strong>que</strong></span> <span class='ocrx_word' id='word_1_962' title='bbox 1054 5669 1203 5726; x_wconf 87' lang='lat' dir='ltr'><strong>damnarit.</strong></span> <span class='ocrx_word' id='word_1_963' title='bbox 1214 5669 1282 5726; x_wconf 86' lang='lat' dir='ltr'><strong>Vide</strong></span> <span class='ocrx_word' id='word_1_964' title='bbox 1291 5670 1439 5727; x_wconf 79' lang='lat' dir='ltr'><strong>baronium</strong></span> <span class='ocrx_word' id='word_1_965' title='bbox 1454 5677 1531 5727; x_wconf 93' lang='lat' dir='ltr'><strong>tomo</strong></span> <span class='ocrx_word' id='word_1_966' title='bbox 1546 5674 1587 5727; x_wconf 90' lang='lat' dir='ltr'><strong>ttt</strong></span> <span class='ocrx_word' id='word_1_967' title='bbox 1602 5680 1629 5727; x_wconf 91' lang='lat' dir='ltr'><strong>et</strong></span> <span class='ocrx_word' id='word_1_968' title='bbox 1641 5672 1677 5727; x_wconf 86' lang='lat' dir='ltr'><strong>tv</strong></span> <span class='ocrx_word' id='word_1_969' title='bbox 1694 5676 1788 5726; x_wconf 77' lang='lat' dir='ltr'><strong>Anna·</strong></span> <span class='ocrx_word' id='word_1_970' title='bbox 1829 5722 1834 5735; x_wconf 86' lang='grc'>,</span> 
     </span>
     <span class='ocr_line' id='line_1_113' title="bbox 129 5732 1690 5803; baseline 0.003 -10"><span class='ocrx_word' id='word_1_971' title='bbox 129 5735 198 5793; x_wconf 83' lang='lat' dir='ltr'><strong>inde</strong></span> <span class='ocrx_word' id='word_1_972' title='bbox 216 5740 387 5792; x_wconf 85' lang='lat' dir='ltr'><strong>consecuto:</strong></span> <span class='ocrx_word' id='word_1_973' title='bbox 409 5732 473 5789; x_wconf 82' lang='lat' dir='ltr'><strong>Gara</strong></span> <span class='ocrx_word' id='word_1_974' title='bbox 494 5738 590 5797; x_wconf 80' lang='lat' dir='ltr'><strong>essem,</strong></span> <span class='ocrx_word' id='word_1_975' title='bbox 615 5734 715 5803; x_wconf 89' lang='lat' dir='ltr'><strong>inquit,</strong></span> <span class='ocrx_word' id='word_1_976' title='bbox 742 5733 820 5787; x_wconf 89' lang='lat' dir='ltr'><strong>ambo</strong></span> <span class='ocrx_word' id='word_1_977' title='bbox 841 5734 935 5791; x_wconf 87' lang='lat' dir='ltr'><strong>Nilum</strong></span> <span class='ocrx_word' id='word_1_978' title='bbox 1008 5755 1066 5795; x_wconf 92' lang='lat' dir='ltr'><strong>um.</strong></span> <span class='ocrx_word' id='word_1_979' title='bbox 1687 5768 1690 5779; x_wconf 94' lang='lat'><em>·</em></span> 
     </span>
    </p>
   </div>
   <div class='ocr_carea' id='block_1_17' title="bbox 120 5803 1788 5888">
    <p class='ocr_par' dir='ltr' id='par_1_22' title="bbox 120 5803 1788 5888">
     <span class='ocr_line' id='line_1_114' title="bbox 120 5803 1788 5888; baseline 0.002 -23"><span class='ocrx_word' id='word_1_980' title='bbox 120 5806 326 5875; x_wconf 62' lang='lat' dir='ltr'><strong>ermenarii</strong></span> <span class='ocrx_word' id='word_1_981' title='bbox 344 5803 450 5863; x_wconf 80' lang='lat' dir='ltr'><strong>accidet</strong></span> <span class='ocrx_word' id='word_1_982' title='bbox 461 5806 493 5861; x_wconf 90' lang='lat' dir='ltr'><strong>ut</strong></span> <span class='ocrx_word' id='word_1_983' title='bbox 507 5804 563 5875; x_wconf 81' lang='lat' dir='ltr'><strong>ipsi</strong></span> <span class='ocrx_word' id='word_1_984' title='bbox 574 5806 724 5861; x_wconf 79' lang='lat' dir='ltr'><strong>maairmm</strong></span> <span class='ocrx_word' id='word_1_985' title='bbox 743 5806 883 5876; x_wconf 81' lang='lat' dir='ltr'><strong>portionem</strong></span> <span class='ocrx_word' id='word_1_986' title='bbox 896 5806 935 5860; x_wconf 89' lang='lat' dir='ltr'><strong>ia·</strong></span> <span class='ocrx_word' id='word_1_987' title='bbox 1023 5808 1082 5868; x_wconf 70' lang='lat' dir='ltr'><strong>tid</strong></span> <span class='ocrx_word' id='word_1_988' title='bbox 1097 5818 1149 5882; x_wconf 90' lang='lat' dir='ltr'><strong>est,</strong></span> <span class='ocrx_word' id='word_1_989' title='bbox 1163 5811 1386 5885; x_wconf 86' lang='lat' dir='ltr'><strong>syllogismomm</strong></span> <span class='ocrx_word' id='word_1_990' title='bbox 1406 5823 1434 5872; x_wconf 93' lang='lat' dir='ltr'><strong>et</strong></span> <span class='ocrx_word' id='word_1_991' title='bbox 1451 5813 1652 5888; x_wconf 83' lang='lat' dir='ltr'><strong>sopbbmatam</strong></span> <span class='ocrx_word' id='word_1_992' title='bbox 1665 5810 1788 5887; x_wconf 71' lang='lat' dir='ltr'><strong>argutias</strong></span> 
     </span>
    </p>
   </div>
   <div class='ocr_carea' id='block_1_18' title="bbox 0 0 1916 6164">
    <p class='ocr_par' dir='ltr' id='par_1_23' title="bbox 0 0 1916 6164">
     <span class='ocr_line' id='line_1_115' title="bbox 0 0 1916 6164; baseline 0 6"><span class='ocrx_word' id='word_1_993' title='bbox 0 0 1916 6164; x_wconf 95' lang='lat' dir='ltr'><strong> </strong></span> 
     </span>
    </p>
   </div>
  </div>
 </body>
</html>
