3848 6158
92 198 146 255 ros
298 194 469 254 Cobbtflo
487 196 546 253 t'll.
565 224 602 237 -
620 196 666 251 bt:
685 194 803 251 ΔΝΜ
822 194 1033 253 tlobtblrntt
1051 196 1095 251 ET
1113 196 1350 255 setltltltttltbs
1368 198 1552 269 NEQlllTllS:
1638 196 1642 201 '
1699 212 1754 269 sqq

92 338 157 381 cetu
175 322 275 379 mulier
287 320 434 389 obviasset,
449 318 574 377 offensus
596 334 714 377 occursu
730 319 802 393 ejus,
817 326 895 377 tanta
908 324 936 387 A
950 318 1040 377 delato
1054 318 1090 376 ad
1108 293 1266 377 cenobium
1279 330 1434 381 sanctornm
1454 324 1603 400 uirginum,
1627 330 1705 391 cibus
1722 352 1755 395 ac

92 416 212 490 ingrad
232 431 315 474 sunm
336 430 433 472 rursus
454 414 654 472 monasterium
668 414 894 487 (praetermisso,

93 510 169 583 quod
189 510 351 583 arripuerat,
373 509 426 581 piae
446 508 606 566 visitationis
627 506 742 577 officio)
764 508 895 577 recurrit,

93 612 194 679 quanta
206 605 327 663 nullusa
345 602 413 661 facie
431 602 570 661 leonisrel
591 602 782 660 immanissimi
796 602 897 659 draeo·

93 700 138 756 nis
156 697 310 771 aufugeret,
332 698 372 756 ita
384 707 415 755 nt
437 713 472 755 ne
490 698 641 755 memorati
666 696 779 771 quidem
797 696 898 755 abattit

94 792 228 851 Archebii
239 792 389 851 revocantis
403 807 467 850 eum
481 792 599 851 clamore
614 808 646 851 ac
663 792 788 866 precibus
800 792 899 851 flectc-

93 893 181 955 retur,
200 895 232 942 ut
256 885 291 943 ad
314 884 509 958 requirendum
534 901 644 955 senem,
658 884 895 959 quemadmodum

94 988 302 1054 proposuerant,
333 989 423 1054 erepto
453 981 550 1038 itinere
587 981 787 1055 pertenderent.
816 980 896 1053 Quod

95 1074 158 1132 licet
187 1075 245 1133 zelo
259 1075 394 1133 castitatis
421 1084 449 1131 et
463 1075 587 1148 puritatis
605 1074 704 1133 ardore
726 1076 763 1132 sit
777 1074 896 1143 farctum,

96 1177 189 1225 tomen
204 1169 266 1242 quia
285 1185 342 1226 non
365 1170 515 1227 seeundum
534 1170 676 1227 seientiam
695 1177 895 1242 praesumptum

94 1271 147 1329 est,
162 1262 210 1319 sed
223 1262 393 1319 obsecrantis
411 1262 559 1335 disciplinae
575 1262 711 1335 justaeque
724 1262 899 1320 discretionis

94 1371 225 1413 excessus
238 1363 280 1413 est
301 1357 399 1413 modus
420 1356 494 1427 (non
515 1356 587 1413 enim
611 1357 700 1413 solam
728 1354 898 1413 familiarita-

95 1455 166 1515 tem,
192 1464 255 1521 quaa
273 1464 335 1505 rere
362 1456 403 1505 cst
418 1448 510 1520 noxia,
533 1447 717 1515 feminarum,
741 1446 791 1503 sed
806 1448 895 1519 ipsam

96 1556 204 1613 quoquc
220 1542 334 1614 figuram
347 1558 430 1599 sexus
444 1541 516 1599 illius
530 1541 644 1599 credidit
661 1541 897 1615 exsecrandam),

97 1636 142 1693 tali
165 1636 309 1694 confestim
332 1638 503 1711 correptione
525 1652 672 1710 percussus
697 1646 750 1704 est,
783 1644 814 1692 ut
840 1636 899 1709 ejus

950 422 1041 487 potus,
1053 430 1138 487 quem
1147 430 1184 471 ne
1194 424 1264 473 nutu
1278 416 1388 489 quidem
1398 426 1489 491 petere
1499 429 1616 493 poterat,
1632 424 1750 485 feminco

949 508 1123 583 ingerebatur
1137 508 1280 583 obsequio,
1294 511 1489 587 explendisque
1503 516 1632 574 omnibns
1645 526 1750 577 naturae

951 602 1172 672 necessitatibus,
1185 602 1281 660 eadem
1297 602 1335 659 illi
1352 604 1491 677 diligentia
1503 622 1551 679 per
1565 608 1753 671 annosfenne

951 704 1080 769 quatuor,
1096 696 1185 763 idest,
1199 696 1334 770 usquead
1348 699 1411 757 ritae
1426 714 1483 757 snae
1492 703 1641 760 tenniuum
1651 706 1752 763 seroie·

950 790 1008 848 bat.
1020 792 1072 863 Qui
1084 800 1230 849 eumtanta
1242 796 1446 852 essctomnium
1455 798 1645 855 membrorum
1655 799 1755 859 debili-

952 893 1007 943 tale
1019 888 1198 957 constrictus,
1210 895 1240 945 nt
1251 888 1319 945 nulli
1333 889 1360 945 in
1376 904 1409 945 eo
1423 899 1501 947 artus
1512 892 1632 949 vivacem
1646 900 1752 950 motum

951 996 984 1037 ac
1008 982 1165 1039 sensibilem
1191 990 1368 1049 retentarent,
1392 984 1657 1045 nihilominustanta
1670 1004 1704 1046 ex
1718 1005 1751 1047 eo

951 1074 1081 1134 uirtutum
1094 1076 1178 1149 gratia
1194 1077 1371 1148 procedebat,
1388 1089 1419 1135 ut
1431 1096 1496 1136 cum
1517 1081 1575 1138 de⁸
1591 1083 1651 1140 oleo
1675 1084 1751 1155 quod

951 1161 1103 1226 ¹'cadavere
1112 1186 1163 1226 suo
1173 1170 1263 1241 potins
1273 1186 1356 1241 quom
1366 1187 1482 1243 corporc-
1491 1175 1650 1247 contigisset
1661 1192 1749 1249 unge-

951 1270 1045 1318 rentur
1056 1261 1170 1329 inlirmi,
1185 1261 1333 1319 confestim
1352 1264 1457 1320 cunctis
1471 1274 1481 1299 ‘
1495 1266 1700 1324 valetudinibus
1711 1285 1759 1325 cu·

952 1365 1096 1423 rarentur;
1119 1356 1157 1412 ita
1178 1366 1209 1413 ut
1234 1372 1317 1428 super
1337 1356 1390 1414 lrac
1409 1358 1480 1429 ejus
1500 1358 1652 1415 valetudine
1677 1362 1759 1417 etiam

951 1450 1018 1524 ipsis
1038 1449 1194 1507 infidelibus
1214 1452 1352 1507 evidenter
1376 1468 1442 1523 aper
1454 1461 1536 1525 teque
1552 1453 1712 1512 claresceret
1730 1465 1758 1513 et

951 1543 1120 1602 debilitatem
1134 1546 1323 1602 membrorum
1344 1544 1469 1602 omnium
1482 1545 1689 1619 dispensatione
1711 1557 1758 1608 at-

953 1654 1108 1711 queamorc
1116 1640 1229 1696 Domini
1237 1641 1432 1707 contributam,
1445 1650 1473 1697 et
1481 1642 1627 1699 sanitatum
1637 1644 1750 1715 gratiam

98 1729 253 1787 universum
269 1746 369 1803 corpus
392 1736 550 1804 paralyseos
566 1729 723 1787 valetudine
735 1729 897 1797 solveretur,
914 1750 938 1813 B
953 1748 1003 1802 pro
1032 1733 1187 1789 testimonio
1200 1734 1327 1804 puritatis
1346 1750 1378 1790 ac
1403 1733 1623 1794 manifestatione
1636 1736 1751 1795 merito-

97 1823 257 1894 nullumquc
278 1823 306 1879 in
330 1838 363 1879 eo
387 1822 545 1879 membrum
567 1823 678 1895 penitus
691 1820 799 1892 enplerc
817 1834 899 1875 snum

98 1915 255 1988 praevaleret
280 1915 414 1974 officium.
431 1916 571 1989 Siquidem
588 1931 644 1972 non
657 1914 746 1972 solum
763 1912 849 1987 pedes
866 1928 899 1967 ac

97 2025 207 2077 nranns,
220 2008 269 2065 sed
283 2010 366 2065 etiam
378 2009 480 2081 linguae
495 2017 597 2079 motus,
614 2023 670 2081 qno
681 2007 803 2064 elocutio
822 2007 898 2063 eoois

98 2102 277 2175 exprimitur,
301 2102 422 2173 ipsaeque
439 2116 519 2158 aures
543 2102 579 2157 ita
594 2100 702 2158 auditus
714 2100 814 2173 proprii
828 2101 897 2155 ami-

100 2202 198 2251 serunt
220 2209 341 2261 sensnm,
363 2202 395 2249 ut
415 2194 442 2249 iu
454 2208 487 2250 eo
504 2192 570 2249 nilril
592 2193 714 2265 amplius
737 2209 769 2249 er
787 2192 898 2249 bomine

101 2303 185 2361 quam
200 2286 348 2343 immobilis
358 2296 465 2343 tantum
484 2286 738 2360 atquejinsensibilis
754 2288 838 2357 frgrrra
854 2304 898 2345 re-

100 2389 232 2437 maneret.
253 2384 398 2437 Eo‘antem
410 2382 535 2437 redactus
553 2390 604 2446 est,
620 2388 651 2437 ut
667 2382 819 2437 infirmitati
838 2382 897 2455 ejns

98 2474 177 2531 nullo
197 2474 282 2531 modo
304 2476 426 2531 virorum
441 2474 581 2549 diligentia
595 2474 730 2532 desereire
747 2476 896 2545 suffceret,

99 2568 152 2625 nisi
169 2568 226 2625 sola
251 2568 276 2623 ei
289 2568 433 2626 muliebris
455 2568 585 2626 sedulitas
605 2567 797 2625 ministrasset.
826 2572 898 2625 llam

952 1841 1014 1882 rum
1028 1825 1051 1881 ei
1065 1826 1181 1899 Spiritus
1193 1828 1280 1884 sancti
1294 1829 1402 1885 eirtntae
1417 1828 1549 1899 praestari.

1221 1920 1343 1976 CAPUT
1365 1923 1487 1977 xxttl.

1132 2014 1168 2067 llo
1183 2018 1330 2069 tertiatione
1344 2016 1449 2070 oltluetis
1462 2018 1575 2084 alopen.

985 2102 1126 2159 Secundus
1143 2120 1217 2171 vero,
1232 2104 1444 2177 quemdirimns
1458 2106 1548 2162 irritae
1567 2122 1660 2164 eremo
1672 2124 1753 2166 eom·

952 2205 1101 2265 moratum,
1120 2212 1183 2253 eum
1197 2198 1254 2270 ipse
1267 2214 1376 2271 qnoque
1397 2200 1542 2273 singularis
1567 2210 1594 2257 et
1613 2200 1753 2275 incompa-

952 2288 1046 2345 rabilis
1061 2290 1102 2345 vir
1112 2298 1202 2357 esset,
1217 2290 1254 2348 ob
1264 2290 1503 2363 reprehensionem
1518 2294 1598 2349 nnius
1609 2296 1752 2361 sermonis,

953 2397 1034 2453 quem
1059 2391 1154 2440 contra
1171 2384 1299 2441 abbatem
1317 2373 1494 2441 dlinearium
1512 2386 1653 2458 disputans
1674 2387 1755 2459 paulo

953 2475 1046 2533 durius
1059 2478 1182 2550 protulit,
1195 2478 1314 2551 quadam
1326 2479 1431 2535 scilicet
1441 2480 1571 2550 opinione
1588 2490 1753 2551 praesentutt,

953 2574 964 2603 ²
978 2580 1034 2627 tam
1048 2572 1108 2628 diro
1126 2572 1270 2627 confestim
1286 2579 1327 2627 est
1340 2572 1455 2628 traditus
1467 2572 1597 2639 daemoni,
1609 2582 1640 2627 nt
1655 2572 1756 2631 liuma-

650 2712 777 2768 nutum
796 2712 907 2767 Gaerfdl
927 2710 1206 2768 collimitantes.

135 2837 229 2893 ³0lco
245 2852 261 2891 a
279 2851 308 2893 sc
323 2834 475 2904 benedicto,
499 2845 548 2893 aut
565 2844 694 2893 contacto
713 2843 741 2893 et
760 2836 900 2909 pra‘stito,
955 2835 1178 2907 consequendam
1193 2834 1274 2891 irretit
1291 2836 1455 2901 institutum,
1472 2844 1498 2891 et
1516 2852 1529 2891 a
1545 2834 1665 2906 quolibet
1677 2837 1755 2895 cbri-

99 2908 150 2963 viri
165 2908 253 2963 sancti
269 2922 456 3033 seqenumero
477 2908 602 2964 infirmos
620 2915 761 2963 curarunt.
782 2909 827 2965 Sic
841 2923 902 2964 san·
955 2908 1046 2963 stiano
1073 2908 1099 2961 in
1125 2908 1236 2962 nomine
1255 2906 1365 2963 Christi.
1388 2917 1414 2962 et
1442 2909 1467 2962 in
1482 2908 1630 2988 quemlibet
1644 2910 1725 2965 etiam
1739 2927 1756 2967 a

100 2988 163 3035 ctus
177 2978 299 3033 llilarion
322 2994 392 3035 cesos
406 2995 422 3034 a
441 2980 610 3049 serpentibus
624 2979 685 3035 oleo
699 2979 833 3041 sanabat;
850 2996 900 3036 ec·
956 2977 1007 3035 lide
1018 2978 1149 3044 alierrnm,
1173 2978 1206 3033 ael
1230 2980 1374 3033 sanitatem
1389 2993 1513 3048 corporis
1528 2978 1700 3035 tribuendam
1719 2982 1754 3038 sit

101 3050 219 3120 demque
228 3048 324 3105 duosa
337 3058 425 3104 morte
438 3050 587 3117 suscitavit,
600 3058 669 3105 teste
682 3052 716 3104 l).
730 3051 901 3123 Hieronymo
955 3051 1069 3106 solitum
1085 3049 1217 3106 adbiberi.
1235 3048 1376 3119 lljrrsrnodi
1390 3048 1469 3119 plane
1483 3058 1557 3111 erat,
1571 3050 1643 3121 qnod
1656 3049 1691 3107 ad
1703 3068 1753 3108 eu-

102 3122 127 3187 ll
137 3138 153 3176 n
170 3124 225 3175 rita
236 3120 412 3191 filiationis).
430 3120 473 3175 Sic
485 3120 570 3175 abbas
582 3120 729 3192 Benjamin
749 3120 820 3192 apud
839 3122 902 3177 Pal·
956 3120 1057 3176 mndos
1069 3122 1181 3176 morbos
1196 3136 1243 3192 per
1265 3120 1412 3176 l‘rocnlum
1433 3119 1619 3177 Christianum
1639 3122 1754 3179 admini-

101 3191 205 3248 ladium
215 3191 223 3261 l
234 3194 342 3248 Leraesr'a.
357 3196 388 3246 tt
398 3192 419 3261 l,
433 3191 597 3261 cuicumque
606 3204 705 3245 manus
716 3190 900 3261 imposuisset,
926 3236 938 3257 ,
956 3192 1037 3247 strari
1052 3192 1167 3247 solitum
1177 3192 1269 3247 scribit
1289 3191 1483 3247 Tertullianus.
1501 3192 1576 3255 (Lib.
1591 3193 1628 3245 orl
1640 3194 1751 3265 Seopul.
1830 3218 1834 3226 ·

101 3264 232 3345 antqnod
254 3262 429 3318 benedixerat
450 3262 541 3317 oleum
565 3260 694 3327 dedisset,
715 3261 846 3317 liberatur
866 3262 901 3318 ab
917 3241 939 3298 (1
956 3279 1015 3333 cup.
1029 3264 1067 3316 ti.
1085 3264 1151 3317 ttae
1160 3269 1187 3315 et
1198 3262 1249 3316 alin
1256 3262 1401 3327 baronius,
1414 3262 1543 3333 additque
1555 3262 1668 3320 solitum
1685 3266 1754 3335 ejus-

100 3350 177 3391 omm
190 3331 353 3405 aegritndtne
365 3353 371 3387 z
384 3337 418 3390 El
429 3336 532 3388 fermoni
545 3332 597 3395 dio,
612 3334 660 3403 qni
672 3337 749 3387 tetulo
759 3336 847 3401 qratia
858 3333 902 3387 dt·
955 3332 1042 3397 rnodi,
1057 3332 1128 3387 sient
1142 3332 1208 3386 alias
1220 3334 1324 3403 speeies
1336 3332 1369 3386 nd
1388 3332 1538 3386 lttrmanum
1549 3348 1629 3389 nsum
1642 3352 1753 3409 compa·

101 3422 170 3475 (pirus
183 3407 292 3462 babilas
306 3407 411 3473 (recreet,
431 3409 487 3459 aeto
501 3404 635 3458 meresibns
649 3408 712 3459 onte
725 3404 829 3459 obitum
843 3406 901 3472 suit
956 3411 1041 3469 ratas,
1052 3402 1179 3473 precibus
1193 3402 1358 3473 praescriptis
1369 3403 1529 3457 sanctificari
1545 3403 1625 3469 (nam
1640 3414 1667 3461 et
1680 3407 1753 3478 apud

101 3478 273 3548 iper-optem,
297 3482 322 3531 et
341 3477 503 3545 ep'usrorpns
521 3490 606 3545 eesqeec
619 3476 685 3530 adm
702 3478 842 3538 interemerit,
871 3480 901 3531 ut
955 3474 1125 3530 Clementem
1152 3474 1160 3542 l
1169 3475 1281 3530 l'nustil.
1305 3475 1323 3527 l.
1345 3487 1401 3528 rrn
1416 3490 1437 3527 e.
1453 3480 1496 3541 ³5)
1521 3475 1621 3546 scripta
1637 3475 1754 3534 habetur

100 3554 211 3619 prepter
223 3549 324 3603 dolores
338 3550 504 3602 t'neeuirelur
513 3548 585 3602 olins
605 3548 662 3602 lob.
675 3547 740 3602 feren
754 3550 843 3601 (zeelem
857 3547 902 3600 ln·
957 3544 1111 3601 benedictin
1126 3558 1204 3625 aquae
1223 3552 1251 3599 et
1264 3544 1315 3599 olei
1328 3548 1348 3612 l,
1362 3544 1401 3599 sie
1414 3552 1442 3599 ut
1455 3544 1533 3615 signo
1542 3554 1648 3603 tarrtnm
1663 3550 1754 3605 erneis

104 3620 210 3673 blaterant
220 3620 267 3675 boe
280 3619 369 3673 morlo
382 3619 582 3681 iinmeelr'colili,
596 3619 749 3675 reerelebatru·
767 3619 831 3673 eliis
851 3621 902 3689 qui
954 3615 1019 3671 illud
1032 3614 1210 3680 benedixisse,
1222 3624 1248 3671 et
1260 3614 1288 3670 iu
1299 3614 1412 3669 nomine
1424 3616 1602 3673 satiatissime
1612 3620 1753 3677 Trinitatis

102 3690 405 3761 terrebunturquibam-is
420 3691 640 3759 eqritrerliaibus.
651 3689 731 3760 Quod
743 3690 821 3761 plane
832 3705 899 3745 con·
953 3687 1135 3744 sanctificasse
1149 3686 1432 3759 atqueaegrotnutilms
1442 3686 1592 3743 admovisse
1603 3689 1752 3749 sufficeret.

101 3762 174 3833 gruit
185 3777 247 3818 eum
261 3762 385 3833 exemplo
401 3761 506 3817 abbatis
519 3761 595 3817 Pauli
609 3760 643 3817 de
657 3776 711 3833 quo
731 3760 776 3817 iric
797 3760 895 3832 agitur.
989 3752 1003 3790 ¹³
1017 3758 1098 3831 Quasi
1113 3758 1187 3813 dieat
1207 3774 1261 3813 non
1275 3758 1358 3813 fuisse
1372 3758 1483 3828 quidem
1494 3758 1607 3815 cadaver
1622 3762 1631 3831 l
1644 3762 1753 3819 vivebat

102 3832 171 3889 Oleo
185 3832 265 3889 etiarn
278 3849 293 3887 a
305 3834 334 3889 S.
353 3832 473 3888 llaeario
487 3840 578 3887 curata
591 3832 690 3901 legitur
701 3832 861 3903 paralytica,
870 3840 900 3886 et
954 3828 1026 3885 enim
1049 3830 1146 3885 Pnulns
1157 3830 1176 3896 l,
1192 3828 1240 3884 sed
1256 3830 1343 3884 instar
1356 3828 1506 3895 cadat-eris,
1520 3828 1573 3882 boe
1586 3838 1636 3895 est,
1653 3834 1752 3890 morbo

102 3902 291 3961 demoniacus
316 3920 330 3959 a
357 3904 483 3959 daemone
510 3901 649 3965 liberatus,
681 3900 754 3969 apud
770 3900 899 3955 eumdem
954 3916 1023 3970 pene
1037 3909 1193 3956 emortuum
1207 3920 1213 3953 :
1226 3902 1346 3955 t'enlurer
1360 3898 1445 3964 enim,
1457 3899 1496 3953 ait
1509 3897 1638 3966 isidorus,
1662 3918 1679 3955 u
1705 3918 1754 3957 ea-

104 3975 261 4032 Palladium.
283 3974 352 4030 0leo
380 3971 475 4027 itidem
500 3968 643 4024 benedicto
668 3969 771 4023 multos
796 3970 901 4024 sanavit
953 3972 1228 4033 alvredoraortiiuonoa,
1243 3974 1307 4042 quio
1317 3970 1749 4041 jemstura-aonpolcst(Elpeum.

62 4099 65 4104 .
102 4044 185 4103 abbas
206 4048 334 4102 loannes.
356 4042 435 4097 ldem
470 4038 503 4093 de
526 4037 625 4093 abbate
653 4036 789 4107 Aplrrante
812 4046 840 4093 et
866 4038 901 4095 de
956 4042 1121 4109 libaneop.
1139 4042 1182 4105 2).

102 4116 230 4175 Simeone
245 4114 328 4171 refert
342 4110 530 4167 Theodoretus
543 4106 572 4162 in
594 4107 694 4163 llistor.
717 4108 765 4163 SS.
787 4112 899 4164 Patrem
991 4108 1003 4137 ⁰
1025 4110 1158 4165 l'aletndo
1172 4110 1272 4181 passim
1301 4108 1373 4180 apud
1397 4110 1555 4165 Cassianum
1573 4110 1683 4182 ponitur
1702 4127 1752 4184 pro

102 4202 162 4260 cap.
178 4196 195 4243 8
208 4195 235 4241 et
245 4190 281 4241 tt·
296 4184 425 4254 (terrester.
442 4184 510 4235 illel
525 4178 581 4251 tt).
596 4178 656 4235 Olei
670 4178 752 4234 otiam
769 4178 900 4235 unctione
954 4178 1149 4247 invaletudine,
1160 4196 1207 4234 scu
1218 4178 1387 4245 infirmitate,
1399 4188 1429 4233 nt
1444 4180 1508 4234 alibi
1524 4190 1661 4239 notatum.

100 4256 232 4313 monaclri
250 4253 364 4326 :Egyptii
393 4251 568 4324 paralyticum
587 4258 717 4306 curarunt
727 4292 736 4320 ,
754 4248 858 4306 Itulino
873 4258 900 4307 et
991 4245 1087 4317 ¹’,l'ide
1102 4265 1164 4321 qum
1187 4250 1252 4305 alias
1274 4250 1335 4319 [lto
1347 4264 1379 4314 r,
1391 4264 1449 4319 carp.
1476 4258 1539 4317 xm)
1553 4254 1707 4311 notavimus
1719 4254 1754 4313 de

100 4332 261 4385 Sozomeno
274 4324 387 4379 testibus
399 4326 501 4393 (Reefirr.
514 4324 559 4378 lib.
573 4336 598 4379 11
611 4337 670 4392 cop.
683 4326 712 4389 l,
722 4324 826 4379 senaa.
839 4322 857 4377 l.
869 4337 900 4377 vr
957 4320 1065 4378 duobus
1087 4320 1215 4377 blacariis
1240 4320 1342 4377 sanetis
1364 4320 1533 4378 anachoretis
1564 4326 1697 4397 AEgyptiis
1723 4335 1752 4384 et

100 4414 160 4467 cup.
184 4405 239 4465 et).
262 4394 476 4468 [leniqueabbas
491 4392 628 4450 blaebetes
646 4393 718 4465 apud
742 4394 902 4450 (assianum
956 4393 1112 4461 eoretaneis,
1128 4408 1248 4465 quornm
1267 4393 1499 4465 alterrllgyptius,
1514 4392 1754 4456 alterit'lerandri-

100 4470 162 4525 trae.
174 4469 208 4524 de
218 4484 246 4524 se
256 4469 315 4540 ipso
325 4466 408 4524 refert
419 4486 426 4520 :
437 4467 525 4523 Oleum
537 4468 616 4521 etiem
628 4465 787 4530 benedicere,
796 4482 828 4519 oc
837 4481 903 4535 snp-
956 4480 1007 4520 nus
1028 4464 1237 4535 cognominatus
1250 4470 1300 4520 est.
1316 4464 1450 4520 Videntur
1464 4473 1557 4522 antem
1573 4484 1635 4540 quae
1651 4468 1695 4527 ltie
1718 4470 1753 4527 dc

98 4541 265 4611 polluentibus
277 4540 350 4607 atne,
362 4537 626 4609 quodq-‚neomutus
638 4538 902 4608 caseor·ubor,ulpmte
956 4536 1076 4592 blacario
1091 4535 1245 4599 traduntur,
1266 4536 1300 4592 dc
1320 4537 1445 4609 atgpprio
1466 4538 1648 4611 intelligenda,
1670 4556 1753 4613 quem

97 4612 225 4681 jerolimus
239 4611 307 4667 illud
321 4627 355 4665 cn
364 4625 464 4677 meque
474 4609 561 4663 curetes
573 4611 779 4677 presumptione
794 4608 901 4663 descen·
917 4624 942 4687 Ι)
956 4607 1091 4664 Palladius
1104 4616 1130 4663 el
1141 4607 1186 4663 elii
1198 4606 1323 4664 scribunt
1335 4608 1466 4679 singulari
1483 4609 1557 4665 dono
1579 4621 1608 4667 et
1620 4620 1754 4682 potestate

101 4684 173 4746 det-e,
186 4682 418 4739 circumdantibus
434 4695 474 4733 erre
488 4683 592 4749 repente
604 4678 777 4733 smeerlmibns
789 4680 899 4747 miultis,
955 4678 1083 4735 adversus
1096 4678 1236 4735 daemones
1250 4678 1388 4735 claruisse.

102 4749 901 4819 itocoetslrietussumulolilereosmellutettuscrederepos-

102 4838 168 4883 scm,
184 4828 310 4880 telsiomc
324 4838 429 4879 territura
438 4824 467 4875 ui
477 4825 503 4877 et
511 4822 684 4876 obtestatione
692 4822 900 4876 cetmslssetelnl

103 4896 193 4950 oblato
216 4896 249 4949 oo
263 4898 300 4949 eis
312 4896 417 4950 eoscrrlo
430 4908 542 4948 moeream
563 4906 650 4946 meum
666 4893 792 4959 inoperoso
814 4894 900 4947 emeris

104 4968 247 5035 siqrmenlo
259 4981 475 5037 salpicupersanum
487 4968 577 5035 itaque
590 4978 617 5018 se
636 4962 772 5017 credentes
792 4962 900 5018 benecdi-

104 5040 199 5093 eliorn's
213 5040 300 5094 oleum
313 5043 470 5100 carricentlos,
488 5037 595 5091 terrulem
608 5050 650 5089 eae
668 5034 813 5103 erliqmmelo
833 5035 902 5089 rele-

104 5114 219 5165 narual.
232 5110 276 5167 Sic
286 5109 340 5166 ille.
356 5110 396 5163 De
410 5108 506 5164 eadem
518 5105 571 5162 olei
586 5104 801 5161 sanctificatione
809 5112 834 5160 ct
849 5119 901 5161 usu

105 5181 141 5236 ad
165 5181 359 5253 impartiendos
382 5180 510 5235 sanitates
524 5180 640 5236 sereres
658 5177 688 5231 in
701 5174 768 5257 Vita·
780 5178 808 5231 S.
826 5176 902 5231 blar-

103 5252 165 5316 tini,
189 5254 283 5319 etalii,
296 5252 342 5325 qui
367 5266 410 5307 res
423 5256 513 5324 gestas
539 5256 696 5305 sanctorum
716 5254 900 5319 seripserunt,

105 5322 320 5397 frequentissime
334 5322 490 5379 meminere.
514 5320 659 5379 Sciendum
676 5334 739 5376 vero
765 5317 901 5391 ejusmodi

106 5394 195 5451 oleum
214 5406 241 5452 et
254 5395 390 5451 unctionis
409 5409 504 5469 genus,
520 5392 581 5449 lieet
594 5390 684 5465 aliqna
713 5390 901 5473 benedictione

105 5466 312 5530 sanctificatum,
327 5468 528 5523 aSacmmento
543 5472 633 5520 tamen
652 5471 782 5519 extremae
796 5468 902 5518 unelro·

105 5534 158 5602 nis,
172 5540 245 5611 quod
258 5539 285 5593 in
296 5538 415 5593 Ecclesia
429 5536 562 5593 catholiea
582 5534 699 5592 infirmis
712 5535 802 5599 datur,
816 5532 902 5590 fuisse

103 5606 342 5683 longedircrsum,
356 5616 386 5665 nt
395 5606 703 5665 scitemonetliaronius
718 5606 806 5677 (l'ielc
815 5608 899 5660 iloto.

103 5679 122 5733 l.
139 5683 264 5737 retrerrol.
280 5698 326 5735 uer.
343 5685 376 5737 ll.
388 5684 453 5747 tiam
466 5677 688 5751 quandoquidem
702 5692 758 5733 non
771 5675 807 5732 ad
822 5674 901 5757 infir-

101 5764 214 5809 morum
241 5750 402 5809 dimittenda
423 5758 530 5824 peecata
559 5759 586 5807 et
607 5747 769 5807 invisibilem
785 5758 901 5821 gratiam

990 4748 1149 4808 ‘blimbile
1179 4750 1290 4820 quidem
1322 4748 1439 4811 ridetur,
1466 4750 1555 4802 virum
1575 4756 1700 4803 sanctum
1716 4750 1752 4807 ob

954 4820 1041 4877 levem
1067 4821 1175 4890 eulpam
1191 4821 1227 4875 ita
1249 4819 1309 4874 diro
1323 4818 1442 4873 daemoni
1463 4816 1547 4870 fauisse
1569 4819 1709 4884 traditum,
1725 4828 1754 4877 et

953 4893 987 4946 ab
1013 4906 1046 4945 eo
1069 4898 1225 4959 correptum
1249 4898 1277 4943 et
1294 4895 1386 4941 mente
1413 4886 1607 4955 abalienatum,
1626 4898 1656 4947 ut
1671 4891 1753 4949 etiam

955 4960 1076 5016 lrumana
1091 4968 1210 5013 stercora
1226 4958 1268 5013 ori
1283 4972 1334 5013 suo
1348 4955 1464 5037 turpiter
1485 4958 1624 5021 insereret.
1641 4966 1678 5017 at
1696 4980 1753 5021 non

956 5031 1024 5086 ndeo
1045 5029 1146 5085 mirum
1173 5028 1321 5093 ridebitur,
1341 5042 1363 5083 sr
1387 5027 1593 5089 consideremus
1615 5034 1752 5091 interdum

956 5102 1014 5157 lieri
1033 5110 1064 5156 ut
1078 5100 1214 5163 homines,
1231 5100 1333 5171 absque
1348 5097 1400 5155 ulla
1420 5115 1468 5155 sua
1481 5101 1572 5173 eulpa,
1586 5119 1642 5159 non
1661 5114 1754 5162 tamen

955 5174 1014 5229 sine
1025 5171 1132 5243 magnis
1146 5170 1247 5227 divinae
1265 5170 1441 5241 providentiae
1454 5174 1603 5229 rationibus
1615 5190 1630 5229 a
1645 5174 1754 5233 lemo-

956 5244 1039 5301 nibns
1059 5242 1239 5313 corripiantur
1256 5250 1284 5297 et
1296 5242 1484 5313 possideantur
1508 5244 1617 5314 (lenitur.
1640 5248 1755 5319 cti-pso-

955 5322 1033 5371 storn.
1051 5316 1096 5370 lib.
1112 5316 1145 5369 ‹le
1159 5314 1412 5385 mariaecellense).
1429 5316 1508 5383 Quod
1520 5316 1643 5387 pluribus
1659 5334 1753 5377 erem-

956 5389 1007 5460 plis
1021 5395 1048 5443 et
1061 5386 1222 5443 testimoniis
1233 5393 1406 5457 compertum
1430 5386 1554 5443 habetur.
1572 5390 1697 5447 Primum
1716 5396 1751 5447 D.

958 5460 1143 5531 llieronymns
1158 5458 1236 5531 epist.
1253 5464 1287 5513 25
1299 5457 1334 5513 do
1345 5454 1421 5512 obitu
1435 5458 1552 5514 Blesillae
1564 5478 1569 5513 :
1582 5463 1654 5528 Quid
1666 5478 1754 5519 cature

957 5536 1006 5591 est,
1019 5530 1118 5601 inquit,
1134 5536 1165 5583 ul
1177 5546 1247 5600 serpe
1253 5530 1358 5591 bimuli,
1374 5531 1544 5600 triumlique,
1558 5536 1590 5585 ut
1601 5532 1680 5587 labero
1692 5550 1754 5589 rne-

956 5607 1032 5658 teeno
1044 5603 1182 5664 lactentes,
1205 5618 1222 5655 c
1241 5602 1361 5655 aleernonc
1376 5603 1572 5671 corripiuntur,
1597 5605 1755 5675 repleo-ratur

957 5674 1042 5745 lepra.
1055 5674 1143 5729 morlo
1155 5676 1226 5741 eeqio
1237 5674 1399 5729 ‹lerneenlur
1409 5676 1423 5727 ?
1433 5676 1465 5728 lzt
1476 5673 1549 5729 addit
1560 5676 1754 5745 postmodnm:

958 5747 1108 5803 inuisibilia
1123 5747 1178 5801 lucc
1193 5745 1365 5801 inscrutabili
1380 5745 1627 5817 utilissimijuelt'eeb
1637 5752 1755 5804 suntrc-
