3848 6158
129 264 178 317 bot
596 260 765 318 COLerTlO
784 259 855 317 Xlll.
872 288 909 305 -
927 262 972 317 bc
990 260 1231 319 subtectione
1251 260 1317 316 bt2t.
1730 258 1782 321 [lili

128 384 821 459 evidentiusapprobeturnilrilpoesaprolloeresino
827 386 934 460 adjuto-
946 392 974 455 Α
987 402 1019 443 ac
1032 386 1217 444 misericordia
1231 386 1407 443 roborasset:
1422 394 1455 443 et
1472 385 1595 443 inelliesx
1614 386 1674 459 ejus
1686 389 1783 444 rolan-

128 478 930 553 rloDci,laborantisindustriamltoocnimagrieolacum
983 490 1027 539 tas
1044 481 1189 538 iuissat'ac
1201 481 1298 552 vireas,
1317 480 1371 536 nisi
1392 480 1475 537 etiam
1495 480 1642 553 peragendi
1660 480 1780 553 copiam,

129 586 228 629 onmes
239 582 355 630 conatus
370 588 447 656 suos
457 574 485 631 in
499 572 655 631 excolendis
667 573 825 645 expenderit
838 575 929 643 terris,
983 588 1046 648 qum
1059 590 1266 648 nonnumquam
1280 574 1320 629 ael
1333 572 1467 631 siceitatb·
1476 568 1522 631 nel
1536 574 1667 632 imbrium
1684 576 1782 633 nimie-

128 665 368 723 eonlestimetiam
381 666 930 739 proventumsegetumetubertatemiru·
983 677 1040 725 tata
1052 656 1213 737 'fraudatum
1235 668 1325 724 divina
1346 668 1489 725 clementia
1512 668 1782 738 praeiturus-trun

128 774 257 833 gumsuae
269 759 660 834 poteritindnstriaedepntare,
669 760 864 834 ‹pramirritam
872 778 931 819 esse
983 776 1047 817 eum
1056 770 1085 817 et
1094 762 1197 819 bonnm
1211 756 1411 831 virtutislbips.
1424 764 1546 832 inmorq.
1557 762 1661 821 bonum
1672 764 1782 835 virtusl,

129 854 285 927 lroquontar
294 864 423 926 experttn
430 861 483 923 est,
489 850 542 912 nisi
549 868 611 912 eant
623 864 653 913 et
661 852 816 928 pluviarum
827 870 928 929 oppor-
984 864 1012 913 et
1023 858 1128 913 sanitas
1147 856 1279 928 corporis,
1290 864 1322 911 -ct
1340 856 1466 911 omnium
1480 854 1594 913 allectus
1607 872 1783 929 operum-ae-

129 948 232 1005 tunitas
244 949 930 1023 ethyemis-tranquillamenitassubsequatnrzita
984 958 1117 1023 tuumque
1137 951 1303 1022 prosperitas
1324 964 1340 1005 a
1365 948 1489 1005 Domino
1513 948 1599 1006 luerit
1617 950 1781 1021 condonata,

129 1041 616 1117 utadultosjnmimctusncperlecta
627 1044 928 1113 mamrtratcsotrdatos,
983 1044 1119 1100 orandum
1143 1052 1185 1099 cst
1204 1058 1239 1099 ne
1252 1042 1300 1099 liat
1325 1044 1349 1098 ei
1370 1042 1584 1115 sicutsctiptum
1607 1052 1658 1111 est,
1681 1045 1783 1102 caelum

128 1134 338 1206 quodammodo
347 1135 384 1192 de
394 1152 480 1201 manu
491 1138 641 1194 tenentium
649 1137 799 1193 riduimus
807 1135 929 1208 plerum·
982 1152 1085 1195 aereum
1104 1146 1131 1193 et
1149 1145 1223 1192 terra
1245 1136 1346 1203 terrea3
1359 1144 1387 1191 et
1399 1150 1435 1191 ns
1449 1136 1589 1192 residuum
1607 1138 1720 1194 locustae
1733 1154 1782 1195 co-

129 1243 182 1300 que
205 1239 366 1304 praereptos,
385 1230 508 1303 nihilque
528 1232 718 1289 laborantibus
740 1230 814 1286 illam
833 1229 928 1301 jugem
982 1231 1076 1289 medat
1095 1230 1227 1299 bruclrus,
1246 1237 1274 1286 et
1293 1228 1433 1285 residuum
1450 1228 1547 1285 bruclri
1561 1244 1642 1287 eruca
1657 1229 1781 1297 devoret,

129 1322 239 1380 sudoris
250 1324 408 1382 instantiam
423 1326 581 1393 contulism,
600 1324 663 1397 quia
677 1336 737 1381 non
750 1323 802 1379 tuit
815 1324 928 1379 Domini
983 1334 1009 1382 et
1021 1326 1161 1383 residuum
1170 1339 1259 1381 erucae
1270 1324 1366 1396 rubigo
1379 1332 1524 1379 consumat
1545 1324 1617 1395 (ioci.
1633 1326 1668 1394 r).'
1682 1326 1739 1380 Nee
1752 1324 1782 1379 in

129 1418 310 1489 opitulatione
321 1420 435 1475 directa.
452 1420 529 1477 Sicut
542 1419 625 1490 igitur
639 1416 774 1473 inertibus
790 1415 927 1487 agricolis,
982 1419 1035 1475 hoc
1048 1427 1155 1475 mutum
1170 1426 1231 1489 eget
1241 1416 1387 1473 divinitatis
1398 1416 1498 1472 auxilio
1510 1416 1637 1488 agricolae
1651 1416 1779 1474 laboran-

129 1513 237 1583 qnisua
255 1512 413 1585 frequenter
433 1526 543 1567 nomem
560 1524 691 1566 arranon
703 1506 845 1579 subigunt,
859 1506 929 1563 banc
982 1511 1017 1569 tis
1041 1510 1186 1578 industria,
1213 1510 1266 1567 nisi
1286 1510 1370 1565 etiam
1391 1508 1542 1581 insperatos
1564 1516 1670 1565 enormi
1690 1524 1780 1577 mens,

129 1602 281 1659 ubertatem
295 1609 420 1676 segetum
433 1603 521 1675 pietas
533 1601 625 1659 divina
638 1616 694 1656 non
709 1597 829 1667 contest,
841 1598 877 1654 ita
890 1598 928 1653 la-
981 1603 1081 1671 quibus
1100 1602 1205 1658 etiamsi
1219 1602 1370 1658 desiderata
1383 1600 1524 1658 tractuum
1536 1598 1704 1659 fecunditate
1717 1618 1782 1675 ager

130 1696 291 1753 berantibus
307 1712 408 1768 pernox
422 1695 580 1753 sollicitudo
593 1709 649 1750 non
663 1692 795 1766 proderit,
807 1692 861 1748 nisi
874 1691 928 1747 mi·
983 1696 1070 1753 luerit
1084 1692 1234 1769 opimatus,
1245 1712 1301 1755 non
1313 1695 1404 1753 solum
1418 1695 1475 1767 spci
1488 1710 1546 1751 suar
1558 1708 1626 1751 rana
1638 1706 1781 1769 exspecta-

130 1790 276 1847 sericcrdin
297 1791 412 1847 Domini
436 1789 521 1845 tuerit
539 1796 705 1861 prosperata.
724 1789 826 1859 inquo
838 1794 966 1857 tamenss
984 1792 1060 1847 tione
1075 1789 1263 1856 frustrabitur,
1280 1790 1473 1846 verumetiam
1489 1798 1676 1863 perceptamm
1692 1801 1720 1848 et
1736 1808 1780 1850 re-

130 1885 251 1943 lrnmana
273 1887 397 1959 superbia
416 1888 574 1943 nullatenus
587 1901 618 1942 sa
636 1886 730 1959 gratier
748 1885 800 1941 Dei
820 1884 859 1942 rel
880 1900 930 1941 ex·
984 1883 1170 1941 conditarum·
1174 1884 1233 1957 jam
1253 1884 1294 1940 rel
1316 1884 1344 1939 in
1356 1900 1419 1940 area
1440 1884 1483 1941 rel
1506 1884 1533 1939 in
1553 1885 1652 1942 lrorreo
1671 1884 1782 1959 irugnm

131 1977 293 2050 aequarsvet
306 1978 625 2047 admiscerecontcndat,
638 1978 930 2052 participemqncsein
983 1978 1107 2037 ubertate
1137 1976 1316 2035 fraudabitur.
1343 1979 1448 2050 Quibus
1474 1978 1618 2037 manifesto
1637 1981 1783 2053 colligitur,

131 2072 293 2129 maneribus
305 2073 357 2129 Dei
369 2087 419 2145 per
432 2072 488 2128 lroc
496 2080 612 2128 conetur
625 2071 753 2137 inserere,
766 2080 797 2127 ut
808 2072 930 2127 laborem
984 2076 995 2105 ¹
1009 2087 1064 2129 non
1078 2072 1169 2128 solum
1183 2079 1306 2141 actuum,
1319 2088 1417 2128 rerum
1431 2072 1513 2128 etiam
1525 2074 1725 2145 cogitationum
1735 2076 1785 2131 bo-

130 2180 213 2221 scum
231 2175 372 2223 auctorem
393 2181 453 2223 esse
466 2165 566 2222 dirinae
584 2165 721 2221 existimet
738 2164 877 2235 largitatis,
900 2180 933 2221 ac
983 2182 1081 2223 narum
1097 2182 1133 2223 ex
1152 2169 1212 2221 Deo
1235 2180 1295 2222 esse
1307 2165 1481 2239 principium,
1501 2168 1549 2237 qni
1568 2166 1648 2223 nobis
1662 2176 1690 2223 et
1709 2169 1784 2225 initia

132 2266 297 2331 proventum
317 2260 572 2332 copiosissimarum
593 2258 703 2331 lrugrm
721 2256 863 2315 industriae
875 2274 933 2315 suar
984 2271 1087 2319 sanun
1099 2262 1377 2334 voluntatisinspirat,
1392 2269 1422 2318 et
1441 2262 1569 2317 virtutem
1587 2270 1784 2335 atquooppor-

131 2354 237 2409 maritis
247 2353 420 2425 respondisse
429 2353 573 2425 glorietur.
591 2352 751 2409 Consideret
768 2367 886 2423 namque
900 2366 932 2408 ac
984 2355 1129 2412 tunitatem
1148 2370 1326 2428 eorumquae
1342 2365 1417 2411 recte
1435 2356 1572 2428 cupimus,
1592 2354 1690 2411 tribuit
1704 2370 1786 2427 pera-

133 2448 254 2505 veridica
264 2450 468 2505 examinatione
480 2446 638 2521 perpendat,
652 2446 726 2519 quod
738 2461 775 2502 ne
786 2446 932 2519 ipsosqui-
985 2448 1083 2521 gendi:
1107 2452 1190 2505 Omne
1211 2452 1282 2504 enim
1304 2450 1399 2503 rictum
1421 2448 1528 2513 mcum,
1548 2454 1575 2502 et
1594 2464 1670 2503 omno
1686 2450 1786 2504 donum

131 2541 194 2599 dem
207 2546 334 2611 conatus,
349 2559 420 2615 qnos
436 2559 488 2614 pro
503 2542 638 2599 desiderio
652 2540 799 2614 opulentiae
811 2540 932 2597 intentus
982 2543 1131 2611 perfruam
1145 2541 1284 2595 desururm
1299 2544 1338 2595 est
1352 2540 1510 2595 desuadeas
1528 2556 1546 2595 c
1562 2546 1642 2609 putre
1654 2542 1786 2595 luminum

132 2634 262 2703 exercuit,
282 2636 340 2691 suis
352 2636 455 2692 ritibus
468 2636 626 2708 impendere
639 2634 781 2708 potuisset,
794 2633 849 2691 nisi
867 2650 931 2690 curn
986 2636 1084 2699 (Jacob.
1093 2636 1141 2701 igi
1150 2634 1198 2706 qui
1207 2640 1236 2689 et
1243 2633 1340 2706 incipit
1348 2648 1411 2703 quae
1417 2634 1488 2688 bona
1497 2642 1572 2703 sunt,
1581 2641 1610 2688 et
1618 2634 1785 2704 exsequitur,

132 2727 167 2784 ad
189 2727 371 2786 exurendum
392 2744 475 2786 omne
490 2745 560 2802 opus
572 2728 654 2799 ruris,
670 2728 803 2800 protectio
822 2727 933 2784 Domini
986 2736 1013 2785 et
1026 2737 1203 2787 consummat
1212 2729 1239 2785 in
1250 2727 1342 2797 nobis,
1354 2727 1459 2786 dicente
1473 2727 1619 2799 Apostolo,
1634 2728 1784 2793 ertcurem

682 2900 809 2957 ALAlllll
828 2900 941 2958 GAZAEI
959 2898 1239 2957 COMMENTARIUS.

168 3068 181 3094 ¹
196 3058 266 3114 Vera
280 3066 308 3115 et
317 3058 449 3118 catlrolica
461 3062 606 3129 tentantia,
618 3078 701 3133 quam
714 3072 742 3119 et
755 3067 794 3119 l).
812 3064 930 3135 Prosper
982 3064 1064 3121 rerba
1086 3062 1170 3135 ipsius
1189 3060 1324 3129 Cassiani,
1345 3060 1444 3119 deinde
1467 3062 1652 3137 quorumdam
1665 3061 1782 3121 aliorum

130 3130 210 3186 valde
219 3131 396 3187 commendat
407 3134 434 3188 in
446 3133 505 3203 ipso
519 3134 589 3192 snio
624 3133 663 3189 ris
677 3133 929 3206 velutprarambulo
982 3135 1017 3191 dc
1034 3150 1066 3191 ea
1082 3150 1112 3189 rs
1129 3134 1479 3206 sententiassubjiciemus.
1501 3133 1646 3207 llleigitur
1661 3136 1718 3191 sic:
1733 3139 1786 3194 No·

130 3204 209 3271 (ch.
225 3202 266 3271 a),
280 3201 326 3256 ubi
341 3216 435 3257 rerum
450 3219 465 3258 a
486 3201 558 3259 salso
598 3204 744 3267 iseemens,
758 3211 787 3259 at
799 3221 881 3261 suum
895 3206 931 3261 de
982 3212 1077 3269 strum,
1090 3204 1189 3277 inquit,
1198 3212 1246 3270 est,
1255 3210 1287 3260 ut
1296 3206 1473 3275 quotidr'euos
1482 3206 1787 3277 cttmbenternqreticm

131 3272 185 3328 lrac
203 3274 350 3328 collatione
372 3273 503 3344 iudicium
521 3273 680 3359 proterens:
700 3276 765 3342 Quae
776 3282 876 3339 temere,
891 3276 933 3331 in·
987 3280 1038 3333 liei
1050 3278 1188 3333 humiliter·
1205 3278 1398 3345 subsequemur
1407 3294 1418 3330 .·
1429 3278 1472 3331 cel
1484 3278 1638 3331 cortedune
1651 3280 1750 3333 eervim
1760 3284 1788 3333 et

151 3342 202 3411 nit,
215 3346 288 3399 inter
300 3346 381 3398 initur.
392 3346 584 3415 dispertitionis
596 3362 614 3401 c
626 3349 749 3401 ueritatis
766 3349 866 3417 pietate
880 3362 934 3402 rrort
987 3350 1186 3413 incircumcisis,
1200 3352 1232 3401 ut
1245 3348 1405 3413 dictumest,
1422 3348 1533 3401 mrrtbrrs
1540 3348 1623 3401 erilem
1633 3350 1788 3405 resisterunt

130 3358 262 3478 Queat,
279 3420 305 3471 et
313 3417 389 3485 justo
406 3418 675 3487 leonorariprucmuo
694 3422 860 3483 mmereturs
878 3421 934 3474 uisi
966 3442 969 3447 ·
985 3434 1036 3488 pcr
1050 3420 1213 3475 lliercmr'em
1220 3432 1371 3471 mercemur
1384 3417 1498 3471 uudue:
1511 3418 1649 3487 Numquid
1657 3421 1706 3488 qui
1712 3420 1788 3474 cedit

130 3472 1787 3631 mttlb'ttttlllllttlscintillet⁰litftlltl’it‘rtltttlutramlibet

132 3630 206 3690 colu,
216 3631 262 3682 nri
270 3631 386 3695 turrem
395 3632 445 3685 sub
454 3633 545 3699 pretr'e
555 3646 586 3685 uc
593 3631 647 3701 fiale
656 3634 770 3687 uiocnu'a
779 3636 896 3701 opterit,
906 3636 933 3687 et
985 3632 1170 3687 mutentiosu?
1183 3631 1383 3686 ludureeerurtt
1396 3632 1520 3693 cerateas,
1533 3628 1677 3687 noluerunt
1689 3634 1790 3688 reuerti

132 3700 209 3768 cuius
222 3702 420 3766 intenebratum
430 3716 485 3757 risse
492 3702 566 3757 dicit
574 3704 702 3763 laborem,
714 3705 769 3759 rarsi
776 3718 827 3774 per
839 3708 932 3757 omnic
985 3703 1119 3768 (Hierem.
1135 3716 1193 3757 vrrr
1205 3710 1233 3757 et
1250 3710 1283 3757 rt
1295 3710 1324 3757 ct
1341 3702 1392 3775 19).
1407 3702 1476 3757 liare
1487 3702 1542 3757 ille.
1559 3702 1603 3759 Sic
1618 3704 1788 3777 Augustinus

133 3772 183 3825 liei
193 3772 298 3825 rrrtcilio
305 3773 465 3841 precaretur:
479 3774 768 3843 r'rrtrrtrtrtepnm'orrem
784 3774 932 3829 catholicis·
985 3774 1019 3830 dc
1040 3773 1145 3846 Spiritu
1164 3780 1193 3829 et
1215 3774 1322 3829 Littera
1341 3787 1400 3843 cap.
1425 3778 1485 3827 se:
1512 3774 1633 3839 Profecto
1656 3778 1682 3827 et
1697 3776 1787 3843 ipsrrm

131 3844 242 3903 simum,
253 3843 343 3898 dicens
353 3862 361 3898 :
372 3846 475 3912 Quibus
485 3846 629 3910 amonitoris
639 3844 776 3911 colligitur
782 3860 834 3899 aron
846 3848 932 3899 solunt
985 3845 1051 3899 uelle
1061 3846 1169 3900 crudem
1188 3847 1260 3899 bern
1268 3848 1397 3915 operatur
1410 3844 1442 3896 ire
1458 3842 1573 3910 bomine,
1585 3845 1653 3905 etin
1666 3844 1789 3898 omuibus

132 3918 252 3978 actuum,
270 3929 364 3968 cerum
383 3917 466 3968 etima
477 3914 669 3979 cogitationum
691 3914 819 3966 dmrtrrum
833 3932 866 3967 ear
880 3920 933 3969 ileo
986 3916 1169 3971 misnicordio
1182 3916 1240 3983 eius
1250 3916 1458 3987 praeuetitum
1478 3916 1626 3968 masurtire
1641 3918 1731 3968 erstem
1746 3930 1789 3968 co

133 3998 189 4039 esse
209 3987 388 4055 principium,
410 3991 463 4036 etc.
480 3984 520 4035 lta
538 3982 566 4034 S.
586 3982 711 4050 Prosper,
731 3996 764 4035 ac
776 3997 870 4037 rursus
882 3984 933 4037 sub
987 3988 1088 4038 reticui
1109 3988 1165 4047 llei,
1182 3986 1224 4038 ecl
1237 3988 1272 4039 ab
1286 4002 1319 4038 co
1339 3985 1488 4046 dissentire,
1510 3986 1630 4055 praepa-io
1642 3984 1790 4039 tulurrtatis

134 4054 216 4109 tinam
231 4054 273 4109 srri
290 4070 307 4108 o
326 4052 424 4117 usculi,
432 4050 586 4176 ¹praecipuas
606 4049 689 4121 lruJus
698 4050 851 4106 collationis
863 4052 934 4108 deir-
988 4058 1036 4107 est.
1053 4058 1087 4109 Et
1103 4052 1152 4108 lib.
1173 4070 1192 4107 n
1214 4056 1249 4109 de
1272 4056 1378 4109 Poccat.
1399 4070 1470 4109 mer.
1490 4063 1518 4107 et
1539 4055 1647 4112 remiss.
1664 4070 1730 4126 cap.¹
1751 4060 1788 4111 t:

133 4124 256 4181 nitiones
269 4071 411 4193 colligens,
441 4136 502 4176 rane
516 4120 642 4175 eamdem
655 4121 770 4191 primam
792 4122 868 4191 ponit
882 4123 933 4178 de·
987 4124 1208 4192 Adjutorrroster
1221 4129 1291 4179 licus
1304 4124 1714 4195 dicitureneeodJ'ucorepctesl
1734 4128 1790 4181 uisi

133 4196 300 4257 linitionem,
314 4206 399 4262 quarn
410 4199 449 4249 ct
466 4190 640 4263 amplectitur
653 4201 680 4247 et
692 4191 854 4247 catlrolicam
875 4208 935 4249 essa
988 4195 1382 4265 quioliquidsponteoorrutur:
1393 4196 1460 4263 quio
1470 4208 1523 4247 nou
1534 4196 1603 4249 sieut
1612 4197 1641 4249 in
1651 4168 1789 4267 lapidibus

133 4266 291 4321 corrlrtctur.
309 4266 355 4318 list
369 4264 442 4318 enim
458 4262 516 4319 baec
530 4263 642 4319 assertio
657 4262 936 4335 praecipuum-catha·
987 4268 1140 4328 inserueris,
1155 4270 1203 4320 erut
1216 4268 1287 4320 sinti
1300 4267 1328 4319 irr
1343 4266 1389 4327 eis,
1408 4280 1522 4335 pirorum
1535 4270 1638 4321 eontra
1655 4270 1789 4325 nationem

136 4338 197 4390 licac
219 4334 353 4390 doctrirrae
374 4334 502 4391 adversus
522 4334 679 4403 Pelagianos
701 4332 934 4391 fundamentum:
987 4338 1204 4405 voluntatemque
1227 4352 1280 4391 uon
1299 4336 1429 4399 contidit,
1448 4337 1561 4391 sulutem
1579 4342 1699 4395 uestram
1719 4344 1789 4401 Dens

135 4407 180 4463 cui
203 4406 226 4460 si
254 4404 376 4461 Collator
398 4405 557 4471 inhaesisset,
589 4404 744 4477 longissime
771 4407 807 4463 ab
833 4408 935 4463 erroris
988 4414 1115 4479 operatur
1131 4412 1161 4462 irr
1171 4409 1256 4462 uobis.
1270 4409 1306 4463 Et
1320 4408 1364 4463 lib.
1381 4406 1415 4463 de
1429 4408 1559 4465 Pratdest.
1579 4417 1607 4465 et
1616 4410 1711 4467 Gratia
1725 4426 1787 4484 cap.

135 4477 259 4550 periculo
272 4492 304 4531 ac
316 4476 468 4547 suspicione
480 4476 622 4532 abluisset.
987 4484 1024 4535 a:
1040 4482 1111 4535 neus
1128 4485 1247 4550 tempore
1266 4480 1405 4550 officioque
1417 4480 1591 4545 distribuens,
1606 4482 1746 4539 ordinarit
1756 4490 1790 4541 ut

172 4550 186 4583 s
201 4551 235 4603 l).
248 4550 404 4604 rintoninus
418 4557 564 4629 postquam
571 4546 714 4619 boecaput
727 4546 807 4620 lrujus
816 4549 936 4607 collatio
987 4552 1124 4607 roratione
1133 4553 1221 4621 ipsius
1235 4552 1362 4605 bonoram
1369 4553 1507 4622 petrusque
1519 4568 1691 4621 srrmcremus,
1701 4558 1791 4609 rroccii

136 4620 179 4675 nis
192 4620 290 4692 nrajori
310 4635 342 4675 cr
365 4628 455 4689 parte,
472 4626 499 4673 ct
513 4618 599 4688 ipsrus
611 4619 733 4674 Cassiani
752 4620 843 4677 serbis
858 4636 936 4677 more
989 4627 1078 4676 autem
1098 4628 1179 4691 atque
1193 4624 1345 4677 illuminati
1362 4624 1422 4676 cirta
1444 4624 1634 4677 recudeturrun
1654 4624 1712 4691 ejus
1726 4624 1790 4677 bosri

133 4706 185 4747 suo
198 4691 343 4757 retulisset,
363 4690 478 4761 subjecit
498 4689 627 4743 nonnulla
640 4704 701 4760 quae
715 4704 770 4744 non
790 4699 855 4745 sunt
868 4692 936 4747 Cas-
987 4694 1094 4761 irrqerrir'
1116 4695 1297 4763 intelligentie
1322 4708 1497 4754 enumeremus,
1520 4698 1544 4747 et
1570 4708 1614 4745 eus
1637 4692 1719 4746 libero
1747 4696 1789 4747 rel

134 4762 216 4827 siaul,
229 4776 291 4816 eum
305 4778 354 4816 nec
367 4762 395 4815 in
407 4760 608 4831 manuscriptis,
618 4776 668 4815 nec
677 4760 705 4815 in
722 4760 830 4816 excusis
841 4777 935 4817 exem·
988 4764 1144 4832 eliperemus
1156 4766 1198 4818 ael
1206 4765 1415 4833 relinqueremus
1424 4764 1546 4815 err-bitrio.
1558 4764 1676 4831 Prosper
1683 4761 1753 4818 libro
1764 4777 1789 4819 ιι

135 4833 257 4906 pleribus
277 4831 435 4899 habeantur,
456 4830 503 4887 sed
525 4832 564 4887 vel
586 4831 671 4903 ipsius
692 4830 833 4899 Antonini,
852 4848 934 4887 mon·
950 4834 1023 4913 Dde
1041 4834 1191 4888 vocatione
1210 4835 1293 4888 (lant.
1312 4846 1370 4901 cap.
1389 4836 1425 4885 26
1444 4847 1452 4884 τ
1469 4832 1544 4913 lianc
1564 4832 1788 4889 abundantiorem

134 4904 203 4960 dosc
221 4912 326 4969 tamen,
341 4903 474 4973 exscripta
493 4902 535 4957 vel
552 4902 644 4968 edita3
660 4900 702 4956 rel
718 4903 809 4972 potius
833 4902 867 4957 ab
881 4903 934 4959 alio
989 4906 1107 4973 qratiam
1125 4906 1166 4958 ito
1184 4904 1315 4957 eredimus
1332 4906 1416 4970 atquc
1433 4908 1789 4973 exsecramentorum

137 4989 279 5047 perperam
299 4971 389 5029 addita
413 4980 441 5029 et
461 4974 572 5041 inserta,
596 4973 719 5044 adeoque
733 4973 858 5028 censoria
873 4974 934 5030 ani·
986 4974 1144 5029 rrrrllomodo
1154 4976 1379 5027 arbitremuresse
1386 4970 1542 5037 uiolentam,
1552 4990 1607 5044 que
1616 4978 1752 5047 quidquid
1759 4982 1788 5033 irr

137 5046 324 5103 madnersione
345 5043 437 5117 digna.
462 5044 602 5115 Siquidem
625 5054 689 5115 pest
710 5042 753 5098 illa
774 5043 856 5099 rerba
870 5045 934 5099 Cas·
988 5044 1290 5099 soleturdislunrrinr'bus
1303 5045 1403 5111 egitur,
1416 5044 1515 5099 casola
1527 5048 1720 5102 bancorenses·
1728 5064 1791 5118 per·

136 5118 225 5173 alatri:
241 5120 293 5185 (nri
305 5118 410 5186 incipit,
427 5120 491 5183 eru
506 5116 573 5169 boun
588 5120 660 5179 aunt,
679 5118 704 5169 ct
717 5118 883 5185 exsequitur,
901 5120 936 5171 lit
988 5120 1097 5185 aqctur,
1109 5130 1169 5169 erem
1178 5116 1261 5169 etiem
1270 5116 1338 5183 ipsis
1345 5116 1468 5185 paruulis
1477 5118 1630 5185 percitenoe
1641 5118 1789 5175 tulrrntutis

135 5198 303 5243 consummat
321 5191 350 5241 iu
373 5186 457 5249 rrolris,
482 5184 625 5256 subiicitur
644 5184 716 5255 apud
742 5186 933 5242 Antoninum:
988 5188 1164 5242 srrbceniotur
1174 5186 1338 5256 obsequium.
1349 5188 1382 5240 ut
1391 5185 1439 5241 lib.
1450 5188 1788 5261 conuacottstoremcap.

136 5262 233 5328 ltuqtee
245 5263 271 5313 si
282 5259 458 5321 citrrrbimur,
466 5262 589 5311 nostrum
599 5272 651 5311 uon
660 5272 686 5311 cs
709 5258 934 5327 praedamnamur,
989 5264 1046 5313 Pil.-
1069 5262 1181 5319 Bonum,
1208 5256 1308 5329 iuquit,
1331 5257 1505 5321 uoluntatem,
1528 5274 1587 5313 eom
1611 5258 1711 5314 sedicet
1732 5276 1788 5331 qua

135 5331 263 5385 sedilliru
275 5348 292 5384 c
303 5347 356 5399 quo
367 5332 504 5383 trulrimru·
514 5346 523 5381 r
535 5332 757 5383 resisterem-oet
768 5330 839 5384 nrrlle
847 5331 934 5399 sequi,
989 5330 1145 5385 rrdbcrutur
1159 5332 1221 5393 ileo,
1241 5344 1289 5385 uec
1305 5328 1460 5397 urgendum
1473 5332 1512 5384 est
1526 5330 1639 5383 bominis
1658 5344 1713 5385 esse
1727 5348 1790 5403 pro

135 5406 259 5456 nostr-um
280 5407 328 5455 cst.
349 5401 394 5455 Sic
409 5400 455 5455 ibi.
477 5401 509 5455 ln
528 5413 609 5471 quem
628 5399 720 5457 locum
739 5402 772 5455 tt.
788 5402 818 5455 P.
841 5401 936 5456 Petrus
987 5402 1088 5472 priora,
1104 5405 1129 5455 et
1147 5400 1324 5473 confitendum
1343 5400 1612 5469 esrmcsuqurcrue
1625 5408 1786 5473 conseptum.

138 5473 264 5528 Maturus
282 5484 361 5528 suam
379 5485 434 5526 non
455 5470 550 5526 omisit
568 5470 697 5527 adbibere
714 5484 870 5537 censuram,
889 5470 935 5527 di-
991 5474 1025 5527 iit
1039 5471 1119 5526 multi
1132 5470 1176 5525 alii
1190 5484 1260 5541 qnos
1277 5469 1371 5525 videre
1388 5469 1488 5541 poteris
1508 5470 1746 5552 apudctnisinm
1762 5474 1791 5529 in

137 5558 220 5614 gnam
234 5542 355 5615 quidem,
374 5555 436 5613 quar
461 5541 506 5598 iric
518 5541 673 5599 inseratur:
700 5564 712 5591 ι
737 5540 877 5623 obrepsit,
891 5542 937 5597 irr-
991 5542 1045 5596 fine
1066 5542 1156 5611 operis
1175 5538 1318 5597 catechist.
1335 5538 1373 5621 'de
1391 5538 1589 5596 iustiti-irone
1609 5557 1687 5599 num.
1709 5552 1738 5611 9,
1764 5552 1792 5600 et

137 5613 208 5687 quit,
220 5614 273 5669 lroc
281 5616 309 5669 in
323 5613 430 5669 loco-1).
444 5613 576 5668 Antonini
583 5628 660 5669 error
670 5627 735 5668 sane
796 5624 937 5683 usquam
990 5616 1088 5669 Solum
1099 5612 1134 5669 de
1148 5614 1211 5668 liat.
1227 5620 1255 5667 et
1266 5612 1359 5668 Gratra
1378 5610 1424 5668 lib.
1443 5626 1455 5667 t
1473 5626 1532 5682 cap.
1550 5618 1594 5669 lb.
1614 5614 1695 5689 Quod
1708 5616 1792 5674 etiant

137 5694 287 5743 statuuam
312 5683 469 5751 emendare,
486 5681 642 5739 substitutis
654 5684 719 5757 ipsis
777 5682 859 5740 uani
876 5696 937 5740 ver·
991 5683 1110 5741 detinuit
1124 5683 1273 5740 concilium
1286 5680 1411 5739 Trident.
1425 5696 1492 5740 sets.
1513 5690 1542 5753 tl,
1564 5700 1624 5758 cap.
1639 5692 1867 5751 anteum?

139 5754 202 5813 bis:
226 5758 290 5829 quia
312 5763 406 5811 tanna
424 5770 470 5811 res
484 5754 543 5813 lrarc
556 5755 658 5825 ,magni
671 5756 804 5813 momenti
822 5755 878 5813 risa
896 5762 939 5811 cst
991 5762 1020 5813 d.
1035 5778 1051 5807 s
1069 5758 1220 5831 Hucusque
1232 5754 1306 5831 apud
1324 5758 1361 5813 1).
1378 5755 1548 5815 Antoninum
1564 5759 1637 5819 eur.
1655 5760 1751 5817 blaturt

140 5836 254 5905 propter
271 5842 368 5903 pratas
381 5826 575 5887 cerebrorum
596 5824 749 5903 opiniones,
765 5826 828 5885 ideo
848 5826 939 5905 primo
993 5856 998 5865 .
1489 5876 1497 5883 .
1742 5853 1750 5869 =
