3848 6158
133 311 182 367 aar
672 288 813 350 loannis
831 291 981 347 tussitat
1001 290 1249 349 nouuartotus.
1736 294 1793 347 ιιι

132 437 197 505 sint,
221 435 263 491 vel
289 434 318 491 S.
342 428 465 494 Joanuis,
485 426 524 481 vel
549 420 629 479 Judae
650 418 778 474 nativitas
801 426 935 490 protesta-
945 424 972 486 Α
986 435 1036 476 nec
1048 419 1150 475 malum
1171 418 1318 491 quidquam
1333 432 1392 475 esse
1412 416 1465 474 uisi
1481 425 1624 490 peccantur
1646 415 1741 472 solnm
1761 425 1791 473 et

131 533 183 589 lur.
210 531 301 589 Unius
326 538 445 594 namque
472 521 629 575 intantum
655 514 766 570 sibimet
788 514 844 571 vita
869 530 932 586 pro-
985 513 1185 585 separationem
1211 528 1226 568 a
1249 514 1321 579 Deo,
1342 511 1485 584 diligenter
1508 527 1580 566 nnnc
1605 509 1794 567 discutiamus

131 624 193 688 fnit,
209 633 241 680 ut
259 622 321 679 aliis
336 631 446 691 quoque
467 609 598 685 gandium
613 617 690 666 ortus
709 609 767 681 ejus
781 609 931 667 contulisse
987 617 1079 664 utrum
1092 610 1166 664 Deus
1181 621 1312 680 umquam
1320 606 1421 662 sanctis
1435 605 1502 674 suis,
1513 613 1618 677 autper
1631 621 1673 673 se,
1684 613 1735 660 aut
1744 620 1794 677 per

132 717 251 780 dicatur,
266 709 416 769 secuudum
430 704 513 763 illud:
528 709 563 762 nt
573 705 654 759 multi
665 719 745 775 super
757 706 815 775 ejus
828 706 932 759 nativi·
985 701 1068 758 alium
1082 699 1236 773 quempiam
1250 698 1343 756 inlerri
1359 698 1512 772 permiserit
1520 698 1636 765 malurn,
1647 697 1725 770 quod
1731 697 1794 755 sins

132 816 186 865 tate
196 807 349 877 posidebunt
363 806 437 869 (Luc.
446 804 478 866 t).
492 800 534 854 De
546 797 659 854 alterius
671 813 735 853 vero
746 796 849 853 dicitur
863 798 932 853 vita:
987 793 1070 851 dubio
1083 807 1218 865 nusquam
1232 791 1344 847 omniuo
1358 792 1484 862 reperies.
1499 800 1513 825 ⁸
1522 791 1581 846 Nec
1600 789 1676 846 enirn
1698 789 1793 862 pomis

132 906 234 959 bonum
251 902 310 955 aut
321 898 356 959 ei,
368 897 394 950 si
407 898 488 948 notus
502 894 662 960 consuisset
672 893 748 948 bomo
759 893 804 947 ille
824 890 933 963 (Metti.
986 886 1132 961 aliquando
1150 885 1281 959 cuiquam
1294 885 1396 942 uolenti
1408 901 1441 941 ac
1454 884 1592 942 resistenti
1602 884 1709 940 malum
1725 900 1794 957 pec·

132 993 231 1065 xxvi).
245 995 287 1049 De
299 999 389 1048 morte
404 989 488 1045 etiam
506 986 620 1044 loannis
634 985 814 1060 omniumque
828 995 934 1044 saucto-
986 983 1038 1040 cati
1047 983 1114 1039 alter
1125 979 1236 1049 inferre3
1249 980 1304 1036 nisi
1328 978 1367 1035 illi
1380 979 1432 1035 soli
1448 979 1495 1051 qui
1514 977 1582 1035 illud
1596 979 1625 1034 ln
1641 993 1705 1036 sese
1726 995 1794 1037 eor·

132 1106 196 1147 rum
209 1089 328 1147 utatur:
348 1089 471 1144 aretusa
486 1088 525 1140 est
541 1086 570 1139 aa
583 1088 722 1155 conpectu
739 1086 933 1141 marasmon
986 1073 1028 1132 dis
1041 1074 1147 1148 ignavia
1161 1081 1188 1130 et
1201 1072 1483 1144 computaturus
1505 1070 1634 1143 susoeptt.
1664 1071 1794 1145 Denique

133 1189 285 1242 sanctorum
298 1181 450 1253 ejuslibet.
463 1183 546 1246 cxv).
558 1181 600 1235 De
612 1177 793 1235 ludanensem
806 1194 840 1236 ιιιι
851 1178 932 1235 simt-
986 1184 1050 1226 cum
1061 1168 1146 1259 beato¹
1158 1162 1218 1225 Job'
1232 1165 1367 1229 diabolus,
1381 1164 1519 1257 adhibitis
1541 1165 1674 1223 universis
1691 1167 1793 1240 nequi·

132 1280 213 1344 qum,
226 1282 298 1336 Mors
309 1280 478 1349 morum
488 1275 607 1347 ριιιιιιιιι
621 1273 704 1344 (psat,
715 1276 840 1341 xxxin),
852 1272 934 1329 Ιιιιὶι.
986 1265 1032 1322 tiae
1043 1279 1102 1321 suae
1114 1261 1260 1331 machinis,
1278 1260 1383 1319 malum
1405 1260 1459 1316 boc
1476 1259 1580 1332 peccati
1604 1259 1739 1318 voluisset
1749 1261 1793 1319 in·

131 1374 215 1429 mitas
237 1372 319 1428 etiam
341 1369 430 1427 carnis
450 1367 591 1425 interdum
613 1382 696 1439 quam
718 1367 755 1423 sit
773 1367 932 1434 commoda.
986 1357 1067 1428 stlte,
1080 1374 1113 1416 ὅθ
1129 1356 1412 1415 ¹¹⁰⁰S⁰¹1¹¹1s0⁰⁰0158
1430 1371 1494 1412 ⁸⁰⁰¹
1518 1354 1695 1413 s³⁰¹¹¹t⁸¹ffb⁰⁸
1726 1370 1795 1430 ¹⁹⁰·

131 1466 229 1524 Lazari
242 1466 314 1522 illins
325 1463 452 1537 pauperis
468 1461 585 1520 ulcerosi
598 1460 738 1518 beatitudo
751 1461 932 1518 demonstrat.
986 1453 1088 1522 liwir
1101 1468 1195 1510 'erum
1218 1452 1312 1520 etim,
1337 1459 1399 1523 9⁰³²
1423 1449 1501 1506 illum
1519 1449 1554 1506 ‘¹0
1574 1457 1665 1507 ωθῐῑθ
1684 1459 1793 1524 “tm

133 1563 217 1635 Cujus
246 1577 310 1618 cum
333 1559 407 1616 nulla
433 1557 485 1614 alia
507 1557 641 1613 virtutum
667 1554 765 1613 merita
792 1556 933 1626 Scriptura
986 1548 1104 1606 liliorum
1119 1555 1179 1605 tarn
1197 1555 1318 1604 atrocem
1330 1553 1443 1618 tamque
1464 1546 1636 1617 insperatum
1662 1545 1794 1606 orbitatis

132 1662 344 1722 commemoret,
361 1667 411 1724 pro
425 1650 477 1708 lroc
488 1651 547 1708 solo
561 1649 635 1723 quod
647 1658 798 1724 egestatem
815 1658 844 1706 et
855 1649 935 1707 inllr-
986 1641 1242 1711 dolorem,vulnere
1251 1656 1313 1698 enm
1326 1639 1445 1712 pessimo
1457 1654 1474 1694 a
1485 1639 1583 1711 eapitis
1593 1640 1694 1698 vernes
1705 1656 1795 1715 nsque

133 1750 259 1805 mitatem
272 1746 394 1818 eorporis
407 1745 832 1817 patientissimemlerarit.sinus
843 1745 933 1802 Abra·
986 1739 1020 1797 ad
1032 1741 1153 1813 plantam
1168 1737 1281 1811 pedum,
1299 1745 1328 1794 et
1345 1734 1526 1793 intolerandis
1537 1733 1700 1793 cruciatibus
1720 1750 1792 1793 one·

134 1844 177 1899 lue
193 1841 330 1913 possidere
346 1839 588 1897 beatissimasorte
600 1841 753 1912 promeruit
768 1840 842 1911 (Lao.
857 1849 930 1907 xvi).
951 1835 1083 1902 Brassct,
1097 1847 1271 1906 nequaquam
1284 1831 1309 1888 ei
1323 1829 1425 1902 peccati
1447 1829 1584 1885 maculam
1602 1828 1689 1901 quirit
1708 1828 1789 1886 inlli-

136 1940 246 2010 Egestas
266 1950 377 2009 quoqne
397 1950 431 1991 ac
453 1933 655 2006 persecutiones
677 1943 706 1991 et
723 1933 843 2007 injuriae,
870 1949 935 2006 quaa
987 1945 1066 2003 germ
1085 1927 1173 2002 quiin
1191 1925 1297 1984 minens
1321 1922 1473 1980 immobilis
1489 1924 1704 1994 perseverans,b
1726 1922 1793 1980 nui-

135 2034 207 2088 mala
236 2045 296 2086 esse
318 2029 403 2085 totins
423 2028 497 2103 vulgi
512 2027 644 2100 opinione
668 2015 823 2091 censentur,
849 2043 935 2101 quam
987 2024 1045 2081 lum
1059 2022 1236 2096 blasphemiae
1249 2017 1469 2078 accommodavit
1494 2032 1647 2077 amotum.

134 2105 286 2184 sint'utttas
306 2139 337 2179 ac
348 2123 520 2192 nemerim,
539 2123 621 2179 etiarn
633 2138 665 2179 er
678 2121 731 2179 boc
744 2121 848 2195 liquido
860 2137 933 2180 mm
1308 2125 1430 2183 CAPUT
1449 2125 1484 2179 V.

135 2221 277 2295 probatur,
291 2218 366 2292 quod
378 2218 528 2276 sanctiriri
542 2235 599 2275 non
614 2218 707 2276 solum
724 2232 936 2291 easnnmquam
988 2222 1106 2293 objectio
1132 2218 1357 2294 quemadmodum
1386 2220 1445 2289 ipse
1467 2220 1537 2274 Deus
1561 2217 1673 2273 dicutur
1706 2230 1796 2273 orm

133 2316 217 2372 vitare
238 2313 392 2376 voluemnt.
411 2327 506 2369 verum
526 2313 609 2369 mam
631 2311 731 2369 virtute
749 2326 868 2376 summa,
888 2310 932 2367 rel
1016 2314 1020 2322 '
1349 2289 1433 2346 ”¹⁰²²-

131 2416 299 2483 appetentes‚
318 2408 358 2464 vel
374 2405 481 2464 fortiter
502 2407 649 2464 tolerantes
666 2406 747 2464 amici
762 2408 812 2463 Dei
828 2405 933 2475 eflecti,
1023 2394 1196 2451 Gssfm⁸¹¹¹¹⁸³
1211 2389 1505 2464 1¹⁴1iill1¹⁰¹¹¹⁰¹¹0i35¹1¹us
1518 2388 1548 2447 5¹¹
1561 2387 1717 2463 &fillium
1729 2404 1794 2449 Ν·

130 2513 243 2561 arteman
253 2503 316 2560 vitae
326 2509 390 2560 suut
399 2499 532 2573 stipendia
543 2499 696 2568 consecuti,
706 2498 787 2555 beato
797 2498 931 2571 sportolo
985 2489 1036 2545 ctis
1049 2489 1139 2544 Deum
1155 2501 1261 2543 measse
1280 2484 1364 2552 mala,
1380 2487 1421 2542 vel
1441 2484 1602 2543 hominibus
1615 2484 1798 2552 intulissent

130 2598 299 2667 concinente,
315 2599 427 2668 Ριοριο
440 2594 512 2666 quoa
525 2595 617 2665 placeo
637 2594 708 2650 matt
720 2595 750 2648 aa
761 2595 931 2663 tnpanuarr-
985 2591 1026 2640 est
1036 2582 1102 2640 utun
1118 2584 1269 2651 :bombo
1278 2582 1381 2651 cosque
1389 2597 1432 2639 me
1441 2597 1495 2637 non
1507 2584 1634 2645 canem,
1648 2583 1797 2652 econom-

132 2695 189 2758 us,
205 2689 931 2758 nucamenta,aneasaamusunperseuuooi-
987 2675 1797 2747 (rtoetmootatterdomantucemetcrwasteaetm,

133 2792 191 2858 bas,
200 2788 427 2858 iocoqustiispro
439 2785 553 2842 cbristo.
566 2787 634 2839 Cum
644 2785 716 2840 enim
726 2785 859 2853 inperator,
868 2786 932 2838 tnnc
984 2774 1087 2840 facim
1101 2786 1196 2841 imm
1208 2774 1235 2824 ⁰⁸
1244 2785 1337 2825 malli
1348 2768 1421 2824 mulo
1432 2767 1498 2839 Um·
1515 2771 1604 2837 ml
1620 2770 1657 2823 Et
1673 2767 1796 2825 ῑῑθῐΰωῑ

128 2873 930 2953 potenssum,qm'coirtusintnlttrnituteperticitur(llGor.
984 2866 1044 2922 ‘St'
1057 2869 1097 2920 etl
1109 2865 1219 2919 muna
1232 2865 1262 2918 ia
1282 2864 1391 2919 estate
1404 2879 1487 2934 quam
1508 2865 1639 2919 Dominus
1651 2878 1710 2918 Μ
1731 2863 1797 2931 Ml

132 2978 180 3039 ιι).
200 2973 235 3026 Et
248 2971 351 3026 idcirco
373 2969 412 3024 illi
426 2968 474 3039 qui
489 2967 607 3023 summis
621 2967 703 3038 bnjus
720 2965 812 3022 saeculi
827 2965 930 3024 divinis
983 2957 1065 3014 ΑΜ
1087 2956 1161 3028 111).

131 3073 159 3120 et
171 3061 325 3119 bonoribus
344 3076 376 3116 ac
389 3058 568 3133 potestatibus
582 3058 761 3127 extolluntur,
773 3075 873 3117 nones
884 3059 929 3119 his
1292 3050 1415 3109 CAPUT
1435 3050 1482 3106 Vl.

130 3154 279 3228 principale
293 3153 399 3210 bouum
417 3150 568 3209 obtinuisse
584 3151 710 3209 credendi
726 3160 801 3220 sunt.
814 3154 889 3228 quod
900 3154 929 3212 in
1070 3146 1212 3217 RCSPOW
1225 3159 1305 3216 W?
1324 3145 1534 3214 ‘'mm‘tissfitim
1549 3147 1705 3217 timim&-

129 3251 265 3308 solisesse
275 3248 421 3307 uruntur
432 3246 573 3317 delinitur,
584 3247 764 3307 aedmedium
774 3250 925 3323 quiddam:
942 3235 965 3299 C
1017 3248 1200 3306 Theodorus:
1215 3250 1427 3320 Nonnumquam
1441 3249 1515 3305 solet
1531 3250 1679 3321 Scriptura
1704 3250 1795 3310 otum

130 3345 193 3417 quia
206 3344 277 3400 sicnt
283 3342 366 3417 justis
384 3349 457 3400 recte
475 3341 673 3400 acnecessarie
690 3343 832 3401 utentibus
853 3344 929 3403 utilia
983 3342 1097 3419 abusive
1104 3345 1178 3401 mala
1189 3360 1239 3417 pro
1253 3342 1447 3399 afflictionibus
1465 3358 1576 3415 ponere,
1585 3360 1642 3401 nou
1662 3347 1728 3419 quia
1742 3362 1792 3420 per

132 3439 192 3496 ltaec
202 3453 262 3494 esse
277 3437 451 3510 reperiuntur
460 3444 488 3493 at
497 3437 644 3494 commoda
657 3436 838 3509 (occasionem
849 3454 927 3496 nam·
986 3446 1113 3495 naturam
1127 3438 1235 3511 proprie
1254 3435 1405 3517 malasiut,
1418 3437 1465 3494 sed
1479 3437 1634 3496 secuudum
1644 3438 1699 3497 ltoe
1714 3438 1793 3513 quod

131 3547 185 3606 que
198 3531 289 3603 operis
302 3530 367 3586 boni
389 3529 551 3603 fructusque
570 3530 598 3587 in
615 3530 686 3588 illius
700 3530 762 3588 ritae
779 3533 934 3589 aeternitate
987 3531 1023 3588 ab
1038 3531 1082 3587 bis
1103 3531 1255 3588 sentiantur
1279 3530 1354 3586 mala
1379 3528 1480 3603 quibus
1498 3530 1606 3588 utiliter
1626 3531 1793 3593 inferuntur.

132 3627 305 3699 parturiunt),
320 3625 357 3682 ita
378 3622 429 3682 illis
446 3624 493 3697 qui
510 3624 583 3680 male
598 3623 698 3696 opibus
716 3625 878 3695 abutuntur,
893 3626 933 3682 in-
988 3624 1156 3682 Homiuibus
1167 3625 1268 3681 etenim
1281 3623 1422 3696 disputans
1436 3624 1530 3681 diviua
1544 3641 1671 3690 censura,
1685 3640 1796 3684 nocens

131 3721 211 3777 utiles
223 3728 287 3777 suut
298 3716 586 3791 atqueincommodae,
599 3725 628 3774 et
639 3708 814 3776 occasionem
828 3721 935 3792 peccati
987 3729 1029 3778 est
1047 3729 1078 3776 ut
1104 3718 1232 3775 humanis
1245 3717 1335 3775 verbis
1355 3726 1384 3775 et
1402 3718 1544 3776 aflectibus
1564 3721 1720 3793 eloquatur.
1747 3724 1795 3779 nt·

133 3816 283 3888 mortisque
291 3813 464 3871 concinnant.
487 3805 494 3821 “
987 3815 1061 3872 enim
1074 3815 1159 3872 sectio
1169 3815 1211 3872 vel
1225 3814 1300 3871 ustio
1314 3813 1443 3871 salutaris
1465 3831 1529 3888 quae
1542 3815 1656 3889 illisqui
1671 3817 1794 3875 nlocrnnt

430 3907 553 3965 CAPUT
582 3909 630 3964 tv.
986 3910 1147 3983 contagione
1168 3906 1313 3981 putrefacti
1334 3914 1400 3964 sunt
1424 3908 1468 3978 pie
1488 3906 1605 3964 infertur
1628 3925 1645 3965 a
1673 3908 1793 3979 medico,

179 4008 254 4076 Quod
271 4006 373 4062 malum
386 4005 459 4062 nulli
471 4005 555 4060 inuito
573 4003 671 4059 adolio
683 4005 891 4075 possitinserri.
988 4005 1061 4068 mala
1079 4001 1290 4060 atolerautibus
1309 4000 1445 4069 creditum
1462 4016 1513 4058 nec
1526 4016 1599 4073 equo
1620 4001 1725 4070 calcar,
1745 4018 1792 4061 nee

166 4101 225 4159 Has
239 4101 329 4173 itaque
339 4098 486 4157 divisiones
503 4097 572 4155 liras
587 4105 670 4170 atque
692 4097 852 4160 immobiles
868 4099 934 4156 reti·
988 4097 1142 4155 emendatio
1150 4096 1244 4153 auaris
1262 4103 1305 4152 eat
1315 4093 1492 4165 delinquenti.
1520 4096 1626 4152 Omnes
1645 4094 1793 4154 etiarn&-

130 4202 227 4249 nentes
242 4195 409 4265 scientesque
420 4190 489 4248 nibil
513 4206 572 4248 esse
596 4189 711 4257 bonurn,
735 4190 787 4248 uisi
806 4171 936 4249 virtutem
988 4190 1203 4266 ciplintehisqui
1215 4188 1378 4247 erudiuntur
1392 4204 1493 4246 amarae
1514 4189 1792 4265 sentiuntnrsdpm·

130 4286 300 4356 solamque
320 4298 354 4340 ex
368 4285 468 4340 timore
491 4285 544 4341 Dei
565 4300 597 4341 ae
616 4282 761 4342 dilectione
783 4284 934 4361 descendit,
989 4301 1062 4355 sens,
1073 4285 1142 4342 sicut
1150 4283 1297 4356 apostotus
1307 4280 1394 4341 dicit:
1411 4282 1504 4340 Omnis
1514 4287 1606 4338 autern
1623 4283 1792 4357 ddiscipline

683 4409 811 4467 ttttnn
829 4412 941 4468 utzlc't
962 4410 1244 4469 COMMENTARIUS.

131 4531 160 4571 se
174 4528 225 4570 nec
243 4511 334 4596 bonae,
345 4525 397 4566 nec
414 4510 510 4578 malae,
523 4511 572 4594 sed
583 4508 714 4593 ἂδιᾳφοραὶ
725 4521 757 4570 ut
777 4516 867 4573 Gracci
884 4533 934 4574 vo·
950 4524 976 4588 1)
990 4519 1038 4575 bus
1048 4519 1089 4575 liis
1099 4519 1278 4590 nortpeooooit
1290 4516 1337 4576 Job
1348 4515 1428 4575 lobias
1437 4522 1598 4591 somnoque
1610 4518 1793 4594 stultnmqttid

131 4597 205 4645 eant.
220 4587 293 4643 Sorte
306 4585 340 4639 D.
359 4582 513 4639 bernardus
537 4585 704 4664 tuldptstola
718 4584 754 4641 ad
776 4588 934 4644 Romanum
988 4593 1179 4648 contrabatur
1188 4592 1290 4647 lomim
1302 4595 1350 4646 est.
1376 4592 1489 4648 Etcum
1503 4608 1517 4648 a
1530 4608 1579 4647 sua
1600 4608 1713 4666 qnoque
1726 4609 1793 4651 use

132 4658 268 4732 (Epistola
287 4654 370 4728 toti:
407 4655 482 4719 Volo,
497 4655 601 4739 iuquit,
624 4660 650 4710 ie
665 4661 787 4720 mortem,
810 4660 862 4713 etsi
881 4676 935 4716 noa
988 4677 1018 4718 re
1031 4677 1093 4717 corn
1131 4663 1210 4718 lletur
1226 4670 1257 4719 ut
1270 4661 1295 4717 vi
1317 4660 1423 4718 doloris
1443 4662 1591 4733 impatiens
1613 4663 1721 4738 aliquid
1745 4664 1794 4722 ad·

131 4734 266 4802 essupere,
277 4732 346 4785 cerie
359 4727 400 4783 vel
410 4743 464 4782 uon
479 4733 581 4782 temere.
604 4728 696 4812 laetos
710 4731 811 4813 quippe
822 4735 935 4787 mortem
987 4748 1081 4791 versus
1134 4750 1181 4789 nm
1193 4731 1306 4804 querula
1321 4745 1349 4789 et
1362 4733 1420 4790 blas
1441 4734 1521 4789 trema
1542 4750 1610 4789 voce
1624 4734 1792 4806 loqueretur,

131 4807 182 4858 etsi
192 4819 245 4857 noa
258 4805 341 4868 occet,
351 4805 440 4883 tamen
452 4801 724 4884 ampooet.beaaque
738 4816 761 4856 et
771 4806 934 4872 morteproe·
988 4819 1032 4861 res
1068 4803 1129 4861 udit
1143 4823 1149 4858 :
1163 4806 1247 4872 Quasi
1257 4821 1314 4859 ono
1330 4749 1464 4860 decianis
1477 4805 1639 4861 mulieribus
1657 4808 1748 4864 locutu
1756 4821 1790 4863 ss.

131 4878 276 4944 occaepatos
287 4873 384 4952 fuerat,
399 4887 428 4925 tn
440 4873 583 4940 resrtqerto
597 4875 648 4926 erit
667 4872 747 4943 (sap.
761 4872 822 4954 tv).
846 4876 932 4930 Μονί-
985 4878 1017 4933 st
1030 4820 1100 4932 igne
1115 4878 1276 4945 suscepimus
1285 4876 1319 4931 de
1329 4891 1414 4931 moon
1423 4878 1483 4940 Dei,
1493 4877 1566 4931 muln
1578 4892 1791 4946 quureaoesttt·

131 4943 445 5014 torqoidemetpustus,
460 4944 508 4997 sed
521 4959 626 5009 secam
645 4946 745 5014 quippe
763 4959 839 5014 cupos
848 4962 930 5011 mors,
986 4950 1118 5019 aptamus
1134 4946 1205 5018 (tot.
1226 4946 1287 5018 nl?
1400 4959 1405 4966 '
1782 4988 1787 4997 .

131 5021 162 5071 at
173 5016 316 5087 presentis
329 5014 465 5094 esteaitus
474 5016 547 5076 vito,
564 5015 605 5068 ite
618 5016 744 5072 introitio
756 5017 883 5073 oolibam.
898 5019 934 5074 Et
1022 5020 1159 5089 eVulgata
1174 5017 1253 5074 lectio
1267 5039 1273 5074 :
1289 5019 1320 5076 Si
1339 5019 1392 5074 erit
1405 5018 1508 5073 mulum
1531 5020 1559 5072 ia
1581 5020 1702 5084 nonme,
1723 5014 1792 5091 quod

130 5088 200 5143 intra
215 5087 462 5152 :bonumorspusta
474 5090 588 5153 propter
595 5088 713 5154 requiem
719 5088 813 5142 rnelior
821 5094 933 5159 propter
985 5092 1112 5145 Dominus
1125 5105 1178 5145 aon
1190 5091 1295 5156 fecerit
1317 5090 1424 5146 Malum
1438 5105 1528 5161 poenae
1542 5089 1718 5162 intelligitur.
1738 5104 1792 5147 noa

131 5162 286 5220 maeatae,
298 5157 400 5238 optimo
407 5158 517 5223 propter
525 5158 701 5212 semritatem.
710 5161 854 5227 Eteontro,
862 5175 932 5215 mors
986 5162 1088 5216 malum
1099 5161 1197 5232 culpa),
1208 5168 1238 5216 ut
1248 5160 1327 5216 docet
1341 5163 1375 5217 D.
1386 5160 1575 5232 Hieronymus
1583 5159 1613 5216 in
1622 5176 1689 5217 eum
1701 5162 1791 5219 loen!

128 5235 299 5312 peccatoram
310 5223 525 5310 posarnolPsul.
535 5227 934 5310 xxxutlAEtnoodiandcpea·
985 5230 1128 5288 scribens:
1145 5233 1255 5295 lictum,
1265 5231 1366 5303 inquit,
1386 5232 1458 5302 qaod
1472 5233 1601 5287 Dominus
1613 5233 1688 5300 facit
1711 5235 1740 5287 ia
1752 5234 1791 5288 ci·

132 5315 213 5354 samo.
228 5300 304 5355 lietu
318 5297 451 5368 siqnidem
460 5301 499 5351 est
513 5313 542 5352 ot
555 5298 809 5359 mundaoamstooc
819 5302 932 5367 petorita
985 5305 1069 5357 vitate
1075 5319 1128 5358 aon
1135 5305 1302 5359 contrarium
1309 5308 1348 5359 est
1357 5305 1465 5367 cotun,
1475 5304 1522 5359 sed
1531 5304 1647 5371 amidio
1657 5305 1793 5361 cinaeis·

131 5373 220 5427 cornis
228 5371 405 5453 separatione,
416 5369 535 5437 pessime
549 5369 684 5449 incensis
694 5370 816 5438 apudque
828 5369 933 5438 duplici
985 5378 1039 5428 tus.
1049 5377 1086 5429 lle
1097 5389 1149 5443 quo
1158 5374 1268 5442 lepimus
1280 5395 1286 5431 :
1298 5375 1408 5444 Sufficit
1420 5374 1477 5429 diei
1491 5374 1603 5428 matidis
1613 5375 1790 5443 suofflottl.

133 5445 298 5524 counitione.
314 5440 380 5497 ttaec
392 5442 426 5495 l).
443 5438 594 5507 liemardns
616 5437 680 5494 bntc
692 5438 752 5494 loco
773 5440 843 5495 bene
862 5455 932 5497 con·
986 5444 1047 5514 vr),
1064 5445 1153 5507 idest,
1174 5446 1314 5500 tribulatio
1324 5450 1350 5501 et
1363 5446 1501 5516 oapustio.
1518 5448 1553 5501 Et
1570 5446 1740 5517 inproplteto
1753 5446 1793 5503 le·

132 5521 266 5585 pruentia.
984 5518 1072 5584 pimus
1089 5520 1163 5585 :qu
1174 5521 1243 5573 Dens
1261 5519 1310 5586 qni
1320 5518 1375 5583 (eci
1385 5517 1469 5571 lucem
1485 5520 1511 5571 et
1521 5515 1660 5580 tertcbrus,
1679 5520 1732 5589 qui
1748 5519 1794 5586 ts·

167 5594 181 5619 ⁵
196 5585 340 5654 Repetitur
355 5583 415 5665 berc
426 5582 561 5665 sententia
573 5596 670 5662 rursus
678 5595 740 5707 cass
756 5586 784 5647 o,
799 5587 928 5663 quaml).
985 5590 1175 5656 ciopecemet
1188 5588 1367 5644 condomolo.
1379 5589 1538 5644 sicutenim
1552 5587 1668 5643 tertebroe
1685 5594 1792 5645 matre·

133 5655 343 5728 Chrysostonrus
356 5657 415 5710 altas
433 5656 523 5711 verbis
546 5660 690 5725 expressit,
730 5667 824 5708 icens:
848 5656 933 5710 ποιοί·
985 5661 1174 5715 rioauntlnci
1187 5665 1212 5715 et
1225 5661 1290 5722 diei,
1315 5661 1354 5715 sic
1374 5664 1400 5715 et
1416 5660 1482 5729 poci
1505 5658 1605 5714 bellam
1622 5662 1791 5717 coamens·

132 5739 193 5784 neta
203 5727 267 5783 ledi
274 5729 329 5782 atsi
342 5743 359 5781 ο
371 5727 467 5797 seipso.
484 5726 526 5780 De
535 5740 588 5798 qua
599 5722 734 5780 sententia
749 5722 811 5780 vide
828 5723 931 5782 ibidem
985 5734 1033 5796 est,
1047 5732 1118 5800 quod
1130 5746 1182 5786 uon
1193 5748 1242 5801 per
1255 5732 1355 5787 madum
1369 5734 1420 5800 est,
1433 5730 1481 5786 sed
1494 5729 1596 5786 malm
1609 5730 1724 5789 ardetur
1747 5730 1789 5789 λὺ

132 5808 241 5857 notata.
985 5816 1039 5856 esse
1069 5805 1253 5866 uisostioeat,
1267 5810 1321 5860 ete.

165 5873 321 5930 »assensa
333 5869 487 5943 Scriptura,
502 5881 564 5943 qnae
578 5866 618 5926 ait
640 5864 712 5939 (lob.
725 5867 754 5942 ι)
771 5869 825 5927 :lo
840 5869 930 5927 mani·
1019 5871 1033 5908 ⁴
1080 5872 1086 5884 '
1119 5872 1200 5944 'plina
1213 5888 1263 5946 pro
1282 5871 1334 5934 Dei
1349 5870 1525 5950 waganon·
1536 5869 1667 5937 nmine.
1691 5873 1789 5937 Gen·
