<?xml version="1.0" encoding="UTF-8"?>
<!DOCTYPE html PUBLIC "-//W3C//DTD XHTML 1.0 Transitional//EN"
    "http://www.w3.org/TR/xhtml1/DTD/xhtml1-transitional.dtd">
<html xmlns="http://www.w3.org/1999/xhtml" xml:lang="en" lang="en">
 <head>
  <title>
</title>
<meta http-equiv="Content-Type" content="text/html;charset=utf-8" />
  <meta name='ocr-system' content='tesseract 3.04.00' />
  <meta name='ocr-capabilities' content='ocr_page ocr_carea ocr_par ocr_line ocrx_word'/>
</head>
<body>
  <div class='ocr_page' id='page_1' title='image "./patrologiaecurs29unkngoog/patrologiaecurs29unkngoog_0243.png"; bbox 0 0 3848 6158; ppageno 0'>
   <div class='ocr_carea' id='block_1_1' title="bbox 135 273 1800 347">
    <p class='ocr_par' dir='ltr' id='par_1_1' title="bbox 135 273 1800 347">
     <span class='ocr_line' id='line_1_1' title="bbox 135 273 1800 347; baseline -0.011 0"><span class='ocrx_word' id='word_1_1' title='bbox 135 294 184 347; x_wconf 75' lang='lat' dir='ltr'>i&#39;ll</span> <span class='ocrx_word' id='word_1_2' title='bbox 812 278 952 336; x_wconf 72' lang='lat' dir='ltr'>tornius</span> <span class='ocrx_word' id='word_1_3' title='bbox 969 278 1119 335; x_wconf 73' lang='lat' dir='ltr'>CASSthl</span> <span class='ocrx_word' id='word_1_4' title='bbox 1745 273 1800 328; x_wconf 75' lang='lat' dir='ltr'>itt</span> 
     </span>
    </p>
   </div>
   <div class='ocr_carea' id='block_1_2' title="bbox 136 393 1802 667">
    <p class='ocr_par' dir='ltr' id='par_1_2' title="bbox 136 393 1802 667">
     <span class='ocr_line' id='line_1_2' title="bbox 136 393 1800 489; baseline -0.015 -16"><span class='ocrx_word' id='word_1_5' title='bbox 136 416 199 486; x_wconf 90' lang='lat' dir='ltr'>sita,</span> <span class='ocrx_word' id='word_1_6' title='bbox 212 431 294 489; x_wconf 92' lang='lat' dir='ltr'>qnam</span> <span class='ocrx_word' id='word_1_7' title='bbox 305 411 409 487; x_wconf 82' lang='lat' dir='ltr'>praeiati</span> <span class='ocrx_word' id='word_1_8' title='bbox 420 426 527 480; x_wconf 88' lang='lat' dir='ltr'>sumus,</span> <span class='ocrx_word' id='word_1_9' title='bbox 539 407 667 482; x_wconf 89' lang='lat' dir='ltr'>superbia</span> <span class='ocrx_word' id='word_1_10' title='bbox 681 405 849 462; x_wconf 74' lang='lat' dir='ltr'>declaratur:</span> <span class='ocrx_word' id='word_1_11' title='bbox 864 406 939 459; x_wconf 82' lang='lat' dir='ltr'>Inest</span> <span class='ocrx_word' id='word_1_12' title='bbox 953 408 979 470; x_wconf 83' lang='grc' dir='ltr'>Α</span> <span class='ocrx_word' id='word_1_13' title='bbox 993 400 1114 475; x_wconf 80' lang='lat' dir='ltr'><strong>possidet</strong></span> <span class='ocrx_word' id='word_1_14' title='bbox 1138 399 1274 473; x_wconf 90' lang='lat' dir='ltr'>[superbia</span> <span class='ocrx_word' id='word_1_15' title='bbox 1299 398 1446 465; x_wconf 63' lang='lat' dir='ltr'>sabaudi,</span> <span class='ocrx_word' id='word_1_16' title='bbox 1461 394 1619 464; x_wconf 81' lang='lat' dir='ltr'>devolutus,</span> <span class='ocrx_word' id='word_1_17' title='bbox 1635 394 1695 466; x_wconf 89' lang='lat' dir='ltr'>jam</span> <span class='ocrx_word' id='word_1_18' title='bbox 1710 393 1800 466; x_wconf 87' lang='lat' dir='ltr'>ipsam</span> 
     </span>
     <span class='ocr_line' id='line_1_3' title="bbox 136 488 1802 583; baseline -0.013 -17"><span class='ocrx_word' id='word_1_19' title='bbox 136 508 267 583; x_wconf 91' lang='lat' dir='ltr'>primitus</span> <span class='ocrx_word' id='word_1_20' title='bbox 290 509 318 564; x_wconf 92' lang='lat' dir='ltr'>in</span> <span class='ocrx_word' id='word_1_21' title='bbox 337 507 444 581; x_wconf 78' lang='lat' dir='ltr'><strong>loquela</strong></span> <span class='ocrx_word' id='word_1_22' title='bbox 471 505 530 578; x_wconf 87' lang='lat' dir='ltr'>ejus</span> <span class='ocrx_word' id='word_1_23' title='bbox 555 504 670 565; x_wconf 88' lang='lat' dir='ltr'>clamor,</span> <span class='ocrx_word' id='word_1_24' title='bbox 703 502 731 556; x_wconf 96' lang='lat' dir='ltr'>in</span> <span class='ocrx_word' id='word_1_25' title='bbox 754 499 939 557; x_wconf 78' lang='lat' dir='ltr'>taciturnitate</span> <span class='ocrx_word' id='word_1_26' title='bbox 992 495 1163 569; x_wconf 82' lang='lat' dir='ltr'><strong>disciplinam</strong></span> <span class='ocrx_word' id='word_1_27' title='bbox 1183 494 1302 552; x_wconf 87' lang='lat' dir='ltr'>coenobii</span> <span class='ocrx_word' id='word_1_28' title='bbox 1320 490 1509 565; x_wconf 80' lang='lat' dir='ltr'>perhorrescit,</span> <span class='ocrx_word' id='word_1_29' title='bbox 1524 505 1556 546; x_wconf 90' lang='lat' dir='ltr'>ac</span> <span class='ocrx_word' id='word_1_30' title='bbox 1571 489 1653 546; x_wconf 82' lang='lat' dir='ltr'>veluti</span> <span class='ocrx_word' id='word_1_31' title='bbox 1669 489 1718 561; x_wconf 93' lang='lat' dir='ltr'>qui</span> <span class='ocrx_word' id='word_1_32' title='bbox 1740 488 1802 545; x_wconf 85' lang='lat' dir='ltr'>fra-</span> 
     </span>
     <span class='ocr_line' id='line_1_4' title="bbox 137 580 1802 667; baseline -0.013 -7"><span class='ocrx_word' id='word_1_33' title='bbox 137 602 310 667; x_wconf 88' lang='lat' dir='ltr'>amaritudo,</span> <span class='ocrx_word' id='word_1_34' title='bbox 327 599 449 658; x_wconf 87' lang='lat' dir='ltr'>excelsus</span> <span class='ocrx_word' id='word_1_35' title='bbox 462 605 489 655; x_wconf 91' lang='lat' dir='ltr'>ct</span> <span class='ocrx_word' id='word_1_36' title='bbox 506 595 610 653; x_wconf 86' lang='lat' dir='ltr'>eliusns</span> <span class='ocrx_word' id='word_1_37' title='bbox 624 595 651 650; x_wconf 92' lang='lat' dir='ltr'>in</span> <span class='ocrx_word' id='word_1_38' title='bbox 663 592 755 650; x_wconf 85' lang='lat' dir='ltr'>laetitia</span> <span class='ocrx_word' id='word_1_39' title='bbox 777 592 863 660; x_wconf 91' lang='lat' dir='ltr'>risus,</span> <span class='ocrx_word' id='word_1_40' title='bbox 877 591 941 648; x_wconf 88' lang='lat' dir='ltr'>irra·</span> <span class='ocrx_word' id='word_1_41' title='bbox 994 601 1070 648; x_wconf 91' lang='lat' dir='ltr'>trum</span> <span class='ocrx_word' id='word_1_42' title='bbox 1083 589 1220 646; x_wconf 91' lang='lat' dir='ltr'>consortio</span> <span class='ocrx_word' id='word_1_43' title='bbox 1235 589 1268 645; x_wconf 91' lang='lat' dir='ltr'>dc</span> <span class='ocrx_word' id='word_1_44' title='bbox 1281 586 1445 659; x_wconf 78' lang='lat' dir='ltr'>perfectione</span> <span class='ocrx_word' id='word_1_45' title='bbox 1453 583 1618 652; x_wconf 88' lang='lat' dir='ltr'>retrahatur,</span> <span class='ocrx_word' id='word_1_46' title='bbox 1633 598 1665 639; x_wconf 90' lang='lat' dir='ltr'>ac</span> <span class='ocrx_word' id='word_1_47' title='bbox 1675 580 1710 638; x_wconf 91' lang='lat' dir='ltr'>de</span> <span class='ocrx_word' id='word_1_48' title='bbox 1723 581 1802 640; x_wconf 90' lang='lat' dir='ltr'>bono</span> 
     </span>
    </p>
   </div>
   <div class='ocr_carea' id='block_1_3' title="bbox 136 681 946 1959">
    <p class='ocr_par' dir='ltr' id='par_1_3' title="bbox 136 681 946 1959">
     <span class='ocr_line' id='line_1_5' title="bbox 136 681 941 758; baseline -0.016 -6"><span class='ocrx_word' id='word_1_49' title='bbox 136 695 272 752; x_wconf 86' lang='lat' dir='ltr'>tionebilis</span> <span class='ocrx_word' id='word_1_50' title='bbox 288 695 315 749; x_wconf 94' lang='lat' dir='ltr'>in</span> <span class='ocrx_word' id='word_1_51' title='bbox 328 692 452 749; x_wconf 88' lang='lat' dir='ltr'>serietate</span> <span class='ocrx_word' id='word_1_52' title='bbox 468 688 587 754; x_wconf 90' lang='lat' dir='ltr'>tristitia,</span> <span class='ocrx_word' id='word_1_53' title='bbox 604 687 630 743; x_wconf 91' lang='lat' dir='ltr'>in</span> <span class='ocrx_word' id='word_1_54' title='bbox 645 684 820 758; x_wconf 80' lang='lat' dir='ltr'>responsione</span> <span class='ocrx_word' id='word_1_55' title='bbox 832 681 941 752; x_wconf 77' lang='lat' dir='ltr'>rancor,</span> 
     </span>
     <span class='ocr_line' id='line_1_6' title="bbox 137 779 942 857; baseline -0.016 -8"><span class='ocrx_word' id='word_1_56' title='bbox 137 791 255 849; x_wconf 82' lang='lat' dir='ltr'>facilitas</span> <span class='ocrx_word' id='word_1_57' title='bbox 277 790 305 844; x_wconf 94' lang='lat' dir='ltr'>in</span> <span class='ocrx_word' id='word_1_58' title='bbox 323 801 469 852; x_wconf 90' lang='lat' dir='ltr'>sermone,</span> <span class='ocrx_word' id='word_1_59' title='bbox 491 784 571 842; x_wconf 86' lang='lat' dir='ltr'>rerba</span> <span class='ocrx_word' id='word_1_60' title='bbox 590 783 693 857; x_wconf 89' lang='lat' dir='ltr'>passim</span> <span class='ocrx_word' id='word_1_61' title='bbox 707 781 766 838; x_wconf 90' lang='lat' dir='ltr'>sine</span> <span class='ocrx_word' id='word_1_62' title='bbox 782 780 838 838; x_wconf 92' lang='lat' dir='ltr'>ulla</span> <span class='ocrx_word' id='word_1_63' title='bbox 851 779 942 837; x_wconf 91' lang='lat' dir='ltr'>cordis</span> 
     </span>
     <span class='ocr_line' id='line_1_7' title="bbox 139 874 943 958; baseline -0.015 -16"><span class='ocrx_word' id='word_1_64' title='bbox 139 886 272 958; x_wconf 81' lang='lat' dir='ltr'>graritme</span> <span class='ocrx_word' id='word_1_65' title='bbox 293 881 473 954; x_wconf 90' lang='lat' dir='ltr'>erumpentia.</span> <span class='ocrx_word' id='word_1_66' title='bbox 498 882 603 951; x_wconf 84' lang='lat' dir='ltr'>Expers</span> <span class='ocrx_word' id='word_1_67' title='bbox 629 875 766 949; x_wconf 84' lang='lat' dir='ltr'>patientiae</span> <span class='ocrx_word' id='word_1_68' title='bbox 798 885 854 941; x_wconf 91' lang='lat' dir='ltr'>est,</span> <span class='ocrx_word' id='word_1_69' title='bbox 877 874 943 931; x_wconf 91' lang='lat' dir='ltr'>cba-</span> 
     </span>
     <span class='ocr_line' id='line_1_8' title="bbox 139 967 942 1043; baseline -0.011 -11"><span class='ocrx_word' id='word_1_70' title='bbox 139 976 225 1033; x_wconf 91' lang='lat' dir='ltr'>ritatis</span> <span class='ocrx_word' id='word_1_71' title='bbox 239 976 345 1040; x_wconf 85' lang='lat' dir='ltr'>aliena,</span> <span class='ocrx_word' id='word_1_72' title='bbox 359 974 448 1031; x_wconf 79' lang='lat' dir='ltr'>audax</span> <span class='ocrx_word' id='word_1_73' title='bbox 464 973 499 1030; x_wconf 89' lang='lat' dir='ltr'>ad</span> <span class='ocrx_word' id='word_1_74' title='bbox 517 971 699 1029; x_wconf 80' lang='lat' dir='ltr'>contumelias</span> <span class='ocrx_word' id='word_1_75' title='bbox 719 967 892 1043; x_wconf 80' lang='lat' dir='ltr'>irrogandas,</span> <span class='ocrx_word' id='word_1_76' title='bbox 908 967 942 1024; x_wconf 93' lang='lat' dir='ltr'>ad</span> 
     </span>
     <span class='ocr_line' id='line_1_9' title="bbox 138 1060 942 1140; baseline -0.009 -16"><span class='ocrx_word' id='word_1_77' title='bbox 138 1067 295 1125; x_wconf 85' lang='lat' dir='ltr'>tolerandas</span> <span class='ocrx_word' id='word_1_78' title='bbox 318 1065 510 1140; x_wconf 91' lang='lat' dir='ltr'>pusillanimis,</span> <span class='ocrx_word' id='word_1_79' title='bbox 544 1063 579 1120; x_wconf 90' lang='lat' dir='ltr'>ad</span> <span class='ocrx_word' id='word_1_80' title='bbox 603 1061 785 1120; x_wconf 88' lang='lat' dir='ltr'>obediendum</span> <span class='ocrx_word' id='word_1_81' title='bbox 807 1060 942 1129; x_wconf 81' lang='lat' dir='ltr'>difficilis,</span> 
     </span>
     <span class='ocr_line' id='line_1_10' title="bbox 136 1155 944 1234; baseline -0.012 -15"><span class='ocrx_word' id='word_1_82' title='bbox 136 1161 187 1219; x_wconf 91' lang='lat' dir='ltr'>nisi</span> <span class='ocrx_word' id='word_1_83' title='bbox 200 1161 228 1218; x_wconf 94' lang='lat' dir='ltr'>in</span> <span class='ocrx_word' id='word_1_84' title='bbox 240 1178 294 1234; x_wconf 93' lang='lat' dir='ltr'>quo</span> <span class='ocrx_word' id='word_1_85' title='bbox 313 1177 375 1218; x_wconf 90' lang='lat' dir='ltr'>eam</span> <span class='ocrx_word' id='word_1_86' title='bbox 388 1159 552 1217; x_wconf 87' lang='lat' dir='ltr'>desiderium</span> <span class='ocrx_word' id='word_1_87' title='bbox 572 1172 653 1214; x_wconf 92' lang='lat' dir='ltr'>suum</span> <span class='ocrx_word' id='word_1_88' title='bbox 667 1155 844 1226; x_wconf 82' lang='lat' dir='ltr'>voluntasque</span> <span class='ocrx_word' id='word_1_89' title='bbox 873 1169 944 1226; x_wconf 80' lang='lat' dir='ltr'>prac-</span> 
     </span>
     <span class='ocr_line' id='line_1_11' title="bbox 139 1247 942 1325; baseline -0.01 -15"><span class='ocrx_word' id='word_1_90' title='bbox 139 1255 253 1321; x_wconf 87' lang='lat' dir='ltr'>venerit,</span> <span class='ocrx_word' id='word_1_91' title='bbox 267 1253 301 1309; x_wconf 88' lang='lat' dir='ltr'>ad</span> <span class='ocrx_word' id='word_1_92' title='bbox 316 1251 501 1325; x_wconf 89' lang='lat' dir='ltr'>recipiendam</span> <span class='ocrx_word' id='word_1_93' title='bbox 519 1250 739 1307; x_wconf 84' lang='lat' dir='ltr'>exhortationem</span> <span class='ocrx_word' id='word_1_94' title='bbox 752 1247 942 1321; x_wconf 87' lang='lat' dir='ltr'>implacabilis,</span> 
     </span>
     <span class='ocr_line' id='line_1_12' title="bbox 139 1341 944 1411; baseline -0.01 -7"><span class='ocrx_word' id='word_1_95' title='bbox 139 1347 175 1405; x_wconf 90' lang='lat' dir='ltr'>ad</span> <span class='ocrx_word' id='word_1_96' title='bbox 186 1347 348 1404; x_wconf 85' lang='lat' dir='ltr'>resecandas</span> <span class='ocrx_word' id='word_1_97' title='bbox 364 1346 523 1403; x_wconf 79' lang='lat' dir='ltr'>voluntates</span> <span class='ocrx_word' id='word_1_98' title='bbox 543 1359 606 1401; x_wconf 91' lang='lat' dir='ltr'>suas</span> <span class='ocrx_word' id='word_1_99' title='bbox 617 1342 743 1411; x_wconf 83' lang='lat' dir='ltr'>infirma,</span> <span class='ocrx_word' id='word_1_100' title='bbox 759 1341 794 1398; x_wconf 88' lang='lat' dir='ltr'>ad</span> <span class='ocrx_word' id='word_1_101' title='bbox 815 1356 944 1398; x_wconf 89' lang='lat' dir='ltr'>succum-</span> 
     </span>
     <span class='ocr_line' id='line_1_13' title="bbox 140 1433 944 1509; baseline -0.009 -12"><span class='ocrx_word' id='word_1_102' title='bbox 140 1439 262 1497; x_wconf 87' lang='lat' dir='ltr'>bendum</span> <span class='ocrx_word' id='word_1_103' title='bbox 283 1439 377 1496; x_wconf 91' lang='lat' dir='ltr'>alicnis</span> <span class='ocrx_word' id='word_1_104' title='bbox 398 1437 562 1507; x_wconf 88' lang='lat' dir='ltr'>durissima,</span> <span class='ocrx_word' id='word_1_105' title='bbox 581 1451 740 1509; x_wconf 84' lang='lat' dir='ltr'>semperque</span> <span class='ocrx_word' id='word_1_106' title='bbox 765 1449 829 1492; x_wconf 90' lang='lat' dir='ltr'>suas</span> <span class='ocrx_word' id='word_1_107' title='bbox 849 1433 944 1490; x_wconf 85' lang='lat' dir='ltr'>defini·</span> 
     </span>
     <span class='ocr_line' id='line_1_14' title="bbox 140 1531 944 1603; baseline -0.007 -12"><span class='ocrx_word' id='word_1_108' title='bbox 140 1535 229 1591; x_wconf 77' lang='lat' dir='ltr'>hones</span> <span class='ocrx_word' id='word_1_109' title='bbox 252 1544 370 1591; x_wconf 89' lang='lat' dir='ltr'>statuere</span> <span class='ocrx_word' id='word_1_110' title='bbox 391 1532 574 1599; x_wconf 92' lang='lat' dir='ltr'>contendens,</span> <span class='ocrx_word' id='word_1_111' title='bbox 595 1531 652 1603; x_wconf 88' lang='lat' dir='ltr'>ipsa</span> <span class='ocrx_word' id='word_1_112' title='bbox 679 1545 742 1586; x_wconf 86' lang='lat' dir='ltr'>nero</span> <span class='ocrx_word' id='word_1_113' title='bbox 768 1544 944 1600; x_wconf 88' lang='lat' dir='ltr'>nequaquam</span> 
     </span>
     <span class='ocr_line' id='line_1_15' title="bbox 142 1621 944 1697; baseline -0.01 -12"><span class='ocrx_word' id='word_1_114' title='bbox 142 1627 239 1685; x_wconf 91' lang='lat' dir='ltr'>cedere</span> <span class='ocrx_word' id='word_1_115' title='bbox 258 1628 369 1682; x_wconf 91' lang='lat' dir='ltr'>alterius</span> <span class='ocrx_word' id='word_1_116' title='bbox 382 1626 611 1697; x_wconf 89' lang='lat' dir='ltr'>acquiescens:et</span> <span class='ocrx_word' id='word_1_117' title='bbox 633 1623 671 1679; x_wconf 91' lang='lat' dir='ltr'>ita</span> <span class='ocrx_word' id='word_1_118' title='bbox 691 1622 737 1687; x_wconf 84' lang='lat' dir='ltr'>fit,</span> <span class='ocrx_word' id='word_1_119' title='bbox 757 1630 788 1679; x_wconf 92' lang='lat' dir='ltr'>ut</span> <span class='ocrx_word' id='word_1_120' title='bbox 807 1623 890 1678; x_wconf 91' lang='lat' dir='ltr'>etiam</span> <span class='ocrx_word' id='word_1_121' title='bbox 903 1621 944 1677; x_wconf 93' lang='lat' dir='ltr'>in·</span> 
     </span>
     <span class='ocr_line' id='line_1_16' title="bbox 141 1714 946 1792; baseline -0.006 -16"><span class='ocrx_word' id='word_1_122' title='bbox 141 1735 226 1792; x_wconf 83' lang='lat' dir='ltr'>capax</span> <span class='ocrx_word' id='word_1_123' title='bbox 241 1720 345 1776; x_wconf 91' lang='lat' dir='ltr'>consilii</span> <span class='ocrx_word' id='word_1_124' title='bbox 358 1719 472 1774; x_wconf 90' lang='lat' dir='ltr'>salubris</span> <span class='ocrx_word' id='word_1_125' title='bbox 486 1716 596 1782; x_wconf 86' lang='lat' dir='ltr'>eflecta,</span> <span class='ocrx_word' id='word_1_126' title='bbox 609 1715 638 1770; x_wconf 92' lang='lat' dir='ltr'>in</span> <span class='ocrx_word' id='word_1_127' title='bbox 652 1714 780 1771; x_wconf 92' lang='lat' dir='ltr'>omnibus</span> <span class='ocrx_word' id='word_1_128' title='bbox 790 1729 840 1771; x_wconf 92' lang='lat' dir='ltr'>suo</span> <span class='ocrx_word' id='word_1_129' title='bbox 854 1714 946 1786; x_wconf 92' lang='lat' dir='ltr'>potius</span> 
     </span>
     <span class='ocr_line' id='line_1_17' title="bbox 142 1807 605 1884; baseline -0.011 -17"><span class='ocrx_word' id='word_1_130' title='bbox 142 1827 225 1884; x_wconf 89' lang='lat' dir='ltr'>qnam</span> <span class='ocrx_word' id='word_1_131' title='bbox 235 1812 376 1867; x_wconf 89' lang='lat' dir='ltr'>seniorum</span> <span class='ocrx_word' id='word_1_132' title='bbox 389 1807 605 1878; x_wconf 89' lang='lat' dir='ltr'>credatjudicio.</span> 
     </span>
     <span class='ocr_line' id='line_1_18' title="bbox 427 1902 658 1959; baseline -0.013 0"><span class='ocrx_word' id='word_1_133' title='bbox 427 1902 546 1959; x_wconf 76' lang='lat' dir='ltr'>CAPUT</span> <span class='ocrx_word' id='word_1_134' title='bbox 559 1903 658 1958; x_wconf 89' lang='lat' dir='ltr'><strong>XXX.</strong></span> 
     </span>
    </p>
   </div>
   <div class='ocr_carea' id='block_1_4' title="bbox 145 1995 947 2122">
    <p class='ocr_par' dir='ltr' id='par_1_4' title="bbox 145 1995 947 2122">
     <span class='ocr_line' id='line_1_19' title="bbox 145 1995 947 2122; baseline -0.005 -68"><span class='ocrx_word' id='word_1_135' title='bbox 145 1999 302 2069; x_wconf 78' lang='lat' dir='ltr'>Tepeseetas</span> <span class='ocrx_word' id='word_1_136' title='bbox 321 1999 383 2066; x_wconf 86' lang='lat' dir='ltr'>qeeis</span> <span class='ocrx_word' id='word_1_137' title='bbox 398 2011 449 2066; x_wconf 90' lang='lat' dir='ltr'>per</span> <span class='ocrx_word' id='word_1_138' title='bbox 460 1995 613 2122; x_wconf 49' lang='grc' dir='ltr'>εᾶιρεέἰὺίαιῖι</span> <span class='ocrx_word' id='word_1_139' title='bbox 632 1996 697 2050; x_wconf 90' lang='lat' dir='ltr'>eliis</span> <span class='ocrx_word' id='word_1_140' title='bbox 717 2010 820 2066; x_wconf 85' lang='lat' dir='ltr'>quoqne</span> <span class='ocrx_word' id='word_1_141' title='bbox 833 2009 947 2064; x_wconf 86' lang='lat' dir='ltr'>preesse</span> 
     </span>
     <span class='ocr_line' id='line_1_20' title="bbox 492 2082 616 2122; baseline -0.008 -1"><span class='ocrx_word' id='word_1_142' title='bbox 492 2083 517 2122; x_wconf 91' lang='lat' dir='ltr'>es</span> <span class='ocrx_word' id='word_1_143' title='bbox 548 2082 616 2122; x_wconf 90' lang='lat' dir='ltr'>era.</span> 
     </span>
    </p>
   </div>
   <div class='ocr_carea' id='block_1_5' title="bbox 996 673 1816 1596">
    <p class='ocr_par' dir='ltr' id='par_1_5' title="bbox 996 673 1816 1596">
     <span class='ocr_line' id='line_1_21' title="bbox 996 673 1816 758; baseline -0.013 -16"><span class='ocrx_word' id='word_1_144' title='bbox 996 684 1135 758; x_wconf 73' lang='lat' dir='ltr'>patientie</span> <span class='ocrx_word' id='word_1_145' title='bbox 1156 691 1238 755; x_wconf 90' lang='lat' dir='ltr'>atque</span> <span class='ocrx_word' id='word_1_146' title='bbox 1252 681 1415 738; x_wconf 87' lang='lat' dir='ltr'>humilitatis</span> <span class='ocrx_word' id='word_1_147' title='bbox 1436 680 1553 735; x_wconf 90' lang='lat' dir='ltr'>aliorum</span> <span class='ocrx_word' id='word_1_148' title='bbox 1565 676 1629 732; x_wconf 83' lang='lat' dir='ltr'>vitio</span> <span class='ocrx_word' id='word_1_149' title='bbox 1645 685 1673 733; x_wconf 95' lang='lat' dir='ltr'>et</span> <span class='ocrx_word' id='word_1_150' title='bbox 1686 673 1816 750; x_wconf 78' lang='lat' dir='ltr'>impedi-&#39;</span> 
     </span>
     <span class='ocr_line' id='line_1_22' title="bbox 996 770 1803 845; baseline -0.009 -9"><span class='ocrx_word' id='word_1_151' title='bbox 996 787 1089 836; x_wconf 91' lang='lat' dir='ltr'>mento</span> <span class='ocrx_word' id='word_1_152' title='bbox 1107 785 1261 845; x_wconf 82' lang='lat' dir='ltr'>revocetur,</span> <span class='ocrx_word' id='word_1_153' title='bbox 1278 775 1474 833; x_wconf 85' lang='lat' dir='ltr'>habitationem</span> <span class='ocrx_word' id='word_1_154' title='bbox 1492 771 1622 830; x_wconf 72' lang='lat' dir='ltr'>solitarie</span> <span class='ocrx_word' id='word_1_155' title='bbox 1633 770 1709 828; x_wconf 72' lang='lat' dir='ltr'>cella&gt;</span> <span class='ocrx_word' id='word_1_156' title='bbox 1726 771 1803 830; x_wconf 84' lang='lat' dir='ltr'>dest-</span> 
     </span>
     <span class='ocr_line' id='line_1_23' title="bbox 996 864 1805 942; baseline -0.012 -13"><span class='ocrx_word' id='word_1_157' title='bbox 996 872 1083 942; x_wconf 89' lang='lat' dir='ltr'>derat,</span> <span class='ocrx_word' id='word_1_158' title='bbox 1105 887 1153 929; x_wconf 89' lang='lat' dir='ltr'>scu</span> <span class='ocrx_word' id='word_1_159' title='bbox 1170 879 1245 927; x_wconf 86' lang='lat' dir='ltr'>certe</span> <span class='ocrx_word' id='word_1_160' title='bbox 1269 869 1342 926; x_wconf 88' lang='lat' dir='ltr'>velut</span> <span class='ocrx_word' id='word_1_161' title='bbox 1360 867 1450 941; x_wconf 88' lang='lat' dir='ltr'>plures</span> <span class='ocrx_word' id='word_1_162' title='bbox 1467 865 1535 922; x_wconf 89' lang='lat' dir='ltr'>alios</span> <span class='ocrx_word' id='word_1_163' title='bbox 1556 864 1711 920; x_wconf 88' lang='lat' dir='ltr'>lucraturus</span> <span class='ocrx_word' id='word_1_164' title='bbox 1735 879 1805 920; x_wconf 93' lang='lat' dir='ltr'>con·</span> 
     </span>
     <span class='ocr_line' id='line_1_24' title="bbox 996 956 1803 1033; baseline -0.011 -10"><span class='ocrx_word' id='word_1_165' title='bbox 996 974 1100 1024; x_wconf 90' lang='lat' dir='ltr'>struere</span> <span class='ocrx_word' id='word_1_166' title='bbox 1114 963 1325 1030; x_wconf 90' lang='lat' dir='ltr'>monasterium,</span> <span class='ocrx_word' id='word_1_167' title='bbox 1338 970 1365 1018; x_wconf 93' lang='lat' dir='ltr'>et</span> <span class='ocrx_word' id='word_1_168' title='bbox 1376 976 1446 1033; x_wconf 93' lang='lat' dir='ltr'>quos</span> <span class='ocrx_word' id='word_1_169' title='bbox 1456 959 1554 1016; x_wconf 90' lang='lat' dir='ltr'>docere</span> <span class='ocrx_word' id='word_1_170' title='bbox 1566 965 1648 1029; x_wconf 87' lang='lat' dir='ltr'>atque</span> <span class='ocrx_word' id='word_1_171' title='bbox 1657 956 1803 1014; x_wconf 91' lang='lat' dir='ltr'>instituere</span> 
     </span>
     <span class='ocr_line' id='line_1_25' title="bbox 996 1050 1803 1131; baseline -0.011 -15"><span class='ocrx_word' id='word_1_172' title='bbox 996 1057 1110 1128; x_wconf 85' lang='lat' dir='ltr'>debeat,</span> <span class='ocrx_word' id='word_1_173' title='bbox 1136 1071 1301 1131; x_wconf 80' lang='lat' dir='ltr'>congregare</span> <span class='ocrx_word' id='word_1_174' title='bbox 1326 1053 1446 1123; x_wconf 82' lang='lat' dir='ltr'>testinat3</span> <span class='ocrx_word' id='word_1_175' title='bbox 1472 1068 1504 1108; x_wconf 89' lang='lat' dir='ltr'>ex</span> <span class='ocrx_word' id='word_1_176' title='bbox 1532 1050 1665 1124; x_wconf 91' lang='lat' dir='ltr'>discipulo</span> <span class='ocrx_word' id='word_1_177' title='bbox 1679 1065 1803 1124; x_wconf 86' lang='lat' dir='ltr'>nequam</span> 
     </span>
     <span class='ocr_line' id='line_1_26' title="bbox 997 1144 1803 1224; baseline -0.01 -14"><span class='ocrx_word' id='word_1_178' title='bbox 997 1151 1184 1210; x_wconf 89' lang='lat' dir='ltr'>detestabilior</span> <span class='ocrx_word' id='word_1_179' title='bbox 1200 1151 1328 1224; x_wconf 79' lang='lat' dir='ltr'>magister</span> <span class='ocrx_word' id='word_1_180' title='bbox 1343 1147 1466 1204; x_wconf 87' lang='lat' dir='ltr'>eilectns.</span> <span class='ocrx_word' id='word_1_181' title='bbox 1478 1149 1548 1203; x_wconf 86' lang='lat' dir='ltr'>Nam</span> <span class='ocrx_word' id='word_1_182' title='bbox 1562 1160 1627 1201; x_wconf 92' lang='lat' dir='ltr'>cum</span> <span class='ocrx_word' id='word_1_183' title='bbox 1641 1144 1803 1217; x_wconf 89' lang='lat' dir='ltr'>hujusmodi</span> 
     </span>
     <span class='ocr_line' id='line_1_27' title="bbox 998 1237 1804 1315; baseline -0.009 -14"><span class='ocrx_word' id='word_1_184' title='bbox 998 1244 1112 1302; x_wconf 83' lang='lat' dir='ltr'>cladonc</span> <span class='ocrx_word' id='word_1_185' title='bbox 1122 1244 1215 1300; x_wconf 91' lang='lat' dir='ltr'>cordis</span> <span class='ocrx_word' id='word_1_186' title='bbox 1225 1244 1253 1298; x_wconf 93' lang='lat' dir='ltr'>in</span> <span class='ocrx_word' id='word_1_187' title='bbox 1263 1239 1527 1315; x_wconf 89' lang='lat' dir='ltr'>perniciosissimum</span> <span class='ocrx_word' id='word_1_188' title='bbox 1540 1246 1663 1311; x_wconf 88' lang='lat' dir='ltr'>teporem</span> <span class='ocrx_word' id='word_1_189' title='bbox 1673 1237 1804 1294; x_wconf 89' lang='lat' dir='ltr'>noxium·</span> 
     </span>
     <span class='ocr_line' id='line_1_28' title="bbox 998 1328 1808 1415; baseline -0.011 -20"><span class='ocrx_word' id='word_1_190' title='bbox 998 1353 1051 1410; x_wconf 89' lang='lat' dir='ltr'>qne</span> <span class='ocrx_word' id='word_1_191' title='bbox 1060 1337 1204 1404; x_wconf 90' lang='lat' dir='ltr'>corruerit,</span> <span class='ocrx_word' id='word_1_192' title='bbox 1220 1344 1248 1391; x_wconf 90' lang='lat' dir='ltr'>ct</span> <span class='ocrx_word' id='word_1_193' title='bbox 1261 1350 1311 1391; x_wconf 95' lang='lat' dir='ltr'>nec</span> <span class='ocrx_word' id='word_1_194' title='bbox 1325 1348 1405 1390; x_wconf 87' lang='lat' dir='ltr'>verns</span> <span class='ocrx_word' id='word_1_195' title='bbox 1417 1330 1583 1398; x_wconf 91' lang='lat' dir='ltr'>monachus,</span> <span class='ocrx_word' id='word_1_196' title='bbox 1597 1345 1647 1386; x_wconf 91' lang='lat' dir='ltr'>nec</span> <span class='ocrx_word' id='word_1_197' title='bbox 1661 1328 1808 1415; x_wconf 72' lang='lat' dir='ltr'>secularis</span> 
     </span>
     <span class='ocr_line' id='line_1_29' title="bbox 998 1422 1808 1501; baseline -0.009 -14"><span class='ocrx_word' id='word_1_198' title='bbox 998 1429 1113 1487; x_wconf 88' lang='lat' dir='ltr'>elicctus</span> <span class='ocrx_word' id='word_1_199' title='bbox 1127 1430 1161 1487; x_wconf 93' lang='lat' dir='ltr'>sit</span> <span class='ocrx_word' id='word_1_200' title='bbox 1176 1450 1182 1485; x_wconf 94' lang='lat'>:</span> <span class='ocrx_word' id='word_1_201' title='bbox 1199 1428 1271 1501; x_wconf 94' lang='lat' dir='ltr'>quod</span> <span class='ocrx_word' id='word_1_202' title='bbox 1291 1436 1333 1484; x_wconf 91' lang='lat' dir='ltr'>est</span> <span class='ocrx_word' id='word_1_203' title='bbox 1349 1425 1481 1493; x_wconf 88' lang='lat' dir='ltr'>deterius,</span> <span class='ocrx_word' id='word_1_204' title='bbox 1502 1425 1586 1482; x_wconf 87' lang='lat' dir='ltr'>etiam</span> <span class='ocrx_word' id='word_1_205' title='bbox 1604 1422 1808 1497; x_wconf 82' lang='lat' dir='ltr'>perfectionem</span> 
     </span>
     <span class='ocr_line' id='line_1_30' title="bbox 998 1515 1807 1596; baseline -0.009 -17"><span class='ocrx_word' id='word_1_206' title='bbox 998 1523 1051 1581; x_wconf 89' lang='lat' dir='ltr'>sibi</span> <span class='ocrx_word' id='word_1_207' title='bbox 1066 1539 1100 1581; x_wconf 87' lang='lat' dir='ltr'>ex</span> <span class='ocrx_word' id='word_1_208' title='bbox 1124 1523 1177 1581; x_wconf 91' lang='lat' dir='ltr'>hoc</span> <span class='ocrx_word' id='word_1_209' title='bbox 1197 1523 1256 1596; x_wconf 92' lang='lat' dir='ltr'>ipso</span> <span class='ocrx_word' id='word_1_210' title='bbox 1282 1519 1428 1577; x_wconf 89' lang='lat' dir='ltr'>miserabili</span> <span class='ocrx_word' id='word_1_211' title='bbox 1452 1526 1525 1575; x_wconf 88' lang='lat' dir='ltr'>statu</span> <span class='ocrx_word' id='word_1_212' title='bbox 1548 1525 1575 1575; x_wconf 89' lang='lat' dir='ltr'>et</span> <span class='ocrx_word' id='word_1_213' title='bbox 1594 1515 1807 1574; x_wconf 82' lang='lat' dir='ltr'>conversatione</span> 
     </span>
    </p>
   </div>
   <div class='ocr_carea' id='block_1_6' title="bbox 1000 1617 1525 1829">
    <p class='ocr_par' dir='ltr' id='par_1_6' title="bbox 1000 1617 1525 1829">
     <span class='ocr_line' id='line_1_31' title="bbox 1000 1617 1147 1690; baseline -0.034 -16"><span class='ocrx_word' id='word_1_214' title='bbox 1000 1617 1147 1690; x_wconf 90' lang='lat' dir='ltr'>promittit.</span> 
     </span>
     <span class='ocr_line' id='line_1_32' title="bbox 1277 1744 1525 1829; baseline -0.02 0"><span class='ocrx_word' id='word_1_215' title='bbox 1277 1744 1399 1829; x_wconf 79' lang='lat' dir='ltr'>esnu‘r</span> <span class='ocrx_word' id='word_1_216' title='bbox 1417 1771 1525 1827; x_wconf 82' lang='lat' dir='ltr'>xxxi.</span> 
     </span>
    </p>
   </div>
   <div class='ocr_carea' id='block_1_7' title="bbox 1000 1927 1807 2070">
    <p class='ocr_par' dir='ltr' id='par_1_7' title="bbox 1000 1927 1807 2070">
     <span class='ocr_line' id='line_1_33' title="bbox 1000 1927 1807 2012; baseline -0.01 -25"><span class='ocrx_word' id='word_1_217' title='bbox 1000 1931 1134 2000; x_wconf 58' lang='lat' dir='ltr'>montedo</span> <span class='ocrx_word' id='word_1_218' title='bbox 1145 1932 1301 2003; x_wconf 84' lang='lat' dir='ltr'>snperbiam</span> <span class='ocrx_word' id='word_1_219' title='bbox 1315 1931 1418 2012; x_wconf 77' lang='lat' dir='ltr'>circuere</span> <span class='ocrx_word' id='word_1_220' title='bbox 1432 1927 1473 2011; x_wconf 81' lang='lat' dir='ltr'>eei</span> <span class='ocrx_word' id='word_1_221' title='bbox 1488 1927 1526 1983; x_wconf 91' lang='lat' dir='ltr'>ad</span> <span class='ocrx_word' id='word_1_222' title='bbox 1542 1927 1807 1998; x_wconf 76' lang='lat' dir='ltr'>perfectionenper·</span> 
     </span>
     <span class='ocr_line' id='line_1_34' title="bbox 1276 2014 1521 2070; baseline -0.004 -14"><span class='ocrx_word' id='word_1_223' title='bbox 1276 2016 1365 2056; x_wconf 87' lang='lat' dir='ltr'>cerare</span> <span class='ocrx_word' id='word_1_224' title='bbox 1375 2014 1521 2070; x_wconf 81' lang='lat' dir='ltr'>possimus.</span> 
     </span>
    </p>
   </div>
   <div class='ocr_carea' id='block_1_8' title="bbox 56 2928 695 2998">
    <p class='ocr_par' dir='ltr' id='par_1_8' title="bbox 56 2928 695 2998">
     <span class='ocr_line' id='line_1_35' title="bbox 56 2928 695 2998; baseline 0 -15"><span class='ocrx_word' id='word_1_225' title='bbox 56 2965 61 2974; x_wconf 82' lang='lat'><em>-</em></span> <span class='ocrx_word' id='word_1_226' title='bbox 147 2928 250 2998; x_wconf 78' lang='lat' dir='ltr'>(Mosei.</span> <span class='ocrx_word' id='word_1_227' title='bbox 264 2945 371 2997; x_wconf 83' lang='lat' dir='ltr'>xxxiv,</span> <span class='ocrx_word' id='word_1_228' title='bbox 386 2934 443 2996; x_wconf 82' lang='lat'><strong>20).</strong></span> <span class='ocrx_word' id='word_1_229' title='bbox 457 2933 499 2986; x_wconf 87' lang='lat' dir='ltr'>De</span> <span class='ocrx_word' id='word_1_230' title='bbox 513 2929 556 2985; x_wconf 88' lang='lat' dir='ltr'>bis</span> <span class='ocrx_word' id='word_1_231' title='bbox 569 2928 664 2985; x_wconf 92' lang='lat' dir='ltr'>itidem</span> <span class='ocrx_word' id='word_1_232' title='bbox 674 2931 695 2984; x_wconf 90' lang='lat' dir='ltr'>si</span> 
     </span>
    </p>
   </div>
   <div class='ocr_carea' id='block_1_9' title="bbox 179 2154 1809 2232">
    <p class='ocr_par' dir='ltr' id='par_1_9' title="bbox 179 2154 1809 2232">
     <span class='ocr_line' id='line_1_36' title="bbox 179 2154 1809 2232; baseline -0.001 -15"><span class='ocrx_word' id='word_1_233' title='bbox 179 2159 286 2231; x_wconf 84' lang='lat' dir='ltr'>Quibus</span> <span class='ocrx_word' id='word_1_234' title='bbox 309 2158 510 2216; x_wconf 78' lang='lat' dir='ltr'>descensuuma</span> <span class='ocrx_word' id='word_1_235' title='bbox 533 2158 662 2232; x_wconf 79' lang='lat' dir='ltr'>gradibus</span> <span class='ocrx_word' id='word_1_236' title='bbox 695 2158 733 2227; x_wconf 93' lang='lat' dir='ltr'>is,</span> <span class='ocrx_word' id='word_1_237' title='bbox 757 2173 839 2230; x_wconf 91' lang='lat' dir='ltr'>quem</span> <span class='ocrx_word' id='word_1_238' title='bbox 863 2158 946 2214; x_wconf 89' lang='lat' dir='ltr'>semol</span> <span class='ocrx_word' id='word_1_239' title='bbox 1037 2158 1224 2228; x_wconf 87' lang='lat' dir='ltr'>Quamobrem</span> <span class='ocrx_word' id='word_1_240' title='bbox 1245 2157 1294 2216; x_wconf 73' lang='lat' dir='ltr'>sil’</span> <span class='ocrx_word' id='word_1_241' title='bbox 1319 2157 1426 2216; x_wconf 78' lang='lat' dir='ltr'>edificii</span> <span class='ocrx_word' id='word_1_242' title='bbox 1447 2157 1534 2214; x_wconf 91' lang='lat' dir='ltr'>nestri</span> <span class='ocrx_word' id='word_1_243' title='bbox 1556 2154 1663 2230; x_wconf 82' lang='lat' dir='ltr'>fastigia</span> <span class='ocrx_word' id='word_1_244' title='bbox 1683 2155 1809 2230; x_wconf 84' lang='lat' dir='ltr'>perfecta</span> 
     </span>
    </p>
   </div>
   <div class='ocr_carea' id='block_1_10' title="bbox 694 2305 1253 2362">
    <p class='ocr_par' dir='ltr' id='par_1_10' title="bbox 694 2305 1253 2362">
     <span class='ocr_line' id='line_1_37' title="bbox 694 2305 1253 2362; baseline 0 -1"><span class='ocrx_word' id='word_1_245' title='bbox 694 2307 821 2362; x_wconf 75' lang='lat' dir='ltr'>stanni</span> <span class='ocrx_word' id='word_1_246' title='bbox 841 2307 954 2361; x_wconf 73' lang='lat' dir='ltr'>GAZAEl</span> <span class='ocrx_word' id='word_1_247' title='bbox 972 2305 1253 2362; x_wconf 74' lang='lat' dir='ltr'><strong>COMMENTARIUS.</strong></span> 
     </span>
    </p>
   </div>
   <div class='ocr_carea' id='block_1_11' title="bbox 140 2428 1811 3709">
    <p class='ocr_par' dir='ltr' id='par_1_11' title="bbox 140 2428 1811 3709">
     <span class='ocr_line' id='line_1_38' title="bbox 145 2428 1803 2502; baseline -0.004 -14"><span class='ocrx_word' id='word_1_248' title='bbox 145 2435 193 2501; x_wconf 91' lang='lat' dir='ltr'>tio,</span> <span class='ocrx_word' id='word_1_249' title='bbox 205 2433 946 2501; x_wconf 74' lang='lat' dir='ltr'>disselatioinbileuitate,ferrorintristitr&#39;e,crelionestes</span> <span class='ocrx_word' id='word_1_250' title='bbox 1000 2433 1128 2500; x_wconf 72' lang='lat' dir='ltr'>falleres,</span> <span class='ocrx_word' id='word_1_251' title='bbox 1146 2435 1175 2486; x_wconf 91' lang='lat' dir='ltr'>in</span> <span class='ocrx_word' id='word_1_252' title='bbox 1193 2434 1329 2502; x_wconf 76' lang='lat' dir='ltr'>jocatione</span> <span class='ocrx_word' id='word_1_253' title='bbox 1350 2431 1502 2498; x_wconf 81' lang='lat' dir='ltr'>mordaces,</span> <span class='ocrx_word' id='word_1_254' title='bbox 1519 2433 1548 2483; x_wconf 87' lang='lat' dir='ltr'>in</span> <span class='ocrx_word' id='word_1_255' title='bbox 1563 2428 1621 2483; x_wconf 88' lang='lat' dir='ltr'>odia</span> <span class='ocrx_word' id='word_1_256' title='bbox 1631 2429 1803 2498; x_wconf 84' lang='lat' dir='ltr'>pertinaces,</span> 
     </span>
     <span class='ocr_line' id='line_1_39' title="bbox 144 2498 1808 2573; baseline -0.004 -15"><span class='ocrx_word' id='word_1_257' title='bbox 144 2506 175 2558; x_wconf 88' lang='lat' dir='ltr'>in</span> <span class='ocrx_word' id='word_1_258' title='bbox 185 2507 295 2566; x_wconf 88' lang='lat' dir='ltr'>actione,</span> <span class='ocrx_word' id='word_1_259' title='bbox 305 2506 426 2560; x_wconf 84' lang='lat' dir='ltr'>borrestas</span> <span class='ocrx_word' id='word_1_260' title='bbox 436 2508 465 2558; x_wconf 87' lang='lat' dir='ltr'>in</span> <span class='ocrx_word' id='word_1_261' title='bbox 476 2506 601 2573; x_wconf 69' lang='lat' dir='ltr'>imapinm</span> <span class='ocrx_word' id='word_1_262' title='bbox 615 2507 709 2559; x_wconf 88' lang='lat' dir='ltr'>erectio</span> <span class='ocrx_word' id='word_1_263' title='bbox 719 2507 747 2558; x_wconf 87' lang='lat' dir='ltr'>in</span> <span class='ocrx_word' id='word_1_264' title='bbox 760 2507 871 2565; x_wconf 87' lang='lat' dir='ltr'>incessu,</span> <span class='ocrx_word' id='word_1_265' title='bbox 882 2520 948 2558; x_wconf 90' lang='lat' dir='ltr'>ren·</span> <span class='ocrx_word' id='word_1_266' title='bbox 1000 2505 1169 2573; x_wconf 74' lang='lat' dir='ltr'>subjectionis</span> <span class='ocrx_word' id='word_1_267' title='bbox 1177 2505 1361 2573; x_wconf 87' lang='lat' dir='ltr'>impatientes,</span> <span class='ocrx_word' id='word_1_268' title='bbox 1375 2503 1502 2572; x_wconf 78' lang='lat' dir='ltr'>potarem</span> <span class='ocrx_word' id='word_1_269' title='bbox 1514 2503 1662 2563; x_wconf 71' lang='lat' dir='ltr'>sectatores,</span> <span class='ocrx_word' id='word_1_270' title='bbox 1675 2498 1808 2553; x_wconf 82' lang='lat' dir='ltr'>omnibus</span> 
     </span>
     <span class='ocr_line' id='line_1_40' title="bbox 145 2571 1809 2645; baseline -0.005 -15"><span class='ocrx_word' id='word_1_271' title='bbox 145 2591 190 2630; x_wconf 91' lang='lat' dir='ltr'>eor</span> <span class='ocrx_word' id='word_1_272' title='bbox 203 2578 232 2629; x_wconf 89' lang='lat' dir='ltr'>in</span> <span class='ocrx_word' id='word_1_273' title='bbox 246 2578 422 2645; x_wconf 88' lang='lat' dir='ltr'>responsione.</span> <span class='ocrx_word' id='word_1_274' title='bbox 435 2579 537 2631; x_wconf 85' lang='lat' dir='ltr'>Horam</span> <span class='ocrx_word' id='word_1_275' title='bbox 558 2590 632 2629; x_wconf 84' lang='lat' dir='ltr'>uteres</span> <span class='ocrx_word' id='word_1_276' title='bbox 651 2591 753 2645; x_wconf 89' lang='lat' dir='ltr'>semper</span> <span class='ocrx_word' id='word_1_277' title='bbox 771 2579 809 2629; x_wconf 91' lang='lat' dir='ltr'>est</span> <span class='ocrx_word' id='word_1_278' title='bbox 831 2575 867 2628; x_wconf 86' lang='lat' dir='ltr'>ad</span> <span class='ocrx_word' id='word_1_279' title='bbox 881 2577 948 2629; x_wconf 85' lang='lat' dir='ltr'>irro-</span> <span class='ocrx_word' id='word_1_280' title='bbox 1002 2576 1076 2630; x_wconf 84' lang='lat' dir='ltr'>boreis</span> <span class='ocrx_word' id='word_1_281' title='bbox 1090 2575 1265 2639; x_wconf 89' lang='lat' dir='ltr'>odibiles;ed</span> <span class='ocrx_word' id='word_1_282' title='bbox 1277 2590 1343 2644; x_wconf 88' lang='lat' dir='ltr'>epus</span> <span class='ocrx_word' id='word_1_283' title='bbox 1354 2571 1809 2642; x_wconf 69' lang='lat' dir='ltr'>morern‘pipriaecommemonem</span> 
     </span>
     <span class='ocr_line' id='line_1_41' title="bbox 145 2641 1806 2715; baseline -0.002 -16"><span class='ocrx_word' id='word_1_284' title='bbox 145 2647 248 2715; x_wconf 83' lang='lat' dir='ltr'>pendes</span> <span class='ocrx_word' id='word_1_285' title='bbox 261 2647 433 2700; x_wconf 81' lang='lat' dir='ltr'>contumelias</span> <span class='ocrx_word' id='word_1_286' title='bbox 447 2647 550 2714; x_wconf 85' lang='lat' dir='ltr'>aalide,</span> <span class='ocrx_word' id='word_1_287' title='bbox 563 2646 600 2700; x_wconf 93' lang='lat' dir='ltr'>ad</span> <span class='ocrx_word' id='word_1_288' title='bbox 611 2647 762 2701; x_wconf 82' lang='lat' dir='ltr'>tolerandas</span> <span class='ocrx_word' id='word_1_289' title='bbox 777 2648 894 2715; x_wconf 82' lang='lat' dir='ltr'>infirme,</span> <span class='ocrx_word' id='word_1_290' title='bbox 910 2647 947 2700; x_wconf 90' lang='lat' dir='ltr'>ad</span> <span class='ocrx_word' id='word_1_291' title='bbox 999 2647 1063 2708; x_wconf 83' lang='lat' dir='ltr'>seri,</span> <span class='ocrx_word' id='word_1_292' title='bbox 1078 2646 1114 2700; x_wconf 88' lang='lat' dir='ltr'>ed</span> <span class='ocrx_word' id='word_1_293' title='bbox 1128 2646 1282 2715; x_wconf 84' lang='lat' dir='ltr'>obsequium</span> <span class='ocrx_word' id='word_1_294' title='bbox 1292 2646 1365 2707; x_wconf 84' lang='lat' dir='ltr'>dari,</span> <span class='ocrx_word' id='word_1_295' title='bbox 1380 2645 1417 2698; x_wconf 89' lang='lat' dir='ltr'>ed</span> <span class='ocrx_word' id='word_1_296' title='bbox 1430 2643 1590 2713; x_wconf 85' lang='lat' dir='ltr'>loquendum</span> <span class='ocrx_word' id='word_1_297' title='bbox 1600 2641 1806 2711; x_wconf 85' lang='lat' dir='ltr'>quodneseiunt</span> 
     </span>
     <span class='ocr_line' id='line_1_42' title="bbox 146 2711 1808 2787; baseline -0.002 -16"><span class='ocrx_word' id='word_1_298' title='bbox 146 2717 321 2772; x_wconf 85' lang='lat' dir='ltr'>obediendam</span> <span class='ocrx_word' id='word_1_299' title='bbox 339 2719 433 2787; x_wconf 75' lang='lat' dir='ltr'>piene,</span> <span class='ocrx_word' id='word_1_300' title='bbox 450 2718 486 2772; x_wconf 89' lang='lat' dir='ltr'>ad</span> <span class='ocrx_word' id='word_1_301' title='bbox 505 2718 666 2772; x_wconf 84' lang='lat' dir='ltr'>lacessendos</span> <span class='ocrx_word' id='word_1_302' title='bbox 680 2732 740 2772; x_wconf 85' lang='lat' dir='ltr'>cero</span> <span class='ocrx_word' id='word_1_303' title='bbox 761 2717 828 2771; x_wconf 87' lang='lat' dir='ltr'>alios</span> <span class='ocrx_word' id='word_1_304' title='bbox 842 2719 947 2786; x_wconf 87' lang='lat' dir='ltr'>imper·</span> <span class='ocrx_word' id='word_1_305' title='bbox 997 2719 1118 2787; x_wconf 87' lang='lat' dir='ltr'>prompti</span> <span class='ocrx_word' id='word_1_306' title='bbox 1122 2735 1130 2781; x_wconf 86' lang='lat'>;</span> <span class='ocrx_word' id='word_1_307' title='bbox 1145 2717 1181 2770; x_wconf 87' lang='lat' dir='ltr'>ed</span> <span class='ocrx_word' id='word_1_308' title='bbox 1195 2716 1424 2787; x_wconf 85' lang='lat' dir='ltr'>supplantandum</span> <span class='ocrx_word' id='word_1_309' title='bbox 1431 2716 1537 2785; x_wconf 81' lang='lat' dir='ltr'>pecati,</span> <span class='ocrx_word' id='word_1_310' title='bbox 1553 2712 1690 2767; x_wconf 84' lang='lat' dir='ltr'>adomnia</span> <span class='ocrx_word' id='word_1_311' title='bbox 1704 2711 1808 2781; x_wconf 82' lang='lat' dir='ltr'>quibus</span> 
     </span>
     <span class='ocr_line' id='line_1_43' title="bbox 146 2784 1809 2858; baseline -0.003 -16"><span class='ocrx_word' id='word_1_312' title='bbox 146 2790 213 2842; x_wconf 86' lang='lat' dir='ltr'>terea</span> <span class='ocrx_word' id='word_1_313' title='bbox 223 2807 231 2852; x_wconf 86' lang='lat'>;</span> <span class='ocrx_word' id='word_1_314' title='bbox 242 2789 316 2842; x_wconf 81' lang='lat' dir='ltr'>redeo</span> <span class='ocrx_word' id='word_1_315' title='bbox 326 2804 387 2857; x_wconf 76' lang='lat' dir='ltr'>qaae</span> <span class='ocrx_word' id='word_1_316' title='bbox 398 2789 488 2855; x_wconf 77' lang='lat' dir='ltr'>secere</span> <span class='ocrx_word' id='word_1_317' title='bbox 499 2794 524 2844; x_wconf 89' lang='lat' dir='ltr'>et</span> <span class='ocrx_word' id='word_1_318' title='bbox 533 2789 619 2855; x_wconf 83' lang='lat' dir='ltr'>debet,</span> <span class='ocrx_word' id='word_1_319' title='bbox 633 2793 659 2843; x_wconf 90' lang='lat' dir='ltr'>et</span> <span class='ocrx_word' id='word_1_320' title='bbox 667 2785 812 2858; x_wconf 79' lang='lat' dir='ltr'>praevolet,</span> <span class='ocrx_word' id='word_1_321' title='bbox 827 2790 945 2856; x_wconf 77' lang='lat' dir='ltr'>ipneoa3</span> <span class='ocrx_word' id='word_1_322' title='bbox 999 2788 1123 2842; x_wconf 84' lang='lat' dir='ltr'>subsistit</span> <span class='ocrx_word' id='word_1_323' title='bbox 1131 2789 1256 2855; x_wconf 75' lang='lat' dir='ltr'>fraterrae</span> <span class='ocrx_word' id='word_1_324' title='bbox 1270 2789 1379 2842; x_wconf 90' lang='lat' dir='ltr'>societas</span> <span class='ocrx_word' id='word_1_325' title='bbox 1389 2787 1533 2840; x_wconf 77' lang='lat' dir='ltr'>inhumani</span> <span class='ocrx_word' id='word_1_326' title='bbox 1537 2804 1545 2849; x_wconf 88' lang='lat'><strong>;</strong></span> <span class='ocrx_word' id='word_1_327' title='bbox 1560 2784 1700 2839; x_wconf 88' lang='lat' dir='ltr'>temerarii</span> <span class='ocrx_word' id='word_1_328' title='bbox 1707 2785 1738 2837; x_wconf 89' lang='lat' dir='ltr'>in</span> <span class='ocrx_word' id='word_1_329' title='bbox 1749 2798 1809 2837; x_wconf 83' lang='lat' dir='ltr'>eu·</span> 
     </span>
     <span class='ocr_line' id='line_1_44' title="bbox 146 2853 1811 2938; baseline -0.002 -26"><span class='ocrx_word' id='word_1_330' title='bbox 146 2858 183 2912; x_wconf 90' lang='lat' dir='ltr'>ed</span> <span class='ocrx_word' id='word_1_331' title='bbox 193 2864 318 2913; x_wconf 88' lang='lat' dir='ltr'>eaaatem</span> <span class='ocrx_word' id='word_1_332' title='bbox 327 2875 387 2928; x_wconf 83' lang='lat' dir='ltr'>paee</span> <span class='ocrx_word' id='word_1_333' title='bbox 401 2861 489 2925; x_wconf 75' lang='lat' dir='ltr'>secere</span> <span class='ocrx_word' id='word_1_334' title='bbox 496 2875 540 2914; x_wconf 92' lang='lat' dir='ltr'>nec</span> <span class='ocrx_word' id='word_1_335' title='bbox 550 2859 634 2923; x_wconf 88' lang='lat' dir='ltr'>debet,</span> <span class='ocrx_word' id='word_1_336' title='bbox 641 2874 687 2913; x_wconf 89' lang='lat' dir='ltr'>nec</span> <span class='ocrx_word' id='word_1_337' title='bbox 694 2859 835 2929; x_wconf 75' lang='lat' dir='ltr'>prraecalet,</span> <span class='ocrx_word' id='word_1_338' title='bbox 841 2863 947 2938; x_wconf 82' lang='lat' dir='ltr'>parata</span> <span class='ocrx_word' id='word_1_339' title='bbox 1000 2858 1097 2921; x_wconf 88' lang='lat' dir='ltr'>dendo,</span> <span class='ocrx_word' id='word_1_340' title='bbox 1107 2859 1215 2912; x_wconf 87' lang='lat' dir='ltr'>clamosi</span> <span class='ocrx_word' id='word_1_341' title='bbox 1227 2861 1256 2912; x_wconf 89' lang='lat' dir='ltr'>in</span> <span class='ocrx_word' id='word_1_342' title='bbox 1263 2858 1403 2928; x_wconf 83' lang='lat' dir='ltr'>loqumdo,</span> <span class='ocrx_word' id='word_1_343' title='bbox 1409 2857 1548 2925; x_wconf 74' lang='lat' dir='ltr'>fastidiosi</span> <span class='ocrx_word' id='word_1_344' title='bbox 1557 2857 1585 2909; x_wconf 88' lang='lat' dir='ltr'>in</span> <span class='ocrx_word' id='word_1_345' title='bbox 1594 2853 1718 2916; x_wconf 81' lang='lat' dir='ltr'>oidmdo,</span> <span class='ocrx_word' id='word_1_346' title='bbox 1727 2869 1811 2924; x_wconf 84' lang='lat' dir='ltr'>proe·</span> 
     </span>
     <span class='ocr_line' id='line_1_45' title="bbox 716 2926 1805 3000; baseline -0.001 -19"><span class='ocrx_word' id='word_1_347' title='bbox 716 2928 766 3000; x_wconf 86' lang='lat' dir='ltr'>nis,</span> <span class='ocrx_word' id='word_1_348' title='bbox 782 2943 830 2984; x_wconf 92' lang='lat' dir='ltr'>seu</span> <span class='ocrx_word' id='word_1_349' title='bbox 840 2927 947 2983; x_wconf 80' lang='lat' dir='ltr'>indiciis</span> <span class='ocrx_word' id='word_1_350' title='bbox 999 2931 1183 2999; x_wconf 85' lang='lat' dir='ltr'>sumptuosiin</span> <span class='ocrx_word' id='word_1_351' title='bbox 1190 2930 1316 2995; x_wconf 88' lang='lat' dir='ltr'>docendo,</span> <span class='ocrx_word' id='word_1_352' title='bbox 1326 2931 1441 2997; x_wconf 73' lang='lat' dir='ltr'>efferati</span> <span class='ocrx_word' id='word_1_353' title='bbox 1450 2928 1608 2995; x_wconf 80' lang='lat' dir='ltr'>deformiter</span> <span class='ocrx_word' id='word_1_354' title='bbox 1620 2927 1648 2979; x_wconf 89' lang='lat' dir='ltr'>in</span> <span class='ocrx_word' id='word_1_355' title='bbox 1655 2926 1805 2991; x_wconf 60' lang='lat' dir='ltr'>rachinam</span> 
     </span>
     <span class='ocr_line' id='line_1_46' title="bbox 146 2944 1808 3071; baseline -0.004 -16"><span class='ocrx_word' id='word_1_356' title='bbox 146 3007 203 3055; x_wconf 89' lang='lat' dir='ltr'>tam</span> <span class='ocrx_word' id='word_1_357' title='bbox 216 3001 346 3066; x_wconf 90' lang='lat' dir='ltr'>carnalis,</span> <span class='ocrx_word' id='word_1_358' title='bbox 369 3015 452 3071; x_wconf 92' lang='lat' dir='ltr'>quam</span> <span class='ocrx_word' id='word_1_359' title='bbox 476 2999 604 3071; x_wconf 78' lang='lat' dir='ltr'>spiritalis</span> <span class='ocrx_word' id='word_1_360' title='bbox 617 2944 750 3069; x_wconf 65' lang='lat' dir='ltr'>superiiec</span> <span class='ocrx_word' id='word_1_361' title='bbox 767 2999 819 3052; x_wconf 89' lang='lat' dir='ltr'>late</span> <span class='ocrx_word' id='word_1_362' title='bbox 839 2997 947 3054; x_wconf 87' lang='lat' dir='ltr'>disserit</span> <span class='ocrx_word' id='word_1_363' title='bbox 1001 3001 1104 3055; x_wconf 88' lang='lat' dir='ltr'>onerosi</span> <span class='ocrx_word' id='word_1_364' title='bbox 1118 3002 1221 3063; x_wconf 87' lang='lat' dir='ltr'>amicis,</span> <span class='ocrx_word' id='word_1_365' title='bbox 1243 3001 1338 3067; x_wconf 74' lang='lat' dir='ltr'>infesti</span> <span class='ocrx_word' id='word_1_366' title='bbox 1355 3001 1463 3069; x_wconf 85' lang='lat' dir='ltr'>quietis,</span> <span class='ocrx_word' id='word_1_367' title='bbox 1481 2999 1586 3066; x_wconf 84' lang='lat' dir='ltr'>ireqrati</span> <span class='ocrx_word' id='word_1_368' title='bbox 1608 2997 1750 3064; x_wconf 70' lang='lat' dir='ltr'>beneficiis,</span> <span class='ocrx_word' id='word_1_369' title='bbox 1762 2994 1808 3050; x_wconf 83' lang='lat' dir='ltr'>iri·</span> 
     </span>
     <span class='ocr_line' id='line_1_47' title="bbox 140 3068 1806 3152; baseline -0.003 -27"><span class='ocrx_word' id='word_1_370' title='bbox 140 3072 181 3125; x_wconf 79' lang='lat' dir='ltr'>b.</span> <span class='ocrx_word' id='word_1_371' title='bbox 205 3073 320 3142; x_wconf 85' lang='lat' dir='ltr'>Prosper</span> <span class='ocrx_word' id='word_1_372' title='bbox 333 3072 381 3126; x_wconf 89' lang='lat' dir='ltr'>lib.</span> <span class='ocrx_word' id='word_1_373' title='bbox 407 3087 443 3127; x_wconf 90' lang='grc' dir='ltr'>ιιι</span> <span class='ocrx_word' id='word_1_374' title='bbox 459 3075 530 3152; x_wconf 84' lang='lat' dir='ltr'>(rep.</span> <span class='ocrx_word' id='word_1_375' title='bbox 549 3071 578 3138; x_wconf 85' lang='grc'>8)</span> <span class='ocrx_word' id='word_1_376' title='bbox 595 3068 628 3125; x_wconf 92' lang='lat' dir='ltr'>de</span> <span class='ocrx_word' id='word_1_377' title='bbox 643 3069 706 3124; x_wconf 88' lang='lat' dir='ltr'>Vita</span> <span class='ocrx_word' id='word_1_378' title='bbox 718 3068 944 3139; x_wconf 80' lang='lat' dir='ltr'>Contemplativa,</span> <span class='ocrx_word' id='word_1_379' title='bbox 999 3073 1061 3140; x_wconf 71' lang='lat' dir='ltr'>{tati</span> <span class='ocrx_word' id='word_1_380' title='bbox 1070 3070 1213 3140; x_wconf 76' lang='lat' dir='ltr'>obsequiis,</span> <span class='ocrx_word' id='word_1_381' title='bbox 1229 3076 1254 3126; x_wconf 88' lang='lat' dir='ltr'>ct</span> <span class='ocrx_word' id='word_1_382' title='bbox 1269 3072 1407 3140; x_wconf 86' lang='lat' dir='ltr'>imperiosi</span> <span class='ocrx_word' id='word_1_383' title='bbox 1419 3070 1551 3138; x_wconf 74' lang='lat' dir='ltr'>sabjectis.</span> <span class='ocrx_word' id='word_1_384' title='bbox 1564 3071 1627 3123; x_wconf 80' lang='lat' dir='ltr'>llaec</span> <span class='ocrx_word' id='word_1_385' title='bbox 1638 3071 1702 3121; x_wconf 87' lang='lat' dir='ltr'>sunt</span> <span class='ocrx_word' id='word_1_386' title='bbox 1713 3081 1806 3137; x_wconf 69' lang='lat' dir='ltr'>sapen</span> 
     </span>
     <span class='ocr_line' id='line_1_48' title="bbox 147 3139 1810 3213; baseline -0.001 -18"><span class='ocrx_word' id='word_1_387' title='bbox 147 3155 179 3196; x_wconf 87' lang='lat' dir='ltr'>ea</span> <span class='ocrx_word' id='word_1_388' title='bbox 199 3157 233 3197; x_wconf 91' lang='lat' dir='ltr'>ue</span> <span class='ocrx_word' id='word_1_389' title='bbox 248 3142 431 3213; x_wconf 87' lang='lat' dir='ltr'>particulatim</span> <span class='ocrx_word' id='word_1_390' title='bbox 442 3139 592 3211; x_wconf 78' lang='lat' dir='ltr'>distinguit,</span> <span class='ocrx_word' id='word_1_391' title='bbox 607 3139 643 3194; x_wconf 91' lang='lat' dir='ltr'>ita</span> <span class='ocrx_word' id='word_1_392' title='bbox 656 3154 771 3195; x_wconf 90' lang='lat' dir='ltr'>exorsus</span> <span class='ocrx_word' id='word_1_393' title='bbox 785 3158 792 3193; x_wconf 91' lang='lat'><strong>:</strong></span> <span class='ocrx_word' id='word_1_394' title='bbox 805 3142 866 3194; x_wconf 90' lang='lat' dir='ltr'>Jam</span> <span class='ocrx_word' id='word_1_395' title='bbox 876 3156 947 3195; x_wconf 84' lang='lat' dir='ltr'>nario</span> <span class='ocrx_word' id='word_1_396' title='bbox 1001 3142 1051 3196; x_wconf 85' lang='lat' dir='ltr'>dieo</span> <span class='ocrx_word' id='word_1_397' title='bbox 1062 3145 1214 3211; x_wconf 78' lang='lat' dir='ltr'>pressantis</span> <span class='ocrx_word' id='word_1_398' title='bbox 1229 3142 1446 3210; x_wconf 85' lang='lat' dir='ltr'>indicia‚quibns</span> <span class='ocrx_word' id='word_1_399' title='bbox 1456 3145 1524 3197; x_wconf 77' lang='lat' dir='ltr'>Deras</span> <span class='ocrx_word' id='word_1_400' title='bbox 1534 3139 1687 3206; x_wconf 69' lang='lat' dir='ltr'>offenditur</span> <span class='ocrx_word' id='word_1_401' title='bbox 1698 3142 1724 3192; x_wconf 89' lang='lat' dir='ltr'>et</span> <span class='ocrx_word' id='word_1_402' title='bbox 1735 3152 1810 3193; x_wconf 79' lang='lat' dir='ltr'>reee-</span> 
     </span>
     <span class='ocr_line' id='line_1_49' title="bbox 146 3156 1807 3290; baseline 0 -26"><span class='ocrx_word' id='word_1_403' title='bbox 146 3156 284 3267; x_wconf 71' lang='lat' dir='ltr'>cieieemns</span> <span class='ocrx_word' id='word_1_404' title='bbox 300 3214 395 3282; x_wconf 84' lang='lat' dir='ltr'>quitus</span> <span class='ocrx_word' id='word_1_405' title='bbox 411 3213 517 3267; x_wconf 89' lang='lat' dir='ltr'>indiciis</span> <span class='ocrx_word' id='word_1_406' title='bbox 533 3213 618 3281; x_wconf 85' lang='lat' dir='ltr'>possit</span> <span class='ocrx_word' id='word_1_407' title='bbox 633 3211 758 3280; x_wconf 83' lang='lat' dir='ltr'>superbie</span> <span class='ocrx_word' id='word_1_408' title='bbox 773 3211 946 3281; x_wconf 79' lang='lat' dir='ltr'>deprehendi,</span> <span class='ocrx_word' id='word_1_409' title='bbox 1001 3213 1052 3277; x_wconf 87' lang='lat' dir='ltr'>dit,</span> <span class='ocrx_word' id='word_1_410' title='bbox 1069 3229 1100 3267; x_wconf 95' lang='lat' dir='ltr'>ec</span> <span class='ocrx_word' id='word_1_411' title='bbox 1114 3214 1231 3283; x_wconf 86' lang='lat' dir='ltr'>superbe</span> <span class='ocrx_word' id='word_1_412' title='bbox 1245 3214 1326 3268; x_wconf 91' lang='lat' dir='ltr'>corde</span> <span class='ocrx_word' id='word_1_413' title='bbox 1341 3214 1473 3268; x_wconf 82' lang='lat' dir='ltr'>destituit.</span> <span class='ocrx_word' id='word_1_414' title='bbox 1489 3212 1556 3266; x_wconf 84' lang='lat' dir='ltr'>Haec</span> <span class='ocrx_word' id='word_1_415' title='bbox 1568 3211 1597 3266; x_wconf 93' lang='lat' dir='ltr'>S.</span> <span class='ocrx_word' id='word_1_416' title='bbox 1616 3210 1743 3290; x_wconf 87' lang='lat' dir='ltr'>Prosper,</span> <span class='ocrx_word' id='word_1_417' title='bbox 1754 3223 1807 3264; x_wconf 89' lang='lat' dir='ltr'>cu-</span> 
     </span>
     <span class='ocr_line' id='line_1_50' title="bbox 146 3265 1807 3362; baseline -0.001 -28"><span class='ocrx_word' id='word_1_418' title='bbox 146 3285 187 3362; x_wconf 72' lang='lat' dir='ltr'>ret,</span> <span class='ocrx_word' id='word_1_419' title='bbox 202 3286 270 3339; x_wconf 79' lang='lat' dir='ltr'>siret</span> <span class='ocrx_word' id='word_1_420' title='bbox 284 3287 312 3338; x_wconf 90' lang='lat' dir='ltr'>in</span> <span class='ocrx_word' id='word_1_421' title='bbox 326 3284 509 3353; x_wconf 74' lang='lat' dir='ltr'>sreprerionibns</span> <span class='ocrx_word' id='word_1_422' title='bbox 518 3283 617 3338; x_wconf 86' lang='lat' dir='ltr'>claruit</span> <span class='ocrx_word' id='word_1_423' title='bbox 630 3282 734 3337; x_wconf 82' lang='lat' dir='ltr'>renllum</span> <span class='ocrx_word' id='word_1_424' title='bbox 742 3288 879 3352; x_wconf 84' lang='lat' dir='ltr'>peccatum</span> <span class='ocrx_word' id='word_1_425' title='bbox 892 3284 949 3338; x_wconf 89' lang='lat' dir='ltr'>sine</span> <span class='ocrx_word' id='word_1_426' title='bbox 963 3265 985 3328; x_wconf 80' lang='lat' dir='ltr'>C</span> <span class='ocrx_word' id='word_1_427' title='bbox 999 3283 1044 3354; x_wconf 82' lang='lat' dir='ltr'>Jus</span> <span class='ocrx_word' id='word_1_428' title='bbox 1069 3282 1146 3340; x_wconf 88' lang='lat' dir='ltr'>dictis</span> <span class='ocrx_word' id='word_1_429' title='bbox 1170 3283 1233 3341; x_wconf 91' lang='lat' dir='ltr'>licet</span> <span class='ocrx_word' id='word_1_430' title='bbox 1258 3283 1385 3355; x_wconf 80' lang='lat' dir='ltr'>prolixis,</span> <span class='ocrx_word' id='word_1_431' title='bbox 1408 3269 1518 3338; x_wconf 84' lang='lat' dir='ltr'>tamen&#39;</span> <span class='ocrx_word' id='word_1_432' title='bbox 1532 3279 1600 3336; x_wconf 90' lang='lat' dir='ltr'>adeo</span> <span class='ocrx_word' id='word_1_433' title='bbox 1621 3279 1752 3352; x_wconf 77' lang='lat' dir='ltr'>speciosis</span> <span class='ocrx_word' id='word_1_434' title='bbox 1776 3285 1807 3335; x_wconf 88' lang='lat' dir='ltr'>et</span> 
     </span>
     <span class='ocr_line' id='line_1_51' title="bbox 147 3350 1807 3427; baseline 0.001 -23"><span class='ocrx_word' id='word_1_435' title='bbox 147 3352 195 3405; x_wconf 84' lang='lat' dir='ltr'>etia</span> <span class='ocrx_word' id='word_1_436' title='bbox 207 3370 285 3422; x_wconf 89' lang='lat' dir='ltr'>posse</span> <span class='ocrx_word' id='word_1_437' title='bbox 302 3357 440 3418; x_wconf 85' lang='lat' dir='ltr'>cononitti,</span> <span class='ocrx_word' id='word_1_438' title='bbox 455 3356 494 3409; x_wconf 89' lang='lat' dir='ltr'>ite</span> <span class='ocrx_word' id='word_1_439' title='bbox 508 3355 637 3423; x_wconf 79' lang='lat' dir='ltr'>iricsipne</span> <span class='ocrx_word' id='word_1_440' title='bbox 649 3354 706 3424; x_wconf 73' lang='lat' dir='ltr'>ejus</span> <span class='ocrx_word' id='word_1_441' title='bbox 721 3353 945 3423; x_wconf 85' lang='lat' dir='ltr'>eluceantqaibos</span> <span class='ocrx_word' id='word_1_442' title='bbox 1000 3353 1109 3425; x_wconf 88' lang='lat' dir='ltr'>opimis,</span> <span class='ocrx_word' id='word_1_443' title='bbox 1122 3370 1178 3410; x_wconf 92' lang='lat' dir='ltr'>non</span> <span class='ocrx_word' id='word_1_444' title='bbox 1197 3355 1273 3427; x_wconf 89' lang='lat' dir='ltr'>potui</span> <span class='ocrx_word' id='word_1_445' title='bbox 1297 3370 1354 3410; x_wconf 94' lang='lat' dir='ltr'>non</span> <span class='ocrx_word' id='word_1_446' title='bbox 1375 3353 1447 3409; x_wconf 90' lang='lat' dir='ltr'>hunc</span> <span class='ocrx_word' id='word_1_447' title='bbox 1468 3350 1588 3410; x_wconf 86' lang='lat' dir='ltr'>Cassiani</span> <span class='ocrx_word' id='word_1_448' title='bbox 1609 3351 1702 3407; x_wconf 88' lang='lat' dir='ltr'>locum</span> <span class='ocrx_word' id='word_1_449' title='bbox 1714 3350 1807 3407; x_wconf 90' lang='lat' dir='ltr'>ditare</span> 
     </span>
     <span class='ocr_line' id='line_1_52' title="bbox 146 3420 1802 3497; baseline 0.001 -23"><span class='ocrx_word' id='word_1_450' title='bbox 146 3426 263 3478; x_wconf 80' lang='lat' dir='ltr'>canenda</span> <span class='ocrx_word' id='word_1_451' title='bbox 281 3429 368 3494; x_wconf 84' lang='lat' dir='ltr'>possit</span> <span class='ocrx_word' id='word_1_452' title='bbox 386 3427 497 3481; x_wconf 87' lang='lat' dir='ltr'>ostendi.</span> <span class='ocrx_word' id='word_1_453' title='bbox 514 3427 611 3482; x_wconf 86' lang='lat' dir='ltr'>Omitte</span> <span class='ocrx_word' id='word_1_454' title='bbox 630 3426 688 3480; x_wconf 89' lang='lat' dir='ltr'>illos</span> <span class='ocrx_word' id='word_1_455' title='bbox 707 3441 771 3494; x_wconf 87' lang='lat' dir='ltr'>qnos</span> <span class='ocrx_word' id='word_1_456' title='bbox 790 3428 872 3480; x_wconf 89' lang='lat' dir='ltr'>etiem</span> <span class='ocrx_word' id='word_1_457' title='bbox 889 3428 947 3495; x_wconf 89' lang='lat' dir='ltr'>ipse</span> <span class='ocrx_word' id='word_1_458' title='bbox 1000 3434 1028 3482; x_wconf 92' lang='lat' dir='ltr'>et</span> <span class='ocrx_word' id='word_1_459' title='bbox 1041 3425 1207 3496; x_wconf 90' lang='lat' dir='ltr'>locupletare</span> <span class='ocrx_word' id='word_1_460' title='bbox 1223 3425 1257 3481; x_wconf 93' lang='lat' dir='ltr'>ad</span> <span class='ocrx_word' id='word_1_461' title='bbox 1278 3425 1410 3497; x_wconf 85' lang='lat' dir='ltr'>majorem</span> <span class='ocrx_word' id='word_1_462' title='bbox 1434 3423 1566 3496; x_wconf 77' lang='lat' dir='ltr'>superbiae</span> <span class='ocrx_word' id='word_1_463' title='bbox 1585 3420 1802 3477; x_wconf 88' lang='lat' dir='ltr'>detestationem.</span> 
     </span>
     <span class='ocr_line' id='line_1_53' title="bbox 147 3490 1805 3568; baseline 0.001 -24"><span class='ocrx_word' id='word_1_464' title='bbox 147 3490 254 3547; x_wconf 83' lang='lat' dir='ltr'>habitus</span> <span class='ocrx_word' id='word_1_465' title='bbox 277 3501 302 3548; x_wconf 88' lang='lat' dir='ltr'>et</span> <span class='ocrx_word' id='word_1_466' title='bbox 322 3499 437 3551; x_wconf 87' lang='lat' dir='ltr'>incessas</span> <span class='ocrx_word' id='word_1_467' title='bbox 456 3497 580 3566; x_wconf 75' lang='lat' dir='ltr'>sapaces</span> <span class='ocrx_word' id='word_1_468' title='bbox 593 3497 722 3561; x_wconf 86' lang='lat' dir='ltr'>ostendit;</span> <span class='ocrx_word' id='word_1_469' title='bbox 736 3512 849 3564; x_wconf 85' lang='lat' dir='ltr'>quoram</span> <span class='ocrx_word' id='word_1_470' title='bbox 862 3501 947 3550; x_wconf 89' lang='lat' dir='ltr'>erecte</span> <span class='ocrx_word' id='word_1_471' title='bbox 1035 3505 1048 3532; x_wconf 76' lang='lat'>⁸</span> <span class='ocrx_word' id='word_1_472' title='bbox 1062 3496 1355 3568; x_wconf 80' lang='lat' dir='ltr'>Suntcnimgradussu</span> <span class='ocrx_word' id='word_1_473' title='bbox 1374 3492 1563 3566; x_wconf 81' lang='lat' dir='ltr'>crbiaegradus</span> <span class='ocrx_word' id='word_1_474' title='bbox 1570 3491 1805 3559; x_wconf 85' lang='lat' dir='ltr'>descendentium,</span> 
     </span>
     <span class='ocr_line' id='line_1_54' title="bbox 148 3512 1805 3648; baseline 0.002 -34"><span class='ocrx_word' id='word_1_475' title='bbox 148 3565 250 3623; x_wconf 83' lang='lat' dir='ltr'>ceeia,</span> <span class='ocrx_word' id='word_1_476' title='bbox 272 3566 353 3628; x_wconf 73' lang='lat' dir='ltr'>facies</span> <span class='ocrx_word' id='word_1_477' title='bbox 369 3572 452 3628; x_wconf 80' lang='lat' dir='ltr'>torre,</span> <span class='ocrx_word' id='word_1_478' title='bbox 474 3572 559 3619; x_wconf 87' lang='lat' dir='ltr'>traces</span> <span class='ocrx_word' id='word_1_479' title='bbox 578 3565 658 3628; x_wconf 82' lang='lat' dir='ltr'>ocati,</span> <span class='ocrx_word' id='word_1_480' title='bbox 672 3569 697 3619; x_wconf 86' lang='lat' dir='ltr'>et</span> <span class='ocrx_word' id='word_1_481' title='bbox 710 3580 795 3619; x_wconf 83' lang='lat' dir='ltr'>sermo</span> <span class='ocrx_word' id='word_1_482' title='bbox 818 3566 946 3619; x_wconf 64' lang='lat' dir='ltr'>tacebitis</span> <span class='ocrx_word' id='word_1_483' title='bbox 1004 3564 1075 3623; x_wconf 90' lang='lat' dir='ltr'>sicut</span> <span class='ocrx_word' id='word_1_484' title='bbox 1102 3582 1118 3622; x_wconf 94' lang='lat' dir='ltr'>c</span> <span class='ocrx_word' id='word_1_485' title='bbox 1140 3567 1278 3622; x_wconf 75' lang='lat' dir='ltr'>connario</span> <span class='ocrx_word' id='word_1_486' title='bbox 1299 3512 1398 3648; x_wconf 73' lang='lat' dir='ltr'>gracias</span> <span class='ocrx_word' id='word_1_487' title='bbox 1424 3565 1584 3621; x_wconf 87' lang='lat' dir='ltr'>humilitatis</span> <span class='ocrx_word' id='word_1_488' title='bbox 1605 3573 1670 3622; x_wconf 91' lang='lat' dir='ltr'>sant</span> <span class='ocrx_word' id='word_1_489' title='bbox 1701 3561 1805 3636; x_wconf 82' lang='lat' dir='ltr'>gradus</span> 
     </span>
     <span class='ocr_line' id='line_1_55' title="bbox 147 3633 1806 3709; baseline 0.002 -24"><span class='ocrx_word' id='word_1_490' title='bbox 147 3633 250 3687; x_wconf 89' lang='lat' dir='ltr'>nodam</span> <span class='ocrx_word' id='word_1_491' title='bbox 265 3635 419 3702; x_wconf 77' lang='lat' dir='ltr'>saper-emm</span> <span class='ocrx_word' id='word_1_492' title='bbox 439 3638 577 3689; x_wconf 71' lang='lat' dir='ltr'>claimant:</span> <span class='ocrx_word' id='word_1_493' title='bbox 599 3637 649 3704; x_wconf 88' lang='lat' dir='ltr'>qai</span> <span class='ocrx_word' id='word_1_494' title='bbox 659 3636 769 3689; x_wconf 73' lang='lat' dir='ltr'>libidine</span> <span class='ocrx_word' id='word_1_495' title='bbox 789 3635 949 3690; x_wconf 88' lang='lat' dir='ltr'>dominandi</span> <span class='ocrx_word' id='word_1_496' title='bbox 1000 3636 1216 3706; x_wconf 88' lang='lat' dir='ltr'>ascendentium,</span> <span class='ocrx_word' id='word_1_497' title='bbox 1229 3637 1336 3709; x_wconf 88' lang='lat' dir='ltr'>quiarlli</span> <span class='ocrx_word' id='word_1_498' title='bbox 1346 3637 1380 3693; x_wconf 92' lang='lat' dir='ltr'>ad</span> <span class='ocrx_word' id='word_1_499' title='bbox 1393 3637 1563 3701; x_wconf 89' lang='lat' dir='ltr'>descensum,</span> <span class='ocrx_word' id='word_1_500' title='bbox 1574 3635 1601 3691; x_wconf 93' lang='lat' dir='ltr'>hi</span> <span class='ocrx_word' id='word_1_501' title='bbox 1613 3635 1647 3692; x_wconf 90' lang='lat' dir='ltr'>ad</span> <span class='ocrx_word' id='word_1_502' title='bbox 1656 3649 1806 3691; x_wconf 87' lang='lat' dir='ltr'>ascensum</span> 
     </span>
    </p>
   </div>
   <div class='ocr_carea' id='block_1_12' title="bbox 144 3704 1808 3834">
    <p class='ocr_par' dir='ltr' id='par_1_12' title="bbox 144 3704 1808 3834">
     <span class='ocr_line' id='line_1_56' title="bbox 144 3704 1808 3834; baseline 0.001 -76"><span class='ocrx_word' id='word_1_503' title='bbox 144 3705 270 3773; x_wconf 88' lang='lat' dir='ltr'>possessi,</span> <span class='ocrx_word' id='word_1_504' title='bbox 282 3720 349 3773; x_wconf 84' lang='lat' dir='ltr'>qeees</span> <span class='ocrx_word' id='word_1_505' title='bbox 355 3704 820 3774; x_wconf 83' lang='lat' dir='ltr'>possontoioientersibisabjiciunt,</span> <span class='ocrx_word' id='word_1_506' title='bbox 830 3705 948 3760; x_wconf 85' lang='lat' dir='ltr'>bumana</span> <span class='ocrx_word' id='word_1_507' title='bbox 1000 3706 1610 3834; x_wconf 62' lang='lat' dir='ltr'>diriguntur:dequibuscrstantquindecim</span> <span class='ocrx_word' id='word_1_508' title='bbox 1620 3704 1808 3777; x_wconf 82' lang='lat' dir='ltr'>psalmiDani·</span> 
     </span>
    </p>
   </div>
   <div class='ocr_carea' id='block_1_13' title="bbox 99 3773 1809 4569">
    <p class='ocr_par' dir='ltr' id='par_1_13' title="bbox 99 3773 1809 4569">
     <span class='ocr_line' id='line_1_57' title="bbox 142 3773 1804 3852; baseline 0 -24"><span class='ocrx_word' id='word_1_509' title='bbox 142 3774 211 3844; x_wconf 73' lang='lat' dir='ltr'>jera</span> <span class='ocrx_word' id='word_1_510' title='bbox 225 3776 370 3845; x_wconf 73' lang='lat' dir='ltr'>divinaque</span> <span class='ocrx_word' id='word_1_511' title='bbox 392 3777 575 3843; x_wconf 67' lang='lat' dir='ltr'>eorrtendant,</span> <span class='ocrx_word' id='word_1_512' title='bbox 595 3777 738 3831; x_wconf 78' lang='lat' dir='ltr'>betorites</span> <span class='ocrx_word' id='word_1_513' title='bbox 752 3778 946 3840; x_wconf 87' lang='lat' dir='ltr'>intumescant,</span> <span class='ocrx_word' id='word_1_514' title='bbox 1001 3779 1064 3842; x_wconf 94' lang='lat' dir='ltr'>dici,</span> <span class='ocrx_word' id='word_1_515' title='bbox 1079 3778 1125 3852; x_wconf 92' lang='lat' dir='ltr'>qui</span> <span class='ocrx_word' id='word_1_516' title='bbox 1135 3778 1266 3835; x_wconf 92' lang='lat' dir='ltr'>dicuntur</span> <span class='ocrx_word' id='word_1_517' title='bbox 1279 3779 1384 3834; x_wconf 92' lang='lat' dir='ltr'>cantica</span> <span class='ocrx_word' id='word_1_518' title='bbox 1397 3794 1443 3849; x_wconf 83' lang='lat' dir='ltr'>gra</span> <span class='ocrx_word' id='word_1_519' title='bbox 1466 3794 1543 3846; x_wconf 92' lang='lat' dir='ltr'>uum,</span> <span class='ocrx_word' id='word_1_520' title='bbox 1558 3776 1645 3841; x_wconf 88' lang='lat' dir='ltr'>idest,</span> <span class='ocrx_word' id='word_1_521' title='bbox 1660 3773 1804 3830; x_wconf 85' lang='lat' dir='ltr'>ascensio-</span> 
     </span>
     <span class='ocr_line' id='line_1_58' title="bbox 145 3847 1804 3921; baseline 0 -21"><span class='ocrx_word' id='word_1_522' title='bbox 145 3847 251 3916; x_wconf 88' lang='lat' dir='ltr'>passim</span> <span class='ocrx_word' id='word_1_523' title='bbox 264 3848 502 3917; x_wconf 79' lang='lat' dir='ltr'>curretediripunt,</span> <span class='ocrx_word' id='word_1_524' title='bbox 523 3851 580 3903; x_wconf 84' lang='lat' dir='ltr'>sees</span> <span class='ocrx_word' id='word_1_525' title='bbox 602 3849 761 3903; x_wconf 85' lang='lat' dir='ltr'>criminibus</span> <span class='ocrx_word' id='word_1_526' title='bbox 774 3848 906 3916; x_wconf 81' lang='lat' dir='ltr'>penderet,</span> <span class='ocrx_word' id='word_1_527' title='bbox 923 3852 949 3902; x_wconf 89' lang='lat' dir='ltr'>et</span> <span class='ocrx_word' id='word_1_528' title='bbox 1000 3865 1084 3917; x_wconf 92' lang='lat' dir='ltr'>num,</span> <span class='ocrx_word' id='word_1_529' title='bbox 1111 3849 1262 3906; x_wconf 91' lang='lat' dir='ltr'>secundum</span> <span class='ocrx_word' id='word_1_530' title='bbox 1283 3865 1379 3921; x_wconf 83' lang='lat' dir='ltr'>vocem</span> <span class='ocrx_word' id='word_1_531' title='bbox 1404 3849 1553 3906; x_wconf 84' lang='lat' dir='ltr'>liebraenm</span> <span class='ocrx_word' id='word_1_532' title='bbox 1577 3847 1740 3910; x_wconf 82' lang='lat' dir='ltr'>enabebotb,</span> <span class='ocrx_word' id='word_1_533' title='bbox 1771 3854 1804 3901; x_wconf 88' lang='lat' dir='ltr'>et</span> 
     </span>
     <span class='ocr_line' id='line_1_59' title="bbox 140 3915 1806 3993; baseline 0 -21"><span class='ocrx_word' id='word_1_534' title='bbox 140 3919 247 3988; x_wconf 78' lang='lat' dir='ltr'>&#39;seipsos</span> <span class='ocrx_word' id='word_1_535' title='bbox 260 3920 390 3989; x_wconf 77' lang='lat' dir='ltr'>superbiae</span> <span class='ocrx_word' id='word_1_536' title='bbox 398 3922 519 3990; x_wconf 78' lang='lat' dir='ltr'>correpti</span> <span class='ocrx_word' id='word_1_537' title='bbox 528 3920 618 3974; x_wconf 80' lang='lat' dir='ltr'>inorbo</span> <span class='ocrx_word' id='word_1_538' title='bbox 627 3935 680 3973; x_wconf 91' lang='lat' dir='ltr'>non</span> <span class='ocrx_word' id='word_1_539' title='bbox 692 3921 812 3989; x_wconf 89' lang='lat' dir='ltr'>capiunt.</span> <span class='ocrx_word' id='word_1_540' title='bbox 824 3922 878 3974; x_wconf 83' lang='lat' dir='ltr'>Hos</span> <span class='ocrx_word' id='word_1_541' title='bbox 886 3934 949 3987; x_wconf 83' lang='lat' dir='ltr'>erqo</span> <span class='ocrx_word' id='word_1_542' title='bbox 1001 3921 1126 3978; x_wconf 85' lang='lat' dir='ltr'>Graecam</span> <span class='ocrx_word' id='word_1_543' title='bbox 1138 3919 1297 3993; x_wconf 75' lang='lat' dir='ltr'>dnatatpen,</span> <span class='ocrx_word' id='word_1_544' title='bbox 1306 3920 1472 3977; x_wconf 88' lang='lat' dir='ltr'>sivecantica</span> <span class='ocrx_word' id='word_1_545' title='bbox 1482 3935 1578 3976; x_wconf 89' lang='lat' dir='ltr'>eorum</span> <span class='ocrx_word' id='word_1_546' title='bbox 1588 3918 1631 3990; x_wconf 93' lang='lat' dir='ltr'>qui</span> <span class='ocrx_word' id='word_1_547' title='bbox 1640 3933 1686 3989; x_wconf 90' lang='lat' dir='ltr'>per</span> <span class='ocrx_word' id='word_1_548' title='bbox 1698 3915 1806 3989; x_wconf 77' lang='lat' dir='ltr'>gradus</span> 
     </span>
     <span class='ocr_line' id='line_1_60' title="bbox 144 3989 1806 4061; baseline 0.001 -19"><span class='ocrx_word' id='word_1_549' title='bbox 144 3994 287 4059; x_wconf 79' lang='lat' dir='ltr'>pretereo,</span> <span class='ocrx_word' id='word_1_550' title='bbox 299 3992 327 4044; x_wconf 86' lang='lat' dir='ltr'>in</span> <span class='ocrx_word' id='word_1_551' title='bbox 335 3992 431 4060; x_wconf 80' lang='lat' dir='ltr'>periens</span> <span class='ocrx_word' id='word_1_552' title='bbox 442 3992 569 4060; x_wconf 85' lang='lat' dir='ltr'>snperbia</span> <span class='ocrx_word' id='word_1_553' title='bbox 580 3995 635 4044; x_wconf 92' lang='lat' dir='ltr'>tem</span> <span class='ocrx_word' id='word_1_554' title='bbox 646 3995 737 4060; x_wconf 85' lang='lat' dir='ltr'>aperte</span> <span class='ocrx_word' id='word_1_555' title='bbox 745 3993 848 4059; x_wconf 80' lang='lat' dir='ltr'>repetet,</span> <span class='ocrx_word' id='word_1_556' title='bbox 861 3994 892 4043; x_wconf 86' lang='lat' dir='ltr'>eet</span> <span class='ocrx_word' id='word_1_557' title='bbox 903 4005 949 4044; x_wconf 92' lang='lat' dir='ltr'>nec</span> <span class='ocrx_word' id='word_1_558' title='bbox 1002 3990 1161 4048; x_wconf 91' lang='lat' dir='ltr'>humilitatis</span> <span class='ocrx_word' id='word_1_559' title='bbox 1170 4007 1281 4049; x_wconf 89' lang='lat' dir='ltr'>sursum</span> <span class='ocrx_word' id='word_1_560' title='bbox 1290 3990 1576 4061; x_wconf 75' lang='lat' dir='ltr'>ascenduntiduqust.</span> <span class='ocrx_word' id='word_1_561' title='bbox 1586 3989 1692 4046; x_wconf 85' lang='lat' dir='ltr'>inPsei.</span> <span class='ocrx_word' id='word_1_562' title='bbox 1704 3992 1806 4057; x_wconf 83' lang='lat' dir='ltr'>cxxx).</span> 
     </span>
     <span class='ocr_line' id='line_1_61' title="bbox 147 4059 1808 4136; baseline 0.001 -22"><span class='ocrx_word' id='word_1_563' title='bbox 147 4061 314 4130; x_wconf 82' lang='lat' dir='ltr'>diqnetm·se</span> <span class='ocrx_word' id='word_1_564' title='bbox 328 4063 469 4130; x_wconf 84' lang='lat' dir='ltr'>oecedtere,</span> <span class='ocrx_word' id='word_1_565' title='bbox 484 4079 531 4116; x_wconf 89' lang='lat' dir='ltr'>nec</span> <span class='ocrx_word' id='word_1_566' title='bbox 545 4062 644 4116; x_wconf 84' lang='lat' dir='ltr'>caleat.</span> <span class='ocrx_word' id='word_1_567' title='bbox 660 4062 842 4116; x_wconf 86' lang='lat' dir='ltr'>lllostontam</span> <span class='ocrx_word' id='word_1_568' title='bbox 854 4061 949 4116; x_wconf 85' lang='lat' dir='ltr'>dolen-</span> <span class='ocrx_word' id='word_1_569' title='bbox 1003 4061 1045 4119; x_wconf 82' lang='lat' dir='ltr'>nd</span> <span class='ocrx_word' id='word_1_570' title='bbox 1065 4062 1140 4135; x_wconf 93' lang='lat' dir='ltr'>quod</span> <span class='ocrx_word' id='word_1_571' title='bbox 1171 4064 1255 4119; x_wconf 90' lang='lat' dir='ltr'>ctiam</span> <span class='ocrx_word' id='word_1_572' title='bbox 1279 4061 1488 4136; x_wconf 78' lang='lat' dir='ltr'>significandum</span> <span class='ocrx_word' id='word_1_573' title='bbox 1514 4061 1615 4118; x_wconf 88' lang='lat' dir='ltr'>scalam</span> <span class='ocrx_word' id='word_1_574' title='bbox 1642 4059 1808 4116; x_wconf 87' lang='lat' dir='ltr'>humilitatis</span> 
     </span>
     <span class='ocr_line' id='line_1_62' title="bbox 148 4130 1807 4205; baseline 0 -19"><span class='ocrx_word' id='word_1_575' title='bbox 148 4130 195 4187; x_wconf 90' lang='lat' dir='ltr'>dos</span> <span class='ocrx_word' id='word_1_576' title='bbox 209 4133 325 4194; x_wconf 87' lang='lat' dir='ltr'>ostendo,</span> <span class='ocrx_word' id='word_1_577' title='bbox 341 4139 423 4203; x_wconf 82' lang='lat' dir='ltr'>ertqae</span> <span class='ocrx_word' id='word_1_578' title='bbox 436 4149 527 4189; x_wconf 86' lang='lat' dir='ltr'>eorem</span> <span class='ocrx_word' id='word_1_579' title='bbox 540 4133 662 4203; x_wconf 82' lang='lat' dir='ltr'>enemple</span> <span class='ocrx_word' id='word_1_580' title='bbox 676 4132 792 4187; x_wconf 89' lang='lat' dir='ltr'>ceoende</span> <span class='ocrx_word' id='word_1_581' title='bbox 811 4133 948 4194; x_wconf 86' lang='lat' dir='ltr'>dementia,</span> <span class='ocrx_word' id='word_1_582' title='bbox 1002 4143 1139 4200; x_wconf 89' lang='lat' dir='ltr'>erectam,</span> <span class='ocrx_word' id='word_1_583' title='bbox 1164 4134 1267 4190; x_wconf 90' lang='lat' dir='ltr'>scalam</span> <span class='ocrx_word' id='word_1_584' title='bbox 1291 4149 1356 4189; x_wconf 90' lang='lat' dir='ltr'>vero</span> <span class='ocrx_word' id='word_1_585' title='bbox 1370 4132 1505 4205; x_wconf 72' lang='lat' dir='ltr'>superbiae</span> <span class='ocrx_word' id='word_1_586' title='bbox 1524 4134 1660 4188; x_wconf 89' lang='lat' dir='ltr'>inversam</span> <span class='ocrx_word' id='word_1_587' title='bbox 1678 4130 1807 4202; x_wconf 89' lang='lat' dir='ltr'>superius</span> 
     </span>
     <span class='ocr_line' id='line_1_63' title="bbox 148 4200 1806 4276; baseline 0.001 -20"><span class='ocrx_word' id='word_1_588' title='bbox 148 4203 427 4272; x_wconf 74' lang='lat' dir='ltr'>qaosiemcenaerses,</span> <span class='ocrx_word' id='word_1_589' title='bbox 438 4206 643 4275; x_wconf 88' lang='lat' dir='ltr'>eteliqnantum</span> <span class='ocrx_word' id='word_1_590' title='bbox 649 4204 949 4274; x_wconf 74' lang='lat' dir='ltr'>proficientessnperbie</span> <span class='ocrx_word' id='word_1_591' title='bbox 1003 4203 1185 4272; x_wconf 89' lang='lat' dir='ltr'>exhibuimus,</span> <span class='ocrx_word' id='word_1_592' title='bbox 1202 4220 1256 4276; x_wconf 90' lang='lat' dir='ltr'>quo</span> <span class='ocrx_word' id='word_1_593' title='bbox 1271 4205 1371 4276; x_wconf 85' lang='lat' dir='ltr'>gradus</span> <span class='ocrx_word' id='word_1_594' title='bbox 1384 4203 1586 4260; x_wconf 90' lang='lat' dir='ltr'>ascendentium</span> <span class='ocrx_word' id='word_1_595' title='bbox 1600 4211 1627 4258; x_wconf 92' lang='lat' dir='ltr'>et</span> <span class='ocrx_word' id='word_1_596' title='bbox 1637 4200 1806 4258; x_wconf 82' lang='lat' dir='ltr'>descenden-</span> 
     </span>
     <span class='ocr_line' id='line_1_64' title="bbox 148 4273 1809 4346; baseline 0.002 -22"><span class='ocrx_word' id='word_1_597' title='bbox 148 4274 255 4334; x_wconf 82' lang='lat' dir='ltr'>comite,</span> <span class='ocrx_word' id='word_1_598' title='bbox 265 4278 385 4341; x_wconf 84' lang='lat' dir='ltr'>capte&#39;eat</span> <span class='ocrx_word' id='word_1_599' title='bbox 398 4292 462 4343; x_wconf 80' lang='lat' dir='ltr'>qecos</span> <span class='ocrx_word' id='word_1_600' title='bbox 470 4278 498 4329; x_wconf 90' lang='lat' dir='ltr'>in</span> <span class='ocrx_word' id='word_1_601' title='bbox 507 4276 678 4345; x_wconf 66' lang='lat' dir='ltr'>protendam</span> <span class='ocrx_word' id='word_1_602' title='bbox 689 4277 821 4330; x_wconf 83' lang='lat' dir='ltr'>malorem</span> <span class='ocrx_word' id='word_1_603' title='bbox 831 4275 949 4342; x_wconf 74' lang='lat' dir='ltr'>frenda-</span> <span class='ocrx_word' id='word_1_604' title='bbox 1001 4273 1072 4330; x_wconf 93' lang='lat' dir='ltr'>tium</span> <span class='ocrx_word' id='word_1_605' title='bbox 1092 4274 1143 4330; x_wconf 91' lang='lat' dir='ltr'>sibi</span> <span class='ocrx_word' id='word_1_606' title='bbox 1167 4275 1310 4346; x_wconf 85' lang='lat' dir='ltr'>eregione</span> <span class='ocrx_word' id='word_1_607' title='bbox 1335 4274 1544 4346; x_wconf 72' lang='lat' dir='ltr'>responderent,</span> <span class='ocrx_word' id='word_1_608' title='bbox 1571 4274 1634 4345; x_wconf 87' lang='lat' dir='ltr'>quis</span> <span class='ocrx_word' id='word_1_609' title='bbox 1660 4273 1730 4329; x_wconf 91' lang='lat' dir='ltr'>sicut</span> <span class='ocrx_word' id='word_1_610' title='bbox 1754 4287 1809 4344; x_wconf 86' lang='lat' dir='ltr'>per</span> 
     </span>
     <span class='ocr_line' id='line_1_65' title="bbox 148 4342 1804 4418; baseline 0.004 -25"><span class='ocrx_word' id='word_1_611' title='bbox 148 4342 220 4395; x_wconf 87' lang='lat' dir='ltr'>lente</span> <span class='ocrx_word' id='word_1_612' title='bbox 231 4343 413 4398; x_wconf 80' lang='lat' dir='ltr'>dontinatione</span> <span class='ocrx_word' id='word_1_613' title='bbox 418 4348 589 4413; x_wconf 62' lang='lat' dir='ltr'>praecipitem</span> <span class='ocrx_word' id='word_1_614' title='bbox 601 4351 625 4399; x_wconf 91' lang='lat' dir='ltr'>et</span> <span class='ocrx_word' id='word_1_615' title='bbox 635 4362 667 4399; x_wconf 90' lang='lat' dir='ltr'>ne</span> <span class='ocrx_word' id='word_1_616' title='bbox 677 4347 741 4400; x_wconf 89' lang='lat' dir='ltr'>inde</span> <span class='ocrx_word' id='word_1_617' title='bbox 748 4362 875 4415; x_wconf 85' lang='lat' dir='ltr'>amquam</span> <span class='ocrx_word' id='word_1_618' title='bbox 884 4359 951 4415; x_wconf 92' lang='lat' dir='ltr'>pos·</span> <span class='ocrx_word' id='word_1_619' title='bbox 1003 4345 1104 4417; x_wconf 73' lang='lat' dir='ltr'>gradm</span> <span class='ocrx_word' id='word_1_620' title='bbox 1118 4342 1279 4401; x_wconf 91' lang='lat' dir='ltr'>humilitatis</span> <span class='ocrx_word' id='word_1_621' title='bbox 1293 4361 1308 4401; x_wconf 89' lang='lat' dir='ltr'>a</span> <span class='ocrx_word' id='word_1_622' title='bbox 1323 4346 1412 4418; x_wconf 90' lang='lat' dir='ltr'>primo</span> <span class='ocrx_word' id='word_1_623' title='bbox 1429 4345 1463 4400; x_wconf 88' lang='lat' dir='ltr'>ad</span> <span class='ocrx_word' id='word_1_624' title='bbox 1474 4344 1601 4401; x_wconf 90' lang='lat' dir='ltr'>ultimum</span> <span class='ocrx_word' id='word_1_625' title='bbox 1616 4358 1726 4416; x_wconf 90' lang='lat' dir='ltr'>semper</span> <span class='ocrx_word' id='word_1_626' title='bbox 1738 4358 1804 4399; x_wconf 85' lang='lat' dir='ltr'>sur-</span> 
     </span>
     <span class='ocr_line' id='line_1_66' title="bbox 148 4413 1805 4489; baseline 0.004 -25"><span class='ocrx_word' id='word_1_627' title='bbox 148 4413 205 4464; x_wconf 87' lang='lat' dir='ltr'>sint</span> <span class='ocrx_word' id='word_1_628' title='bbox 219 4428 360 4480; x_wconf 79' lang='lat' dir='ltr'>emerqere,</span> <span class='ocrx_word' id='word_1_629' title='bbox 372 4414 476 4480; x_wconf 79' lang='lat' dir='ltr'>jupiter</span> <span class='ocrx_word' id='word_1_630' title='bbox 489 4415 585 4467; x_wconf 89' lang='lat' dir='ltr'>calcet.</span> <span class='ocrx_word' id='word_1_631' title='bbox 604 4417 668 4483; x_wconf 88' lang='lat' dir='ltr'>lpse</span> <span class='ocrx_word' id='word_1_632' title='bbox 678 4418 707 4469; x_wconf 89' lang='lat' dir='ltr'>in</span> <span class='ocrx_word' id='word_1_633' title='bbox 717 4416 840 4470; x_wconf 86' lang='lat' dir='ltr'>cordibus</span> <span class='ocrx_word' id='word_1_634' title='bbox 852 4418 950 4469; x_wconf 86' lang='lat' dir='ltr'>talium</span> <span class='ocrx_word' id='word_1_635' title='bbox 1003 4431 1067 4472; x_wconf 91' lang='lat' dir='ltr'>sum</span> <span class='ocrx_word' id='word_1_636' title='bbox 1088 4414 1264 4471; x_wconf 88' lang='lat' dir='ltr'>ascenditur:</span> <span class='ocrx_word' id='word_1_637' title='bbox 1279 4416 1315 4472; x_wconf 90' lang='lat' dir='ltr'>ita</span> <span class='ocrx_word' id='word_1_638' title='bbox 1338 4417 1396 4489; x_wconf 91' lang='lat' dir='ltr'>pari</span> <span class='ocrx_word' id='word_1_639' title='bbox 1420 4424 1507 4472; x_wconf 86' lang='lat' dir='ltr'>tractu</span> <span class='ocrx_word' id='word_1_640' title='bbox 1524 4423 1551 4471; x_wconf 88' lang='lat' dir='ltr'>ct</span> <span class='ocrx_word' id='word_1_641' title='bbox 1568 4416 1643 4471; x_wconf 89' lang='lat' dir='ltr'>velut</span> <span class='ocrx_word' id='word_1_642' title='bbox 1658 4414 1805 4470; x_wconf 81' lang='lat' dir='ltr'>interstitio</span> 
     </span>
     <span class='ocr_line' id='line_1_67' title="bbox 99 4480 1806 4569; baseline 0.004 -35"><span class='ocrx_word' id='word_1_643' title='bbox 99 4539 102 4543; x_wconf 61' lang='grc'>,</span> <span class='ocrx_word' id='word_1_644' title='bbox 149 4480 512 4552; x_wconf 78' lang='lat' dir='ltr'>tocamdiabolofecit.lpsa</span> <span class='ocrx_word' id='word_1_645' title='bbox 526 4484 950 4553; x_wconf 86' lang='lat' dir='ltr'>eiedeenientipectnsimmuni·</span> <span class='ocrx_word' id='word_1_646' title='bbox 1003 4501 1052 4557; x_wconf 90' lang='lat' dir='ltr'>per</span> <span class='ocrx_word' id='word_1_647' title='bbox 1079 4484 1178 4559; x_wconf 73' lang='lat' dir='ltr'>gradus</span> <span class='ocrx_word' id='word_1_648' title='bbox 1200 4487 1334 4569; x_wconf 73' lang='lat' dir='ltr'>superbiae</span> <span class='ocrx_word' id='word_1_649' title='bbox 1359 4502 1467 4558; x_wconf 89' lang='lat' dir='ltr'>semper</span> <span class='ocrx_word' id='word_1_650' title='bbox 1488 4485 1600 4542; x_wconf 83' lang='lat' dir='ltr'>interius</span> <span class='ocrx_word' id='word_1_651' title='bbox 1619 4485 1806 4553; x_wconf 89' lang='lat' dir='ltr'>descenditur,</span> 
     </span>
    </p>
   </div>
   <div class='ocr_carea' id='block_1_14' title="bbox 149 4552 1810 4630">
    <p class='ocr_par' dir='ltr' id='par_1_14' title="bbox 149 4552 1810 4630">
     <span class='ocr_line' id='line_1_68' title="bbox 149 4552 1810 4630; baseline 0.005 -26"><span class='ocrx_word' id='word_1_652' title='bbox 149 4553 207 4605; x_wconf 86' lang='lat' dir='ltr'>tum</span> <span class='ocrx_word' id='word_1_653' title='bbox 226 4552 403 4618; x_wconf 80' lang='lat' dir='ltr'>familiariter</span> <span class='ocrx_word' id='word_1_654' title='bbox 422 4553 532 4621; x_wconf 74' lang='lat' dir='ltr'>pariredit.</span> <span class='ocrx_word' id='word_1_655' title='bbox 548 4555 611 4622; x_wconf 85' lang='lat' dir='ltr'>lpse</span> <span class='ocrx_word' id='word_1_656' title='bbox 632 4555 809 4609; x_wconf 86' lang='lat' dir='ltr'>introeuntem</span> <span class='ocrx_word' id='word_1_657' title='bbox 825 4557 947 4623; x_wconf 84' lang='lat' dir='ltr'>suscipit.</span> <span class='ocrx_word' id='word_1_658' title='bbox 1003 4556 1090 4613; x_wconf 90' lang='lat' dir='ltr'>donec</span> <span class='ocrx_word' id='word_1_659' title='bbox 1106 4555 1216 4612; x_wconf 90' lang='lat' dir='ltr'>tandem</span> <span class='ocrx_word' id='word_1_660' title='bbox 1239 4573 1266 4613; x_wconf 85' lang='grc' dir='ltr'>ιιι</span> <span class='ocrx_word' id='word_1_661' title='bbox 1281 4558 1446 4630; x_wconf 83' lang='lat' dir='ltr'>protundum</span> <span class='ocrx_word' id='word_1_662' title='bbox 1463 4558 1598 4614; x_wconf 91' lang='lat' dir='ltr'>malorum</span> <span class='ocrx_word' id='word_1_663' title='bbox 1618 4558 1752 4624; x_wconf 87' lang='lat' dir='ltr'>veniatur,</span> <span class='ocrx_word' id='word_1_664' title='bbox 1773 4563 1810 4612; x_wconf 91' lang='lat' dir='ltr'>nt</span> 
     </span>
    </p>
   </div>
   <div class='ocr_carea' id='block_1_15' title="bbox 142 4622 951 5900">
    <p class='ocr_par' dir='ltr' id='par_1_15' title="bbox 142 4622 951 5900">
     <span class='ocr_line' id='line_1_69' title="bbox 148 4622 949 4694; baseline 0.001 -17"><span class='ocrx_word' id='word_1_665' title='bbox 148 4623 212 4692; x_wconf 84' lang='lat' dir='ltr'>Ipse</span> <span class='ocrx_word' id='word_1_666' title='bbox 222 4624 307 4691; x_wconf 91' lang='lat' dir='ltr'>ceptis</span> <span class='ocrx_word' id='word_1_667' title='bbox 315 4622 363 4690; x_wconf 79' lang='lat' dir='ltr'>jes</span> <span class='ocrx_word' id='word_1_668' title='bbox 371 4624 476 4692; x_wconf 86' lang='lat' dir='ltr'>perdite</span> <span class='ocrx_word' id='word_1_669' title='bbox 483 4624 591 4678; x_wconf 78' lang='lat' dir='ltr'>risendi</span> <span class='ocrx_word' id='word_1_670' title='bbox 600 4626 747 4679; x_wconf 82' lang='lat' dir='ltr'>cerestitait.</span> <span class='ocrx_word' id='word_1_671' title='bbox 758 4628 818 4694; x_wconf 90' lang='lat' dir='ltr'>lpse</span> <span class='ocrx_word' id='word_1_672' title='bbox 828 4626 949 4679; x_wconf 84' lang='lat' dir='ltr'>omnibns</span> 
     </span>
     <span class='ocr_line' id='line_1_70' title="bbox 147 4694 951 4766; baseline 0.005 -19"><span class='ocrx_word' id='word_1_673' title='bbox 147 4694 294 4748; x_wconf 85' lang='lat' dir='ltr'>uirtutibus</span> <span class='ocrx_word' id='word_1_674' title='bbox 303 4700 436 4759; x_wconf 81' lang='lat' dir='ltr'>ecerrnat,</span> <span class='ocrx_word' id='word_1_675' title='bbox 447 4711 511 4765; x_wconf 85' lang='lat' dir='ltr'>qeeos</span> <span class='ocrx_word' id='word_1_676' title='bbox 518 4695 596 4751; x_wconf 89' lang='lat' dir='ltr'>semei</span> <span class='ocrx_word' id='word_1_677' title='bbox 603 4697 741 4751; x_wconf 82' lang='lat' dir='ltr'>ireeeeserit.</span> <span class='ocrx_word' id='word_1_678' title='bbox 748 4696 951 4766; x_wconf 83' lang='lat' dir='ltr'>lpseqeidqaid</span> 
     </span>
     <span class='ocr_line' id='line_1_71' title="bbox 149 4765 949 4836; baseline 0.004 -17"><span class='ocrx_word' id='word_1_679' title='bbox 149 4765 178 4819; x_wconf 89' lang='lat' dir='ltr'>in</span> <span class='ocrx_word' id='word_1_680' title='bbox 189 4767 391 4821; x_wconf 85' lang='lat' dir='ltr'>eis-remanserit</span> <span class='ocrx_word' id='word_1_681' title='bbox 403 4768 475 4836; x_wconf 87' lang='lat' dir='ltr'>quod</span> <span class='ocrx_word' id='word_1_682' title='bbox 486 4768 561 4822; x_wconf 87' lang='lat' dir='ltr'>uitiis</span> <span class='ocrx_word' id='word_1_683' title='bbox 568 4771 658 4836; x_wconf 89' lang='lat' dir='ltr'>posset</span> <span class='ocrx_word' id='word_1_684' title='bbox 669 4767 765 4834; x_wconf 75' lang='lat' dir='ltr'>obtriti,</span> <span class='ocrx_word' id='word_1_685' title='bbox 778 4783 812 4821; x_wconf 89' lang='lat' dir='ltr'>ne</span> <span class='ocrx_word' id='word_1_686' title='bbox 824 4771 949 4822; x_wconf 73' lang='lat' dir='ltr'>coenose</span> 
     </span>
     <span class='ocr_line' id='line_1_72' title="bbox 147 4837 951 4909; baseline 0.002 -18"><span class='ocrx_word' id='word_1_687' title='bbox 147 4837 219 4904; x_wconf 71' lang='lat' dir='ltr'>sorte</span> <span class='ocrx_word' id='word_1_688' title='bbox 231 4838 406 4900; x_wconf 80' lang='lat' dir='ltr'>meraeiescet,</span> <span class='ocrx_word' id='word_1_689' title='bbox 419 4840 561 4894; x_wconf 87' lang='lat' dir='ltr'>interimit.</span> <span class='ocrx_word' id='word_1_690' title='bbox 578 4838 642 4894; x_wconf 85' lang='lat' dir='ltr'>bede</span> <span class='ocrx_word' id='word_1_691' title='bbox 652 4843 690 4893; x_wconf 90' lang='lat' dir='ltr'>est</span> <span class='ocrx_word' id='word_1_692' title='bbox 701 4840 772 4908; x_wconf 84' lang='lat' dir='ltr'>qaod</span> <span class='ocrx_word' id='word_1_693' title='bbox 787 4839 817 4892; x_wconf 80' lang='lat' dir='ltr'>tii</span> <span class='ocrx_word' id='word_1_694' title='bbox 831 4854 896 4909; x_wconf 86' lang='lat' dir='ltr'>quos</span> <span class='ocrx_word' id='word_1_695' title='bbox 906 4853 951 4893; x_wconf 86' lang='lat' dir='ltr'>se·</span> 
     </span>
     <span class='ocr_line' id='line_1_73' title="bbox 143 4907 950 4980; baseline 0.006 -20"><span class='ocrx_word' id='word_1_696' title='bbox 143 4907 238 4977; x_wconf 81' lang='lat' dir='ltr'>perta</span> <span class='ocrx_word' id='word_1_697' title='bbox 249 4911 344 4962; x_wconf 82' lang='lat' dir='ltr'>meretis</span> <span class='ocrx_word' id='word_1_698' title='bbox 353 4911 426 4964; x_wconf 86' lang='lat' dir='ltr'>tabes</span> <span class='ocrx_word' id='word_1_699' title='bbox 435 4911 581 4980; x_wconf 78' lang='lat' dir='ltr'>praeelecto</span> <span class='ocrx_word' id='word_1_700' title='bbox 590 4912 737 4980; x_wconf 70' lang='lat' dir='ltr'>correpsit</span> <span class='ocrx_word' id='word_1_701' title='bbox 746 4912 880 4965; x_wconf 85' lang='lat' dir='ltr'>seniorem</span> <span class='ocrx_word' id='word_1_702' title='bbox 891 4926 950 4965; x_wconf 88' lang='lat' dir='ltr'>suo-</span> 
     </span>
     <span class='ocr_line' id='line_1_74' title="bbox 148 4979 948 5050; baseline 0.009 -20"><span class='ocrx_word' id='word_1_703' title='bbox 148 4992 210 5030; x_wconf 87' lang='lat' dir='ltr'>rnm</span> <span class='ocrx_word' id='word_1_704' title='bbox 223 4994 275 5030; x_wconf 81' lang='lat' dir='ltr'>reon</span> <span class='ocrx_word' id='word_1_705' title='bbox 289 4979 427 5034; x_wconf 79' lang='lat' dir='ltr'>cesennam</span> <span class='ocrx_word' id='word_1_706' title='bbox 440 4984 582 5050; x_wconf 88' lang='lat' dir='ltr'>imperate,</span> <span class='ocrx_word' id='word_1_707' title='bbox 597 4981 644 5036; x_wconf 89' lang='lat' dir='ltr'>sed</span> <span class='ocrx_word' id='word_1_708' title='bbox 651 4981 779 5050; x_wconf 63' lang='lat' dir='ltr'>intiment</span> <span class='ocrx_word' id='word_1_709' title='bbox 792 4982 825 5037; x_wconf 89' lang='lat' dir='ltr'>de</span> <span class='ocrx_word' id='word_1_710' title='bbox 836 4984 892 5037; x_wconf 88' lang='lat' dir='ltr'>seis</span> <span class='ocrx_word' id='word_1_711' title='bbox 905 4999 948 5037; x_wconf 88' lang='lat' dir='ltr'>ne·</span> 
     </span>
     <span class='ocr_line' id='line_1_75' title="bbox 147 5048 948 5117; baseline 0.01 -17"><span class='ocrx_word' id='word_1_712' title='bbox 147 5048 283 5117; x_wconf 82' lang='lat' dir='ltr'>qlipentiis</span> <span class='ocrx_word' id='word_1_713' title='bbox 292 5048 436 5117; x_wconf 72' lang='lat' dir='ltr'>obieerpeti,</span> <span class='ocrx_word' id='word_1_714' title='bbox 444 5059 492 5105; x_wconf 86' lang='lat' dir='ltr'>aet</span> <span class='ocrx_word' id='word_1_715' title='bbox 500 5053 948 5108; x_wconf 81' lang='lat' dir='ltr'>rebellanttresclentereatmterma·</span> 
     </span>
     <span class='ocr_line' id='line_1_76' title="bbox 147 5119 946 5191; baseline 0.01 -19"><span class='ocrx_word' id='word_1_716' title='bbox 147 5119 257 5182; x_wconf 67' lang='lat' dir='ltr'>suceide</span> <span class='ocrx_word' id='word_1_717' title='bbox 262 5120 452 5189; x_wconf 82' lang='lat' dir='ltr'>lecesaperieri</span> <span class='ocrx_word' id='word_1_718' title='bbox 460 5123 618 5191; x_wconf 69' lang='lat' dir='ltr'>discernant,</span> <span class='ocrx_word' id='word_1_719' title='bbox 623 5125 755 5191; x_wconf 80' lang='lat' dir='ltr'>preferri</span> <span class='ocrx_word' id='word_1_720' title='bbox 758 5140 785 5179; x_wconf 89' lang='lat' dir='ltr'>se</span> <span class='ocrx_word' id='word_1_721' title='bbox 791 5124 946 5180; x_wconf 78' lang='lat' dir='ltr'>melioribus</span> 
     </span>
     <span class='ocr_line' id='line_1_77' title="bbox 148 5190 946 5264; baseline 0.009 -22"><span class='ocrx_word' id='word_1_722' title='bbox 148 5190 316 5257; x_wconf 84' lang='lat' dir='ltr'>impudenter</span> <span class='ocrx_word' id='word_1_723' title='bbox 331 5191 468 5258; x_wconf 76' lang='lat' dir='ltr'>affectent,</span> <span class='ocrx_word' id='word_1_724' title='bbox 490 5193 688 5261; x_wconf 87' lang='lat' dir='ltr'>simplicitatem</span> <span class='ocrx_word' id='word_1_725' title='bbox 700 5195 867 5264; x_wconf 85' lang='lat' dir='ltr'>spiritalium</span> <span class='ocrx_word' id='word_1_726' title='bbox 884 5198 946 5262; x_wconf 74' lang='lat' dir='ltr'>fra·</span> 
     </span>
     <span class='ocr_line' id='line_1_78' title="bbox 148 5261 947 5339; baseline 0.01 -27"><span class='ocrx_word' id='word_1_727' title='bbox 148 5262 221 5339; x_wconf 79' lang='lat' dir='ltr'>trum</span> <span class='ocrx_word' id='word_1_728' title='bbox 240 5261 385 5315; x_wconf 85' lang='lat' dir='ltr'>irridenter</span> <span class='ocrx_word' id='word_1_729' title='bbox 397 5264 552 5330; x_wconf 81' lang='lat' dir='ltr'>ecapitant,</span> <span class='ocrx_word' id='word_1_730' title='bbox 566 5278 629 5318; x_wconf 87' lang='lat' dir='ltr'>snos</span> <span class='ocrx_word' id='word_1_731' title='bbox 641 5267 787 5320; x_wconf 89' lang='lat' dir='ltr'>sententies</span> <span class='ocrx_word' id='word_1_732' title='bbox 800 5268 947 5334; x_wconf 86' lang='lat' dir='ltr'>procaciter</span> 
     </span>
     <span class='ocr_line' id='line_1_79' title="bbox 142 5330 947 5405; baseline 0.009 -23"><span class='ocrx_word' id='word_1_733' title='bbox 142 5330 394 5399; x_wconf 71' lang='lat' dir='ltr'>pectentobscqoio</span> <span class='ocrx_word' id='word_1_734' title='bbox 404 5332 495 5386; x_wconf 86' lang='lat' dir='ltr'>delata</span> <span class='ocrx_word' id='word_1_735' title='bbox 502 5333 663 5399; x_wconf 73' lang='lat' dir='ltr'>fastidiunt,</span> <span class='ocrx_word' id='word_1_736' title='bbox 670 5337 947 5405; x_wconf 86' lang='lat' dir='ltr'>neqntepertinaciter</span> 
     </span>
     <span class='ocr_line' id='line_1_80' title="bbox 148 5403 946 5474; baseline 0.006 -20"><span class='ocrx_word' id='word_1_737' title='bbox 148 5404 284 5469; x_wconf 81' lang='lat' dir='ltr'>quarunt,</span> <span class='ocrx_word' id='word_1_738' title='bbox 303 5403 406 5456; x_wconf 90' lang='lat' dir='ltr'>natales</span> <span class='ocrx_word' id='word_1_739' title='bbox 420 5404 538 5457; x_wconf 86' lang='lat' dir='ltr'>moribus</span> <span class='ocrx_word' id='word_1_740' title='bbox 558 5409 731 5474; x_wconf 88' lang='lat' dir='ltr'>anteponent,</span> <span class='ocrx_word' id='word_1_741' title='bbox 745 5406 868 5474; x_wconf 81' lang='lat' dir='ltr'>juniores</span> <span class='ocrx_word' id='word_1_742' title='bbox 885 5420 946 5460; x_wconf 83' lang='lat' dir='ltr'>snos</span> 
     </span>
     <span class='ocr_line' id='line_1_81' title="bbox 147 5471 944 5546; baseline 0.005 -21"><span class='ocrx_word' id='word_1_743' title='bbox 147 5471 213 5525; x_wconf 84' lang='lat' dir='ltr'>oleti</span> <span class='ocrx_word' id='word_1_744' title='bbox 219 5471 378 5542; x_wconf 83' lang='lat' dir='ltr'>despiciunt,</span> <span class='ocrx_word' id='word_1_745' title='bbox 385 5474 503 5540; x_wconf 74' lang='lat' dir='ltr'>conferri</span> <span class='ocrx_word' id='word_1_746' title='bbox 509 5473 563 5529; x_wconf 87' lang='lat' dir='ltr'>sibi</span> <span class='ocrx_word' id='word_1_747' title='bbox 572 5477 756 5546; x_wconf 86' lang='lat' dir='ltr'>eliquespesse</span> <span class='ocrx_word' id='word_1_748' title='bbox 763 5491 813 5530; x_wconf 87' lang='lat' dir='ltr'>non</span> <span class='ocrx_word' id='word_1_749' title='bbox 823 5475 944 5542; x_wconf 86' lang='lat' dir='ltr'>credant,</span> 
     </span>
     <span class='ocr_line' id='line_1_82' title="bbox 147 5544 945 5624; baseline 0.006 -28"><span class='ocrx_word' id='word_1_750' title='bbox 147 5545 254 5624; x_wconf 77' lang='lat' dir='ltr'>aqeeeri</span> <span class='ocrx_word' id='word_1_751' title='bbox 271 5544 420 5600; x_wconf 84' lang='lat' dir='ltr'>senioribus</span> <span class='ocrx_word' id='word_1_752' title='bbox 439 5544 634 5613; x_wconf 83' lang='lat' dir='ltr'>dedipnenter,</span> <span class='ocrx_word' id='word_1_753' title='bbox 657 5562 738 5616; x_wconf 87' lang='lat' dir='ltr'>saper</span> <span class='ocrx_word' id='word_1_754' title='bbox 758 5548 829 5615; x_wconf 86' lang='lat' dir='ltr'>ipsos</span> <span class='ocrx_word' id='word_1_755' title='bbox 849 5547 945 5602; x_wconf 86' lang='lat' dir='ltr'>sescla</span> 
     </span>
     <span class='ocr_line' id='line_1_83' title="bbox 146 5614 945 5687; baseline 0.005 -18"><span class='ocrx_word' id='word_1_756' title='bbox 146 5615 233 5669; x_wconf 85' lang='lat' dir='ltr'>animi</span> <span class='ocrx_word' id='word_1_757' title='bbox 256 5614 357 5669; x_wconf 80' lang='lat' dir='ltr'>tionem</span> <span class='ocrx_word' id='word_1_758' title='bbox 378 5617 559 5682; x_wconf 79' lang='lat' dir='ltr'>constituent,-</span> <span class='ocrx_word' id='word_1_759' title='bbox 580 5632 632 5671; x_wconf 89' lang='lat' dir='ltr'>non</span> <span class='ocrx_word' id='word_1_760' title='bbox 652 5620 761 5672; x_wconf 82' lang='lat' dir='ltr'>seruent</span> <span class='ocrx_word' id='word_1_761' title='bbox 778 5618 807 5670; x_wconf 89' lang='lat' dir='ltr'>in</span> <span class='ocrx_word' id='word_1_762' title='bbox 821 5616 945 5687; x_wconf 83' lang='lat' dir='ltr'>obsequio</span> 
     </span>
     <span class='ocr_line' id='line_1_84' title="bbox 147 5688 946 5751; baseline 0.005 -11"><span class='ocrx_word' id='word_1_763' title='bbox 147 5688 332 5746; x_wconf 78' lang='lat' dir='ltr'>reverentiam,</span> <span class='ocrx_word' id='word_1_764' title='bbox 346 5688 375 5739; x_wconf 89' lang='lat' dir='ltr'>in</span> <span class='ocrx_word' id='word_1_765' title='bbox 389 5701 505 5741; x_wconf 87' lang='lat' dir='ltr'>sermone</span> <span class='ocrx_word' id='word_1_766' title='bbox 514 5688 681 5751; x_wconf 88' lang='lat' dir='ltr'>modestiam,</span> <span class='ocrx_word' id='word_1_767' title='bbox 693 5690 722 5741; x_wconf 91' lang='lat' dir='ltr'>in</span> <span class='ocrx_word' id='word_1_768' title='bbox 735 5688 854 5742; x_wconf 85' lang='lat' dir='ltr'>maridas</span> <span class='ocrx_word' id='word_1_769' title='bbox 866 5689 946 5744; x_wconf 91' lang='lat' dir='ltr'>disci-</span> 
     </span>
     <span class='ocr_line' id='line_1_85' title="bbox 144 5756 945 5828; baseline 0.004 -17"><span class='ocrx_word' id='word_1_770' title='bbox 144 5756 265 5827; x_wconf 85' lang='lat' dir='ltr'>plinem;</span> <span class='ocrx_word' id='word_1_771' title='bbox 280 5757 378 5811; x_wconf 86' lang='lat' dir='ltr'>babent</span> <span class='ocrx_word' id='word_1_772' title='bbox 389 5759 417 5811; x_wconf 90' lang='lat' dir='ltr'>in</span> <span class='ocrx_word' id='word_1_773' title='bbox 423 5760 566 5813; x_wconf 89' lang='lat' dir='ltr'>intentione</span> <span class='ocrx_word' id='word_1_774' title='bbox 574 5760 760 5828; x_wconf 75' lang='lat' dir='ltr'>pertinaciam,</span> <span class='ocrx_word' id='word_1_775' title='bbox 773 5760 801 5811; x_wconf 84' lang='lat' dir='ltr'>in</span> <span class='ocrx_word' id='word_1_776' title='bbox 809 5760 886 5814; x_wconf 86' lang='lat' dir='ltr'>corde</span> <span class='ocrx_word' id='word_1_777' title='bbox 894 5760 945 5814; x_wconf 85' lang='lat' dir='ltr'>da·</span> 
     </span>
     <span class='ocr_line' id='line_1_86' title="bbox 147 5828 946 5900; baseline 0.004 -16"><span class='ocrx_word' id='word_1_778' title='bbox 147 5828 253 5894; x_wconf 76' lang='lat' dir='ltr'>citium,</span> <span class='ocrx_word' id='word_1_779' title='bbox 274 5828 304 5883; x_wconf 88' lang='lat' dir='ltr'>in</span> <span class='ocrx_word' id='word_1_780' title='bbox 321 5830 539 5887; x_wconf 85' lang='lat' dir='ltr'>sermocinatione</span> <span class='ocrx_word' id='word_1_781' title='bbox 551 5829 733 5900; x_wconf 70' lang='lat' dir='ltr'>jactantiam·</span> <span class='ocrx_word' id='word_1_782' title='bbox 748 5829 778 5885; x_wconf 88' lang='lat' dir='ltr'>in</span> <span class='ocrx_word' id='word_1_783' title='bbox 793 5829 946 5887; x_wconf 81' lang='lat' dir='ltr'>tremilitete</span> 
     </span>
    </p>
   </div>
   <div class='ocr_carea' id='block_1_16' title="bbox 964 4627 1226 4700">
    <p class='ocr_par' dir='ltr' id='par_1_16' title="bbox 964 4627 1226 4700">
     <span class='ocr_line' id='line_1_87' title="bbox 964 4627 1226 4700; baseline 0 -16"><span class='ocrx_word' id='word_1_784' title='bbox 964 4636 989 4699; x_wconf 77' lang='grc' dir='ltr'>Ι)</span> <span class='ocrx_word' id='word_1_785' title='bbox 1004 4636 1079 4700; x_wconf 89' lang='lat' dir='ltr'>patet</span> <span class='ocrx_word' id='word_1_786' title='bbox 1090 4644 1123 4684; x_wconf 86' lang='lat' dir='ltr'>er</span> <span class='ocrx_word' id='word_1_787' title='bbox 1136 4627 1226 4684; x_wconf 87' lang='lat' dir='ltr'>dictis.</span> 
     </span>
    </p>
   </div>
   <div class='ocr_carea' id='block_1_17' title="bbox 998 4692 1811 5906">
    <p class='ocr_par' dir='ltr' id='par_1_17' title="bbox 1005 4692 1719 4781">
     <span class='ocr_line' id='line_1_88' title="bbox 1005 4692 1719 4781; baseline -0.006 -25"><span class='ocrx_word' id='word_1_788' title='bbox 1005 4769 1011 4781; x_wconf 94' lang='lat'>.</span> <span class='ocrx_word' id='word_1_789' title='bbox 1039 4692 1212 4770; x_wconf 74' lang='lat' dir='ltr'>bSpiritualis</span> <span class='ocrx_word' id='word_1_790' title='bbox 1232 4697 1349 4768; x_wconf 82' lang='lat' dir='ltr'>aedificii,</span> <span class='ocrx_word' id='word_1_791' title='bbox 1364 4698 1455 4767; x_wconf 91' lang='lat' dir='ltr'>idest,</span> <span class='ocrx_word' id='word_1_792' title='bbox 1478 4700 1540 4757; x_wconf 80' lang='lat' dir='ltr'>ritae</span> <span class='ocrx_word' id='word_1_793' title='bbox 1561 4697 1719 4772; x_wconf 88' lang='lat' dir='ltr'>spiritualis,</span> 
     </span>
    </p>

    <p class='ocr_par' dir='ltr' id='par_1_18' title="bbox 998 4769 1811 5906">
     <span class='ocr_line' id='line_1_89' title="bbox 1003 4769 1807 4841; baseline -0.004 -16"><span class='ocrx_word' id='word_1_794' title='bbox 1003 4785 1032 4825; x_wconf 89' lang='lat' dir='ltr'>rn</span> <span class='ocrx_word' id='word_1_795' title='bbox 1048 4770 1178 4827; x_wconf 79' lang='lat' dir='ltr'>rirtmum</span> <span class='ocrx_word' id='word_1_796' title='bbox 1197 4769 1375 4841; x_wconf 90' lang='lat' dir='ltr'>acquisitione</span> <span class='ocrx_word' id='word_1_797' title='bbox 1395 4779 1422 4826; x_wconf 90' lang='lat' dir='ltr'>et</span> <span class='ocrx_word' id='word_1_798' title='bbox 1440 4772 1573 4828; x_wconf 87' lang='lat' dir='ltr'>exercitio</span> <span class='ocrx_word' id='word_1_799' title='bbox 1595 4769 1735 4834; x_wconf 85' lang='lat' dir='ltr'>consistit,</span> <span class='ocrx_word' id='word_1_800' title='bbox 1767 4783 1807 4823; x_wconf 91' lang='lat' dir='ltr'>no</span> 
     </span>
     <span class='ocr_line' id='line_1_90' title="bbox 1004 4840 1806 4908; baseline -0.006 -10"><span class='ocrx_word' id='word_1_801' title='bbox 1004 4841 1098 4898; x_wconf 87' lang='lat' dir='ltr'>statuit</span> <span class='ocrx_word' id='word_1_802' title='bbox 1119 4840 1312 4908; x_wconf 81' lang='lat' dir='ltr'>fundamenta,</span> <span class='ocrx_word' id='word_1_803' title='bbox 1338 4842 1466 4897; x_wconf 90' lang='lat' dir='ltr'>timorem</span> <span class='ocrx_word' id='word_1_804' title='bbox 1487 4843 1536 4898; x_wconf 89' lang='lat' dir='ltr'>Dei</span> <span class='ocrx_word' id='word_1_805' title='bbox 1558 4850 1586 4897; x_wconf 91' lang='lat' dir='ltr'>et</span> <span class='ocrx_word' id='word_1_806' title='bbox 1604 4840 1806 4904; x_wconf 80' lang='lat' dir='ltr'>humilitatem,</span> 
     </span>
     <span class='ocr_line' id='line_1_91' title="bbox 1003 4910 1805 4984; baseline -0.005 -16"><span class='ocrx_word' id='word_1_807' title='bbox 1003 4927 1065 4984; x_wconf 75' lang='lat' dir='ltr'>quac</span> <span class='ocrx_word' id='word_1_808' title='bbox 1083 4920 1174 4968; x_wconf 91' lang='lat' dir='ltr'>tamen</span> <span class='ocrx_word' id='word_1_809' title='bbox 1197 4912 1233 4969; x_wconf 89' lang='lat' dir='ltr'>ad</span> <span class='ocrx_word' id='word_1_810' title='bbox 1254 4927 1336 4967; x_wconf 90' lang='lat' dir='ltr'>unam</span> <span class='ocrx_word' id='word_1_811' title='bbox 1356 4911 1539 4969; x_wconf 89' lang='lat' dir='ltr'>humilitatem</span> <span class='ocrx_word' id='word_1_812' title='bbox 1562 4910 1655 4968; x_wconf 88' lang='lat' dir='ltr'>reduci</span> <span class='ocrx_word' id='word_1_813' title='bbox 1679 4917 1805 4982; x_wconf 87' lang='lat' dir='ltr'>possunt.</span> 
     </span>
     <span class='ocr_line' id='line_1_92' title="bbox 1002 4979 1806 5055; baseline -0.004 -16"><span class='ocrx_word' id='word_1_814' title='bbox 1002 4983 1228 5055; x_wconf 89' lang='lat' dir='ltr'>Quandoquidem</span> <span class='ocrx_word' id='word_1_815' title='bbox 1236 4985 1342 5053; x_wconf 86' lang='lat' dir='ltr'>primes</span> <span class='ocrx_word' id='word_1_816' title='bbox 1355 4984 1520 5040; x_wconf 79' lang='lat' dir='ltr'>hamilitatis</span> <span class='ocrx_word' id='word_1_817' title='bbox 1528 4984 1637 5052; x_wconf 72' lang='lat' dir='ltr'>‘prades</span> <span class='ocrx_word' id='word_1_818' title='bbox 1650 4979 1806 5038; x_wconf 89' lang='lat' dir='ltr'>secundum</span> 
     </span>
     <span class='ocr_line' id='line_1_93' title="bbox 1001 5053 1809 5122; baseline -0.002 -12"><span class='ocrx_word' id='word_1_819' title='bbox 1001 5056 1037 5111; x_wconf 87' lang='lat' dir='ltr'>D.</span> <span class='ocrx_word' id='word_1_820' title='bbox 1053 5055 1233 5111; x_wconf 89' lang='lat' dir='ltr'>Benedictum</span> <span class='ocrx_word' id='word_1_821' title='bbox 1256 5054 1301 5122; x_wconf 90' lang='lat' dir='ltr'>sit,</span> <span class='ocrx_word' id='word_1_822' title='bbox 1319 5056 1344 5108; x_wconf 89' lang='lat' dir='ltr'>si</span> <span class='ocrx_word' id='word_1_823' title='bbox 1358 5057 1480 5110; x_wconf 90' lang='lat' dir='ltr'>timorem</span> <span class='ocrx_word' id='word_1_824' title='bbox 1502 5058 1551 5110; x_wconf 87' lang='lat' dir='ltr'>Dei</span> <span class='ocrx_word' id='word_1_825' title='bbox 1571 5055 1626 5110; x_wconf 85' lang='lat' dir='ltr'>sibi</span> <span class='ocrx_word' id='word_1_826' title='bbox 1640 5057 1703 5108; x_wconf 90' lang='lat' dir='ltr'>ente</span> <span class='ocrx_word' id='word_1_827' title='bbox 1717 5053 1809 5108; x_wconf 85' lang='lat' dir='ltr'>oeulos</span> 
     </span>
     <span class='ocr_line' id='line_1_94' title="bbox 1001 5123 1803 5196; baseline -0.004 -16"><span class='ocrx_word' id='word_1_828' title='bbox 1001 5140 1209 5196; x_wconf 86' lang='lat' dir='ltr'>semperponens</span> <span class='ocrx_word' id='word_1_829' title='bbox 1219 5124 1374 5180; x_wconf 84' lang='lat' dir='ltr'>oblieionem</span> <span class='ocrx_word' id='word_1_830' title='bbox 1386 5128 1492 5180; x_wconf 88' lang='lat' dir='ltr'>omnino</span> <span class='ocrx_word' id='word_1_831' title='bbox 1505 5128 1608 5194; x_wconf 74' lang='lat' dir='ltr'>sapiet,</span> <span class='ocrx_word' id='word_1_832' title='bbox 1624 5133 1677 5179; x_wconf 94' lang='lat' dir='ltr'>etc.</span> <span class='ocrx_word' id='word_1_833' title='bbox 1693 5123 1767 5193; x_wconf 85' lang='lat' dir='ltr'>(Cap.</span> <span class='ocrx_word' id='word_1_834' title='bbox 1786 5129 1803 5177; x_wconf 85' lang='grc'><strong>7</strong></span> 
     </span>
     <span class='ocr_line' id='line_1_95' title="bbox 1001 5192 1808 5264; baseline -0.006 -11"><span class='ocrx_word' id='word_1_835' title='bbox 1001 5197 1135 5264; x_wconf 81' lang='lat' dir='ltr'>Repete).</span> <span class='ocrx_word' id='word_1_836' title='bbox 1146 5197 1253 5252; x_wconf 86' lang='lat' dir='ltr'>[licitur</span> <span class='ocrx_word' id='word_1_837' title='bbox 1266 5203 1357 5251; x_wconf 90' lang='lat' dir='ltr'>autem</span> <span class='ocrx_word' id='word_1_838' title='bbox 1366 5197 1449 5251; x_wconf 92' lang='lat' dir='ltr'>timor</span> <span class='ocrx_word' id='word_1_839' title='bbox 1459 5197 1510 5252; x_wconf 91' lang='lat' dir='ltr'>Dei</span> <span class='ocrx_word' id='word_1_840' title='bbox 1518 5194 1731 5252; x_wconf 80' lang='lat' dir='ltr'>tundamentum</span> <span class='ocrx_word' id='word_1_841' title='bbox 1741 5192 1808 5249; x_wconf 73' lang='lat' dir='ltr'>vita</span> 
     </span>
     <span class='ocr_line' id='line_1_96' title="bbox 1001 5264 1808 5339; baseline -0.004 -17"><span class='ocrx_word' id='word_1_842' title='bbox 1001 5267 1161 5339; x_wconf 89' lang='lat' dir='ltr'>spiritualis,</span> <span class='ocrx_word' id='word_1_843' title='bbox 1183 5264 1334 5322; x_wconf 79' lang='lat' dir='ltr'>meandum</span> <span class='ocrx_word' id='word_1_844' title='bbox 1354 5266 1420 5323; x_wconf 92' lang='lat' dir='ltr'>illud</span> <span class='ocrx_word' id='word_1_845' title='bbox 1440 5266 1620 5323; x_wconf 84' lang='lat' dir='ltr'>Ecclesiastici</span> <span class='ocrx_word' id='word_1_846' title='bbox 1642 5279 1755 5322; x_wconf 83' lang='lat' dir='ltr'>xxvrr:</span> <span class='ocrx_word' id='word_1_847' title='bbox 1772 5265 1808 5321; x_wconf 80' lang='lat' dir='ltr'>st</span> 
     </span>
     <span class='ocr_line' id='line_1_97' title="bbox 1001 5337 1810 5402; baseline -0.004 -10"><span class='ocrx_word' id='word_1_848' title='bbox 1001 5353 1054 5392; x_wconf 90' lang='lat' dir='ltr'>non</span> <span class='ocrx_word' id='word_1_849' title='bbox 1073 5340 1213 5393; x_wconf 86' lang='lat' dir='ltr'>intimare</span> <span class='ocrx_word' id='word_1_850' title='bbox 1227 5340 1394 5392; x_wconf 73' lang='lat' dir='ltr'>instantem</span> <span class='ocrx_word' id='word_1_851' title='bbox 1414 5341 1545 5402; x_wconf 85' lang='lat' dir='ltr'>tenueris,</span> <span class='ocrx_word' id='word_1_852' title='bbox 1568 5340 1618 5392; x_wconf 88' lang='lat' dir='ltr'>cito</span> <span class='ocrx_word' id='word_1_853' title='bbox 1638 5337 1810 5393; x_wconf 72' lang='lat' dir='ltr'>meantime</span> 
     </span>
     <span class='ocr_line' id='line_1_98' title="bbox 1000 5403 1808 5477; baseline -0.004 -14"><span class='ocrx_word' id='word_1_854' title='bbox 1000 5408 1094 5464; x_wconf 81' lang='lat' dir='ltr'>dentes</span> <span class='ocrx_word' id='word_1_855' title='bbox 1108 5414 1165 5463; x_wconf 87' lang='lat' dir='ltr'>tua.</span> <span class='ocrx_word' id='word_1_856' title='bbox 1180 5410 1271 5477; x_wconf 88' lang='lat' dir='ltr'>Quam</span> <span class='ocrx_word' id='word_1_857' title='bbox 1286 5408 1449 5464; x_wconf 90' lang='lat' dir='ltr'>sententiam</span> <span class='ocrx_word' id='word_1_858' title='bbox 1463 5417 1582 5465; x_wconf 76' lang='lat' dir='ltr'>asemas</span> <span class='ocrx_word' id='word_1_859' title='bbox 1598 5411 1632 5464; x_wconf 89' lang='lat' dir='ltr'>D.</span> <span class='ocrx_word' id='word_1_860' title='bbox 1648 5403 1808 5464; x_wconf 79' lang='lat' dir='ltr'>bernardus</span> 
     </span>
     <span class='ocr_line' id='line_1_99' title="bbox 1001 5476 1806 5562; baseline 0 -29"><span class='ocrx_word' id='word_1_861' title='bbox 1001 5492 1084 5534; x_wconf 90' lang='lat' dir='ltr'>serm.</span> <span class='ocrx_word' id='word_1_862' title='bbox 1095 5476 1130 5535; x_wconf 90' lang='lat' dir='ltr'>de</span> <span class='ocrx_word' id='word_1_863' title='bbox 1144 5478 1444 5562; x_wconf 87' lang='lat' dir='ltr'>DonisSpiritussancti</span> <span class='ocrx_word' id='word_1_864' title='bbox 1458 5499 1464 5534; x_wconf 92' lang='lat'>:</span> <span class='ocrx_word' id='word_1_865' title='bbox 1478 5481 1570 5547; x_wconf 75' lang='lat' dir='ltr'>enea,</span> <span class='ocrx_word' id='word_1_866' title='bbox 1581 5479 1680 5550; x_wconf 84' lang='lat' dir='ltr'>inquit,</span> <span class='ocrx_word' id='word_1_867' title='bbox 1690 5478 1806 5533; x_wconf 75' lang='lat' dir='ltr'>virtutis</span> 
     </span>
     <span class='ocr_line' id='line_1_100' title="bbox 999 5550 1810 5632; baseline -0.001 -29"><span class='ocrx_word' id='word_1_868' title='bbox 999 5550 1141 5619; x_wconf 77' lang='lat' dir='ltr'>editicium</span> <span class='ocrx_word' id='word_1_869' title='bbox 1153 5552 1242 5619; x_wconf 84' lang='lat' dir='ltr'>eerpit</span> <span class='ocrx_word' id='word_1_870' title='bbox 1251 5567 1280 5605; x_wconf 82' lang='lat' dir='ltr'>en</span> <span class='ocrx_word' id='word_1_871' title='bbox 1287 5553 1480 5621; x_wconf 74' lang='lat' dir='ltr'>precipitium,</span> <span class='ocrx_word' id='word_1_872' title='bbox 1496 5553 1522 5606; x_wconf 90' lang='lat' dir='ltr'>si</span> <span class='ocrx_word' id='word_1_873' title='bbox 1535 5550 1616 5632; x_wconf 65' lang='lat' dir='ltr'>deins</span> <span class='ocrx_word' id='word_1_874' title='bbox 1626 5551 1722 5620; x_wconf 75' lang='lat' dir='ltr'>pratris</span> <span class='ocrx_word' id='word_1_875' title='bbox 1734 5550 1810 5603; x_wconf 86' lang='lat' dir='ltr'>erni·</span> 
     </span>
     <span class='ocr_line' id='line_1_101' title="bbox 998 5618 1807 5691; baseline 0 -15"><span class='ocrx_word' id='word_1_876' title='bbox 998 5623 1064 5676; x_wconf 89' lang='lat' dir='ltr'>serit</span> <span class='ocrx_word' id='word_1_877' title='bbox 1075 5621 1246 5691; x_wconf 81' lang='lat' dir='ltr'>presidium.</span> <span class='ocrx_word' id='word_1_878' title='bbox 1261 5622 1364 5678; x_wconf 85' lang='lat' dir='ltr'>Eodem</span> <span class='ocrx_word' id='word_1_879' title='bbox 1380 5636 1443 5678; x_wconf 90' lang='lat' dir='ltr'>vcro</span> <span class='ocrx_word' id='word_1_880' title='bbox 1458 5637 1538 5678; x_wconf 92' lang='lat' dir='ltr'>sensu</span> <span class='ocrx_word' id='word_1_881' title='bbox 1549 5621 1739 5678; x_wconf 85' lang='lat' dir='ltr'>diciturtimor</span> <span class='ocrx_word' id='word_1_882' title='bbox 1752 5618 1807 5676; x_wconf 88' lang='lat' dir='ltr'>Dei</span> 
     </span>
     <span class='ocr_line' id='line_1_102' title="bbox 999 5690 1811 5765; baseline -0.001 -19"><span class='ocrx_word' id='word_1_883' title='bbox 999 5690 1208 5748; x_wconf 80' lang='lat' dir='ltr'>tundamentum</span> <span class='ocrx_word' id='word_1_884' title='bbox 1221 5692 1327 5748; x_wconf 85' lang='lat' dir='ltr'>aediiicii</span> <span class='ocrx_word' id='word_1_885' title='bbox 1341 5691 1499 5765; x_wconf 88' lang='lat' dir='ltr'>spiritualis,</span> <span class='ocrx_word' id='word_1_886' title='bbox 1512 5694 1687 5764; x_wconf 86' lang='lat' dir='ltr'>quolnitiem</span> <span class='ocrx_word' id='word_1_887' title='bbox 1696 5693 1811 5762; x_wconf 86' lang='lat' dir='ltr'>sapien·</span> 
     </span>
     <span class='ocr_line' id='line_1_103' title="bbox 999 5761 1807 5837; baseline 0.002 -21"><span class='ocrx_word' id='word_1_888' title='bbox 999 5765 1044 5816; x_wconf 74' lang='lat' dir='ltr'>tre</span> <span class='ocrx_word' id='word_1_889' title='bbox 1059 5762 1126 5835; x_wconf 86' lang='lat' dir='ltr'>psal.</span> <span class='ocrx_word' id='word_1_890' title='bbox 1147 5777 1187 5820; x_wconf 85' lang='lat' dir='ltr'>cx</span> <span class='ocrx_word' id='word_1_891' title='bbox 1199 5770 1226 5819; x_wconf 89' lang='lat' dir='ltr'>et</span> <span class='ocrx_word' id='word_1_892' title='bbox 1240 5767 1319 5820; x_wconf 82' lang='lat' dir='ltr'>Pron.</span> <span class='ocrx_word' id='word_1_893' title='bbox 1332 5777 1344 5819; x_wconf 94' lang='grc' dir='ltr'>ι</span> <span class='ocrx_word' id='word_1_894' title='bbox 1362 5782 1369 5819; x_wconf 76' lang='grc' dir='ltr'>ι</span> <span class='ocrx_word' id='word_1_895' title='bbox 1405 5763 1459 5821; x_wconf 91' lang='lat' dir='ltr'>uod</span> <span class='ocrx_word' id='word_1_896' title='bbox 1473 5778 1612 5837; x_wconf 84' lang='lat' dir='ltr'>exponens</span> <span class='ocrx_word' id='word_1_897' title='bbox 1627 5764 1664 5818; x_wconf 92' lang='lat' dir='ltr'>D.</span> <span class='ocrx_word' id='word_1_898' title='bbox 1679 5761 1807 5818; x_wconf 73' lang='lat' dir='ltr'>Thomas</span> 
     </span>
     <span class='ocr_line' id='line_1_104' title="bbox 999 5832 1808 5906; baseline 0.002 -18"><span class='ocrx_word' id='word_1_899' title='bbox 999 5833 1070 5905; x_wconf 78' lang='lat' dir='ltr'>(e-t,</span> <span class='ocrx_word' id='word_1_900' title='bbox 1082 5850 1110 5892; x_wconf 92' lang='lat' dir='ltr'>a.</span> <span class='ocrx_word' id='word_1_901' title='bbox 1122 5839 1168 5905; x_wconf 83' lang='grc'>19,</span> <span class='ocrx_word' id='word_1_902' title='bbox 1182 5850 1209 5893; x_wconf 88' lang='lat' dir='ltr'>a.</span> <span class='ocrx_word' id='word_1_903' title='bbox 1219 5840 1248 5904; x_wconf 84' lang='lat'>7)</span> <span class='ocrx_word' id='word_1_904' title='bbox 1261 5833 1341 5894; x_wconf 92' lang='lat' dir='ltr'>docet</span> <span class='ocrx_word' id='word_1_905' title='bbox 1352 5833 1380 5894; x_wconf 90' lang='lat' dir='ltr'>id</span> <span class='ocrx_word' id='word_1_906' title='bbox 1437 5834 1536 5893; x_wconf 89' lang='lat' dir='ltr'>timore</span> <span class='ocrx_word' id='word_1_907' title='bbox 1545 5841 1603 5891; x_wconf 89' lang='lat' dir='ltr'>tam</span> <span class='ocrx_word' id='word_1_908' title='bbox 1613 5832 1704 5892; x_wconf 81' lang='lat' dir='ltr'>servili</span> <span class='ocrx_word' id='word_1_909' title='bbox 1715 5845 1808 5906; x_wconf 83' lang='lat' dir='ltr'>quam</span> 
     </span>
    </p>
   </div>
   <div class='ocr_carea' id='block_1_18' title="bbox 0 0 1937 6148">
    <p class='ocr_par' dir='ltr' id='par_1_19' title="bbox 0 0 1937 6148">
     <span class='ocr_line' id='line_1_105' title="bbox 0 0 1937 6148; baseline 0 0"><span class='ocrx_word' id='word_1_910' title='bbox 0 0 1937 6148; x_wconf 95' lang='lat' dir='ltr'> </span> 
     </span>
    </p>
   </div>
  </div>
 </body>
</html>
