3848 6158
130 284 197 341 luat
598 276 771 351 consutio
790 275 883 333 lixit.
902 274 1001 329 -DE
1020 271 1323 330 mortifications.
1718 279 1786 335 itte

129 406 164 465 da
181 404 291 464 sinistra
302 401 466 461 transfertur
474 402 505 461 in
517 402 676 472 dexteram:
689 413 717 461 et
729 403 791 460 licet
803 399 932 459 eamdem
946 403 973 465 Α
986 399 1135 456 domorum
1144 407 1227 471 atque
1236 413 1365 471 agrorum
1376 398 1545 471 possessione
1556 398 1697 471 ditabitur,
1710 402 1787 474 quis·

130 501 158 558 iu
171 497 364 571 supputatione
384 496 533 570 digitorum
556 498 672 571 liguram
691 506 785 553 tenere
798 496 932 565 rideatur,
986 495 1046 567 quis
1061 512 1116 553 una
1134 495 1219 553 domo
1238 512 1288 568 pro
1303 495 1403 554 Christi
1424 496 1568 553 dilectione
1588 497 1697 571 rejeeta,
1711 499 1789 555 innu-

130 594 251 653 nimium
264 602 358 651 tamen
373 593 533 666 quantitatis
555 592 730 665 magnitudin
743 589 930 664 supercrescit.
985 605 1062 647 mera
1075 590 1276 649 monacharum
1290 590 1443 648 habitacula
1455 600 1595 663 tamquam
1606 593 1713 665 propria
1725 608 1787 665 pos·

128 689 189 746 Fiet
203 687 278 745 enim
294 695 324 744 ut
337 686 383 757 qui
397 684 467 744 haedi
479 685 599 745 formam
615 701 715 760 genere
727 684 889 743 uidebamur
901 684 933 740 in
985 683 1094 753 ridebit,
1109 684 1138 741 in
1159 701 1332 760 quacumque
1345 685 1421 742 orbis
1434 694 1510 758 parte
1528 685 1602 744 velut
1620 686 1647 741 in
1663 700 1720 743 suae
1734 684 1788 743 dc-

130 782 209 851 laeia,
222 780 280 837 ovis
294 779 424 835 meritum
438 779 563 837 translati
578 794 781 852 consequamur
795 776 830 833 ad
842 777 933 835 deste-
985 794 1048 837 mus
1058 779 1120 852 jure
1131 779 1287 837 succedens.
1299 781 1446 852 Quomodo
1461 781 1534 837 enini
1544 796 1600 837 non
1613 782 1781 853 centuplum,

131 891 201 934 ram.
221 877 301 932 Nunc
320 874 354 931 ad
371 875 551 946 quantitatem
566 890 659 933 aarum
676 888 770 931 rerum
790 888 859 947 quas
873 887 932 947 ¹pro
982 862 1023 943 et,
1036 876 1058 930 si
1071 874 1184 931 Domini
1198 877 1287 933 nostri
1303 858 1445 932 sententis
1455 876 1618 949 superadjici
1633 875 1734 947 aliquid
1747 873 1787 932 fes

131 978 294 1041 contemptu
305 969 403 1027 muudi
417 978 445 1024 et
459 970 575 1027 alioruin
590 967 801 1039 commodorum
813 966 893 1037 nobis
905 966 932 1023 in
985 976 1036 1035 est,
1062 969 1122 1042 plus
1140 986 1223 1043 quam
1249 971 1408 1043 centuplum
1431 971 1544 1044 recipit,
1562 971 1607 1041 qui
1628 971 1725 1027 decem
1745 969 1787 1028 vel

130 1060 183 1119 hcc
194 1061 295 1118 saeculu
310 1061 436 1118 christus
451 1062 580 1130 restituit,
596 1070 782 1126 transeamus,
796 1060 932 1133 precipue
986 1061 1078 1133 viginti
1093 1078 1234 1119 servorum
1254 1064 1402 1122 ministeria
1418 1066 1503 1121 inllila
1522 1074 1549 1121 et
1570 1065 1700 1122 coacticia
1714 1063 1788 1121 dere

80 1199 82 1202 ,
130 1152 283 1210 secundum
296 1140 476 1225 Evangelium
497 1154 582 1211 Marci
602 1154 640 1211 ita
652 1153 784 1211 dicentis:
800 1156 880 1213 Nemo
894 1156 933 1208 est
986 1151 1121 1226 linquens,
1144 1162 1186 1210 tot
1208 1156 1389 1227 ingenuorum
1422 1173 1454 1212 ac
1478 1157 1612 1213 nobilium
1636 1165 1787 1228 spontaneo

131 1250 181 1318 qui
192 1249 304 1318 reliquit
316 1249 439 1314 domum,
449 1255 498 1305 out
507 1253 621 1319 fratres,
634 1254 683 1307 aut
692 1265 805 1313 sorores,
815 1254 865 1304 aut
877 1263 933 1304 mu·
986 1246 1095 1305 fulcitur
1108 1250 1262 1320 obsequio?
1275 1251 1355 1320 Quod
1367 1251 1404 1306 ita
1418 1266 1477 1307 esse
1488 1252 1571 1306 etiam
1586 1252 1683 1307 restris
1703 1266 1788 1323 expa-

130 1341 626 1413 trem,uutptla'os,eutaprcspropter
634 1342 933 1412 me,etpropterEuuu-
986 1336 1110 1398 rimantis
1132 1343 1249 1414 probare
1276 1343 1418 1415 potuistis,
1444 1345 1489 1416 qui
1521 1345 1634 1418 singulis
1665 1345 1788 1417 patribus

132 1432 297 1504 gutiamqui
305 1449 357 1489 nuri
364 1437 477 1507 accipiet
485 1438 580 1491 centies
589 1440 693 1491 tantum
703 1436 808 1490 nuncin
818 1438 934 1503 tempere
987 1434 1176 1509 matribusque
1189 1452 1221 1492 ac
1231 1435 1359 1493 domibus
1370 1436 1517 1505 derelictis,
1526 1436 1679 1509 quamlibet
1691 1436 1787 1494 mundi

132 1527 189 1593 hoe,
206 1528 307 1594 domus,
320 1531 422 1597 fratres
436 1535 463 1586 ct
475 1546 588 1597 sorores,
607 1536 633 1587 et
650 1535 761 1593 matres,
774 1534 800 1584 et
813 1529 893 1598 filios
908 1532 934 1584 et
987 1538 1093 1603 partem
1107 1529 1211 1588 fueritis
1231 1531 1356 1603 ingressi,
1371 1538 1472 1602 patres,
1499 1538 1612 1596 matres,
1634 1529 1791 1602 fratresque

132 1638 212 1695 apros
222 1628 586 1695 ⁸cumpersecutionibus,ct
596 1626 728 1681 insoeculo
740 1626 837 1691 sutura
847 1624 933 1677 uitam
987 1623 1155 1693 innumeros,
1171 1624 1270 1681 domus
1284 1634 1429 1697 quoquest
1446 1640 1544 1699 agros,
1559 1638 1705 1694 servosque
1720 1620 1789 1680 fide·

132 1720 260 1773 uternam
276 1716 374 1787 (Mure.
386 1715 427 1787 x).
444 1718 607 1788 centuplam
619 1730 739 1787 namque
754 1714 872 1771 fratrum
883 1731 932 1788 pa·
987 1716 1122 1786 lissimos,
1142 1717 1245 1790 absque
1259 1718 1314 1775 ullo
1328 1718 1515 1775 sollicitudinis
1536 1718 1628 1775 labore
1655 1718 1792 1789 conquiri·

131 1817 274 1867 rentumve
290 1809 401 1880 recipiet
414 1809 596 1881 quantitatem
605 1809 727 1881 quisquis
741 1810 824 1880 patris
841 1810 933 1879 unius,
949 1811 1033 1881 ntis,
1049 1811 1096 1883 qui
1108 1827 1156 1868 vos
1168 1820 1198 1868 ut
1213 1812 1472 1885 propriosdominos
1483 1814 1616 1870 submisse
1628 1814 1789 1885 suscipiunt,

132 1905 174 1962 vel
197 1902 306 1968 matris,
328 1917 376 1958 seu
395 1901 455 1971 hlii,
478 1919 528 1975 pro
545 1903 644 1961 Christi
665 1903 791 1971 nomine,
807 1902 937 1959 charitate
991 1904 1206 1975 amplectuntur,
1228 1904 1332 1974 fovent,
1348 1893 1510 1962 venerantur
1522 1904 1631 1962 ciliciis.
1655 1904 1709 1961 Sed
1724 1904 1789 1974 hoc,

133 2006 300 2070 contempta,
317 1997 344 2052 in
356 1997 482 2053 omnium
499 1998 545 2070 qui
557 1997 667 2054 Christo
685 1997 840 2055 deserviunt
853 1997 938 2054 dilec-
990 1996 1113 2069 inquam,
1124 1999 1211 2055 sancti
1230 2000 1383 2057 ministerio
1398 2001 1497 2057 merito
1508 2016 1539 2055 ac
1553 2000 1716 2056 fiducialiter
1728 2013 1791 2071 per-

134 2092 237 2150 tiunem
263 2090 475 2147 sincerissimam
497 2091 606 2161 transit,
628 2107 678 2163 pro
704 2106 761 2147 uno
783 2090 883 2147 scilicet
895 2098 939 2147 tot
991 2089 1128 2160 fruentur,
1143 2095 1190 2165 qui
1201 2094 1274 2166 prius
1288 2096 1317 2151 in
1331 2097 1490 2152 servitutem
1506 2094 1681 2153 fraternitatis
1689 2101 1792 2149 semet-

133 2185 274 2242 inveniens
291 2193 391 2257 patres,
404 2183 571 2257 fratresque,
585 2183 747 2241 ferventiore
759 2200 793 2240 ec
808 2192 939 2257 praestan·
992 2185 1179 2260 ipsassusque
1190 2187 1598 2244 omniasoluntariadevotione
1609 2186 1790 2243 subdiderint.

136 2279 207 2337 tiore
229 2280 282 2337 sihi
303 2278 452 2337 affcctione
475 2280 631 2339 devinctos.
655 2278 835 2352 llluitiplicata
855 2278 938 2335 etiam
992 2279 1133 2350 Recipieut
1152 2281 1224 2337 enim
1239 2281 1392 2361 secundum
1404 2281 1567 2337 sententiam
1581 2280 1693 2337 Domini
1707 2280 1793 2337 libere

681 2414 808 2471 thRDl
827 2412 941 2469 GAZAEI
960 2411 1241 2468 COMMENTARIUS.

136 2553 256 2608 coronae,
270 2547 299 2596 et
319 2549 374 2596 tres
392 2540 498 2597 fructus
512 2540 657 2613 evangelici
681 2540 772 2596 trihus
794 2536 937 2595 liuninum
992 2538 1131 2592 deuterum
1139 2539 1524 2607 muriumccmputuspeiuenit.
1536 2538 1619 2592 ltaD.
1630 2536 1790 2607 Gregorius.

135 2611 291 2682 generibus,
305 2612 362 2668 sive
376 2611 517 2685 gradibus,
529 2612 587 2685 jam
601 2611 733 2685 expositis
752 2617 880 2682 aptantur
894 2606 937 2664 his
991 2610 1077 2664 Porro
1096 2616 1182 2663 totam
1197 2608 1269 2663 hanc
1284 2619 1373 2663 artem
1391 2608 1554 2679 supputandi
1577 2624 1625 2679 per
1637 2608 1737 2675 digitos
1750 2608 1791 2664 in·

134 2683 259 2740 versibus
270 2702 276 2739 :
331 2684 338 2695 ’
991 2686 1034 2733 ter
1043 2679 1214 2734 Venerabilis
1227 2679 1309 2735 Beda:
1321 2695 1404 2750 opera
1415 2679 1609 2749 complectitur
1619 2679 1726 2733 libellus
1742 2677 1789 2751 qui

263 2764 332 2814 serta
342 2764 458 2813 terdenis
469 2764 531 2813 alios
544 2766 661 2815 coronant
994 2754 1032 2806 De
1046 2756 1168 2820 computa
1179 2752 1221 2806 uel
1238 2752 1343 2821 loquela
1353 2767 1403 2821 per
1421 2756 1524 2821 qustum
1545 2751 1691 2820 digitorum
1704 2748 1785 2807 inseri

312 2827 389 2873 sucta
400 2827 541 2873 crementis.
993 2820 1068 2876 bitur
1083 2840 1090 2875 ι
1104 2838 1135 2875 eii
1154 2837 1209 2894 quo
1232 2822 1290 2878 baec
1310 2831 1415 2876 tantum
1433 2831 1543 2878 notasse
1563 2820 1716 2889 suffecerit,
1732 2834 1794 2903 quac

136 2901 223 2963 Alius,
234 2916 334 2970 nempe
349 2900 522 2972 coniugatus,
530 2908 603 2955 caste
616 2901 746 2955 viventes.
764 2903 838 2954 Nam
849 2901 939 2972 prima
993 2892 1027 2945 ad
1039 2889 1120 2972 liujus
1130 2892 1180 2947 loci
1196 2901 1223 2948 et
1237 2910 1334 2949 eorum
1349 2908 1410 2963 quae
1424 2893 1495 2949 dicta
1506 2901 1571 2950 sunt
1580 2892 1792 2963 intelligentiam

136 2985 256 3037 corona,
277 2978 305 3024 et
323 2970 428 3041 primus
446 2969 552 3024 fructus
569 2970 749 3041 evangelicus,
763 2985 864 3041 nempe
889 2971 939 3025 tri.
994 2975 1103 3043 proprie
1122 2972 1267 3035 spectant:
1284 2964 1417 3036 sicigitur
1435 2965 1509 3020 Beda
1529 2980 1610 3020 suum
1634 2973 1794 3033 computum

137 3040 270 3112 gostinus,
284 3048 327 3095 est
350 3040 485 3095 castitatis
506 3038 665 3112 conjugatis,
690 3040 817 3111 Sequitur
840 3039 939 3097 podem
995 3036 1143 3113 alsinistra
1166 3049 1280 3090 exorsus
1304 3035 1441 3105 usquead
1464 3036 1569 3102 decem,
1590 3034 1705 3091 subdit:
1728 3036 1794 3090 Cum

138 3125 218 3167 versu
235 3128 242 3167 :
995 3101 1062 3157 dacis
1072 3104 1171 3167 decem,
1185 3120 1300 3175 unpraem
1310 3107 1409 3161 iudiee's
1422 3109 1451 3161 a'n
1462 3108 1549 3162 medio
1558 3110 1622 3176 fiqes
1636 3111 1700 3160 actu
1711 3106 1793 3175 pulli·

264 3190 393 3255 puplicam
408 3186 527 3252 quoidam
541 3208 548 3238 2
994 3176 1048 3238 cis,-
1058 3190 1117 3254 earm
1129 3176 1195 3229 dim's
1208 3180 1329 3243 tia'qa'nta,
1343 3192 1443 3244 ungues
1454 3179 1554 3257 indicis
1566 3182 1591 3231 et
1600 3179 1707 3257 pollicis
1723 3178 1794 3232 blan-

138 3271 215 3327 Serta
229 3260 329 3342 nempe
342 3269 489 3341 duplicata,
503 3266 655 3341 quosdam,
675 3268 777 3325 scilicet
789 3269 900 3339 viduos,
914 3279 941 3327 et
995 3242 1029 3343 ⁶f⁰
1041 3258 1184 3327 mnf&
1197 3246 1341 3325 ‘imum‘
1354 3260 1418 3327 min.
1428 3251 1581 3313 ⁸⁰³⁰⁰9¹⁷²²⁰r
1595 3245 1720 3327 dmum.
1732 3262 1795 3301 Μ·

139 3341 234 3398 viduas
256 3341 428 3397 continentes
445 3348 579 3397 coronant
593 3362 599 3396 :
615 3340 677 3411 quia
696 3340 813 3397 secunda
827 3356 940 3410 corona,
994 3314 1533 3394 ”aim'ndwff'mmfleoe‘'&hiemem
1544 3316 1793 3414 sm‘il’sfflw:

138 3420 165 3469 et
178 3412 315 3469 secundus
336 3412 454 3479 fructus.
474 3426 572 3483 nempe
593 3411 788 3486 sexagesimus,
802 3429 834 3469 ,x
856 3412 891 3469 m
911 3428 941 3470 e,
957 3381 980 3445 C
995 3382 1098 3439 Deinde
1122 3390 1266 3454 postquam
1282 3392 1398 3440 caeteros
1413 3398 1544 3440 numeros
1564 3383 1723 3447 cardinales,
1745 3403 1792 3456 qui

138 3482 208 3539 simo
235 3482 388 3556 (lupum,
416 3481 533 3541 castitati
558 3481 657 3539 viduali
687 3483 849 3555 assignatus·
906 3499 942 3543 οι
996 3453 1022 3508 in
1037 3455 1146 3510 sinistra
1165 3455 1238 3510 varie
1257 3455 1491 3527 exprimebantur,
1504 3472 1588 3528 usque
1601 3456 1634 3512 ad
1648 3456 1794 3541 nonaginta

139 3552 301 3612 sufficitur,
936 3556 943 3575 .
995 3524 1137 3595 exposuit:
1152 3525 1281 3598 deinceps
1297 3542 1446 3582 conversus
1461 3527 1494 3582 ad
1508 3527 1647 3583 dexteram
1662 3526 1791 3599 subjicit:

188 3570 198 3627 ¹
210 3658 212 3662 Α
265 3596 337 3684 Tr‘fm
345 3634 448 3683 centeno
461 3631 583 3682 mmmm
598 3631 677 3682 fructu
996 3597 1061 3652 ciem
1071 3602 1176 3652 centum
1188 3601 1335 3668 significas,
1344 3599 1619 3668 eodemutarispestu,
1627 3614 1679 3668 quo
1687 3601 1717 3652 s'u
1728 3599 1795 3656 teca

342 3697 385 3756 Te,
403 3708 480 3755 m,
497 3696 595 3745 ornant·
996 3667 1083 3722 decem
1104 3670 1282 3723 monstrabas.
1306 3672 1342 3723 Ex
1365 3669 1465 3740 quibus
1483 3669 1572 3724 verbis
1594 3669 1684 3739 colligi
1699 3668 1791 3738 debet,

1015 3755 1048 3795 ua
1073 3739 1179 3796 ratione
1201 3739 1374 3795 centenarius
1398 3754 1529 3795 numerus
1551 3740 1605 3794 sive
1629 3739 1796 3797 centesimus

142 3779 193 3845 '¹⁸⁰¹
208 3791 225 3833 ⁰
240 3778 363 3833 ΨΜ
380 3776 513 3855 Bapfim’
528 3774 877 3845 ⁰²Vifss⁰³¹¹5w0⁸imss⁶⁸
889 3771 942 3831 ‘'i''
996 3753 1031 3864 3ο
1055 3809 1163 3866 sinistra
1185 3819 1232 3866 aut
1258 3811 1324 3867 laeva
1348 3809 1543 3867 transferretur
1568 3810 1594 3864 in
1614 3810 1757 3866 dexteram
1784 3828 1792 3869 :

163 3847 238 3911 ines,
254 3851 354 3899 ornant
374 3858 380 3893 :
398 3857 461 3912 quia
485 3842 563 3896 tertia
587 3851 615 3896 et
636 3858 763 3911 suprema
785 3858 897 3912 corona,
915 3854 944 3900 et

140 3863 245 3970 fructus
272 3913 452 3976 centesimus,
480 3911 597 3966 castitati
624 3911 744 3982 virginali
776 3914 942 3970 retribuitur.

141 3985 194 4042 Sed
205 4000 293 4055 neque
303 3980 488 4053 praetereunda
505 3980 550 4036 liic
562 3986 594 4036 Ι).
607 3982 733 4053 Gregorii
747 3985 944 4041 commentatio

140 4056 293 4126 (Apoloqet.
309 4070 369 4124 cap.
388 4052 440 4124 tlt),
458 4052 504 4123 qui
520 4052 675 4121 parabolam
688 4054 761 4108 illam
776 4054 937 4112 seminantis

142 4127 223 4183 aliter
236 4127 428 4196 interpretans,
442 4121 538 4178 eadem
550 4132 644 4178 tamen
664 4124 798 4180 allusione
811 4134 838 4180 et
849 4125 944 4183 simili·

144 4197 239 4254 tudlne
253 4213 306 4267 qua
320 4198 354 4251 D.
375 4195 561 4266 Hieronymus
578 4197 667 4263 (Heia.
689 4201 721 4250 tt
743 4211 776 4251 su
837 4198 943 4271 Erech.)

143 4283 210 4325 usus
225 4267 302 4324 estin
319 4264 393 4321 hunc
408 4264 539 4321 modum:
554 4266 685 4334 murium
698 4268 764 4322 Deus
836 4269 880 4323 fut
888 4285 947 4339 pec·

143 4342 231 4395 catari
248 4340 331 4409 tepea
349 4337 436 4400 dedit,
456 4352 516 4407 ques
534 4340 565 4391 in
582 4337 670 4393 decem
690 4342 831 4411 praeceptis
845 4344 947 4411 scriptu

144 4416 193 4474 est,
223 4414 248 4464 et
274 4408 408 4465 sexdecies
433 4408 515 4465 ducto
535 4410 566 4463 in
593 4412 799 4479 sexagenarium
818 4416 945 4481 suspirat,

143 4484 212 4538 recte
229 4497 280 4552 per
299 4483 441 4549 aucupante
458 4480 561 4535 castros
581 4481 708 4536 bonorum
731 4496 838 4552 operum
851 4484 945 4554 perse-

145 4555 197 4608 ctto
211 4552 381 4623 designatam.
394 4550 471 4619 Quod
484 4556 577 4621 operte
589 4555 669 4607 enam
681 4555 809 4608 horninur
817 4555 847 4609 iia
858 4556 947 4610 Euan·

145 4625 214 4694 peli'o
234 4624 370 4692 designat,
386 4623 435 4692 qai
448 4637 508 4677 cum
520 4623 678 4693 parabolam
694 4627 849 4680 eeiatnuutis
863 4640 945 4697 eapo-

144 4701 229 4761 ueret,
258 4696 333 4750 dicit
360 4712 369 4748 :
392 4694 479 4750 Aliud
499 4694 593 4749 cecedit
610 4696 640 4748 ia
662 4699 762 4749 terrum
785 4696 896 4761 bonam,
920 4701 946 4752 et

997 3880 1059 3951 quia
1073 3880 1204 3937 nimirum
1227 3882 1302 3937 laerte
1325 3881 1414 3952 digitis
1433 3881 1564 3951 usquead
1578 3890 1689 3936 centuni
1704 3895 1797 3936 iinme-

996 3950 1110 4004 rabant:
1135 3951 1162 4004 in
1180 3952 1329 4005 centesimo
1349 3949 1383 4004 ad
1399 3951 1524 4005 dextrum
1547 3953 1719 4006 transibant:
1740 3965 1794 4021 qua

996 4018 1061 4073 item
1076 4020 1194 4083 ratione,
1208 4023 1332 4088 ruptura,
1343 4029 1373 4074 ut
1384 4019 1422 4074 ait
1434 4020 1628 4091 Hieronymus,
1640 4024 1797 4089 referantur

997 4091 1168 4162 adramiae:
1179 4094 1320 4160 serapium
1329 4090 1367 4144 ad
1380 4091 1494 4157 uiduam
1508 4099 1619 4146 centnm
1633 4092 1687 4163 (qui
1698 4106 1794 4148 iiiiine·

996 4178 1045 4217 rus
1071 4163 1176 4244 primus
1197 4171 1239 4217 est
1262 4162 1289 4216 in
1311 4161 1422 4228 dextra)
1444 4160 1478 4216 ad
1505 4163 1695 4233 virginitatem.
1725 4166 1796 4221 llam

1001 4234 1208 4289 matrimonium
1233 4232 1293 4288 ideo
1319 4248 1366 4302 per
1387 4232 1495 4304 triginta
1519 4232 1664 4305 significari
1686 4233 1795 4304 dicitur,

1001 4305 1074 4373 quod
1094 4320 1126 4359 eo
1141 4318 1272 4367 numero,
1298 4302 1360 4368 leni,
1375 4304 1503 4374 mollique
1527 4313 1654 4361 contactu
1676 4304 1810 4377 pollicis,

1000 4373 1162 4446 indicisque,
1176 4375 1306 4447 conjures
1329 4374 1402 4429 velut
1424 4375 1612 4432 exosculantes
1633 4393 1663 4432 se
1682 4376 1797 4448 conjun-

1000 4455 1119 4515 gantur:
1140 4447 1211 4501 sicut
1228 4445 1344 4502 viduitas
1366 4445 1562 4518 viduarumque
1575 4447 1686 4502 afflictio
1710 4447 1798 4516 aipei-

998 4517 1083 4572 mitur
1098 4531 1129 4572 eii
1152 4517 1250 4574 iudicis
1269 4533 1349 4589 supra
1374 4516 1499 4587 pollicem
1517 4517 1693 4573 deflexione:
1719 4516 1799 4585 virgi·

999 4603 1065 4642 num
1080 4597 1297 4653 autemcorona,
1309 4603 1372 4657 qiiae
1388 4589 1543 4642 centenario
1562 4603 1677 4643 numero
1690 4586 1796 4658 signifi-

999 4666 1087 4721 catur,
1106 4674 1137 4714 ur
1156 4658 1268 4726 circulo,
1290 4657 1337 4728 qiii
1352 4656 1450 4712 indicis
1469 4672 1559 4727 ungue
1575 4658 1600 4713 iu
1615 4658 1705 4713 medio
1721 4658 1798 4727 polli-

256 4766 377 4833 ππ
410 4764 607 4828 ππππ
636 4770 662 4820 π
920 4772 945 4822 π
959 4765 984 4826 i
999 4729 1799 4872 salin::su..lirsissslnsaiiss

146 4835 948 4975 liin
1000 4871 1099 4998 aas:
1121 4870 1397 5005 :aristalle
1413 4870 1505 4998 alie?
1523 4871 1799 5010 rasullas:

146 4977 444 5104 mgnzzffrgfgranfflm
459 4981 818 5107 mgmsgaeersqctfmffli
832 4986 948 5107 quw
1001 5022 1071 5073 tore.
1090 5029 1173 5085 quem
1187 5020 1323 5068 trecentus
1336 5027 1436 5075 annos.
1458 5013 1574 5094 licceat,
1593 5016 1644 5069 tria
1658 5013 1802 5070 homiuum

146 5065 209 5174 ἔξω
218 5051 880 5193 ΐρῶἒρῃχκᾚζςρμθήῖῗθῃηῶᾅζηόχή,
887 5138 948 5179 mm
1001 5086 1100 5142 saecula
1116 5085 1212 5141 vixisse
1227 5086 1365 5140 lloiiierus
1380 5080 1480 5154 prodit,
1494 5091 1530 5139 ita
1542 5083 1617 5138 canit
1632 5102 1639 5136 :

149 5190 186 5242 ud
198 5196 302 5246 tatem
319 5193 385 5245 ttt'toe
398 5192 645 5261 contemplationum
654 5195 808 5263 messuerit,
828 5196 948 5251 sinisera
1080 5179 1145 5252 Felix
1162 5178 1288 5251 iiimlrum,
1302 5176 1344 5237 qui
1357 5190 1403 5248 'per
1413 5178 1446 5224 lot
1458 5176 1549 5226 stecidu
1565 5181 1667 5225 mortem

149 5261 220 5313 enim
238 5268 330 5316 nostru
345 5268 385 5320 eet
397 5265 456 5318 uisa
473 5276 595 5335 praesens
608 5282 616 5318 =
631 5264 742 5319 dempera
755 5280 817 5321 „m
831 5272 871 5322 επ
889 5268 949 5321 „pa
1078 5241 1189 5300 Distulit,
1204 5246 1276 5303 atque
1287 5253 1346 5290 suus
1353 5252 1402 5300 pini
1415 5238 1500 5288 «lextra
1511 5244 1634 5302 computat
1647 5252 1731 5288 annos.

147 5335 272 5384 ueuturu.
292 5336 468 5405 directanee
487 5338 670 5390 centenarium
686 5350 829 5391 nummum
842 5343 950 5393 utentia
1004 5337 1093 5407 Quem
1106 5335 1232 5391 imitatus
1245 5333 1374 5391 Sidonius
1386 5334 1484 5388 Fausto
1498 5332 1673 5403 applaudens,
1686 5342 1808 5401 etgran-

148 5404 211 5456 ”¹¹²oe
224 5403 410 5469 wultmltlssii‘ll
421 5407 590 5475 destpamtur,
604 5409 670 5477 quia
681 5422 741 5461 euni
757 5414 816 5477 post
836 5411 952 5478 tripbito
1005 5409 1114 5464 davum
1133 5405 1298 5478 significans,
1314 5405 1387 5459 iielut
1406 5406 1592 5459 centenarium
1605 5424 1611 5459 ι
1626 5406 1804 5477 Quandoqui-

149 5488 181 5527 uc
192 5475 338 5541 seucqe'nta
348 5472 387 5527 ud
400 5480 571 5533 cmtesimum
584 5493 728 5533 nummum
742 5480 952 5549 computandum
1006 5481 1076 5545 dem,
1091 5478 1140 5540 ait,
1156 5483 1214 5532 tuos
1224 5492 1308 5532 annos
1321 5475 1383 5545 jum
1396 5476 1510 5530 demere
1521 5480 1703 5532 numeraverit
1714 5479 1802 5543 (hebr.

145 5543 417 5614 ermeneumata„
432 5551 597 5605 centenarias
619 5564 746 5604 uumerus
768 5553 798 5604 iu
812 5552 953 5605 deutermn
1008 5566 1054 5613 ix,
1070 5551 1148 5620 epist.
1162 5549 1200 5621 s).

126 5652 129 5661 -
150 5618 262 5670 transit.
288 5615 366 5669 Fides
379 5619 595 5686 utqueoperata'c
611 5622 701 5675 adhuc
719 5623 748 5675 i'n
767 5624 883 5676 sinistra
895 5626 952 5677 est:
1041 5629 1055 5656 ⁸
1080 5624 1119 5675 lta
1142 5617 1214 5703 apud
1235 5621 1361 5674 hiarcam
1381 5618 1408 5673 in
1432 5615 1521 5673 verbis
1544 5634 1626 5690 supra
1653 5618 1750 5673 citatis.
1765 5620 1807 5673 Es

150 5688 215 5756 quia
230 5687 273 5740 hic
287 5686 376 5741 adhue
390 5690 476 5757 positi
487 5692 512 5742 et
526 5691 658 5746 credimus
672 5693 744 5762 quod
757 5708 811 5746 uun
833 5692 954 5749 addemus
1008 5691 1108 5764 quilius
1128 5698 1213 5746 etiam
1238 5690 1395 5759 intelligitur
1414 5688 1488 5744 illam
1512 5692 1630 5763 centupli
1653 5689 1810 5744 retributio·

152 5763 177 5813 ⁸¹
192 5773 337 5828 speramur
350 5762 382 5812 tlt
392 5758 538 5814 videmnus.
555 5760 620 5817 Cum
631 5778 692 5817 uero
699 5766 798 5834 jcmse
809 5766 956 5821 unimusin
1009 5779 1073 5820 nem
1090 5761 1123 5817 ad
1141 5776 1260 5833 praeseus
1276 5760 1408 5817 sarculum
1430 5774 1489 5816 esse
1502 5760 1688 5828 referendam,
1709 5776 1764 5817 non
1775 5757 1809 5816 ed

152 5830 397 5901 mmmmm
416 5834 525 5888 crema
545 5834 609 5889 tlt'loe
626 5836 814 5907 suspenderit,
830 5835 957 5907 quosiud
1009 5832 1145 5901 futurum,
1158 5834 1188 5890 ln
1202 5834 1346 5906 quenulla
1359 5832 1410 5890 erit
1424 5833 1581 5904 persecutio.
