3848 6158
116 215 152 268 83
361 213 406 268 DE
424 212 663 270 COENOBIORUH
681 213 804 270 iussit.
825 214 887 274 LlB.
908 213 942 270 ll.
962 244 998 256 -
1016 215 1061 269 ott
1079 213 1273 271 aestuariis
1292 215 1533 275 oasttorttsstis.
1739 227 1773 280 86

116 352 182 395 nius
199 336 391 394 Alexandrinae
408 338 469 394 urbi
490 336 610 410 pontifex
634 337 759 409 praefuit,
785 353 915 395 normam
931 343 957 406 Α
971 339 1077 410 aliaque
1091 336 1134 394 bis
1146 339 1235 395 multo
1252 339 1411 397 sublimiora
1426 343 1595 414 perficerent.
1616 349 1657 403 De
1676 348 1774 419 quibus

115 446 261 505 suscepere
282 431 408 500 vivendi,
422 447 478 488 non
493 430 581 487 solum
596 431 641 486 illa
660 431 803 503 magnifica
818 432 916 489 retine·
971 434 1054 491 etiam
1066 433 1088 490 is
1105 436 1150 505 qui
1168 435 1258 492 minus
1279 436 1466 511 indigenarum
1483 440 1612 497 relatione
1626 445 1771 515 cognovit,

114 526 194 592 bant,
208 539 271 598 quae
286 525 414 597 primitus
429 526 578 581 Ecclesiam
591 525 918 584 ielrredentiumturbos
972 527 1150 585 ecclesiastica
1176 529 1322 586 historia¹
1350 534 1450 604 poterit
1473 535 1590 591 edoceri.
1625 539 1664 595 Ea
1691 539 1773 609 igitur

115 618 145 673 in
156 618 270 708 Actibus
285 618 481 690 Apostolorum
496 620 571 689 (Cap.
584 624 629 687 iii)
645 620 758 692 legimus
770 621 919 677 celebrasse
971 629 1132 694 tempestate
1155 640 1218 679 cum
1238 625 1365 684 Ecclesiae
1383 628 1454 683 illius
1473 628 1615 700 primitivae
1643 631 1772 702 perfectio

115 710 322 776 (Multitudinis
344 712 442 765 seilicet
462 711 625 765 credentiam
643 717 702 767 erat
716 729 760 767 eor
779 731 878 777 unum,
895 719 920 769 et
971 731 1053 787 penes
1067 732 1236 773 successores
1251 734 1317 775 suos
1328 720 1416 776 adhuc
1428 721 1529 777 recenti
1542 724 1673 779 memoria
1692 725 1773 781 invio
1827 724 1831 731 '

114 807 208 859 anima
218 820 274 858 uno
285 823 294 858 ε
307 820 353 858 nee
365 805 509 874 quisquam
518 820 609 858 corum
622 821 682 874 quoe
690 807 854 876 possidebat,
865 807 918 860 ali·
973 791 1025 865 lata
1037 809 1156 878 duraret,
1171 808 1333 885 fervensque
1352 829 1502 885 paucorum
1523 814 1590 877 fides
1612 817 1730 874 necdum
1744 819 1772 875 iii

113 899 271 968 qaidsmim
282 913 337 953 esse
350 898 465 960 dicebat,
482 898 530 952 sed
544 903 622 953 erant
633 899 688 953 illis
703 902 793 953 omitia
803 916 915 954 eommu-
972 902 1173 959 multitudinem
1193 904 1313 976 dispersa
1338 909 1480 978 tepuisset;
1504 910 1668 967 venerabiles
1683 922 1773 983 patres

112 994 163 1046 iiia
172 1011 181 1058 3
191 996 321 1062 quotquot
330 993 400 1044 eiiim
409 1006 572 1061 possessores
583 1007 708 1060 aqroriim
720 997 768 1047 atil
777 994 916 1049 demonem

113 1092 205 1151 erimt,
219 1086 359 1142 caedentes
375 1086 534 1154 asserebant
541 1088 631 1156 pretia
644 1102 734 1140 eorum
745 1104 806 1158 quie
818 1089 916 1143 rende·

113 1181 191 1244 bant,
205 1185 231 1235 et
236 1181 373 1252 ponebant
389 1183 453 1233 aitte
460 1179 542 1249 pedes
562 1180 762 1249 apostolorum:
776 1181 915 1236 diuideba-

111 1273 916 1345 turamensinqalisproutcuiqueopuserot);verumetiam

111 1366 157 1423 his
177 1366 264 1422 multo
287 1365 445 1422 sublimiora
464 1365 679 1422 cumulaverant.
705 1369 813 1423 Etenim
837 1384 914 1425 sece-

112 1459 208 1516 dentes
227 1459 254 1514 in
271 1459 415 1515 secretiora
435 1458 630 1515 suburbiorum
650 1460 723 1527 loca,
739 1461 856 1534 agebant
877 1461 915 1518 vi·

111 1560 169 1607 tam
176 1559 252 1607 tanto
262 1550 431 1608 abstinentiae
439 1551 559 1638 rigorem
568 1551 730 1618 districtam,
741 1561 771 1608 ut
779 1553 863 1609 ctiam
873 1553 915 1612 bis

110 1645 158 1718 qui
178 1655 256 1703 erant
272 1646 410 1718 religionis
429 1656 563 1714 externae,
584 1647 688 1719 stupori
703 1656 773 1704 essct
791 1655 847 1704 tam
870 1664 913 1704 ar·

972 996 1091 1068 pervigili
1113 1011 1177 1053 eura
1200 998 1314 1068 posteris
1332 1001 1521 1069 consulentes,
1537 1003 1649 1073 quinam
1672 1004 1772 1061 modus

969 1088 1128 1158 quotidiano
1149 1088 1233 1146 cultui
1248 1107 1296 1163 per
1315 1092 1472 1149 universum
1491 1093 1669 1153 fraternitatis
1683 1091 1696 1129 l
1708 1113 1772 1154 eor-

970 1196 1021 1252 pus
1038 1181 1145 1237 decerni
1155 1180 1276 1252 deberet,
1293 1185 1433 1240 tractaturi
1447 1187 1624 1255 conveniunt,
1641 1197 1671 1245 ut
1685 1190 1773 1247 haere·

971 1273 1083 1331 dilatem
1105 1275 1212 1347 pietatis
1231 1292 1263 1332 ac
1286 1277 1358 1347 pacis
1377 1277 1460 1334 etiam
1483 1281 1686 1338 successoribus
1710 1285 1772 1341 suis

969 1367 1124 1425 absolutam
1137 1369 1171 1425 ab
1186 1369 1260 1426 omni
1280 1369 1456 1427 dissensionis
1471 1371 1517 1428 lite
1529 1375 1748 1432 transmitterent
1763 1397 1769 1432 x

970 1474 1093 1522 verentes
1113 1467 1216 1523 scilieet
1239 1484 1273 1524 ne
1294 1483 1347 1539 qua
1360 1468 1388 1524 in
1409 1469 1571 1541 quotidianis
1592 1472 1771 1530 solemnitati-

969 1557 1021 1614 bus
1033 1559 1103 1615 inter
1119 1561 1190 1618 viros
1203 1560 1323 1633 ejusdem
1335 1562 1450 1620 culture
1463 1573 1604 1622 consortes
1622 1567 1770 1638 {dissonan-

969 1651 1020 1720 tia,
1036 1653 1075 1709 vel
1089 1653 1205 1711 varietas
1218 1664 1323 1722 exorta,
1342 1656 1505 1729 quandoque
1523 1659 1550 1714 in
1564 1669 1706 1732 postemm
1725 1679 1769 1718 er·
1866 1651 1874 1671 ¹

109 1741 165 1799 dua
177 1742 389 1799 conversationis
404 1758 500 1799 eorum
511 1741 653 1814 professio.
668 1744 708 1798 Eo
723 1742 796 1799 enim
808 1742 912 1800 fervore
928 1726 952 1788 Β
969 1747 1055 1816 roris,
1077 1748 1116 1803 vel
1128 1749 1326 1818 aemulationis,
1340 1765 1389 1807 seu
1406 1751 1561 1815 schismatis
1581 1755 1695 1811 noxium
1712 1771 1771 1828 ger·

108 1837 313 1909 seripturarum
328 1837 480 1893 divinarum
500 1836 677 1904 lectionibus,
700 1837 869 1910 orationique
887 1846 916 1895 et

109 1929 192 2005 operi¹
201 1944 333 1985 manuum
342 1928 438 1986 diebus
450 1945 483 1985 ae
495 1929 621 1985 noctibus
631 1929 809 1999 incubabant,
820 1940 851 1987 ut
862 1946 913 1986 nec

109 2037 237 2078 escarum
262 2022 372 2095 quidem
393 2022 527 2094 appetitus
547 2023 588 2078 iel
615 2023 763 2092 memoria,
783 2022 833 2079 nisi
850 2020 913 2079 'alio

109 2118 226 2172 tertiove
246 2115 290 2173 die
309 2116 431 2190 corporis
449 2117 633 2188 interpellaret
648 2116 781 2184 inediam,
803 2118 910 2173 eibum-

83 2269 90 2278 ,
108 2227 167 2282 que
181 2227 214 2267 ac
227 2221 324 2283 potum
338 2227 393 2267 non
413 2217 468 2266 tam
483 2208 666 2267 desideratum
687 2226 770 2281 quam
785 2225 911 2267 neeessa-

109 2304 188 2358 rium
201 2312 349 2369 sumerent,
362 2312 390 2358 et
407 2317 441 2358 ne
453 2303 525 2359 bunc
542 2301 652 2374 quidem
667 2312 729 2359 ante
749 2303 814 2359 solis
833 2319 911 2360 occa·

106 2412 173 2452 sum
192 2406 223 2453 ut
238 2406 343 2468 tempus
354 2397 498 2465 luciacum
508 2397 690 2469 spiritualium
702 2397 911 2454 meditationum

107 2490 221 2560 studiis,
236 2508 331 2548 curam
354 2508 417 2549 iero
430 2494 554 2567 corporis
576 2510 640 2550 cum
666 2503 745 2550 noete
761 2496 910 2566 sociarent,

969 1854 1033 1893 men
1042 1839 1187 1896 emitteret.
1203 1841 1327 1912 Cumque
1341 1859 1390 1913 pro
1401 1858 1451 1900 suo
1468 1847 1653 1918 unusquisque
1664 1848 1770 1905 fervore

967 1931 1131 1989 infirmitatis
1143 1933 1291 1989 immemor
1309 1934 1403 1992 alienae
1417 1936 1445 1993 id
1461 1938 1542 1994 statui
1555 1938 1655 1996 debere
1674 1957 1769 1998 oense·

966 2035 1018 2093 ret,
1035 2026 1109 2099 qnod
1123 2028 1354 2100 contemplatione
1376 2029 1437 2085 fidei
1455 2045 1487 2086 ac
1499 2030 1609 2089 roboris
1619 2033 1661 2088 sui
1676 2033 1771 2091 facilli·

966 2135 1044 2175 mum
1063 2119 1218 2192 judicabat,
1241 2137 1337 2193 porum
1359 2121 1505 2179 discutiens
1522 2123 1590 2195 quid
1609 2128 1770 2198 generaliter

966 2212 1123 2283 plenitixlini
1146 2212 1265 2269 fratrum
1279 2214 1407 2285 possibile
1424 2224 1508 2281 esset,
1534 2217 1631 2289 inqua
1657 2234 1768 2275 necesse

965 2315 1006 2362 est
1024 2306 1198 2363 infirmorum
1217 2323 1327 2380 quoque
1352 2317 1454 2380 partem
1470 2309 1617 2366 maximam
1639 2311 1767 2383 reperiri,

964 2400 1125 2473 diversoque
1148 2400 1232 2458 modo
1253 2416 1395 2457 enormem
1425 2403 1594 2473 psalmorum
1618 2418 1767 2460 numerum

965 2494 1106 2554 instituere
1126 2512 1175 2568 pro
1195 2495 1279 2552 animi
1301 2496 1343 2551 sui
1357 2497 1455 2552 virtute
1473 2505 1608 2553 certarent
1629 2500 1652 2564 ⁰,
1677 2496 1766 2556 etalii

661 2664 791 2721 thRDl
811 2664 924 2720 GilZAEI
942 2663 1234 2720 COMMENTARIUS.

108 2801 216 2856 lotidem
228 2805 314 2871 peritis
328 2818 395 2865 suae,
409 2802 508 2860 librum
520 2819 601 2874 snper
611 2820 703 2858 eoram
714 2806 911 2859 coiecersatioiie
965 2802 1027 2859 inde
1041 2803 1126 2873 accipi
1147 2801 1212 2858 satis
1230 2809 1329 2858 notum
1345 2811 1404 2870 est,
1425 2802 1570 2873 frequens,
1591 2820 1622 2859 ac
1636 2803 1774 2865 familiare,

107 2875 225 2943 scripsit.
238 2875 308 2929 Haec
324 2873 372 2929 ibi.
394 2876 436 2929 hc
447 2890 543 2931 rursus
563 2876 597 2930 de
612 2875 723 2930 Philone
745 2884 837 2945 postea
853 2876 911 2931 baeo
964 2874 1131 2930 Tertulliano
1143 2875 1171 2929 in
1183 2874 1360 2947 apologetico
1382 2890 1440 2945 cap.
1458 2881 1507 2940 att,
1531 2882 1558 2929 et
1573 2874 1618 2930 lib.
1635 2877 1669 2930 de
1690 2878 1767 2931 Prai-

111 2943 215 3000 addidit
236 2946 458 3001 :Philomelam
471 2947 799 3001 nationeAlenaiidii'nus
817 2946 850 3000 de
868 2961 912 3015 qe·
965 2947 1047 3017 scrip.
1069 2945 1199 3002 adversus
1224 2946 1320 3002 haeret.
1346 2960 1371 3001 c.
1399 2951 1424 3000 ³.
1456 2949 1513 3002 Nec
1539 2944 1639 2999 mirum
1656 2961 1720 3001 eum
1740 2955 1768 3001 et

107 3031 171 3069 nere
183 3017 351 3071 smerdomm
367 3017 465 3071 idcireo
477 3033 494 3070 a
505 3018 581 3071 nobis
600 3021 671 3071 inter
683 3020 824 3088 scriptores
836 3018 913 3072 eccle·
967 3015 1115 3087 Apostolus
1135 3018 1208 3073 dicat
1224 3036 1231 3072 :
1252 3017 1334 3073 uniti
1345 3033 1429 3071 unum
1452 3031 1547 3087 corpus
1569 3032 1676 3080 sumus,
1700 3022 1726 3071 et
1738 3020 1768 3074 iti

109 3089 233 3141 si'asticos
242 3091 365 3157 ponitur,
376 3091 442 3157 quio
454 3088 553 3142 tibrum
562 3088 595 3142 de
602 3091 695 3159 prima
704 3090 790 3145 Marci
800 3104 910 3157 euanqe·
966 3104 1153 3159 uiiumeoipus
1165 3090 1298 3160 baptizoti
1305 3104 1397 3142 samos
1409 3108 1416 3143 :
1430 3090 1441 3142 l
1454 3088 1547 3144 Corin.
1559 3103 1580 3143 x
1590 3095 1618 3142 et
1630 3103 1689 3144 xii.
1702 3091 1769 3143 Cor-

109 3158 180 3211 li'stoe
194 3159 268 3228 apud
280 3159 607 3214 Aleaandmumseri'beiis
625 3161 753 3223 Ecclesia,
769 3160 926 3214 innostro»
969 3175 1022 3230 piis
1045 3175 1110 3232 ergo
1132 3159 1308 3216 fraternitatis
1332 3159 1377 3214 hic
1395 3158 1492 3233 dicitpr
1512 3159 1690 3226 universitas,
1720 3174 1768 3214 seu

106 3237 173 3282 riam
186 3228 395 3284 laudeuersutiis
407 3235 460 3295 est;
470 3246 524 3283 non
536 3230 621 3284 solum
631 3246 672 3284 cos
684 3231 732 3293 ibi',
745 3231 830 3284 sedin
841 3231 910 3283 miii·
925 3235 948 3298 c
967 3231 1108 3286 universus
1134 3240 1221 3286 caetus
1249 3230 1465 3299 monachorum,
1493 3229 1649 3286 fraternitas
1676 3229 1765 3298 dicta,

108 3303 147 3352 tis
162 3314 266 3369 quoqne
272 3303 415 3370 prouinciis
426 3316 481 3356 esse
495 3316 655 3362 menorans,
669 3305 694 3355 et
705 3301 857 3355 babitamla
868 3316 911 3354 eo·
966 3305 1039 3372 quod
1057 3316 1086 3355 se
1101 3309 1196 3357 mutuo
1220 3300 1316 3356 fratres
1332 3310 1475 3367 vocarent,
1491 3308 1519 3358 et
1538 3298 1655 3356 fraterna
1682 3300 1768 3357 ebari-

966 3379 1022 3426 tate
1036 3369 1182 3444 diligerent
1203 3373 1281 3427 Hanc
1302 3372 1381 3443 paulo
1397 3379 1458 3443 post
1474 3379 1552 3427 iocat
1574 3372 1767 3444 plenitudinem

107 3385 174 3423 irim
184 3370 274 3425 dicens
282 3375 449 3426 monasteria.
466 3375 510 3427 En
522 3372 783 3441 qitoapparcttnlem
792 3375 912 3442 pri-mum
969 3442 983 3498 f
1012 3451 1020 3495 t

982 3458 1009 3496 ia
1024 3458 1094 3497 rum.

108 3442 218 3498 (tonsio
239 3443 401 3497 credentium
410 3445 497 3511 sitisse
513 3444 668 3506 Ecclesium,
682 3445 775 3512 quales
785 3459 854 3497 niano
863 3458 915 3497 mo·

108 3514 194 3567 iiaielii
206 3529 261 3567 esse
274 3516 411 3576 rimatur,
432 3519 457 3568 ot
475 3516 601 3584 capirint3
618 3519 648 3568 ut
665 3514 734 3568 iiilii'l
754 3515 914 3584 majiisqiiam
1004 3515 1016 3545 θ
1040 3512 1238 3579 psalmodiam,
1253 3528 1301 3569 seii
1322 3514 1491 3585 psalmorum
1518 3521 1629 3570 cantum
1651 3513 1685 3569 ab
1709 3515 1768 3586 ipso

106 3586 253 3654 proprium
277 3588 323 3647 sit,
337 3586 429 3639 nnlliis
450 3587 574 3639 intereos
591 3585 778 3647 dioes‚iiulliis
792 3602 912 3656 pauper:
968 3584 1102 3640 nascentis
1125 3585 1253 3640 Eoelesiae
1278 3586 1407 3652 exordio,
1430 3588 1458 3640 iii
1484 3584 1660 3641 conventibus
1683 3588 1768 3643 eccle-

105 3657 276 3725 potiimoiiia
288 3657 425 3725 eperat-ibris
437 3656 616 3720 dividantur:
632 3659 750 3710 orationi
759 3663 877 3720 caretur,
889 3662 914 3711 et
967 3655 1083 3710 siastieis
1102 3656 1202 3726 primas
1226 3665 1315 3728 partes
1329 3656 1477 3711 obtinuisse
1492 3656 1625 3726 colligitur
1644 3657 1766 3727 primum

106 3727 237 3796 psalmis;
252 3727 381 3782 doctrinm
398 3742 511 3796 quoque,
537 3733 562 3780 et
582 3730 761 3791 continentie,
782 3730 874 3797 quales
888 3732 914 3782 et
968 3742 1000 3780 cii
1016 3726 1164 3798 Scriptura,
1188 3728 1198 3782 l
1218 3728 1310 3784 Corin.
1331 3743 1380 3782 xiv
1405 3729 1494 3784 :Cum
1508 3731 1662 3794 eonireiit'ti's,
1683 3744 1767 3782 unus-

109 3800 196 3853 Luens
209 3801 296 3866 refert
310 3801 430 3868 priminn
453 3799 642 3867 Hierosolymis
659 3801 744 3867 [uisse
767 3799 910 3854 eredentes.

111 3871 251 3923 lfactenus
263 3875 295 3925 t).
310 3867 502 3940 Hieronymus.
518 3871 547 3923 lii
560 3871 684 3924 eamdem
700 3870 861 3924 sententiam
875 3872 911 3924 D.
967 3871 1119 3939 Implomirii'
1130 3871 1234 3939 Sparata
1254 3875 1364 3933 saneto,
1380 3871 1517 3939 loquentes
1535 3871 1728 3937 vobismetipsis
1739 3873 1768 3923 i'n

112 3938 281 4011 Epiphanius
296 3940 399 3996 Haeresi
416 3945 450 3995 29
462 3939 496 3994 ile
508 3939 560 3995 hoe
573 3941 641 3995 libro
652 3939 770 3995 Philonis
780 3941 911 4012 loquens:
965 3941 1089 4011 psalmis,
1103 3942 1219 4010 hymnis,
1235 3946 1260 3996 et
1274 3943 1393 3995 narnien.
1409 3942 1488 4010 Quod
1499 3940 1612 3995 totidem
1626 3940 1713 3994 verbis
1723 3955 1768 3994 re·

109 4012 278 4066 Honesterio
291 4013 423 4082 ipsorum,
437 4011 532 4082 inquit,
547 4013 577 4064 iii
589 4012 690 4065 eieiaio
708 4012 777 4064 cirea
793 4014 913 4066 floreum
967 4011 1033 4081 petit
1044 4014 1194 4082 Apostolus
1206 4011 1240 4066 ad
1263 4012 1368 4068 Coloss.
1385 4026 1433 4068 iii.
1450 4015 1483 4066 lii
1502 4010 1599 4081 quibus
1613 4009 1702 4064 verbis
1716 4010 1768 4065 ob·

107 4082 237 4152 qmlndem
260 4097 410 4146 emeris,
431 4098 484 4136 non
502 4082 609 4136 deoliis
628 4083 858 4150 comortamini
881 4082 914 4136 de
967 4096 1043 4135 serva
1057 4083 1108 4136 tria
1127 4082 1277 4148 contineri,
1319 4096 1361 4137 uae
1377 4081 1549 4151 potissimum
1570 4079 1597 4134 in
1622 4077 1711 4134 officio
1729 4079 1769 4134 di·

111 4153 283 4208 Christionis.
300 4152 355 4209 Sed
371 4161 398 4208 et
415 4153 557 4209 Cassianus
569 4153 622 4207 lioo
636 4153 697 4207 loco
711 4150 829 4222 idipsum
841 4151 912 4207 baud
968 4151 1031 4205 vino
1054 4152 1241 4215 continentur,
1270 4097 1396 4207 videlicet
1421 4150 1557 4230 psalmos,
1572 4147 1716 4229 lectiones,
1741 4159 1769 4205 et

111 4223 228 4279 obscure
240 4225 398 4290 confirmat,
411 4222 477 4280 dum
492 4223 688 4279 monachorum
703 4221 825 4284 illorum,
845 4237 914 4293 quos
967 4228 1162 4286 contuentes
1180 4220 1344 4292 quibusdam
1358 4219 1438 4276 dictis
1456 4222 1487 4275 tt.
1504 4221 1662 4290 Hieronymi
1685 4218 1769 4276 tradit

111 4309 127 4348 a
150 4295 180 4350 S.
198 4297 292 4351 hlarco
306 4296 443 4352 institutos
459 4295 570 4361 asserit,
586 4293 773 4350 austeritatem
785 4294 914 4349 sanctita-
967 4291 1120 4346 Amalarius
1135 4291 1169 4348 de
1186 4289 1289 4348 Officiis
1305 4291 1406 4347 Eccles.
1423 4289 1468 4347 lib.
1490 4304 1522 4346 iv
1542 4293 1593 4346 :ln
1614 4291 1768 4347 lectionibus

111 4373 225 4438 temque
244 4374 457 4434 commemorat,
481 4375 508 4422 et
526 4366 637 4421 extollit.
658 4363 740 4422 Unde
758 4364 829 4419 enim
853 4363 913 4421 haec
967 4363 1478 4433 enimtammojoribus,qiioeinoiqiliis
1487 4363 1768 4432 nocturnislcqimtur,

111 4439 202 4507 potuit
224 4436 367 4500 didicisse,
379 4436 433 4492 nisi
448 4452 481 4492 eii
498 4436 545 4492 illo
563 4436 633 4492 libro
647 4435 786 4502 Philonis,
810 4452 844 4490 eii
857 4450 912 4507 quo
967 4450 1049 4504 quam
1059 4436 1217 4497 minoribns,
1231 4435 1471 4503 quaedieoiiturod
1482 4435 1550 4489 alios
1560 4435 1651 4501 horos,
1664 4436 1771 4506 etcopi-

110 4507 267 4574 Eusebius,
291 4509 491 4579 Hieronymus,
514 4508 598 4563 etalii
619 4506 714 4562 eadem
729 4506 912 4578 descripsere?
967 4506 1768 4577 tulooppellantur,laudeinileiaqi'miis,etprommtiamiis.

110 4579 196 4650 Quod
210 4587 302 4634 autem
317 4578 432 4636 Philaia
448 4578 503 4635 illis
517 4578 612 4634 ascetis
624 4583 633 4645 (
643 4592 714 4649 quos
727 4577 778 4632 sub
798 4581 913 4634 Esseno-
968 4579 1163 4633 unanimem
1180 4578 1239 4630 lum
1254 4580 1304 4633 Dei
1314 4578 1389 4647 louqo
1407 4579 1512 4631 nomine
1525 4578 1640 4645 hymnus
1657 4577 1768 4631 dieitur.

110 4666 176 4705 riirn
195 4650 308 4707 nomine
322 4649 471 4715 describit)
492 4650 573 4705 etiam
587 4649 638 4704 diei
660 4648 762 4702 sabbati
786 4648 914 4703 observa·
929 4615 954 4677 Β
968 4648 1237 4718 ilatiplioiioeoiitem,
1247 4651 1425 4718 responsorio,
1435 4649 1771 4715 etmetm'ci‘liqmai'maiii'-

968 3800 1080 3868 quisque
1093 3803 1213 3853 rostrum
1222 3801 1356 3870 psalmum
1379 3798 1467 3853 babet.
1482 3802 1516 3854 Et
1530 3799 1563 3854 ad
1579 3797 1711 3868 Ephesios
1724 3814 1743 3852 v
1760 3819 1765 3853 :

111 4723 217 4776 tionem
235 4719 424 4787 commendet,
447 4736 502 4775 non
514 4719 659 4776 mirabitur
681 4721 775 4782 lector,
792 4721 814 4775 si
828 4728 914 4774 atten-
967 4722 1036 4784 feste
1046 4722 1149 4773 cantica
1159 4723 1241 4775 sant:
1255 4722 1320 4789 quio
1331 4721 1424 4774 altiori
1431 4734 1550 4789 ooeeper
1563 4719 1669 4771 notulas
1682 4718 1770 4770 dirrer-
1876 4739 1882 4749 ·

111 4791 161 4847 dat
182 4792 260 4847 initio
281 4792 416 4847 nascentis
439 4792 568 4847 Ecclesia
585 4791 685 4845 multas
712 4790 915 4845 observationes
967 4792 1115 4860 sileantur.
1130 4791 1161 4846 Si
1173 4793 1258 4858 iqimr
1272 4793 1300 4844 iii
1320 4791 1399 4844 dictis
1412 4790 1499 4843 certis
1518 4788 1641 4856 Apostoli
1657 4803 1707 4856 per
1721 4788 1771 4855 liq-

26 4860 33 4874 ‘
111 4862 242 4919 ludaicas
253 4862 322 4919 inter
335 4861 512 4929 Christianos,
530 4863 616 4917 immo
628 4861 697 4915 iuter
714 4861 861 4931 apostolos,
885 4870 915 4916 ut
968 4877 1052 4927 mites,
1064 4860 1439 4930 lectioneseteapitiila,atqaie
1448 4859 1768 4926 orationes;pereantica,

111 4949 212 4989 corum
239 4941 303 4989 heta
331 4942 474 4996 testantur,
507 4932 671 5004 aliquamdiu
695 4932 859 4993 obtinuisse,
884 4947 916 4987 ac
968 4933 1138 5000 antiphonas,
1149 4934 1331 4999 responsoria,
1346 4935 1371 4984 et
1383 4929 1475 4982 laudes
1488 4929 1536 4982 Dei
1548 4930 1683 4989 met-aiens,
1702 4943 1770 4997 quas

88 5007 274 5075 ‘perdurasse
287 5006 427 5077 (losepbus
442 5005 488 5059 li'b.
508 5019 533 5060 ιι
547 5004 580 5058 de
593 5004 664 5058 Rello
681 5003 744 5057 iud.
767 5019 828 5073 cap.
841 5008 869 5066 7,
892 5008 917 5058 et
968 5004 1119 5070 oolqora'tei·
1140 5000 1250 5069 hymnos
1265 5001 1445 5072 appellamus,
1461 4999 1610 5066 iiitelliqeie
1629 4999 1769 5062 ooliimus,

112 5076 162 5133 lib.
180 5091 240 5132 viii
251 5079 389 5147 Antiquit.
403 5091 460 5146 cop.
476 5080 519 5142 2).
533 5076 621 5144 Quam
633 5074 668 5128 oli
683 5089 793 5129 eausam
807 5072 917 5144 provide
970 5074 1060 5126 omnia
1073 5071 1229 5125 diuinarum
1239 5071 1350 5126 laudam
1360 5071 1452 5139 estleia
1464 5069 1600 5124 habemus.
1615 5072 1654 5124 lta
1668 5070 1771 5125 Radul-

111 5147 222 5216 scripsit
235 5150 271 5202 D.
293 5149 478 5220 Hieronymus
498 5164 504 5200 ε
526 5147 624 5202 Videris
639 5146 714 5200 Pliilo
732 5148 849 5215 pii'mam
869 5146 918 5198 Eo-
959 5144 1042 5214 ptius
1056 5141 1230 5211 'tungrensis
1247 5141 1372 5197 Secundo
1387 5139 1478 5196 mullis
1490 5140 1619 5211 exemplis
1637 5150 1665 5196 et
1679 5149 1771 5197 aucto-

112 5221 223 5275 cirsi‘am
243 5216 331 5274 adhue
339 5218 544 5289 judaizantem,
564 5225 615 5271 etc.
637 5219 773 5272 Caeterum
787 5232 819 5271 aii
837 5215 917 5270 iidem
972 5213 1097 5268 ritatibus
1114 5214 1227 5268 Patrum
1239 5212 1345 5285 probari
1361 5219 1450 5284 potest
1468 5211 1636 5284 psalmorum
1656 5213 1772 5268 rec'uan·

113 5291 171 5347 sint
192 5291 287 5346 Esseni
310 5288 381 5361 apud
403 5289 541 5346 Philonem
562 5296 589 5342 et
609 5287 776 5353 iosephum,
799 5303 856 5341 non
878 5294 919 5341 est
972 5286 1071 5342 dorum
1090 5295 1118 5340 et
1133 5284 1318 5342 canendorum
1338 5300 1417 5340 usum
1432 5284 1458 5337 iii
1475 5283 1592 5338 Ecclesia
1612 5291 1771 5354 perpetuum

115 5362 198 5433 hujus
209 5360 260 5416 loci
275 5360 422 5433 disquirere
436 5360 522 5426 (Vide
535 5360 634 5416 Bellon.
653 5359 698 5412 lib.
712 5370 735 5413 ιι
750 5358 782 5412 de
795 5359 917 5413 Monoeli.
973 5355 1055 5411 fuisse
1071 5373 1078 5409 :
1100 5356 1228 5426 equibus
1246 5371 1330 5428 pauca
1344 5355 1476 5411 delibasse
1496 5353 1644 5410 suffecerit.
1664 5355 1772 5410 Tertul-

115 5450 175 5504 eop.
191 5437 234 5498 ⁵).
976 5427 1063 5482 lienus
1075 5426 1120 5484 lib.
1141 5429 1174 5482 de
1191 5427 1316 5483 velandis
1334 5426 1489 5498 Virginibus
1509 5436 1630 5481 extremo
1651 5444 1659 5479 ε
1682 5427 1773 5494 Qtion-

151 5511 164 5535 ¹
178 5506 284 5574 Nempe
294 5500 405 5558 Eusebii
419 5500 591 5557 cesariensis
604 5499 651 5555 lib.
668 5514 693 5554 ii
703 5514 762 5568 cap.
782 5504 814 5554 15
828 5506 856 5554 et
871 5504 920 5567 16,
975 5504 1041 5561 tom,
1055 5498 1153 5570 inquit,
1163 5501 1363 5568 castigationem
1374 5497 1617 5558 merebuntari'llie,
1632 5499 1772 5566 quainter

119 5575 263 5630 &eumeni
277 5573 350 5629 lib.1
367 5588 426 5642 cap.
447 5579 514 5629 tfet
533 5577 575 5640 13,
590 5571 698 5626 Palladii
711 5571 829 5627 Historia
848 5571 921 5625 Laii-
974 5570 1091 5640 psalmos
1103 5575 1129 5625 et
1141 5573 1171 5624 iii
1182 5585 1350 5641 quacumque
1364 5571 1414 5626 Dei
1424 5571 1556 5623 mentione
1569 5571 1671 5622 retecta
1682 5582 1773 5637 perse·
1849 5629 1853 5638 ¹

120 5644 200 5711 sae,
214 5643 370 5701 cassiodori
385 5645 489 5700 Hister.
507 5644 623 5712 Tripart.
646 5643 692 5698 lib.
708 5657 746 5698 iii
759 5658 819 5714 cap.
839 5651 862 5708 t,
876 5642 922 5696 b'i-
974 5645 1087 5697 omont!
1107 5642 1239 5697 Eusebius
1254 5641 1301 5696 lib.
1317 5656 1342 5696 ιι
1366 5639 1468 5696 Hister.
1486 5655 1546 5711 cap.
1566 5646 1594 5693 tt
1615 5655 1647 5693 eii
1663 5639 1772 5692 Philone

118 5714 227 5819 cephori
240 5715 287 5772 lib.
300 5730 311 5771 i
325 5731 382 5787 cap.
405 5720 487 5796 tinet
501 5714 546 5770 lib.
560 5730 590 5769 iii
607 5729 666 5785 cap.
685 5721 727 5795 it.
775 5784 781 5796 ο

181 5787 286 5859 Corpus
301 5802 351 5860 pro
361 5785 492 5858 collegio,
505 5795 590 5853 eoetu,
602 5800 650 5841 seu
666 5791 841 5841 universitate
855 5783 922 5839 sub·
976 5782 1079 5840 Aleion

975 5713 1056 5768 docet
1105 5714 1190 5769 rimos
1224 5712 1285 5768 illos
1314 5712 1483 5785 monachos,
1520 5725 1567 5764 seu
1600 5708 1772 5778 tHerapeiitas

1080 5729 1196 5853 Xrinos,
1221 5798 1290 5856 quos
1312 5785 1339 5839 S.
1371 5787 1478 5838 htarcus
1509 5781 1669 5852 evangelista
1700 5775 1771 5846 apud
