3848 6158
116 273 166 327 tot
408 272 453 326 Du
471 271 710 328 cOEuoulDRUlt
730 272 852 329 ln'stlr.
872 274 935 330 ΗΒ.
957 277 1012 331 llll.
1033 306 1068 318 -
1087 278 1132 332 bl:
1150 278 1284 337 seruile
1304 281 1493 341 SUPERBlAE.
1723 297 1776 352 462

114 412 201 469 quam
217 395 396 468 perfectionis
409 396 495 452 tinem
518 413 551 453 ac
564 397 692 469 puritatis
705 399 855 471 attingere,
868 401 922 457 nisi
935 407 961 468 Α
976 404 1153 461 solummodo
1166 406 1274 476 pulsare
1287 408 1367 478 solet,
1381 411 1445 481 qui,
1460 411 1573 469 devictis
1587 416 1773 486 superioribus
1854 412 1856 416 ’

115 506 166 563 per
188 490 374 547 humilitatem
388 501 515 561 ⁴¹veram,
532 506 614 565 mam
636 491 763 563 primitus
784 492 920 553 fratribus
975 495 1063 568 vitiis,
1079 497 1137 569 jam
1152 501 1353 572 propemodum
1375 512 1439 559 suut
1460 504 1488 559 in
1502 505 1636 563 virtutum
1649 509 1768 567 culmine

36 663 45 671 ¹
113 582 242 649 reddens,
253 586 311 640 Deo
324 600 433 656 quoque
443 583 469 638 in
481 584 663 656 penetralibus
670 586 760 643 cordis
774 588 918 658 exhibeat,
974 589 1110 649 collocati.
1125 592 1199 661 Quos
1216 595 1280 666 quia
1301 597 1377 665 lapsu
1389 598 1490 654 carnali
1505 599 1698 658 subtilissimus
1713 602 1766 661 bo-

112 675 917 755 medenssineprotectioneejusatqueauxilio,persingula
972 681 1021 739 stis
1034 699 1161 756 superare
1178 703 1234 742 non
1258 690 1363 760 quivit,
1379 691 1490 763 spirituli
1505 694 1584 750 ruina
1599 695 1715 769 dejicere
1740 714 1772 755 ac

112 769 164 829 sibi
177 777 322 827 momenta
332 768 435 838 delato,
446 768 641 841 perfectionem
652 788 736 844 quam
751 775 826 847 cupit
840 784 868 832 et
879 777 915 835 ad
972 777 1145 848 supplantare
1157 789 1281 850 conatur,
1295 782 1486 854 perhancillos
1501 787 1634 845 universis
1647 799 1769 849 veterum

112 879 197 938 quam
207 864 913 943 magnoperecurritsepenitusobrmercnonposse.
972 869 1168 942 stipendiorum
1176 875 1281 931 meritis
1295 879 1382 934 multo
1395 878 1487 935 labore
1505 883 1629 951 quaesitis
1647 885 1764 956 spoliare

391 959 511 1016 CAPUT
539 961 646 1018 lleV.
971 965 1146 1021 contendens.
1164 966 1299 1023 carorum
1311 984 1361 1024 nos
1372 972 1419 1041 qui
1432 971 1522 1028 adhuc
1542 977 1656 1033 terrenis
1672 992 1769 1035 sumus

150 1054 220 1121 Quos
242 1053 516 1122 spiritalusuperiiu
526 1055 625 1123 pulset,
639 1070 735 1124 quosue
748 1059 878 1111 carnalis.
970 1057 1140 1127 passionibus
1154 1058 1282 1129 involuti,
1295 1077 1465 1136 nequaquam
1485 1066 1537 1123 boc
1559 1070 1643 1126 modo
1664 1080 1769 1129 tentare

149 1147 299 1217 Hucusque
311 1143 488 1216 delspirituli
501 1145 639 1218 superbio,
652 1152 706 1219 qua
716 1147 837 1205 diximus
854 1165 914 1223 per·
969 1149 1106 1222 ematur,
1128 1152 1176 1209 sed
1190 1154 1340 1223 crassiore,
1354 1163 1395 1222 et,
1418 1166 1448 1213 ut
1469 1158 1504 1212 ita
1524 1158 1640 1216 dixerim
1666 1146 1770 1220 carnali

112 1239 202 1299 sectos
219 1254 341 1312 quosque
361 1239 482 1312 pulsari,
508 1248 641 1311 quantum
670 1243 787 1300 tenuitas
811 1243 913 1317 ingenii
969 1241 1086 1299 elatione
1104 1243 1268 1316 supplantat.
1287 1248 1323 1302 Et
1336 1246 1435 1304 idcirco
1446 1247 1480 1304 de
1494 1250 1560 1319 bac,
1576 1266 1627 1322 qua
1647 1256 1769 1312 maxime

112 1332 202 1390 notui
224 1330 387 1405 praevaluit,
416 1331 536 1389 donante
559 1334 631 1403 Deo,
657 1334 758 1391 dixisse
785 1335 912 1398 sufficiat.
969 1354 1035 1407 nos,
1059 1355 1107 1396 seu
1127 1349 1228 1397 nostrae
1248 1358 1384 1399 mensurae
1413 1344 1555 1409 homines,
1579 1363 1611 1401 ac
1632 1349 1770 1420 praecipue

111 1425 193 1494 Quod
206 1424 341 1498 superbiae
354 1440 441 1496 genus
454 1440 512 1482 non
531 1426 627 1484 multis
640 1429 782 1500 cognitum
804 1445 855 1486 nec
868 1446 915 1488 es·
964 1432 1107 1505 juniomm
1121 1436 1165 1492 vel
1178 1437 1365 1509 incipientium
1383 1447 1488 1496 mentes
1503 1440 1647 1512 periclitari
1666 1441 1773 1511 solent,

111 1527 222 1594 pertum
232 1528 284 1590 est,
295 1519 360 1593 quia
373 1534 423 1575 nec
435 1519 526 1592 plures
539 1520 649 1577 student
662 1519 810 1593 perfectam
821 1522 913 1581 cordis
967 1527 1150 1584 necessarium
1163 1545 1226 1586 reor
1244 1530 1397 1588 secundum
1410 1533 1622 1604 promissionem
1644 1541 1766 1590 nostrum

110 1612 313 1687 apprehendere
328 1614 495 1686 puritatem,
517 1623 547 1670 ut
559 1614 593 1671 ad
610 1614 660 1673 bos
680 1617 837 1689 praeliorum
849 1635 914 1691 gru-
968 1636 1053 1694 pauca
1065 1620 1232 1694 depromere.

110 1708 163 1766 dus
181 1705 287 1764 valeant
298 1706 459 1780 pervenire;
474 1723 524 1764 nec
537 1708 749 1780 precedentium
766 1711 911 1782 vitiorum,
1253 1717 1372 1774 CAPUT
1391 1721 1470 1774 xxv.

110 1818 230 1876 quorum
243 1802 271 1859 in
285 1801 397 1876 ungulis
412 1801 510 1859 libellis
520 1811 646 1860 naturam
659 1804 759 1876 pariter
772 1805 912 1862 remedia·
928 1799 952 1862 B
1143 1812 1291 1880 Descriptio
1303 1812 1421 1865 canralr's
1435 1813 1575 1881 superbire.

109 1911 164 1970 que
178 1895 372 1970 premisimus,
386 1903 551 1969 procuratur
564 1895 618 1954 ulla
633 1899 770 1971 purgatio.
787 1899 839 1956 Sed
850 1901 911 1957 illos
999 1904 1061 1957 llaec
1082 1901 1172 1973 igitur,
1194 1918 1275 1974 quam
1296 1900 1430 1971 diximus,
1445 1913 1455 1939 ⁶
1478 1905 1596 1961 carnalis
1618 1905 1762 1977 superbia,

657 2032 784 2089 luxum
803 2033 918 2091 GAZAEI
936 2034 1217 2092 COMMENTARIUS.

146 2154 160 2184 ⁸
181 2149 243 2202 lion
254 2145 356 2212 fletam,
371 2153 418 2202 ant
436 2145 605 2215 simulatam,
621 2146 703 2205 idest
722 2150 837 2217 nullam,
856 2149 905 2208 sed
958 2153 1074 2215 deuenit,
1086 2169 1145 2207 cum
1156 2152 1288 2221 pendium
1300 2151 1607 2220 quodsemperuppetit,
1619 2154 1760 2220 frequenti

110 2231 218 2272 veram.
227 2218 370 2272 Humilitus
379 2219 581 2273 enimuirtusest
589 2222 906 2290 quaquiseerissimasui
957 2225 1030 2279 sidet
1043 2224 1200 2293 interpolari
1218 2225 1342 2289 tristitia,
1352 2238 1435 2291 quarn
1446 2222 1479 2276 de
1490 2223 1563 2275 barris
1573 2223 1684 2275 alterius
1694 2239 1760 2276 can-

113 2289 264 2356 copniiieae
277 2287 392 2357 sibiipsi
400 2288 500 2342 silescit
514 2288 552 2343 ait
565 2290 599 2342 D.
617 2291 778 2347 bernardus.
796 2293 863 2347 ilinc.
877 2301 904 2349 et
959 2294 1055 2358 tuatim
1076 2295 1219 2364 impatiens
1234 2308 1288 2347 suu
1306 2293 1514 2354 bumiliationis,
1529 2294 1606 2361 sapit
1624 2293 1661 2346 ad
1675 2296 1759 2347 corui·

111 2360 150 2415 D.
164 2358 344 2430 Hieronymus
355 2357 714 2427 iudpistolaadCaelautiam
724 2365 823 2432 (Epist.
838 2365 901 2427 til:
958 2365 1025 2419 lium
1034 2366 1113 2432 sulse
1122 2366 1317 2419 consolationis.
1334 2364 1414 2420 lilurn
1433 2365 1481 2432 qai
1495 2363 1626 2432 cirisrnrdi
1644 2368 1693 2429 est,
1708 2369 1758 2418 ‹rut

109 2429 202 2493 Nubel,
214 2427 319 2500 inquit,
339 2430 436 2484 babeas
457 2430 613 2486 bumilitate
627 2436 815 2503 proesmrrtius,
833 2434 905 2489 nibil
957 2450 1114 2505 numquam,
1134 2439 1182 2490 aut
1192 2451 1254 2490 raro
1267 2439 1412 2503 pcrncntcm
1426 2435 1530 2495 ouilia,
1544 2439 1593 2487 (iret
1606 2435 1759 2502 lmrpaun-

109 2500 266 2555 umbilicus.
284 2501 346 2555 Huc
368 2505 407 2555 est
424 2503 495 2555 enim
513 2505 652 2573 precipua
665 2506 856 2567 conscreotriu,
879 2510 906 2560 et
959 2509 1010 2561 tem
1024 2507 1128 2561 uidebis
1142 2525 1150 2560 ε
1164 2509 1193 2560 in
1201 2508 1286 2574 siquis
1296 2506 1460 2566 scurrilitas,
1473 2508 1501 2558 ia
1515 2506 1606 2571 fronte
1619 2504 1755 2569 bilin-itas,

110 2573 192 2641 quusi
199 2575 288 2627 custos
298 2571 424 2640 quadum
441 2573 574 2626 uirtutum
588 2577 715 2629 omnium.
731 2577 857 2644 Nihilque
865 2581 905 2632 est
958 2579 1066 2631 barritus
1075 2581 1188 2646 apparet
1199 2579 1229 2630 in
1239 2579 1350 2631 incessu.
1360 2576 1611 2645 Prouusadjucum,
1622 2576 1713 2643 scurrilis
1725 2591 1756 2631 ac

109 2641 181 2712 quod
191 2656 238 2717 uos
248 2643 289 2695 itu
301 2646 327 2696 et
336 2641 486 2696 bominibus
500 2647 589 2711 pratos
602 2649 628 2699 et
639 2650 691 2702 Deo
704 2647 810 2712 (cudat,
823 2662 905 2715 quam
956 2653 1099 2717 promptus
1114 2650 1142 2701 in
1159 2650 1254 2701 cisum.
1276 2649 1311 2701 Iit
1325 2646 1405 2716 paulo
1421 2654 1483 2715 post
1500 2666 1506 2701 :
1529 2648 1563 2699 Ut
1577 2649 1647 2699 elsim
1667 2649 1755 2700 uesica

108 2715 135 2768 si
142 2714 205 2768 oitoe
216 2714 312 2767 merito
320 2716 417 2780 maprri
426 2712 579 2770 bumilitate
585 2718 672 2786 inimi
678 2718 763 2771 simus
774 2736 782 2781 l
793 2721 904 2786 propter
959 2718 1064 2772 collecto
1078 2717 1191 2787 turpido
1202 2720 1290 2779 veruto,
1299 2721 1450 2786 pulicisque
1456 2718 1602 2785 perforata
1613 2719 1720 2783 cuique,
1729 2720 1756 2771 si

109 2783 181 2854 quad
191 2785 333 2853 sumptura
347 2783 414 2837 dicit
429 2802 438 2837 .·
453 2785 559 2852 Quanto
572 2803 686 2857 mopsus
701 2802 737 2851 es,
753 2787 905 2844 humiliate
958 2790 1112 2860 strinpitur,
1127 2790 1251 2858 crepitat,
1266 2787 1332 2842 dum
1351 2789 1518 2854 detumescit,
1531 2803 1562 2840 ac
1574 2791 1667 2841 rennes
1681 2802 1756 2855 epre-

108 2855 139 2908 in
159 2854 289 2916 omuibus,
309 2858 440 2908 eteorum
456 2859 512 2911 Dea
525 2858 644 2914 inuenies
657 2861 773 2927 qratiam
788 2860 901 2924 (Eccles.
958 2860 1033 2914 diens
1043 2875 1096 2913 aare
1104 2860 1206 2929 passim
1215 2858 1326 2927 effusus,
1337 2859 1384 2913 seri
1394 2861 1507 2913 strictim
1516 2860 1637 2920 emissas,
1654 2858 1757 2913 crebros

106 2928 207 2991 111).Et
213 2927 340 2980 Dominus
348 2926 468 2994 loquitur
479 2942 528 2995 per
539 2931 699 3000 proplietam
711 2948 717 2984 ε
729 2931 905 3000 superquam
957 2930 1087 2999 qrrusdam
1097 2932 1201 2984 sonitus
1210 2930 1318 2998 reddit;
1332 2931 1371 2983 sic
1380 2929 1523 2983 monachus
1533 2930 1581 2983 ubi
1590 2931 1665 2983 ruanis
1675 2943 1753 2982 sciur-

108 2996 192 3051 alium
201 2998 374 3066 requiescum,
388 2999 442 3051 nisi
452 3012 532 3067 super
544 3001 680 3061 humilem,
694 3005 719 3055 et
729 3004 861 3070 quietum,
878 3006 904 3056 et
957 3001 1107 3070 rilibusque
1117 3015 1161 3055 cor
1174 3015 1254 3054 suum
1264 3000 1471 3068 capitationibus
1477 3001 1638 3069 impleverit,
1645 3003 1754 3068 propter

108 3069 263 3122 trementem
275 3067 356 3121 caba
372 3082 431 3121 meu
445 3067 517 3139 (Dea.
533 3076 629 3137 exsuli
646 3073 836 3128 Verumtamen
850 3074 903 3126 bu-
958 3071 1238 3141 disciplinamsilentii
1246 3086 1299 3124 non
1308 3072 1443 3124 inveniens
1457 3075 1551 3124 cerutus
1563 3071 1753 3138 caruitatisquu

106 3139 903 3212 mrlitatcmaequere,nonquaeostendituratquesimulatur
954 3140 1753 3211 pleniuseprediatur,interartqustiussaueiumpereaclrin·

108 3214 186 3278 postu
198 3209 369 3278 corpon‘sam
380 3210 471 3275 fructa
481 3213 697 3275 voceoerborum,
708 3213 755 3267 scd
764 3228 825 3282 quse
833 3229 903 3282 puro
957 3228 1005 3267 uos
1012 3216 1156 3267 auertitur.
1167 3213 1287 3280 Quartus
1293 3220 1334 3267 est
1340 3213 1485 3280 jactantia.
1502 3212 1554 3278 Qui
1565 3212 1602 3265 ud
1611 3212 1751 3278 buncpra-

106 3279 210 3350 affectu
216 3278 300 3333 cordis
307 3281 817 3348 exprimitur.Aliudestenimcirtutem
825 3283 903 3338 lrabe-
957 3283 1022 3338 dum
1031 3287 1163 3354 peruenit,
1185 3284 1281 3352 plenius
1300 3287 1341 3336 est
1352 3283 1529 3349 sermonibus,
1541 3282 1580 3337 ait
1595 3281 1668 3336 idem
1683 3285 1752 3336 Ber-

106 3366 148 3419 re,
162 3349 241 3404 aliud
253 3351 360 3405 vitutus
374 3351 591 3416 similitudinem,
601 3354 679 3409 aliud
692 3358 731 3409 est
740 3369 830 3409 rerum
846 3370 904 3408 um-
956 3353 1069 3420 nardus,
1091 3359 1116 3409 et
1130 3357 1246 3408 coarctat
1260 3368 1320 3406 eum
1331 3355 1444 3422 spiritus
1459 3355 1530 3406 reteri
1542 3355 1593 3406 sai.
1613 3355 1708 3408 Esurit
1726 3356 1753 3407 et

110 3422 187 3477 mam
199 3422 286 3492 sequi,
298 3422 530 3478 aliudeeritatem.
540 3426 625 3482 Multo
636 3425 783 3493 deformior
800 3425 897 3481 illaesi
919 3456 941 3520 c
955 3427 1015 3479 sitit
1031 3425 1169 3479 auditores
1182 3425 1279 3494 quibus
1293 3438 1356 3478 suus
1368 3423 1477 3493 jactitet
1494 3426 1636 3485 vanitates,
1653 3424 1753 3493 quibus

107 3492 245 3564 superbuiq
254 3508 315 3563 que
327 3493 543 3563 subquibusdom
553 3496 716 3551 humilitatis
723 3497 810 3566 siquis
825 3497 898 3552 lutet.
955 3510 1031 3551 amne
1050 3495 1122 3565 quod
1131 3497 1213 3550 sentit
1224 3493 1362 3564 effrundut,
1376 3495 1472 3564 quibus
1490 3496 1578 3564 qualis
1594 3498 1620 3550 et
1633 3498 1753 3564 quolenus

107 3566 200 3621 Nescio
212 3567 284 3619 enim
295 3565 426 3633 quomoda
441 3568 563 3636 turpubra
580 3572 644 3624 suat
654 3570 732 3632 uitia,
743 3583 801 3623 crum
812 3569 902 3624 virtu·
954 3569 990 3621 sit
999 3569 1154 3622 innotescat.
1166 3569 1274 3623 inuenta
1287 3569 1378 3620 aretem
1389 3567 1522 3620 occasione
1536 3567 1670 3635 loquendi,
1682 3568 1707 3620 si
1717 3566 1752 3620 de

108 3637 258 3705 tumspecie
270 3637 400 3691 misatur.
955 3639 1052 3694 litteris
1067 3653 1152 3693 samo
1161 3639 1294 3699 exoritur,
1304 3641 1392 3692 areima
1399 3638 1576 3706 proferuntur
1586 3641 1696 3700 etaoua,
1705 3653 1752 3691 eo-

144 3705 321 3776 ¹’spiritualis
332 3706 456 3778 superbia
468 3708 597 3768 Cassiano
609 3727 671 3785 quse
685 3709 801 3775 dicatur,
812 3719 839 3766 et
853 3710 899 3782 qui
916 3759 922 3771 ,
954 3710 1012 3764 lunt
1022 3711 1171 3772 sententia,
1193 3709 1272 3763 cuba
1287 3713 1413 3762 resonant
1426 3710 1588 3777 ampullosa.
1613 3711 1750 3763 Pruuenit

108 3791 125 3832 a
144 3776 244 3832 carnali
266 3777 449 3850 distinguatur
468 3779 573 3839 dietum
592 3793 635 3840 est
657 3798 739 3855 supra
761 3783 836 3852 (cap.
859 3782 898 3853 2),
952 3782 1176 3851 interropantem,
1191 3779 1549 3849 conquerentirespondet;
1563 3780 1747 3847 ipsequaerit,

110 3855 138 3903 et
151 3847 218 3904 satis
226 3846 310 3905 etiam
321 3865 354 3904 cx
368 3851 420 3905 boo
432 3852 518 3923 capite
532 3853 689 3925 intelligiur.
952 3853 965 3904 i
983 3866 1010 3906 se
1024 3853 1114 3914 saluit,
1130 3855 1156 3906 et
1171 3852 1253 3906 sacrm
1266 3850 1434 3905 collocutoris
1445 3850 1602 3918 imperfecta
1611 3849 1749 3917 pruscia-

143 3928 155 3954 θ
172 3920 313 3977 Camalem
338 3937 369 3976 su
405 3920 495 3975 rbiam
510 3922 654 3985 describit,
674 3922 785 3991 ejusque
798 3920 899 3991 gradus
952 3868 1004 3984 affe,
1020 3931 1074 3978 etc.
1088 3923 1157 3979 Side
1167 3922 1402 3990 reliqioneaqitur,
1414 3921 1506 3974 statim
1517 3921 1627 3974 sumnus
1637 3922 1663 3971 et
1675 3932 1748 3971 sern-

106 3988 212 4061 aliquot
222 4000 353 4047 recenset.
392 3991 452 4063 ujus
466 3991 608 4048 occasione
626 3989 845 4061 operaepretium
858 3990 898 4045 vi·
952 3995 999 4046 nra
1010 3994 1196 4062 proferuntur,
1220 4000 1273 4047 etc.
1293 3991 1412 4059 Quintus
1436 3989 1537 4062 gradus
1551 3989 1749 4056 siuqularitas,

105 4057 197 4128 detur,
210 4070 290 4134 atque
309 4061 435 4116 instituto
456 4066 552 4115 nostro
565 4058 645 4132 plane
666 4066 899 4130 consentaneum,
952 4078 1007 4131 pua
1018 4065 1079 4132 quis
1086 4063 1194 4131 aliquid
1205 4065 1264 4129 apit
1274 4063 1419 4130 sinpulare
1430 4064 1479 4114 aut
1486 4061 1662 4129 sirrpriluritcr
1671 4074 1698 4112 se
1708 4074 1751 4126 qe·

105 4129 252 4189 duodecim
272 4131 374 4213 gradus
396 4128 529 4200 superbiae
547 4146 563 4186 a
578 4132 615 4186 D.
630 4128 768 4187 Bernardo
788 4144 899 4185 enume-
951 4135 999 4198 rit,
1030 4147 1064 4186 uo
1076 4137 1275 4201 suprocaeteros
1287 4134 1441 4186 aestimetur.
1457 4130 1531 4184 Unde
1542 4130 1710 4196 rronsusficit
1721 4129 1748 4181 ei

103 4210 181 4259 ratos
200 4212 229 4259 et
239 4202 353 4257 totidem
370 4199 530 4258 humilitatis
548 4202 778 4276 gradibus,quos
793 4202 825 4256 D.
847 4203 900 4258 Be·
952 4219 988 4328 zu
1038 4203 1360 4257 communismonasterii
1376 4201 1479 4267 Reqrula
1494 4199 1688 4268 outmuJ'orum
1703 4214 1745 4254 co·

102 4273 233 4332 nedictus
248 4275 290 4333 (ln
310 4286 332 4326 a.
348 4274 363 4325 3
377 4274 451 4341 Dap.)
467 4287 521 4329 non
539 4281 597 4331 tam
616 4271 801 4330 numerandos
834 4288 899 4330 uam
972 4277 1097 4328 artantur
1105 4273 1388 4343 cuempiallecramen
1395 4271 1488 4325 melior
1502 4286 1556 4325 esse
1565 4270 1745 4342 studetquam

102 4341 293 4402 mandendos
307 4343 447 4413 proponit,
463 4342 561 4401 directe
575 4346 715 4417 oppositos
729 4342 773 4399 hic
788 4289 898 4412 afferre,
951 4344 1216 4410 uidem3nartmelius
1227 4341 1473 4411 uiuere,sedcideri
1480 4345 1662 4411 uiuerepestit,
1674 4359 1744 4413 pruri-

102 4412 254 4486 quosidem
267 4417 300 4469 D.
318 4413 470 4471 Bernardus
483 4416 661 4487 pulcherrime
671 4416 787 4487 explicat
797 4417 896 4487 (Troct.
953 4419 1029 4471 tenus
1042 4415 1129 4471 dicere
1144 4416 1230 4485 possit
1246 4433 1255 4468 ε
1271 4416 1329 4472 lica
1347 4429 1406 4469 sum
1419 4416 1490 4469 siau
1506 4415 1596 4469 ceteri
1608 4415 1746 4468 coruinum

101 4487 161 4555 29).
177 4485 288 4542 Primus
302 4485 392 4557 itaque
410 4486 544 4558 superbiae
580 4486 662 4545 radus
682 4496 724 4544 est
739 4490 893 4558 curiosius,
950 4488 1024 4552 (Luc
1040 4489 1139 4554 xviri).
1152 4488 1216 4543 Plus
1232 4486 1285 4542 sibi
1296 4485 1546 4541 blanditurdeuao
1554 4485 1660 4557 jejunio
1672 4484 1746 4556 qrrod

104 4571 190 4628 quam
202 4556 282 4613 docet
299 4556 342 4611 bis
355 4556 460 4613 iudiciis
481 4503 664 4629 depressendi:
680 4560 712 4616 Si
726 4558 837 4627 eiciens,
852 4559 894 4614 iu·
949 4561 1052 4614 ceteris
1066 4559 1264 4629 prandentibus
1274 4558 1354 4626 facit,
1363 4573 1451 4683 guam
1467 4558 1492 4611 si
1510 4573 1569 4612 curn
1585 4560 1688 4612 ceteris
1702 4571 1745 4610 se-

103 4629 176 4699 quit,
196 4630 351 4683 maruciam
365 4627 398 4682 de
410 4644 463 4698 quo
470 4631 548 4698 prius
559 4632 622 4685 bene
638 4629 796 4700 confidebas,
811 4631 894 4686 oculis
945 4633 1020 4699 ptem
1030 4631 1087 4686 dies
1096 4630 1242 4701 ieiunarit.
1257 4630 1361 4687 dommo

105 4701 274 4769 incipientem
288 4701 396 4768 sapori,
405 4704 487 4769 caput
500 4706 626 4763 erectum,
638 4716 717 4756 aures
727 4701 822 4755 babere
835 4715 895 4756 sus·
949 4702 1068 4757 tiruncula
1076 4702 1232 4772 peculiaris,
1246 4716 1329 4770 quom
1336 4699 1553 4823 tetagrsulmodia
1563 4699 1643 4750 unius
1651 4696 1745 4753 tractu,

1382 4631 1423 4683 ior
1432 4629 1487 4683 sibi
1494 4630 1603 4683 uidetur
1614 4643 1669 4680 unu
1682 4641 1744 4679 irrra-

100 4786 215 4843 pensus,·
230 4771 536 4826 eumatibuseaterioris
546 4773 662 4827 bominis
676 4773 828 4826 interiorem
844 4772 895 4826 lio-
948 4778 976 4827 et
990 4780 1088 4828 caetera
1108 4787 1173 4828 sane
1187 4770 1380 4843 pulcherrima.
1416 4777 1492 4823 extus
1510 4774 1551 4820 est
1572 4763 1745 4830 arr-opuntia,

102 4843 205 4897 minem
222 4843 392 4922 immutatum
408 4856 543 4910 aquoscus.
570 4840 711 4899 Secundus
737 4848 779 4898 est
801 4841 895 4898 leuitas
909 4823 935 4885 Ῑ)
947 4855 1000 4913 qua
1015 4844 1075 4925 quis
1087 4842 1139 4897 sibi
1155 4841 1215 4922 plns
1226 4839 1324 4920 tribpit
1339 4853 1422 4920 quom
1440 4834 1540 4900 babet,
1557 4833 1615 4888 aliis
1628 4847 1657 4914 se
1672 4845 1742 4902 prae·

104 4915 203 4973 animi,
213 4925 303 4982 quaem
310 4927 343 4967 eo
357 4912 488 4979 consistit,
496 4911 677 4986 quodquissit
688 4910 773 4968 facilis
785 4910 896 4983 adjudi·
949 4921 1111 4969 stantiorem
1126 4916 1380 4974 aestunatscrentrs,
1395 4911 1503 4972 vrdrrte,
1519 4903 1668 4974 prudentio.
1690 4910 1743 4959 etc.

105 4983 226 5040 eundum
235 4982 269 5038 de
277 4982 393 5038 aliorum
405 4981 493 5048 iactis,
501 4992 529 5039 et
539 4984 573 5041 ad
586 4984 695 5056 quidvis
703 4982 895 5050 effutiendum,
949 4987 995 5051 Bt,
1010 4991 1042 5038 ut
1055 4981 1092 5037 ait
1101 4980 1264 5043 Demordus,
1284 4978 1366 5034 credit
1380 4977 1451 5048 quod
1465 4977 1553 5039 crudit,
1566 4975 1660 5030 laudet
1673 4974 1745 5045 qruod

104 5061 157 5110 etc.
166 5055 322 5117 Monachus,
336 5053 499 5125 inquit,qui,
508 5057 553 5110 sui
560 5057 707 5125 nepliqeas,
718 5057 786 5109 alios
794 5056 896 5111 cumose
950 5056 1019 5123 opit,
1035 5057 1060 5109 et
1093 5053 1142 5106 uid
1152 5051 1286 5113 intendat,
1297 5065 1350 5104 non
1364 5048 1497 5116 attendit3
1512 5050 1611 5118 quique
1625 5048 1657 5102 du
1671 5047 1746 5129 omni

104 5127 301 5197 circumspicit3
313 5125 517 5194 dumquosdnm
525 5129 638 5252 suspicit
648 5142 680 5182 su
700 5128 808 5193 emeres,
817 5140 894 5195 quos-
949 5126 1006 5179 ulia
1019 5141 1048 5179 re
1060 5069 1121 5194 p3us
1132 5123 1185 5178 sibi
1197 5122 1370 5192 creditquam
1382 5121 1456 5184 aliis,
1467 5120 1500 5176 de
1509 5120 1597 5175 sescla
1607 5119 1670 5188 plus
1680 5118 1743 5170 alus

104 5195 169 5251 dum
183 5197 295 5266 despicit
306 5197 456 5262 inferiores,
468 5201 493 5252 et
506 5199 535 5252 in
548 5213 565 5252 a
576 5200 611 5253 iis
622 5200 671 5269 qu'
741 5196 814 5252 uidet
825 5196 898 5267 quod
950 5196 1036 5251 credit
1048 5211 1130 5266 quam
1144 5193 1198 5249 sibi
1202 5212 1210 5261 3
1223 5199 1249 5249 et
1266 5193 1333 5263 quid
1352 5193 1401 5247 uid
1414 5193 1447 5247 de
1463 5208 1490 5247 sc
1506 5191 1647 5246 lurudatum
1659 5203 1744 5257 aquo·

103 5268 215 5330 inuidet,
227 5269 256 5321 in
266 5265 331 5321 aliis
343 5267 414 5336 quod
425 5269 538 5335 irridet;
550 5269 613 5325 inde
621 5273 653 5341 pit
663 5275 752 5340 utpro
765 5268 897 5323 mobilita-
949 5269 1029 5332 verit,
1040 5283 1093 5322 aaa
1103 5209 1517 5336 iquoruutiaemutgeueuolentiae
1526 5261 1689 5344 laudatoris,
1697 5260 1744 5315 sed

102 5342 130 5393 te
143 5339 690 5412 oculorumleuipatusaaimus‚modoper
699 5338 897 5412 arpmbiamud
950 5341 1006 5395 suis
1032 5340 1138 5395 meritis
1161 5341 1323 5406 arropaater
1342 5335 1461 5390 ascribit.
1483 5334 1621 5404 Septimus
1644 5331 1745 5414 gradus

104 5408 164 5462 uita
172 5424 199 5465 se
208 5412 306 5479 eripui,
314 5409 392 5465 modo
420 5412 629 5467 erinuidiamin
643 5412 897 5481 imademerpat3in
948 5413 1134 5481 presumptio,
1149 5423 1233 5481 quam
1246 5417 1273 5463 et
1294 5405 1489 5479 praeiidentiam
1506 5412 1607 5460 vocant
1631 5404 1741 5470 Latiar,

104 5479 191 5560 altem
200 5496 327 5551 aequum
342 5482 371 5535 in
383 5425 466 5537 agero
479 5498 575 5547 uanus,
588 5486 618 5538 in
630 5483 894 5567 utroquesuperlrus.
951 5496 1005 5553 qua
1019 5482 1079 5554 quis
1094 5495 1151 5538 suae
1172 5478 1314 5536 industriae
1324 5485 1372 5561 aut
1390 5475 1446 5533 suis
1459 5475 1560 5531 viribus
1579 5476 1617 5558 ita
1629 5474 1697 5540 fidit,
1713 5480 1744 5528 ut

103 5551 215 5606 Tertius
228 5552 328 5621 gradus
340 5559 381 5608 est
395 5554 487 5624 inepta
500 5555 760 5628 latitiul'roprrum
773 5554 845 5610 enim
856 5561 899 5611 est
951 5553 985 5609 ad
1000 5554 1091 5608 omnia
1102 5568 1132 5609 se
1149 5567 1242 5624 parem
1256 5549 1394 5607 existimet
1409 5554 1436 5604 ot
1446 5562 1478 5603 ea
1489 5547 1666 5619 aggrediatur
1680 5558 1743 5616 quae

103 5620 286 5692 superborum
300 5623 362 5680 laeta
387 5638 495 5697 semper
518 5633 662 5698 appetere,
688 5635 715 5683 et
740 5625 827 5682 tristia
849 5624 897 5681 de·
951 5627 1022 5679 vires
1035 5624 1094 5696 ejus
1106 5630 1244 5695 superant.
1264 5623 1317 5690 Qui
1329 5622 1410 5688 enim,
1426 5618 1513 5691 inquit
1527 5619 1559 5673 D.
1572 5614 1743 5682 bernardus,

100 5693 202 5756 vitare,
218 5693 292 5764 iuxta
313 5693 381 5751 illud
395 5714 402 5749 :
416 5696 466 5752 dor
485 5699 628 5753 stultorum
641 5698 690 5754 ubi
705 5699 803 5754 letitia
814 5696 896 5764 (Eccl.
951 5697 1018 5751 alios
1034 5710 1062 5751 se
1083 5696 1231 5766 precellere
1246 5697 1346 5765 putot,
1366 5691 1496 5762 qrramodo
1512 5706 1565 5744 uon
1576 5690 1639 5760 plus
1662 5688 1695 5741 de
1716 5702 1744 5742 sc

99 5766 184 5835 xvsti.
195 5766 268 5821 Unde
280 5770 305 5821 et
316 5766 512 5838 morracbusqui
521 5769 648 5841 duosp'am
657 5770 786 5841 superbie
796 5768 899 5839 pradus
971 5782 1035 5822 uam
1044 5766 1077 5821 de
1086 5767 1151 5822 aliis
1158 5770 1306 5837 presumat
1315 5766 1448 5820 ierimus
1456 5764 1486 5817 in
1492 5759 1659 5816 conuentibus
1671 5759 1742 5839 resi-

99 5837 329 5904 deseruissem
339 5852 392 5909 Det
406 5840 588 5898 adamica
604 5840 642 5898 ad
660 5841 749 5898 animi
764 5840 900 5897 molera
986 5842 1007 5903 t,
1016 5838 1047 5894 in
1057 5838 1175 5895 consiliis
1179 5839 1288 5909 primus
1296 5834 1448 5908 respondet,
1458 5847 1511 5888 non
1519 5826 1741 5888 uocatusaccedrt,
