3848 6158
444 256 614 316 COLLthO
633 256 728 314 xlttt.
746 284 783 297 -
801 255 847 311 DE
865 252 989 311 stttatls
1006 250 1198 309 cassamus
1217 251 1467 309 hostellarius.
1716 259 1786 313 llll

415 385 536 441 CAPUT
561 384 639 439 xltt.
944 382 1098 451 Aapparet
1109 393 1164 435 non
1185 386 1330 451 propterea
1349 379 1499 448 corruisse,
1514 379 1577 452 quia
1597 380 1728 437 imbrium
1743 382 1786 439 vel

456 480 609 549 Rcspmur'o.
985 472 1147 528 torrentium
1161 472 1338 529 inundatione
1358 472 1471 544 pulsata,
1485 472 1535 530 scd
1546 474 1609 546 quia
1623 490 1705 547 super
1723 490 1787 531 are-

162 575 319 631 Piammon:
331 570 465 628 Patientia
475 586 538 627 rera
548 578 630 643 atque
644 564 824 640 tranquillitas
830 565 932 640 absque
985 580 1050 621 nam
1064 564 1253 638 imprudenter
1272 572 1314 622 est
1327 572 1442 622 structa.
1459 568 1521 621 llon
1535 566 1610 621 enim
1625 567 1650 621 in
1664 566 1717 623 hoe
1730 564 1786 623 dil·

128 668 261 742 proiuuda
277 666 369 724 cordis
384 665 538 722 humilitate
551 679 601 722 nec
617 662 766 735 acquiritur
779 678 831 719 nec
852 669 931 719 tene·
992 656 1046 715 lert
1067 674 1084 715 a
1104 666 1246 732 peccatore
1268 657 1311 714 vir
1325 666 1448 726 sanctus,
1461 657 1525 731 quia
1548 674 1603 715 non
1626 658 1752 716 similitor
1769 675 1787 717 e

128 777 182 824 tur.
196 768 265 837 Qua
285 766 308 822 si
323 764 357 821 de
372 764 424 821 hoc
446 763 522 821 ioute
534 760 714 829 descenderit,
733 774 784 817 nec
798 758 930 816 beneficio
984 752 1041 826 ipse
1056 761 1188 819 tentatur.
1208 752 1257 811 ted
1273 752 1337 826 (111ῑᾶ
1359 752 1402 809 hit
1416 752 1499 809 eliam
1517 768 1615 827 magna
1639 754 1786 827 impugna·

130 862 222 929 cellae,
237 877 288 917 nce
308 858 434 931 perfugio
450 856 606 915 solitudinis
625 854 764 928 indigebit.
777 855 840 910 Non
854 853 929 910 enim
985 847 1059 905 tione
1072 863 1131 904 non
1139 846 1267 917 vincitur,
1277 847 1325 903 ille
1337 855 1429 903 autem
1439 848 1523 903 etiam
1544 862 1624 917 parva
1635 848 1786 906 tentatione

130 955 311 1027 patrocinium
325 954 484 1025 cujusquam
496 950 535 1008 rei
549 950 722 1007 extrinsecus
736 948 848 1022 quaerit,
866 963 928 1020 quae
985 951 1138 1015 superatur.
1151 944 1248 1015 Neque
1268 942 1341 998 enirn
1356 948 1439 1010 esset,
1461 948 1492 998 ut
1509 941 1641 1012 diximus,
1658 942 1725 1016 justi
1737 942 1787 999 ali·

129 1044 305 1109 humilitatis,
327 1045 356 1100 id
372 1052 423 1111 est,
445 1041 621 1116 generatricis
641 1050 725 1113 atque
739 1038 860 1098 custodis
874 1054 932 1097 suae
985 1034 1063 1106 errius
1088 1035 1233 1093 laudabilis
1257 1034 1399 1100 tortitudo,
1422 1036 1444 1092 si
1473 1037 1594 1093 vinceret
1627 1037 1787 1107 intentatus,

129 1138 289 1195 intrinsecus
303 1138 403 1194 virtute
412 1134 535 1194 fulcitur.
549 1136 689 1193 Caeterum
703 1134 726 1191 si
741 1148 885 1190 movemur
897 1134 930 1190 ab
984 1145 1048 1187 eum
1060 1131 1155 1203 utique
1172 1129 1282 1186 rictoria
1298 1130 1390 1186 locum
1406 1130 1506 1186 habere
1523 1147 1577 1187 non
1587 1132 1674 1203 possit
1684 1132 1786 1205 absque

127 1233 219 1302 aliquo
243 1230 370 1298 lacessiti,
386 1236 494 1286 certum
507 1235 615 1284 estnon
626 1242 685 1284 esse
702 1226 729 1282 in
742 1224 823 1283 nobis
839 1226 930 1282 humi·
984 1227 1147 1285 adversitate
1159 1226 1351 1283 certaminum.
1364 1229 1463 1283 Beatus
1479 1225 1552 1281 enim
1566 1230 1609 1282 uir
1630 1229 1680 1297 qui
1689 1229 1788 1297 suffert

129 1326 211 1382 litatis
223 1322 401 1381 fundamenta
412 1321 529 1378 lirmitcr
540 1320 669 1385 stabilita,
682 1329 710 1377 et
723 1320 784 1377 ideo
795 1318 829 1376 ad
840 1319 932 1376 incur·
985 1325 1168 1390 tralationem,
1183 1322 1251 1391 quia
1263 1337 1323 1375 aum
1335 1321 1464 1391 probatus
1474 1320 1570 1387 sicarii,
1584 1321 1697 1389 accipiet
1710 1336 1786 1375 coro·

128 1434 191 1475 sum
205 1421 246 1476 rel
262 1416 552 1490 crigua'jtempestatis
565 1414 712 1473 aedidcium
730 1422 857 1471 nostrum
873 1414 931 1470 rui-
984 1417 1124 1479 hamstra,
1131 1430 1214 1487 quam
1222 1416 1376 1484 repromisit
1390 1414 1743 1482 Deusrliltqeatibussellae.
1753 1414 1786 1485 ι).

129 1527 195 1569 nosa
210 1511 397 1567 commotione
410 1511 575 1567 concutitur.
589 1511 652 1565 Non
664 1508 741 1565 enim
753 1509 932 1566 essetlauda-
984 1506 1140 1565 Secundum
1161 1507 1317 1580 apostolum
1337 1520 1448 1579 quoque
1468 1504 1598 1573 Paulum,
1620 1509 1709 1562 uirtus
1729 1521 1786 1562 non

130 1605 191 1663 bilis
203 1620 256 1661 nec
272 1605 436 1661 admiranda
448 1603 594 1675 patientia,
607 1603 629 1659 si
650 1601 733 1659 nullis
751 1601 929 1659 inimicorum
985 1602 1013 1657 in
1028 1600 1085 1657 otio
1104 1608 1186 1673 atque
1207 1599 1322 1669 deliciis,
1341 1598 1390 1656 sad
1416 1602 1445 1654 ia
1462 1600 1622 1669 infirmitate
1645 1602 1785 1670 perficitur

126 1697 224 1770 jaculis
232 1696 357 1769 impetita
375 1695 578 1768 tranquillitatis
590 1695 763 1769 propositum
785 1696 933 1765 retineret;
985 1698 1020 1769 (ll
1034 1701 1094 1758 Gor.
1104 1698 1173 1770 xvv).
1189 1700 1340 1761 Eaeerrim,
1355 1696 1452 1767 inquit,
1468 1696 1532 1751 aredi
1544 1700 1570 1750 ιε
1584 1694 1661 1750 hodie
1674 1697 1704 1750 ia
1718 1696 1786 1751 ciui·

131 1788 219 1845 sedin
233 1804 266 1846 eo
278 1797 320 1845 est
329 1789 460 1861 praeclara
474 1797 557 1861 atquc
566 1788 696 1861 gloriosa,
712 1786 787 1861 quod
799 1786 928 1845 irruenti-
944 1780 968 1842 B
984 1797 1066 1849 tatem
1078 1795 1223 1860 maritam,
1235 1796 1261 1847 et
1269 1792 1455 1847 incolumium
1467 1793 1593 1858 saraam,
1603 1795 1629 1844 ει
1638 1791 1668 1844 ia
1677 1804 1787 1844 matrum

133 1883 183 1940 bus
202 1884 230 1940 in
251 1898 281 1940 se
293 1883 479 1940 tentationum
499 1883 624 1955 procellis
638 1881 788 1939 immobilis
805 1897 931 1955 perseve-
985 1902 1094 1949 areum,
1108 1901 1189 1957 super
1209 1901 1312 1941 ommm
1326 1890 1426 1941 terram
1441 1885 1550 1954 regibus
1564 1884 1646 1950 larda,
1659 1884 1787 1953 praecipi·

132 1985 185 2032 rat.
199 1977 266 2031 Nam
280 1976 308 2030 in
320 1991 375 2047 quo
386 1976 476 2032 vexari
492 1974 635 2047 frangique
651 1973 860 2033 adversitatibus
871 1991 930 2033 cre·
985 1982 1033 2036 hara
1044 1979 1113 2051 cius,
1127 1983 1152 2034 et
1163 1979 1344 2036 sacerdotibus
1362 1979 1429 2049 ejice,
1445 1982 1470 2033 et
1489 1980 1563 2033 amai
1578 1977 1677 2047 populo
1691 1980 1781 2038 terra,

132 2068 215 2135 ditur,
228 2069 255 2124 in
264 2084 298 2125 co
313 2068 401 2141 potius
411 2069 574 2139 roboratur3
584 2076 613 2125 et
627 2069 656 2126 in
670 2084 705 2125 eo
718 2069 805 2143 magis
815 2071 931 2135 acuitur,
985 2081 1011 2132 et
1021 2076 1157 2130 bellabunt
1167 2075 1307 2130 adriacum
1314 2078 1349 2141 ιε,
1363 2077 1388 2127 ει
1398 2072 1653 2143 rrorrpraualehaut,
1667 2072 1786 2139 quiarpo

92 2201 96 2208 -
132 2164 158 2219 in
185 2178 239 2234 qno
265 2172 375 2235 putatur
402 2164 526 2220 obtundi.
540 2168 591 2220 *A
613 2163 785 2236 passionibus
808 2164 883 2221 onim
907 2173 934 2222 ει
987 2174 1072 2224 tecam
1091 2184 1151 2224 sum
1169 2172 1201 2223 ut
1214 2182 1307 2223 cruam
1322 2172 1361 2230 ιε,
1383 2166 1449 2221 dicit
1472 2166 1601 2221 Dominus
1621 2166 1788 2233 omnipotens

132 2258 331 2314 sustentatione
342 2257 503 2331 patientiam
516 2257 569 2315 dici
583 2257 673 2314 nullus
686 2257 804 2331 ignorat,
815 2258 932 2331 ideoque
988 2264 1094 2330 (Jereru.
1110 2262 1143 2333 r).

130 2344 145 2383 Β
168 2358 276 2407 constat
298 2352 446 2423 patientem
470 2352 638 2423 pronuntiari
668 2352 808 2407 neminem
835 2366 933 2423 posse,
1280 2354 1401 2410 CAPUT
1412 2354 1490 2409 XIV.

131 2444 182 2499 nisi
205 2459 269 2500 eum
292 2445 340 2517 qui
370 2446 495 2501 universa
522 2459 585 2517 quae
609 2443 659 2501 sibi
683 2443 785 2501 luerint
813 2444 933 2518 irrogata
1005 2454 1042 2506 lle
1058 2451 1177 2520 caemplo
1189 2451 1329 2519 patientioe
1348 2446 1489 2517 arjrudam
1502 2446 1634 2515 religiosae
1647 2445 1765 2512 (emitae.

132 2538 235 2610 absque
259 2539 445 2613 indignatione
468 2540 634 2597 toleraverit.
655 2541 691 2595 Et
709 2537 773 2597 ideo
794 2555 851 2596 non
876 2539 932 2596 im·
1024 2542 1188 2616 Huiusergo
1204 2541 1340 2613 patientiae
1352 2540 1414 2596 rolo
1426 2537 1570 2595 vobisduo
1582 2537 1787 2593 saltemerem-

132 2633 230 2689 merito
241 2633 305 2690 itaa
319 2633 468 2690 Salomone
482 2633 608 2690 laudatur
623 2635 760 2689 :⁰lleh'or
772 2639 811 2690 eat
824 2637 933 2705 patiem
988 2640 1030 2713 pla
1044 2652 1209 2711 proponere,
1219 2625 1234 2669 ἆ
1246 2651 1334 2692 unum
1352 2634 1485 2706 religiosas
1503 2632 1648 2704 cujusdam
1663 2632 1784 2700 leminea,

132 2726 209 2792 sorti,
221 2731 246 2781 et
255 2729 305 2796 qai
315 2728 432 2781 εοιιιὶιιει
443 2729 512 2780 iram
522 2729 645 2796 capiente
654 2726 748 2782 urbem
759 2725 847 2797 (Prae.
856 2726 933 2797 xvi).
988 2745 1049 2804 quat
1064 2729 1202 2803 patientia
1224 2727 1351 2785 virtutem
1366 2734 1441 2783 tauta
1460 2724 1587 2782 ariditate
1612 2729 1712 2780 sectata
1733 2733 1786 2791 est,

134 2820 167 2873 Et
176 2819 276 2874 iterum
289 2839 296 2875 :
307 2822 481 2889 boaqarrimis
489 2823 531 2875 ori·
539 2820 675 2874 aimiruia
682 2821 842 2891 perdentia,
847 2822 935 2891 pusil·
988 2834 1091 2882 utnon
1108 2825 1198 2882 solum
1212 2823 1393 2878 tentationum
1405 2835 1462 2876 non
1478 2819 1576 2875 ritaret
1592 2817 1727 2885 incursus,
1737 2815 1788 2873 sed

135 2912 931 2987 laairuisautemoaldeiusipieasesthror.masec.LXX).
987 2918 1070 2974 etiam
1095 2918 1251 2975 occasiones
1275 2916 1463 2972 molestiarum
1488 2913 1597 2970 sibimet
1619 2919 1789 2985 procuraret,

136 3002 206 3059 Cum
224 3018 288 3073 crgo
310 3004 371 3075 quis
388 3005 473 3061 victus
494 3006 603 3077 injuria,
622 3007 768 3064 iracundiae
787 3008 848 3079 igne
866 3023 933 3066 suc·
986 3011 1087 3084 quibus
1099 3009 1266 3084 frequentius
1279 3008 1405 3081 instigata
1423 3022 1478 3062 uon
1493 3006 1611 3063 eederet.
1627 3008 1694 3062 llaec
1705 3020 1789 3061 uam·

135 3096 427 3167 cerrditur,nnncausa
438 3099 540 3170 pcccati
552 3099 611 3171 ejus
625 3100 759 3157 acerbitas
773 3100 933 3159 illataccon·
987 3120 1041 3177 que
1061 3119 1126 3163 cum
1145 3103 1317 3161 Alexandria
1338 3108 1569 3167 commoraretur,
1587 3108 1712 3171 essetque
1729 3113 1787 3154 nou

134 3191 255 3248 tumeliae
264 3191 397 3248 exstitisse
406 3191 598 3261 credendamt,
606 3193 655 3250 scd
668 3194 762 3266 potius
773 3193 934 3252 manifesta-
950 3174 973 3239 c
989 3198 1112 3257 obscuris
1130 3206 1190 3255 orta
1213 3197 1375 3271 majoribus,
1398 3204 1481 3269 atque
1501 3196 1528 3251 in
1550 3194 1635 3251 domo
1656 3208 1718 3265 quae
1737 3191 1787 3248 sihi

135 3285 174 3342 tio
194 3284 363 3342 infirmitatis
374 3286 499 3354 occuttae,
516 3286 667 3344 secundum
683 3287 759 3343 illam
776 3288 933 3360 parabolam
986 3291 1075 3350 luerat
1088 3308 1104 3349 a
1118 3292 1277 3364 parentibus
1297 3290 1426 3347 derelicta
1450 3290 1575 3360 religiose
1596 3286 1717 3344 Domino
1738 3285 1788 3343 de·

135 3380 281 3436 Salvatoris
304 3396 387 3453 quam
411 3380 444 3438 de
469 3381 576 3438 duabus
603 3380 732 3438 domibus
760 3381 857 3454 ponit,
880 3399 934 3440 una
987 3386 1110 3451 serviret,
1126 3385 1236 3442 veniens
1258 3386 1318 3441 adt
1338 3382 1426 3439 beatae
1442 3381 1584 3436 memoriae
1605 3378 1789 3438 Athanasium

135 3488 198 3545 quae
212 3471 324 3530 lundata
338 3482 396 3530 erat
418 3489 499 3546 supra
521 3482 639 3547 petram,
653 3483 681 3532 et
702 3475 754 3532 alia
768 3490 831 3547 qua
851 3490 934 3549 saper
987 3480 1160 3553 episcopum,
1180 3476 1341 3552 precabatur
1355 3484 1385 3533 ut
1401 3476 1519 3548 aliquam
1536 3473 1586 3530 sibi
1609 3472 1733 3529 alendam
1748 3471 1787 3526 vi·

136 3579 259 3633 arenam,
271 3565 369 3636 quibus
380 3567 534 3640 aequaliter,
543 3566 619 3634 dicit,
630 3566 784 3639 pluviarum
797 3584 830 3625 ac
844 3568 935 3626 llunri·
987 3573 1071 3631 duam
1084 3573 1172 3643 daret,
1187 3588 1249 3647 quae
1263 3588 1295 3629 er
1311 3569 1499 3628 ecclesiasticis
1510 3567 1675 3640 'sumptibus
1691 3580 1787 3639 pasce-

136 3672 203 3713 num
222 3657 263 3714 vel
287 3667 482 3731 tempestatum
504 3660 627 3719 turbines
648 3661 774 3731 irruisse;
790 3662 838 3720 sed
859 3663 933 3720 illam
988 3668 1078 3725 batur.
1098 3671 1133 3725 Et
1145 3676 1177 3726 ut
1200 3667 1358 3741 petitionem
1378 3665 1436 3737 ejus
1455 3665 1545 3721 verbis
1558 3663 1641 3737 ipsius
1655 3662 1791 3734 exprima-

137 3767 198 3824 quee
211 3751 238 3807 in
257 3761 341 3825 petrae
353 3752 488 3811 soliditate
506 3750 617 3811 fundata
631 3763 672 3811 est
684 3755 752 3812 nibil
767 3757 874 3829 penitus
885 3758 936 3816 de·
989 3776 1062 3828 mus,
1079 3765 1132 3831 Da,
1155 3761 1252 3834 iuquit,
1266 3760 1334 3817 mihi
1351 3759 1468 3831 aliquam
1483 3759 1517 3814 de
1529 3755 1669 3813 sororibus
1679 3754 1688 3791 ι
1700 3770 1784 3826 quam

133 3846 254 3903 trimenti
268 3864 299 3903 er
316 3848 359 3902 illa
375 3857 433 3904 tam
447 3848 565 3904 violenta
575 3849 714 3907 collisione
727 3852 855 3920 sensisse,
869 3868 932 3924 quae
986 3870 1139 3928 repausem.
1159 3855 1292 3913 Sacerdos
1312 3855 1396 3926 igitur
1410 3867 1474 3910 cum
1496 3847 1634 3906 laudasset
1657 3846 1782 3920 proposi·

135 3940 239 3995 veroin
257 3956 403 3996 arenarum
416 3940 535 4011 pendula
549 3941 702 3998 mobilitate
722 3952 879 4001 constructa
891 3955 933 4003 est
986 3957 1046 4004 tum
1066 3944 1186 4012 temiuaa,
1199 3942 1273 4016 quod
1290 3958 1352 4000 eam
1364 3941 1399 4000 ad
1413 3955 1481 4013 opus
1490 3934 1686 3995 misericordias
1698 3934 1785 3991 vidis-

136 4030 227 4087 statim
243 4031 328 4088 luisse
346 4032 492 4103 collapsam
515 4031 621 4103 (ιιαιιιι.
644 4036 719 4105 vril3
737 4053 820 4109 quam
838 4039 932 4112 utique
970 4047 1028 4115 ‚set
1040 4054 1099 4096 esse
1120 4038 1367 4111 promptissimam,
1378 4036 1460 4108 jussit
1478 4050 1509 4090 ex
1527 4031 1657 4089 omnibus
1671 4029 1732 4103 eligi
1748 4029 1788 4085 ri-

683 4190 810 4247 astant
829 4191 941 4250 GAZAEl
959 4190 1239 4250 coublalattlbs.

171 4337 183 4364 ¹
199 4331 293 4385 Petrus
312 4330 437 4384 illaturus
452 4328 477 4384 in
492 4328 551 4386 brec
571 4330 653 4387 rerba
674 4331 748 4405 apud
763 4336 799 4390 D.
816 4334 934 4393 antoni·
988 4333 1150 4393 eruditionis
1164 4331 1280 4399 erimiac,
1295 4329 1443 4386 acerrimus
1456 4326 1597 4383 catholicae
1615 4325 1678 4382 lidei
1691 4331 1788 4381 contra

136 4415 203 4455 num
218 4401 320 4466 relata;
337 4400 478 4461 Patientia,
496 4401 591 4472 iuquit,
605 4418 703 4475 graece,
718 4405 746 4460 in
764 4406 846 4463 saeris
862 4422 935 4479 prce-
988 4407 1105 4465 suanos
1115 4412 1309 4478 propugnator,
1320 4418 1369 4474 ltt⁰
1379 4401 1455 4472 ⁰⁰J¹¹⁸
1466 4398 1624 4455 dtftffilffl'i
1634 4397 1740 4453 mimas
1751 4394 1789 4451 ⁸¹)

136 4470 231 4551 sertim
256 4470 342 4539 libris,
364 4471 477 4543 leopold
500 4471 609 4530 dieitur.
633 4475 708 4532 Sicut
729 4476 812 4549 igitur
833 4492 936 4534 nomen
988 4478 1027 4534 cis
1038 4491 1183 4560 perpessus
1195 4474 1306 4531 insidias
1315 4473 1350 4530 ad
1359 4471 1549 4529 Constantium
1558 4474 1630 4543 aug.
1646 4468 1672 4524 in
1682 4466 1787 4526 Gallias

136 4542 305 4613 patreutiaea
329 4543 412 4599 rerbo
434 4542 535 4614 patior,
556 4545 595 4599 sic
618 4544 732 4618 herponi
751 4548 786 4604 ab
808 4547 934 4620 ὑπομένω,
988 4548 1058 4623 lugrt
1080 4568 1087 4605 :
1110 4546 1182 4605 unde
1200 4561 1325 4603 reversus
1339 4559 1403 4600 cum
1425 4541 1541 4608 litteris,
1567 4548 1594 4597 et
1608 4554 1703 4597 rursus
1726 4544 1788 4609 post

137 4611 212 4683 qnod
224 4621 265 4669 cst
276 4613 372 4669 subtus
386 4628 497 4681 moneo,
506 4622 533 4669 ct
544 4622 678 4683 sustento,
691 4616 845 4676 deducitur.
853 4619 935 4678 Unde
989 4629 1107 4677 mortem
1128 4619 1186 4693 ejus
1200 4618 1328 4692 lagatus,
1344 4629 1429 4699 usquc
1443 4613 1476 4670 ad
1488 4612 1595 4668 lariani
1613 4620 1737 4680 tempora
1752 4608 1790 4689 la·

137 4682 189 4737 hoc
211 4684 271 4740 loco
286 4700 301 4739 a
319 4683 490 4755 passionibus
509 4692 537 4741 et
555 4686 752 4746 sustentatione
776 4691 934 4762 patientiam
990 4692 1053 4759 tuit,
1066 4707 1081 4747 a
1095 4707 1150 4765 quo
1169 4698 1277 4761 recepta
1290 4687 1419 4744 Ecclesia
1431 4698 1489 4740 succ
1506 4681 1703 4754 gubernatione
1716 4679 1786 4733 obul

136 4752 189 4808 diei
204 4754 348 4811 Cassianus
360 4755 452 4811 relert.
948 4767 973 4829 1)
987 4778 1060 4819 anno
1070 4761 1183 4818 Domini
1199 4767 1263 4823 370,
1276 4758 1380 4815 relictis
1390 4763 1417 4811 et
1431 4751 1597 4810 transmissis
1610 4749 1645 4806 ad
1661 4756 1786 4820 posteros

172 4824 329 4878 l’Patientia
341 4831 411 4881 enim
422 4830 471 4889 εει,
482 4826 519 4882 ait
533 4830 569 4883 D.
585 4828 732 4901 Gregorius
748 4831 837 4898 (Hom.
858 4836 892 4888 ι6
905 4836 934 4888 iu
987 4833 1080 4888 multis
1095 4831 1231 4904 praeclaris
1242 4828 1339 4900 ingenii
1349 4828 1389 4883 sui
1403 4822 1598 4880 monumentis.

136 4895 365 4961 Bucephalam
374 4898 447 4950 mala
455 4901 642 4967 aquarriraiter
649 4903 763 4971 perpeti,
775 4906 864 4958 eontra
875 4919 934 4959 eum
1024 4902 1034 4937 ¹
1048 4902 1140 4965 idest,
1154 4900 1302 4963 refoveam,
1313 4906 1361 4953 aut
1372 4894 1571 4951 reficiamdlic..
1584 4897 1708 4949 Perottus
1721 4890 1762 4946 l.t
1778 4910 1785 4947 :

137 4981 241 5036 quoque
253 4968 304 5035 qui
323 4968 396 5020 mala
411 4970 600 5035 tnapatrrutlo
613 4972 704 5027 dolore
721 4972 849 5028 morderi.
864 4976 934 5031 Nam
987 4978 1092 5035 Pausa,
1114 4972 1211 5042 inquit,
1232 4972 1333 5025 dicitur
1352 4971 1456 5038 requies
1477 4965 1592 5035 alictrp'us
1616 4967 1666 5020 rei.
1691 4964 1789 5020 Aetius

136 5040 186 5106 qui
198 5038 236 5091 sic
248 5039 371 5107 praelati
382 5039 455 5091 aratia
465 5044 566 5109 portat,
580 5046 611 5097 tet
624 5047 712 5098 tamea
727 5045 824 5099 tacitus
834 5045 933 5114 doleat,
985 5050 1083 5115 poeta:
1094 5042 1339 5113 Nubisdalapausa
1347 5040 1479 5109 rapuerat.
1491 5039 1556 5095 Iride
1567 5052 1652 5109 pauso
1664 5036 1787 5096 uerba-m,

136 5113 161 5162 ct
172 5113 273 5178 tempus
284 5109 376 5177 digua
390 5107 574 5166 retributionis
585 5118 698 5181 quamul,
713 5116 934 5184 partientiamrroa
988 5116 1080 5178 idest,
1095 5117 1218 5185 quiesco;
1234 5128 1314 5184 aquo
1328 5126 1452 5182 repauso,
1467 5111 1538 5180 priori
1551 5114 1600 5172 εει,
1619 5109 1736 5176 requiem
1748 5120 1789 5159 eo·

136 5180 251 5241 calcitret,
267 5180 315 5234 aed
332 5184 456 5236 ostentat.
476 5182 609 5252 Scriptum
625 5186 773 5255 qaipareest
784 5202 795 5241 :
811 5187 936 5245 Charitas
984 5189 1042 5259 pio.
1062 5186 1237 5244 Dedrteaatur
1248 5188 1337 5239 autem
1348 5199 1366 5237 a
1378 5183 1466 5250 tardo,
1481 5181 1600 5250 παύομαι,
1615 5176 1687 5248 quiid
1699 5177 1787 5243 siqui·

135 5252 240 5319 putieus
255 5255 303 5311 est,
320 5253 431 5321 beataque
444 5258 483 5311 est
496 5253 518 5316 (l
530 5254 588 5310 cor.
602 5255 682 5325 xtra).
697 5257 805 5313 Potitus
817 5272 935 5329 namque
987 5261 1059 5329 lieet,
1073 5259 1171 5313 decula
1184 5256 1218 5311 ab
1232 5270 1322 5326 opere,
1336 5256 1481 5322 requiesco.
1500 5252 1544 5307 Sic
1561 5250 1613 5305 ille.
1632 5252 1670 5302 At
1686 5261 1786 5316 repau-

136 5326 184 5403 εει.
197 5326 227 5374 at
241 5322 331 5376 aliena
347 5325 419 5378 mala
434 5327 541 5392 toleret,·
558 5326 672 5395 benigna
685 5342 745 5382 rere
757 5332 805 5393 εει,
819 5333 850 5384 ut
862 5331 933 5400 ipsas
987 5344 1048 5386 sare
1062 5330 1116 5385 hoc
1131 5329 1192 5384 loco
1207 5328 1292 5383 active
1310 5326 1439 5389 sumitur,
1460 5330 1492 5378 ut
1505 5320 1579 5377 idem
1592 5318 1629 5375 sit
1640 5316 1714 5400 quod
1728 5316 1789 5401 reti·

136 5398 218 5447 etrrarr
234 5408 299 5461 ques
308 5398 488 5462 portatamet.
987 5416 1060 5470 cere,
1077 5414 1209 5466 recreare,
1225 5396 1382 5455 humaniter
1398 5401 1524 5459 tractare,
1540 5400 1569 5446 ει
1587 5404 1664 5461 quast
1685 5389 1785 5445 labora·

172 5472 183 5498 ι
198 5464 254 5518 llas
263 5464 414 5543 sententias
428 5468 493 5524 alibi
506 5466 601 5524 citatas
614 5467 737 5524 nonnihil
749 5468 901 5542 attigimus.
987 5470 1041 5526 bus
1066 5486 1192 5543 pausam,
1215 5468 1244 5525 id
1266 5476 1322 5531 est,
1337 5466 1420 5521 linem
1439 5466 1591 5535 imponere,
1604 5459 1677 5533 quod
1691 5474 1728 5518 es
1742 5475 1786 5518 se·

172 5534 296 5590 “Simile
321 5537 476 5607 exemplum
497 5548 589 5596 narrat
612 5541 731 5596 loannes
753 5539 884 5598 Moschus
904 5541 933 5597 in
987 5540 1074 5597 cunda
1093 5539 1217 5611 ejusdam
1241 5537 1365 5595 mulieris
1388 5536 1516 5608 petitione
1537 5534 1642 5590 clarum
1663 5540 1715 5602 est,
1737 5533 1786 5590 ubi

135 5604 217 5660 Prata
228 5606 363 5678 spirituali
374 5621 435 5678 cap.
447 5613 509 5663 aaa.
987 5611 1037 5679 ait,
1050 5615 1084 5668 Ut
1093 5612 1164 5666 milri
1174 5611 1238 5666 clari
1246 5611 1402 5681 praeciperes
1412 5623 1493 5679 quam
1504 5610 1646 5676 reficerem,
1654 5606 1789 5662 etctlon·

172 5685 182 5711 ³
197 5676 226 5732 S.
243 5676 419 5745 athanasius,
434 5692 551 5746 magnus
573 5679 616 5735 ille
640 5688 667 5736 at
688 5695 721 5736 uc
745 5679 854 5738 divinus
874 5682 931 5753 vir,
986 5681 1051 5738 nulli
1075 5692 1170 5739 mmen
1186 5682 1279 5755 legunt
1294 5701 1300 5737 ε
1315 5684 1345 5736 la
1365 5696 1419 5750 qua
1437 5694 1589 5749 repausem,
1604 5686 1634 5735 ut
1650 5676 1787 5749 cuychius

135 5746 214 5819 cujus
228 5747 382 5819 symbolum
393 5748 422 5803 in
434 5748 560 5805 Ecclesiis
569 5696 797 5822 tegituritahnn.
813 5755 842 5807 ia
855 5753 933 5811 Cata·
984 5752 1097 5811 notavit.

136 5815 214 5889 loq),
236 5818 428 5875 Alexandrinae
448 5819 524 5876 urbis
549 5821 706 5895 episcopus,
726 5822 880 5883 sanctitatis
902 5833 931 5883 et
