3848 6158
159 300 212 354 223
833 291 975 349 tuturus
992 290 1142 348 cassiani
1761 294 1814 347 224

158 418 295 490 concedit,
308 427 336 476 et
355 419 401 493 qui
418 425 510 476 totum
529 418 580 477 sibi
602 434 652 492 pro
670 416 845 476 continentia
862 431 958 474 amore
972 419 1000 484 Α
1012 420 1053 474 nes
1067 432 1158 473 mrum
1172 432 1206 473 ne
1222 416 1340 485 terentis
1353 416 1537 483 indesinente
1552 414 1636 485 (Rom.
1660 414 1737 486 xm).
1752 416 1814 470 Nou

159 512 339 588 denegarent3
366 529 452 588 quam
473 514 520 588 qui
540 528 587 571 eas
608 512 660 570 sub
684 511 853 569 infirmitatis
877 527 961 570 ocos·
1012 525 1079 584 orgo
1100 526 1198 568 euram
1218 510 1280 583 eius
1297 509 1467 567 ommmodis
1488 509 1639 578 interdixit,
1663 508 1713 566 sed
1733 508 1813 565 utin

159 611 236 670 sione
254 618 395 671 mmsntes
410 626 570 669 mensuram
588 608 760 668 suffimentioe
777 609 959 668 custodirent.
1013 604 1157 663 desideriis
1179 604 1271 674 lieret,
1296 604 1450 678 denegarit.
1479 602 1684 676 voluptuosam
1707 600 1816 659 ademit

161 704 253 762 unus
271 706 355 762 eriam
375 704 499 777 erpone
516 703 689 761 iubeatisne
709 703 886 762 animuin
904 719 962 762 sun
1014 697 1185 772 diligentiam
1207 699 1315 766 nmis,
1341 697 1573 772 gubernationem
1594 697 1656 753 vtrae
1682 710 1815 752 nenena-

161 795 299 871 palmain,
316 795 468 854 dummodo
485 797 554 853 cecis
572 795 720 854 defectioni
740 797 830 855 carnis
849 797 963 856 induitis
1015 794 1086 851 riam
1105 810 1163 851 non
1182 794 1298 851 exclusit
1320 813 1327 850 ε
1347 793 1427 863 illud,
1442 809 1480 851 uc
1492 791 1661 866 induigentia
1673 792 1763 848 carnis
1781 791 1815 847 ad

162 889 253 947 adbuc
274 891 443 960 indigentem
457 904 487 946 se
505 888 654 949 refectione
667 890 820 959 defraudet,
839 897 962 950 murm-
1015 885 1217 944 desideriorum
1237 887 1432 972 occupationes
1445 887 1544 943 noxias
1558 885 1749 949 devolvamur,
1763 884 1816 940 boc

161 997 215 1054 que
239 996 301 1038 esus
325 981 473 1055 indulgeat,
495 991 629 1055 quantum
649 980 775 1042 sermm
798 983 833 1042 ad
856 983 964 1042 risendi
1015 994 1092 1050 vero,
1110 994 1147 1037 ne
1163 988 1328 1053 corruptum
1346 988 1442 1037 nostro
1463 980 1531 1037 vitio
1555 994 1655 1051 eorpus
1678 979 1816 1051 spiritales
1907 992 1911 999 “

161 1088 243 1130 usum
261 1074 449 1148 temperantiae
468 1074 597 1133 discretio
611 1073 701 1149 rigida
710 1075 883 1150 judicaverit,
904 1092 961 1134 non
1016 1087 1048 1131 ac
1060 1074 1230 1131 necasanas
1242 1071 1401 1130 functiones
1414 1072 1528 1144 impiere
1540 1087 1597 1129 non
1610 1072 1706 1144 pessit.

163 1175 299 1239 quantum
318 1166 445 1225 desiderii
459 1169 595 1242 appetitus
607 1169 739 1242 exposcit.
758 1171 960 1229 Emuientiores
1316 1214 1438 1271 CApUT
1457 1213 1508 1270 ιχ,

129 1301 133 1309 .
162 1260 217 1317 cibi
239 1268 271 1317 ut
289 1269 436 1333 procurant
452 1261 576 1334 corporis
598 1261 757 1333 sanitatem,
773 1264 810 1320 ita
826 1264 961 1322 castitatis

161 1366 219 1408 non
237 1351 363 1409 adimunt
387 1353 545 1425 puritatem,
566 1355 589 1411 si
612 1370 677 1411 cum
700 1355 891 1413 moderatione
912 1372 962 1415 su·
1014 1335 1400 1406 &mmmmm
1408 1332 1818 1402 ΜΜΜΜΛΜΜΜ

162 1453 281 1501 mansur.
295 1445 432 1517 Quidquid
445 1445 701 1506 enimfortitudinis
711 1465 962 1509 causacsueorum
1357 1419 1470 1476 mm

162 1538 318 1610 percipitur,
333 1540 503 1614 agritudinis
524 1540 618 1599 laboro
638 1557 672 1599 ac
684 1543 837 1602 defemone
846 1560 962 1614 consu·
1028 1559 1029 1563 ¹
1052 1543 1169 1598 Summa
1182 1541 1264 1616 igitur
1279 1541 1460 1599 continentie
1480 1555 1536 1597 non
1548 1540 1605 1597 sola
1622 1539 1757 1611 temporis
1770 1553 1820 1594 ra·

161 1629 255 1688 mitur.
271 1631 457 1702 Quamobrem
469 1639 502 1690 ut
512 1634 579 1689 nulii
591 1634 673 1691 statui
688 1636 771 1692 virtus
785 1639 963 1709 parcimonia
1016 1635 1103 1705 tione,
1117 1651 1170 1693 nec
1182 1651 1311 1694 escarum
1324 1635 1456 1709 qualitate
1470 1633 1676 1699 tantummodo,
1694 1631 1819 1690 sedante
1843 1705 1851 1714 β

162 1723 303 1791 adimitur,
329 1725 367 1781 ita
387 1740 423 1781 ne
442 1726 606 1798 integritatis
628 1728 742 1799 quidem
761 1731 963 1787 consummatio
1017 1729 1110 1786 omnia
1125 1729 1298 1791 oonmientiae
1306 1728 1415 1802 iudicio
1428 1729 1582 1802 colligenda
1600 1736 1652 1784 est.
1668 1721 1819 1784 ”Tantum

162 1814 323 1888 denegatur.
384 1884 386 1887 Ι
980 1823 1094 1895 Βοαίω
1111 1822 1194 1881 debet
1212 1824 1399 1898 unusquisque
1420 1824 1474 1880 sibi
1498 1823 1662 1897 frugalitatis
1682 1822 1818 1891 indicere,

455 1910 576 1968 CAPUT
594 1914 671 1968 vill.
1016 1923 1151 1988 quantum
1173 1930 1313 1988 corporeas
1338 1917 1530 1974 obluctationis
1558 1932 1651 1991 pugna
1674 1916 1813 1988 deposcit.

246 2005 377 2070 annde
395 2005 482 2060 cibem
495 2011 619 2077 appetere
631 2024 663 2063 oc
676 2022 777 2064 sumas
791 2008 878 2064 liceat.
1016 2008 1098 2065 Utilis
1110 2008 1225 2080 quidem
1246 2018 1275 2067 et
1294 2010 1465 2068 omnimodis
1482 2011 1651 2068 observanda
1667 2020 1709 2066 est
1729 2026 1818 2067 cano-

199 2095 348 2152 Ven'ssima
375 2105 418 2153 ost
440 2098 534 2169 itaquo
558 2101 688 2168 Petrum,
712 2099 964 2173 probatissimaque
1018 2102 1077 2159 nica
1088 2101 1261 2175 jejuniorum
1280 2103 1427 2172 custodia;
1440 2102 1490 2161 sed
1503 2104 1556 2161 nisi
1572 2103 1645 2160 liano
1657 2103 1727 2176 frugi
1738 2101 1820 2159 luerit

164 2189 318 2258 sententia,
340 2188 515 2261 jejuniorum
540 2198 572 2246 et
592 2191 768 2249 coutinentia
792 2191 912 2250 modum
937 2193 965 2250 in
1018 2193 1144 2253 ciborum
1165 2195 1277 2254 refectio
1296 2197 1458 2267 subsecuta,
1478 2196 1514 2253 ad
1533 2195 1697 2268 integritatis
1715 2196 1820 2252 calcem

94 2355 96 2358 Ι
164 2296 297 2337 mensura
314 2282 452 2354 parcitatis
466 2290 593 2352 tantum,
611 2292 639 2340 et
657 2284 837 2356 castigatione
855 2287 965 2344 consis-
1017 2305 1075 2347 non
1088 2290 1191 2361 poterit
1204 2290 1357 2361 pervenire.
1379 2291 1540 2364 Longorum
1561 2304 1681 2361 namque
1697 2288 1819 2361 jeJunio-

165 2382 237 2441 tere,
254 2382 283 2429 et
302 2373 375 2430 launo
395 2390 457 2432 esse
479 2376 608 2447 perfecta
627 2377 737 2434 virtutis
760 2378 789 2433 in
813 2394 965 2438 commune
1018 2398 1081 2439 rum
1091 2382 1194 2448 inedia,
1207 2381 1351 2439 saturitate
1363 2382 1488 2455 corporis
1501 2381 1701 2454 subsequente,
1715 2381 1822 2436 lassitu-

164 2467 292 2523 omnibus
310 2467 407 2536 linem,
429 2477 460 2525 ut
482 2469 515 2525 ab
536 2469 616 2539 oscis,
637 2485 830 2542 quassumcre
852 2480 965 2530 susten-
1018 2473 1116 2532 dinem
1129 2475 1221 2547 potius
1234 2474 1430 2545 temporalem,
1444 2475 1690 2547 quampuritatem
1705 2474 1822 2528 castita-

164 2559 240 2615 tandi
260 2563 383 2632 corporis
410 2564 572 2621 necessitate
593 2566 800 2638 compeliimur,
820 2568 911 2626 adbuc
936 2569 965 2627 in
1017 2569 1054 2625 tis
1064 2568 1188 2640 acquirit.
1203 2567 1351 2639 integritas
1359 2568 1459 2639 quippe
1469 2564 1574 2630 mentis
1583 2566 1687 2621 ventris
1697 2565 1822 2621 eobaeret

165 2653 288 2724 appetitu
303 2670 400 2711 earum
419 2657 502 2728 positi
523 2665 722 2731 temperemus.
743 2661 875 2730 Quemvis
886 2663 964 2720 onim
1017 2661 1125 2720 inediae.
1136 2660 1290 2718 Nonbabet
1306 2669 1465 2733 perpetuam
1474 2658 1644 2716 castimoniae
1656 2659 1819 2730 puritatem,

167 2744 228 2816 quis
254 2762 371 2821 corpore
402 2750 440 2807 sit
467 2751 613 2823 infirmus,
646 2751 797 2825 perfectam
830 2755 965 2814 virtutem
1017 2754 1141 2828 quisquis
1152 2769 1208 2811 non
1219 2754 1316 2826 iugem
1324 2751 1516 2824 temperantiae
1529 2751 1821 2823 aequalitatemtenero

96 2900 102 2915 ,
165 2851 329 2911 aequamque
346 2842 465 2901 robustis
480 2859 512 2900 ac
525 2845 599 2902 sanis
616 2845 644 2901 in
659 2844 790 2902 omnibus
803 2847 963 2918 possidebit,
1017 2856 1164 2904 contentus
1177 2855 1228 2903 est.
1244 2846 1374 2916 Quamvis
1386 2845 1507 2902 districta
1519 2845 1638 2918 ieiunia,
1658 2844 1822 2901 succedente

165 2929 188 2986 si
202 2931 347 3002 desideria,
361 2951 423 3009 quae
442 2936 573 3011 fragilitas
592 2938 682 2995 carnis
696 2955 752 2995 non
768 2940 863 3010 erigit,
883 2957 966 2998 men·
1017 2940 1156 3014 superflua
1169 2940 1342 3008 remissione,
1359 2946 1519 3006 vacuantur,
1534 2948 1561 2995 et
1575 2939 1601 2994 in
1622 2939 1821 3011 gastrimargia

126 3071 128 3075 ,
165 3026 201 3082 tis
214 3027 306 3101 rigore
318 3030 442 3102 oauiget.
459 3031 611 3103 Apostolus
624 3047 744 3104 namque
758 3033 818 3088 ait:
835 3036 870 3089 m
884 3036 896 3066 ⁸
911 3051 965 3090 car·
1019 3033 1113 3090 riuum
1127 3033 1251 3105 protinus
1263 3030 1436 3089 collabuntur
1456 3049 1464 3087 ι
1484 3035 1497 3064 ⁰
1519 3031 1617 3087 bleiior
1635 3038 1679 3087 est
1699 3030 1821 3086 rationa-

713 3163 842 3220 utrubi
859 3164 973 3222 GAZAEI
991 3163 1270 3222 communiamus.

202 3288 214 3318 ⁸
238 3285 342 3342 Eodem
360 3286 444 3343 modo
460 3289 496 3342 D.
512 3287 662 3359 Gregorius
674 3302 707 3343 ex
719 3287 770 3344 bac
782 3289 914 3344 sententia
925 3304 966 3344 ra·
981 3293 1004 3357 c
1020 3290 1164 3345 admodum
1179 3287 1383 3349 mmuamento,
1398 3287 1436 3341 sic
1455 3287 1584 3341 alimenta
1603 3288 1758 3353 sumpturus
1772 3297 1820 3336 oc-

167 3355 312 3412 tiocinatur
326 3357 373 3413 lib.
390 3373 453 3414 xxx
467 3359 567 3414 Moral.
584 3373 645 3429 cap.
662 3362 715 3414 ts:
737 3361 800 3427 οαα
811 3361 905 3428 quur,
923 3360 966 3415 in·
1021 3356 1760 3427 cedam.Seddumadquietemsatietatiseaindipentia
1767 3369 1822 3407 mo·

167 3427 237 3496 quit,
251 3430 312 3497 fieri
328 3431 356 3483 in
370 3429 500 3485 desdam
510 3429 678 3500 prohibetur,
694 3432 723 3484 in
738 3433 892 3486 nemssitate
906 3447 969 3487 oon·
1022 3432 1099 3487 testea
1111 3436 1225 3493 tramea,
1237 3431 1334 3498 inipso
1345 3429 1466 3483 transitu
1475 3429 1544 3481 miii
1553 3427 1700 3481 irnidiotnr
1712 3425 1821 3492 iaqsrous

152 3499 271 3553 ,reditun
286 3517 293 3552 :
310 3500 438 3570 sedsaepe
451 3501 517 3555 dum
531 3503 637 3555 incaute
647 3503 800 3556 necessitati
813 3503 970 3557 medacul-
1021 3502 1248 3570 concupiscentia.
1268 3501 1328 3569 lpse
1345 3501 1416 3553 enim
1434 3500 1565 3553 tramites
1584 3498 1705 3566 uoluptas
1726 3499 1774 3556 est,
1796 3498 1822 3547 et

169 3569 268 3631 dimtes,
279 3571 419 3625 desideriis
431 3572 605 3626 despuimus.
617 3573 819 3641 Nonnumquam
831 3588 890 3626 uero
903 3572 969 3626 dum
1022 3587 1075 3627 reon
1086 3577 1125 3626 est
1134 3572 1213 3633 alirn,
1229 3585 1282 3638 qua
1294 3573 1456 3631 transeatur,
1470 3584 1552 3638 quam
1561 3583 1613 3637 quo
1625 3568 1742 3621 tramire
1752 3567 1823 3632 cogit

166 3639 971 3705 desideriisunncderanusotvsnrenitinnrnecessuuttsrni-
1022 3644 1172 3697 nooessitos.
1188 3642 1223 3695 Et
1240 3655 1299 3693 nim
1312 3641 1387 3694 salus
1402 3641 1439 3693 sit
1454 3655 1535 3694 causa
1552 3638 1648 3693 edendi
1661 3643 1685 3692 et
1700 3636 1820 3698 bibendi,

167 3714 250 3766 sorios
263 3728 398 3781 capenates.
413 3714 457 3769 Sic
475 3715 546 3767 enim
560 3726 661 3767 necesse
675 3717 724 3775 est,
739 3716 769 3766 ut
787 3727 875 3766 arcem
894 3714 969 3781 quis-
1022 3711 1149 3782 adjunpit
1156 3726 1183 3765 se
1192 3715 1331 3779 tamquam
1335 3710 1495 3778 pedissequa
1502 3710 1650 3780 periculosa
1652 3706 1837 3777 inminutus*

168 3798 220 3851 que
238 3786 406 3838 coruinentiae
429 3788 529 3847 lenem,
550 3786 680 3851 quatenus
702 3798 756 3837 non
778 3797 899 3845 curnem,
923 3782 970 3836 sed
1023 3787 1049 3837 et
1081 3783 1217 3850 laremque
1228 3782 1457 3850 praireoonotur,
1472 3782 1571 3850 atejus
1588 3781 1736 3848 messafiot,
1752 3778 1825 3846 quoa

167 3855 235 3908 sitin
248 3857 335 3909 carreis
347 3854 459 3909 maim.
471 3855 539 3909 Haec
550 3853 698 3924 Gregorius
714 3866 846 3923 perquam
860 3867 969 3908 acoom-
1063 3854 1116 3907 ntes
1134 3866 1215 3906 causo
1228 3852 1371 3916 nefacere
1385 3850 1510 3913 uoldico,
1525 3852 1566 3906 uel
1583 3852 1641 3904 uolo
1657 3869 1665 3904 ε
1690 3865 1737 3903 nec
1749 3850 1822 3902 idem

168 3925 279 3981 modate
294 3925 329 3980 ad
350 3933 513 3994 praesulem
528 3924 619 3979 locum
632 3924 705 3989 (tib.
728 3924 761 3978 ds
776 3923 845 3978 Vero
863 3924 966 3991 Vina).
1021 3923 1115 3978 nmdsts
1129 3925 1269 3992 utriusque
1282 3926 1330 3977 est.
1345 3923 1414 3978 Nam
1429 3923 1500 3990 quod
1513 3923 1596 3977 saluti
1606 3922 1673 3977 satis
1686 3924 1734 3982 est,
1751 3919 1821 3973 deie-

169 3994 219 4050 Cui
233 3998 370 4052 consentit
384 3998 419 4050 D.
433 3994 550 4051 Basilius
561 3992 596 4049 ad
609 3993 682 4050 inuno
695 3992 810 4049 modum
825 3991 965 4048 scribens:
1021 3995 1133 4049 simeoni
1144 4009 1242 4064 porum
1253 3997 1304 4048 est.
1317 3996 1353 4048 Et
1363 4007 1433 4062 sape
1443 3994 1574 4047 incertum
1583 3996 1623 4062 tlt,
1634 3995 1726 4046 utrum
1735 3990 1824 4044 mbae

169 4066 445 4133 morisennensium
471 4066 546 4121 nobis
566 4065 683 4135 corpon'a
703 4064 866 4127 uehiculum,
885 4079 968 4133 reeqim
1021 4062 1304 4136 neeessarta'corporis
1324 4079 1389 4118 niro
1410 4064 1563 4117 subsidium
1581 4067 1667 4133 petat,
1689 4078 1725 4116 on
1744 4062 1822 4114 uolu-

168 4139 251 4191 nirnis
266 4138 385 4192 iuranda
399 4139 489 4203 fruto,
504 4152 588 4206 raeque
602 4151 696 4191 rursus
710 4135 849 4190 immodice
862 4134 911 4188 illu
925 4151 967 4190 re·
1040 4138 1131 4191 tuaria
1141 4136 1299 4206 cupiditatis
1313 4135 1426 4200 {alienia
1440 4136 1620 4188 ministerium
1629 4136 1763 4203 suppetat.
1776 4131 1823 4187 dcl

168 4208 276 4262 tirseredo
288 4209 325 4262 nd
337 4210 448 4263 uirtutis
460 4224 568 4263 marsum
575 4207 721 4277 producere
732 4211 852 4277 oportet:
867 4206 968 4261 ideirco
1076 4209 1207 4262 incertum
1214 4207 1349 4260 hilarescit
1358 4205 1458 4273 inscius
1464 4207 1566 4267 ummo,
1576 4209 1600 4258 et
1609 4207 1637 4258 iu
1648 4220 1676 4258 eo
1683 4208 1825 4273 proepurut

91 4328 93 4333 .
168 4283 194 4331 et
210 4295 347 4346 amporam
363 4285 461 4343 status,
477 4285 502 4334 et
516 4280 633 4342 babitus,
648 4283 674 4333 et
692 4279 809 4334 ciborum
823 4278 967 4347 qualitates
1020 4280 1200 4332 emanationis
1211 4277 1401 4345 patrocinium,
1417 4277 1536 4344 panderes
1546 4290 1600 4329 non
1611 4289 1741 4344 apparere
1754 4273 1824 4342 quid

168 4348 276 4400 solerter
289 4351 429 4416 eaptorare
443 4353 590 4416 corruentem
607 4354 638 4405 nt
650 4349 740 4404 ualuis
752 4350 868 4419 quidem,
883 4354 909 4403 et
922 4364 969 4402 se·
1022 4350 1090 4402 sotis
1110 4350 1148 4401 sit
1166 4346 1343 4400 moderationi
1359 4346 1530 4410 ualetudinis,
1551 4351 1582 4400 ut
1598 4347 1706 4400 obtentu
1724 4345 1822 4399 solutis

169 4420 226 4482 peto
240 4420 443 4483 corporumque
453 4423 640 4481 immittamus,
653 4424 679 4474 et
685 4436 735 4488 per
747 4420 876 4481 inediam,
887 4420 969 4487 {rripi-
1022 4418 1296 4483 obumbretnepotium
1305 4417 1509 4485 uoluptatislta
1517 4415 1823 4488 praeelarenugusiinus

169 4485 306 4552 dioresque
316 4486 384 4540 cibos
393 4488 604 4541 redundantium
614 4489 708 4542 eoloris
720 4504 856 4543 arceamus
867 4507 875 4540 ε
886 4504 968 4556 perro
1023 4487 1099 4554 (tib.
1114 4501 1135 4540 x
1150 4486 1267 4552 confess.
1280 4500 1340 4555 cop.
1356 4490 1385 4541 ai
1397 4491 1416 4551 ).

169 4555 249 4608 emili
265 4559 290 4608 et
312 4556 475 4623 iripesceriti,
494 4556 556 4617 eibi,
574 4561 703 4624 potusque
723 4559 909 4625 adjumentum
930 4558 967 4611 od
1056 4551 1117 4612 bD.
1129 4555 1316 4634 Hieronymus
1327 4556 1362 4613 ed
1373 4557 1572 4627 Nepotianum:
1586 4561 1709 4619 Tertium,
1718 4556 1820 4627 inquit,

167 4626 355 4680 sustentamine
366 4628 434 4680 uires
447 4628 607 4693 inponamus.
624 4626 657 4680 Et
666 4640 760 4681 rursus
774 4625 876 4680 ibidem
889 4642 896 4678 ι
907 4627 965 4682 Sio-
1022 4628 1074 4681 tibi
1083 4626 1191 4680 modum
1196 4626 1363 4696 inportunam
1375 4630 1487 4698 impono,
1500 4634 1630 4699 querutum
1639 4632 1711 4696 ferre
1719 4633 1796 4697 potes
1812 4645 1820 4680 :

169 4700 201 4751 ut
215 4698 243 4748 in
255 4696 326 4764 quire
340 4698 574 4766 irriemperantsam
586 4695 729 4758 decliviora,
746 4712 837 4764 praere,
853 4699 879 4749 ot
887 4698 965 4765 peri·
983 4667 1008 4729 D
1022 4699 1078 4752 sint
1092 4698 1145 4753 tibi
1153 4712 1236 4766 puro,
1250 4702 1333 4760 casta,
1345 4700 1490 4768 simplicio,
1506 4701 1655 4763 moderata,
1671 4705 1696 4754 et
1707 4714 1760 4753 rsort
1775 4713 1824 4752 su-

168 4768 287 4822 cuiosum
301 4771 340 4822 est
358 4784 364 4821 z
379 4769 419 4822 itu
428 4782 478 4837 per
491 4768 602 4821 rrimiam
614 4767 803 4821 abstinentiam
817 4782 910 4835 corpses
923 4772 969 4821 at·
1019 4768 1297 4838 perstitiosojejunia.
1307 4769 1440 4825 Sicabbas
1451 4770 1660 4841 MoysesColiat.
1670 4777 1685 4824 2
1695 4786 1755 4840 cap.
1768 4774 1821 4823 22:

169 4842 260 4902 terere,
273 4843 299 4893 et
310 4839 407 4893 inutile
419 4838 539 4899 reddere,
552 4839 625 4892 omni
632 4840 753 4907 profecto
770 4839 873 4892 ratione
886 4844 967 4893 niret.
1022 4840 1158 4897 uertentis
1172 4839 1215 4893 bic
1229 4842 1396 4894 morianulae
1410 4841 1502 4895 modiis
1516 4846 1564 4904 ost,
1579 4847 1610 4896 ut
1623 4842 1768 4897 secundum
1779 4855 1824 4894 cu·

168 4913 257 4980 Neque
270 4913 341 4965 orsini
358 4912 489 4965 abstinere
503 4925 521 4963 o
533 4905 715 4980 obireplotibus
730 4910 801 4978 qula
812 4924 863 4978 prr
876 4924 904 4963 se
917 4925 968 4964 ea-
1019 4913 1168 4981 poor'tatorn
1176 4912 1284 4972 uirium,
1297 4912 1524 4981 solempniaco!
1536 4915 1625 4967 atritis
1634 4918 1741 4967 tortium
1752 4911 1822 4964 sibi-

166 4982 313 5051 peteruium
325 4988 378 5047 est;
389 4983 435 5038 sed
445 4983 511 5052 quin
523 4982 560 5035 rtet
571 4982 681 5035 uirtutis
693 4981 896 5050 acquisitionem
907 4996 968 5034 core·
1021 4986 1074 5037 met
1095 4983 1148 5037 sibi
1162 4984 1343 5051 uuusquisque
1358 4982 1492 5045 misceant,
1511 4989 1644 5052 quantum
1663 4984 1823 5039 sustentatio

168 5054 232 5118 feri.
245 5055 318 5118 osted
328 5057 354 5108 si
361 5053 440 5116 iilud,
454 5053 965 5122 cujrssqratiaabstinattmmeiiqimus,
1022 5055 1120 5118 earnis,
1136 5069 1188 5108 non
1201 5056 1331 5122 quantum
1344 5053 1507 5108 desider-ium
1523 5057 1676 5110 spiriritalis
1690 5054 1821 5123 umescit.

165 5137 218 5190 per·
233 5124 433 5178 immoderatam
446 5125 613 5192 noqiiqamus
632 5124 759 5185 nudum,
775 5128 866 5178 curura
886 5128 966 5192 atquc
1023 5124 1123 5195 Etcap.
1134 5124 1257 5194 sequenti
1269 5127 1392 5180 :Hoeoest
1402 5128 1547 5194 lanperuta
1556 5128 1723 5180 continentia
1730 5139 1823 5193 aquu-

169 5193 351 5255 instituimus,
365 5196 478 5260 opiinus.
494 5196 562 5249 Num
576 5196 676 5261 fracto,
691 5195 852 5263 constritoque
866 5197 967 5249 instru-
1023 5195 1097 5256 litos,
1108 5199 1189 5263 atque
1197 5209 1336 5257 meruuroe,
1347 5210 1405 5263 qua
1413 5198 1525 5250 Petrum
1534 5198 1744 5266 quoquejudicio
1755 5210 1824 5248 eorn-

155 5261 256 5316 'rneuto
274 5279 356 5332 neque
373 5265 426 5317 Deo
445 5264 573 5318 inbarere
591 5280 641 5334 per·
661 5264 779 5319 lectionis
793 5271 819 5318 et
834 5266 967 5320 Orationis
1019 5265 1158 5335 probatur,
1171 5265 1394 5334 utquotieiianam
1401 5269 1654 5335 partnrefectiouem
1661 5266 1821 5337 qrrotidiaua

95 5373 102 5388 .
169 5333 289 5387 studium
304 5348 460 5403 ponamin,
479 5349 561 5402 reoque
580 5334 617 5389 od
632 5337 754 5402 srutmn
773 5335 967 5403 bernieentium
1021 5338 1160 5390 comitetur
1169 5338 1278 5400 murier,
1291 5338 1321 5391 in
1332 5352 1395 5404 uno,
1406 5338 1544 5406 redemptae
1554 5344 1628 5393 statu
1637 5342 1759 5393 animum
1766 5353 1821 5406 pa-

168 5403 345 5458 immunitatis
365 5406 491 5473 Officium
509 5405 593 5459 obire.
615 5407 700 5474 Igitur
720 5409 745 5458 el
763 5407 881 5474 corporis
903 5421 968 5459 eura
1022 5407 1099 5469 riter,
1106 5423 1253 5477 corpusque
1262 5415 1425 5470 eorts'eruuns,
1435 5424 1482 5462 nec
1484 5408 1586 5478 jejunii
1594 5411 1821 5479 fatiqntioneoon·

169 5475 293 5528 baboruiu
307 5480 355 5536 est,
375 5492 427 5530 raon
440 5477 525 5544 ipsius
539 5478 639 5544 prolia,
655 5476 702 5531 sed
714 5479 745 5530 ut
762 5477 872 5531 seruitio
892 5477 966 5530 iilius
1021 5477 1117 5541 cidere
1123 5494 1169 5532 nee
1177 5481 1401 5547 prarorimentem
1410 5482 1553 5534 saturitate
1559 5484 1725 5550 permittens.
1735 5482 1821 5534 Tanta

168 5545 206 5599 aa
223 5547 401 5615 pbilosopbia
424 5546 466 5610 (id
486 5554 528 5600 est
545 5545 763 5617 contemplativas
784 5544 861 5613 vites)
875 5547 968 5601 studia
1021 5564 1137 5617 reamque
1145 5549 1305 5617 fruqoiitute
1317 5551 1431 5616 surdus,
1442 5555 1473 5605 ut
1483 5551 1617 5605 interdum
1627 5567 1654 5606 se
1658 5555 1721 5621 post
1732 5565 1822 5618 uespe-

169 5618 212 5670 uti
220 5619 352 5685 possimus
361 5617 431 5682 (Lib.
447 5617 480 5670 de
497 5618 565 5672 l'era
584 5618 683 5686 lira).
699 5620 836 5671 llactenus
848 5620 882 5672 l).
894 5617 968 5673 Basi·
1023 5635 1093 5681 ram,
1107 5634 1154 5673 neo
1166 5622 1274 5681 semus,
1289 5624 1335 5674 out
1347 5622 1495 5675 inominerit
1507 5624 1637 5688 refecisse.

169 5685 233 5742 lius.
252 5690 336 5743 Porro
352 5687 491 5757 quomodo
504 5687 627 5758 corporis
645 5702 710 5744 cura
729 5686 759 5742 in
774 5685 836 5743 oibo
855 5696 882 5744 et
901 5697 967 5760 potu
1056 5691 1069 5722 ⁰
1085 5687 1128 5745 nb
1139 5688 1190 5744 bac
1201 5691 1333 5745 sententia
1346 5698 1399 5746 stat
1410 5693 1443 5745 D.
1460 5691 1645 5764 Hieronymus
1656 5689 1776 5762 primum
1792 5689 1822 5744 in

169 5756 272 5829 absque
287 5756 423 5827 voluptate
441 5756 564 5812 habenda
580 5758 627 5823 sit,
644 5757 764 5813 declarat
781 5758 818 5814 D.
839 5759 967 5831 Augusti·
1021 5758 1259 5832 epistoladocima,
1273 5761 1320 5816 ubi
1334 5763 1389 5817 ait:
1403 5765 1502 5818 Porcus
1514 5763 1596 5825 nim,
1610 5769 1636 5818 et
1648 5765 1739 5817 uenter
1749 5776 1822 5816 sem-

169 5842 221 5885 nus
233 5827 276 5886 bis
289 5827 378 5884 verbis
394 5847 400 5885 :
416 5830 470 5885 iioc
484 5843 524 5885 me
539 5829 654 5885 domnii
668 5828 818 5898 (Domine),
833 5834 864 5885 ut
876 5845 967 5901 quern·
1019 5832 1191 5902 peresuriens
1202 5832 1334 5888 triduanis
1340 5832 1453 5904 jejuniis
1463 5835 1621 5905 marmur.
1631 5836 1667 5891 tit
1676 5833 1760 5888 multo
1767 5847 1823 5887 me-
