3848 6158
69 323 75 335 .
128 294 179 344 5Ιὸ
328 361 339 384 0
669 280 808 336 ioannis
826 278 976 334 ctsstnitt
997 275 1241 333 COLlithONES.
1393 291 1399 303 ·
1692 286 1693 289 ’
1730 274 1783 327 tto

128 413 322 485 concupiscens
341 417 423 483 atque
446 407 588 476 iuratus,a
611 403 785 462 anathemate
804 404 924 477 percuti,
939 413 965 476 Α
979 404 1033 460 iiici
1049 403 1137 460 vultus
1158 401 1210 458 sub
1228 400 1321 457 colore
1335 397 1416 454 nobis
1439 398 1496 454 auri
1522 396 1640 453 fallentis
1657 395 1782 470 objiciat,

128 514 211 578 atque
234 513 335 562 caterua
355 501 455 559 meruit
478 509 566 557 morte
586 498 710 555 damnari
735 500 836 565 (locate
856 503 927 568 rii).
980 497 1035 554 sire
1045 512 1108 554 cum
1122 493 1360 567 ⁰paracbaragmis
1371 506 1422 549 uos
1435 498 1548 548 conatur
1556 489 1680 559 illudere,
1693 491 1784 563 quod·

129 599 256 658 Secundo
281 597 395 655 sollicite
419 609 469 651 nos
495 593 634 665 explorare
653 591 794 662 convenit,
814 607 849 649 ue
862 606 929 648 auro
980 591 1046 649 dam
1066 589 1168 646 scilicet
1191 588 1296 661 pictatis
1319 601 1388 660 opas
1406 585 1558 642 admonens
1578 583 1784 654 assectandum,

130 692 275 765 purissimo
285 692 490 761 scripturarum
505 702 588 757 prava
605 685 791 758 interpretatio
804 693 931 757 coaptata
982 684 1057 758 quod
1070 699 1128 741 non
1142 684 1176 741 de
1190 683 1310 755 legitima
1331 682 1469 739 seniorum
1488 678 1637 752 procedens
1654 687 1786 752 moneta,

131 786 230 843 metalli
242 784 409 856 pretiositate
422 796 474 838 uos
489 779 574 838 fallat.
590 782 621 836 ln
643 795 698 852 quo
713 781 797 838 etiam
810 778 931 837 Domino
983 779 1034 836 sub
1049 785 1187 851 praetextu
1203 777 1334 834 nautum
1352 775 1430 833 ducit
1443 773 1478 831 ad
1499 772 1573 843 viba,
1591 773 1632 830 vel
1644 772 1785 832 immode-

130 880 261 937 salvatori
273 877 463 935 callidissimus
477 874 603 934 diabolus
618 893 625 929 ι
640 874 713 931 velut
730 874 839 943 homini
861 874 928 930 sim·
984 873 1050 930 ratis
1065 872 1364 946 incompetentibusque
1374 868 1485 943 jejuniis
1504 883 1553 926 seu
1572 867 1666 941 vigiliis
1679 870 1786 941 nimiis,

130 974 192 1047 plici
200 1015 218 1051 „
232 974 345 1031 tentarit
368 973 525 1045 imponere,
542 970 611 1026 dum
632 984 664 1026 ea
685 984 746 1042 quae
771 970 945 1042 generaliter,
983 969 1025 1026 rel
1049 967 1217 1025 orationibus
1240 965 1414 1033 inordinatis,
1433 963 1477 1021 vel
1497 963 1645 1036 incougma
1668 964 1789 1024 lectione

130 1075 194 1122 sunt
206 1081 289 1139 super
311 1067 436 1124 omnium
448 1065 586 1137 justorum
601 1064 726 1136 personis
740 1063 929 1136 intelligenda,
985 1061 1130 1136 decipiens,
1146 1062 1181 1119 ad
1192 1062 1309 1119 nerium
1328 1048 1458 1133 pertrahit
1479 1058 1574 1116 linem.
1596 1058 1647 1116 ttct
1666 1075 1732 1116 cum
1742 1058 1788 1118 iii·

130 1160 257 1218 malivola
270 1160 495 1233 interpretatione
508 1172 698 1231 corrumpens,
708 1157 859 1230 specialiter
869 1157 932 1214 huic
984 1159 1163 1217 teroessiones
1175 1173 1207 1213 ac
1217 1156 1382 1214 visitationes
1392 1153 1449 1229 pias
1458 1153 1604 1227 persuadet
1613 1153 1786 1228 impendere,

131 1257 353 1329 euangelicum
368 1255 494 1313 custodia
508 1270 565 1312 nou
578 1255 683 1328 egebat,
700 1241 815 1310 conatur
828 1261 930 1326 aptare,
985 1253 1084 1326 quibus
1098 1269 1149 1311 iios
1163 1269 1179 1310 a
1197 1253 1363 1326 spiritalibus
1377 1249 1536 1309 monasterii
1551 1250 1676 1307 claustris
1696 1259 1725 1308 et
1743 1266 1788 1308 se·

131 1347 225 1406 dicens
240 1366 247 1404 ε
265 1351 333 1418 Quia
347 1343 473 1419 ¹’carpetis
484 1351 540 1405 sats
552 1350 694 1404 manuducit
706 1349 739 1404 de
754 1353 788 1413 te,
803 1353 836 1405 ait
845 1351 933 1404 aisto-
984 1355 1059 1406 creto
1073 1349 1168 1406 amicae
1182 1348 1280 1420 quietis
1289 1345 1417 1414 excutiat,
1430 1343 1627 1402 sollicitudines
1640 1343 1722 1401 etlam
1736 1360 1788 1401 cu-

132 1444 210 1498 dicct
224 1447 283 1498 tci'ii
295 1445 417 1499 omittetis
430 1445 481 1497 ciis
494 1445 559 1505 tots,
570 1445 599 1496 in
609 1443 731 1497 mnitibus
738 1443 887 1512 portabunt
896 1446 931 1506 te,
986 1458 1082 1516 resque
1103 1441 1241 1514 suscipere
1260 1440 1448 1514 religiosarum
1468 1455 1500 1496 ac
1515 1437 1708 1496 destitutarum
1721 1455 1788 1512 sng-

131 1554 303 1606 iiecmqiiem
318 1538 444 1604 osseiidiis
459 1537 496 1590 cd
506 1536 726 1606 lapidcmpedem
738 1536 931 1600 tonniffselm.
986 1538 1056 1610 gerit
1067 1536 1246 1606 feminarum,
1268 1545 1300 1593 ut
1320 1534 1480 1608 huiusmodi
1495 1534 1597 1608 laqueis
1618 1534 1789 1592 monachum

133 1647 182 1698 xc,
198 1633 296 1686 ιιι-ιιι.
308 1626 933 1700 iv):pretiosascilieeteloquiaScriptnrarum
985 1632 1209 1691 inextricabiliter
1229 1631 1365 1688 irretitum
1385 1631 1599 1704 perniciosarum
1621 1629 1791 1688 sollicitudi-

133 1724 229 1779 eallida
249 1724 434 1797 assumptione
457 1731 635 1791 convertens,
659 1720 743 1779 etad
766 1722 934 1779 contrarium
986 1742 1055 1783 num
1065 1726 1242 1799 occupatione
1252 1724 1397 1793 distendat.
1409 1726 1459 1782 Vel
1468 1733 1617 1782 certecum
1631 1723 1791 1783 desiderare

133 1819 300 1893 noxiumque
316 1834 428 1877 sensum
444 1818 620 1893 detorquens,
636 1826 666 1875 nt
678 1818 825 1892 imaginem
840 1828 933 1893 tyran·
987 1829 1112 1878 sanctum
1126 1821 1270 1878 clericatus
1282 1818 1406 1877 officium
1416 1819 1467 1878 sub
1481 1825 1614 1892 prete-itu
1626 1817 1788 1878 edificatio·

686 2009 813 2063 nunaut
833 2009 944 2065 GAZAEl
965 2008 1243 2066 COMMENTARIUS.

169 2180 182 2206 ⁸
196 2168 323 2225 lllludere
337 2166 445 2224 ridetur
468 2166 502 2224 ad
516 2165 594 2234 illud,
607 2165 681 2238 quod
697 2166 723 2220 in
743 2183 801 2238 caii.
818 2167 937 2239 septimo
950 2175 974 2236 Β
991 2173 1017 2224 et
1029 2170 1187 2239 sipomotur
1197 2169 1320 2223 monibus
1330 2168 1493 2236 angelorum,
1504 2181 1558 2220 non
1567 2170 1598 2222 at
1608 2164 1794 2235 amoliendas

136 2241 197 2297 libri
210 2242 293 2297 Josue
303 2239 400 2312 legitur
410 2258 417 2294 ι
427 2240 581 2295 anatliema
592 2241 622 2292 m
633 2239 720 2292 medio
730 2241 771 2292 tiit
781 2244 829 2301 cst,
840 2240 934 2294 lsrael.
990 2240 1029 2295 cd
1042 2240 1159 2310 lapidem
1169 2239 1264 2310 pedem
1281 2254 1369 2307 saum,
1386 2240 1465 2309 quasi
1476 2240 1609 2307 infirmus,
1624 2237 1671 2294 sed
1678 2240 1794 2308 propala·

136 2315 222 2368 Porro
235 2309 601 2381 anathemaiarieaccipitur
610 2309 637 2365 in
646 2308 850 2366 saerislitteris.
865 2313 936 2366 Nam
991 2311 1350 2381 lionoremqiiosi'domiims.
1359 2310 1502 2374 Odiobole,
1513 2311 1639 2378 quoniam
1648 2309 1794 2365 FiliasDet‘

55 2414 58 2420 ·
135 2393 163 2440 et
175 2384 262 2454 ipsam
279 2381 473 2450 anathematis,
493 2381 522 2438 id
535 2388 588 2443 est,
614 2378 747 2450 sacrilegii
770 2381 894 2452 culpam,
910 2389 937 2438 et
989 2383 1357 2452 mentempertotiirlecisti,
1371 2383 1475 2451 etpiiio
1489 2381 1794 2452 supmcspidemetba·

134 2456 193 2527 eins
207 2453 318 2510 sceleris
335 2468 454 2525 poenam,
470 2460 497 2508 et
513 2467 557 2508 res
570 2454 629 2507 Deo
647 2450 760 2508 devotas
781 2459 808 2507 et
821 2451 937 2524 proinde
988 2453 1106 2509 siliceum
1120 2454 1205 2507 calcat
1215 2468 1268 2507 non
1283 2455 1389 2523 lepisti?
1399 2453 1446 2508 sed
1454 2452 1525 2506 iliad
1533 2454 1794 2523 prosersutsaper·

135 2541 151 2582 a
170 2525 245 2581 nullo
259 2524 371 2581 bomine
389 2522 514 2593 utendus,
532 2531 579 2579 aut
592 2521 709 2594 denique
722 2523 808 2594 legem
823 2520 858 2578 de
871 2536 937 2578 ana·
990 2526 1048 2591 biis,
1066 2524 1112 2578 hoc
1123 2528 1213 2578 oiitcm
1227 2528 1296 2579 taces
1308 2529 1339 2579 iit
1348 2525 1555 2593 vtistiittis(liom.
1570 2529 1612 2591 ⁵).
1750 2587 1755 2592 ¹

135 2596 255 2653 themate
273 2597 358 2654 latam
378 2594 493 2651 subinde
512 2594 655 2667 significat.
669 2598 708 2649 At
721 2592 764 2649 bic
780 2592 848 2648 nibil
862 2593 936 2651 aliud
1022 2597 1297 2651 ll>oriicliiiriiicismis
1321 2594 1411 2651 omnia
1421 2593 1594 2666 'exemplaria
1616 2602 1674 2650 mm
1689 2609 1793 2652 excusa

135 2667 287 2740 siguificare
299 2667 416 2734 ridetur,
433 2680 517 2738 qaam
528 2665 615 2738 ipsam
632 2664 862 2732 exsecrationem,
878 2679 936 2721 ma·
987 2679 1070 2736 quam
1084 2680 1164 2733 mss,
1181 2680 1246 2721 cuni
1259 2674 1352 2723 tamen
1369 2665 1482 2722 omnino
1497 2665 1640 2738 legendum
1653 2664 1792 2737 rideatur,

136 2739 263 2796 ledietum
277 2748 304 2795 et
315 2739 465 2805 interitum,
474 2752 557 2819 quem
564 2736 647 2793 miser
657 2735 701 2792 ille
716 2742 821 2807 patrato
835 2735 936 2792 scelere
985 2737 1218 2806 paracharagmis,
1231 2745 1263 2793 ut
1276 2737 1421 2796 ciaconius
1434 2736 1586 2805 annotavit,
1601 2736 1642 2792 rel
1654 2739 1795 2808 paracha-

89 2814 96 2835 ‘
135 2826 168 2866 eii
182 2811 271 2867 divina
290 2808 459 2867 ordinatione
477 2809 600 2866 incurrit¹
613 2808 688 2876 Quod
702 2809 773 2863 mim
792 2807 936 2862 eimtlicmu
988 2811 1131 2876 reomatis,
1145 2806 1172 2863 id
1189 2816 1240 2890 est²
1252 2808 1462 2866 numismatibus
1475 2807 1643 2877 adulterinis,
1657 2823 1707 2865 seu
1720 2808 1792 2866 falso

135 2883 270 2938 intendam
284 2884 441 2939 occisio-item
456 2883 601 2949 significet,
620 2879 713 2934 multis
724 2881 820 2934 ceteris
834 2880 937 2934 institi-
987 2877 1142 2935 charaotere
1153 2887 1264 2949 notans,
1276 2889 1396 2953 utsupra
1406 2879 1798 2950 dictumesttl'idcdlolcmim,

136 2957 220 3006 menti
236 2955 394 3007 testimoniis
405 2952 519 3021 motii-ri
526 2953 623 3020 potest,
639 2949 676 3005 ait
689 2947 726 3004 D.
750 2949 935 3020 Hieronymus
988 2950 1132 3006 dePe'ctur.
1142 2966 1201 3021 cop.
1213 2950 1598 3034 tailnquamitidemrocem
1608 2958 1665 3007 tam
1674 2950 1792 3033 Cupchii

137 3024 163 3077 in
175 3023 287 3093 epistola
298 3024 331 3078 ad
347 3021 485 3093 algasiam
502 3028 600 3091 quaest.
612 3026 639 3076 9.
652 3019 732 3089 Quod
742 3028 833 3076 autem
845 3020 936 3093 sequi·
988 3036 1070 3093 quam
1084 3021 1205 3104 epusdem
1224 3022 1342 3079 Ciaconii
1358 3023 1441 3080 serias
1455 3030 1482 3079 et
1501 3021 1582 3078 utiles
1597 3031 1793 3079 annotationes

111 3145 113 3148 Α
136 3102 196 3149 tur:
208 3096 243 3148 Et
256 3098 356 3147 eterne
369 3092 469 3172 meruit
479 3096 563 3172 morte
576 3092 712 3154 domitori,
724 3090 791 3148 satis
802 3089 871 3148 dura
883 3099 935 3160 est,
988 3091 1033 3149 bic
1046 3092 1198 3165 subjiciam,
1212 3109 1247 3149 ne
1260 3094 1301 3150 vel
1311 3108 1407 3150 eorum
1421 3093 1502 3158 laudi,
1517 3093 1685 3220 reipublicae
1695 3092 1794 3150 ridear

135 3171 163 3219 et
183 3178 280 3236 parum
304 3162 460 3242 authentica
486 3160 568 3234 buius
590 3162 762 3219 anachoretae
781 3163 931 3231 sententia,
988 3163 1094 3220 utilitati
1118 3163 1256 3222 invidisse.
1276 3167 1353 3232 (llid.
1375 3167 1531 3230 emerico„
1554 3181 1573 3219 ii
1592 3167 1604 3220 t'
1622 3165 1793 3236 capreisic

135 3249 200 3289 cum
214 3241 343 3290 attextus
356 3232 478 3288 historiae
492 3241 519 3289 et
530 3248 678 3291 cousensus
693 3233 871 3305 interpretum
884 3249 934 3306 po·
988 3235 1071 3307 igitur
1079 3235 1229 3309 Cuycbius:
1243 3236 1479 3302 Pericharaiima
1487 3237 1544 3293 sire
1549 3236 1794 3309 paracharagmata

135 3304 328 3361 tiussuadeaut
337 3303 444 3359 Acbam
456 3302 534 3360 illum
545 3321 609 3362 vere
620 3314 647 3361 et
656 3321 689 3361 eii
699 3305 794 3361 auimo
804 3304 933 3373 doluisse,
987 3311 1052 3364 sunt
1071 3307 1224 3365 adulterina
1242 3314 1268 3363 et
1286 3306 1354 3365 falsa
1369 3306 1459 3380 sigua,
1478 3307 1532 3364 sire
1555 3307 1738 3374 numismata3
1763 3314 1794 3364 et

135 3384 163 3433 et
194 3386 318 3434 eccatum
331 3392 413 3433 suum
426 3374 544 3447 ingenue
555 3376 707 3450 agnovisse,
721 3377 814 3447 sicque
825 3375 933 3449 publica
988 3379 1032 3448 qni
1046 3377 1205 3451 hujusmodi
1219 3387 1360 3436 monetam
1381 3379 1499 3446 cudunt,
1539 3378 1721 3436 eracharactae
1736 3393 1792 3435 ro-

135 3393 278 3506 achiroth
298 3446 470 3504 confessione
484 3446 589 3504 dedisse
600 3447 717 3520 gloriam
732 3450 808 3516 Deo;
828 3463 860 3504 ac
872 3463 935 3518 pro·
987 3457 1093 3506 cantur.
1115 3451 1188 3506 llam
1208 3453 1410 3522 παραχαράσσειι
1436 3458 1478 3506 est
1495 3394 1647 3506 aifulterare
1667 3457 1695 3506 et
1716 3447 1792 3506 falso

136 3519 199 3601 inde
222 3536 280 3576 non
303 3528 422 3589 aetema,
448 3517 505 3601 sed¹
514 3518 659 3590 temporali
682 3517 826 3599 dumtaxat
845 3526 935 3599 morte
988 3520 1011 3578 si
1049 3535 1106 3576 are.
1130 3521 1174 3577 Sic
1188 3522 1391 3578 versutissimus
1408 3521 1519 3579 daemon
1536 3528 1563 3577 et
1581 3520 1699 3578 haeretici
1713 3519 1793 3578 illius

136 3590 396 3646 luissedammtum.
412 3592 448 3643 D.
462 3588 571 3659 quidem
581 3596 748 3660 Augustinus
759 3564 971 3660 quaestionestC
989 3536 1048 3649 affl

136 3675 217 3743 super
231 3663 316 3717 lasne
333 3661 370 3715 ita
383 3657 540 3716 dubitanter
554 3667 583 3741 ct
595 3657 788 3740 ambiguethac
802 3657 879 3715 dere
893 3660 936 3716 lo·
989 3661 1094 3747 pietatIs
1113 3663 1233 3734 speciem
1254 3679 1310 3736 prm
1331 3679 1361 3721 se
1381 3663 1486 3731 ierunt,
1508 3663 1557 3721 sed
1574 3664 1607 3721 ad
1621 3662 1748 3721 fraudem
1761 3671 1793 3720 et

136 3742 239 3803 quitur,
255 3740 286 3788 ut
296 3731 373 3789 raldo
392 3730 539 3788 obscurum
552 3738 599 3797 sit,
615 3737 707 3786 utram
721 3745 751 3785 in
762 3737 869 3802 partem
879 3746 937 3788 ma·
989 3733 1330 3792 illusionemdestinantur.
1345 3734 1547 3808 Decujusmodi
1559 3734 1688 3808 operibus
1702 3734 1793 3792 multa

137 3805 176 3929 gip
196 3802 435 3931 proptrersideatitht
456 3802 607 3929 Dligpylsius
628 3799 823 3928 Cartbipsipuplis
842 3809 870 3858 et
888 3803 935 3859 alii
989 3804 1081 3934 pidgirg
1095 3813 1137 3862 est
1143 3805 1229 3933 Capud
1242 3807 1408 3932 §laissiaiiunp¹
1415 3807 1444 3862 iu
1464 3806 1569 3936 pluribus
1586 3805 1793 3935 pgmisbcolla-

137 3889 206 3931 iuer
225 3890 256 3931 rc
317 3889 408 3931 muo
445 3888 477 3929 ro
532 3888 595 3929 iius
614 3887 714 3929 censen
774 3887 855 3930 eam
874 3888 936 3931 rere
1113 3920 1119 3932 .
1165 3893 1172 3932 i
1243 3894 1251 3932 ι
1575 3897 1581 3932 :
1779 3907 1793 3920 -

137 3891 305 4018 partiariis,
331 3952 360 4002 et
384 3888 476 4002 molito
495 3944 631 4018 corporali
653 3943 792 4017 expiatum
816 3953 936 4002 mortem
990 3886 1793 4023 sigumljssireztlffielgsentleiimeiffigtimioietparacbrgrcagamaiim

136 4026 268 4074 aternam
283 4017 411 4075 evasisse.
435 4015 519 4095 Unde
539 4030 680 4089 perperam
702 4015 825 4073 additum
844 4015 888 4073 hic
902 4017 937 4073 ab
991 4027 1033 4076 est
1050 4018 1120 4077 falsa
1139 4027 1263 4089 moneta,
1285 4022 1381 4079 Graece
1397 4023 1585 4093 παραχάραγμα
1605 4022 1674 4079 dicta
1698 4041 1704 4077 :
1725 4020 1793 4078 binc

135 4089 226 4161 aliquo
237 4088 332 4156 sciolo,
347 4099 379 4146 ut
392 4088 555 4146 sententiam
574 4085 745 4144 anachoreta
760 4095 893 4157 tueretur,
908 4089 936 4144 iu
992 4091 1206 4162 paracharaetae,
1219 4092 1265 4162 qni
1280 4092 1362 4150 falsos
1374 4108 1505 4150 nummos
1517 4093 1636 4160 cudunt,
1651 4100 1682 4150 ut
1694 4091 1741 4148 lib.
1755 4107 1793 4149 rx

138 4160 197 4232 ipso
209 4161 344 4243 ‚Dionysii
367 4160 478 4227 codice,
489 4174 543 4216 non
558 4175 618 4214 cece
634 4161 779 4229 paenituit,
819 4158 873 4215 nod
887 4174 938 4218 nec
991 4160 1060 4219 cod.
1077 4162 1258 4219 Theodosiani
1272 4164 1315 4220 tit.
1332 4167 1374 4221 De
1390 4163 1458 4220 falsa
1471 4172 1598 4235 monem,
1614 4164 1632 4219 l.
1648 4171 1665 4220 8
1679 4183 1686 4220 ι
1701 4165 1793 4222 Folsoe

137 4231 354 4301 precedentibus
368 4233 497 4298 cobaeret,
509 4245 596 4302 neque
615 4246 648 4286 ex
663 4230 793 4287 Cassiano
830 4230 936 4300 abetur,
990 4235 1160 4296 minitaret,
1169 4237 1317 4305 quosimlpo
1325 4237 1646 4307 piiccmrcctcscomm,
1658 4237 1793 4307 majesta-

136 4311 164 4357 et
172 4303 263 4406 lipsius
274 4304 397 4427 Igiouysii
412 4303 554 4385 sententiae
566 4318 599 4358 eit
611 4301 746 4427 illiametro
756 4310 897 4384 repugnat.
992 4307 1027 4359 tis
1040 4307 1150 4359 crimine
1168 4310 1288 4361 tenentur
1297 4308 1418 4363 obnost't'.
1436 4307 1479 4365 Sic
1494 4315 1521 4364 et
1534 4307 1679 4364 Cassianus
1692 4307 1789 4366 collat.

137 4375 937 4523 iipidliiiliiiiilililiil‘i'lilillliiiiiiili
991 4375 1531 4522 tttstiiittlit’ittitllttttt
1544 4377 1793 4523 altentare

137 4512 240 4567 scilieet
252 4512 376 4577 homine)
398 4512 508 4584 proprie
522 4511 690 4577 dictumest,
713 4511 823 4569 cbristo
836 4515 896 4570 Deo
910 4521 938 4570 et
991 4517 1035 4586 rit,
1050 4516 1195 4591 cujushaec
1208 4529 1283 4588 sunt,
1294 4537 1328 4576 ex
1339 4521 1450 4578 homilia
1461 4523 1539 4578 tertia
1550 4521 1578 4576 iu
1632 4523 1679 4578 rit.
1693 4524 1793 4579 :Sotiis

138 4581 244 4638 homini
266 4581 394 4653 adaptare
417 4581 534 4648 studuit,
547 4590 578 4638 ut
597 4580 642 4636 hic
664 4582 775 4652 dicitur3
797 4591 888 4640 tamen
903 4600 937 4640 eit
991 4594 1030 4644 est
1042 4592 1168 4645 Durniittts
1180 4596 1269 4647 noster
1282 4596 1356 4648 lestis
1374 4593 1509 4662 Chaberis,
1528 4595 1579 4664 qia-i
1592 4598 1617 4648 te
1635 4593 1796 4663 hiijusmoili'

137 4652 191 4710 hoc
204 4653 340 4726 majorem
360 4652 415 4709 vim
434 4653 495 4725 ejus
505 4660 701 4726 argumentum
713 4652 814 4711 habere
827 4653 936 4712 rideba·
991 4666 1076 4716 ortem
1088 4663 1172 4732 possit
1185 4662 1285 4733 docere,
1294 4679 1345 4735 per
1364 4680 1447 4736 quom
1465 4667 1552 4735 possis
1564 4665 1713 4720 discerncre
1729 4681 1793 4735 qma

137 4727 245 4783 tunsio
259 4725 330 4782 enim
343 4724 393 4781 sibi
407 4726 482 4783 visus
495 4731 537 4781 est
548 4739 604 4779 non
613 4724 706 4780 minus
718 4725 839 4796 speciose
853 4742 936 4798 quam
990 4735 1027 4789 si't
1034 4735 1158 4804 pemmo,
1172 4738 1299 4802 queam·
1314 4738 1384 4805 repis
1394 4738 1630 4805 immarcescentem
1651 4751 1711 4805 quc
1728 4752 1793 4792 iero

138 4812 251 4853 nervose
259 4797 442 4869 argumentari
458 4796 584 4853 aminori
597 4795 632 4853 ad
641 4797 747 4868 majus:
761 4800 803 4855 De
815 4797 938 4869 quotibet
990 4805 1028 4859 sit
1040 4805 1195 4860 adulterine
1207 4811 1242 4875 ct,
1254 4809 1286 4862 iit
1294 4808 1374 4876 culpo
1382 4807 1494 4870 dicitnr,
1504 4811 1581 4863 estre
1590 4813 1724 4872 monetam
1736 4809 1794 4875 for

137 4869 195 4925 viro
205 4869 281 4941 justo
294 4870 477 4942 scriptumest
491 4887 499 4924 τ
515 4870 585 4937 Quia
597 4870 765 4940 angelistuis
780 4874 937 4927 bacarion·
990 4880 1074 4940 mata,
1087 4879 1367 4947 puaetmmmqai‘dcm
1373 4878 1453 4934 ltobct
1462 4881 1543 4949 repis,
1553 4880 1694 4934 ceritatem
1702 4884 1794 4935 nutem

137 4941 212 4995 dimit
230 4943 263 4995 dc
274 4946 309 5008 tc,
325 4949 392 5009 etc.;
410 4957 476 5014 ergo
492 4940 580 4997 multo
602 4941 689 5014 magis
701 4940 735 4997 de
745 4941 873 5012 Christo,
906 4942 973 5017 uin
992 4948 1072 5017 regie
1085 4951 1182 5018 figure
1192 4965 1246 5004 non
1258 4953 1355 5005 teneat.
1373 4949 1428 5006 Ubi
1440 4949 1514 5022 quod
1528 4951 1641 5006 Latinus
1654 4951 1794 5033 interpres
1850 4986 1852 4991 -

137 5027 192 5066 nou
207 5011 290 5066 modo
303 5010 448 5081 viijustus,
464 5011 550 5068 immo
565 5011 648 5069 etiam
660 5013 710 5069 Dei
719 5012 804 5070 Filius
816 5022 869 5070 est.
881 4957 933 5072 δι·
993 5018 1073 5074 reiut
1084 5024 1303 5076 ecbammetcm
1317 5023 1445 5090 immoto,
1461 5019 1488 5077 id
1501 5019 1794 5079 Graeeefnisseexisti'-

137 5097 199 5136 rum
224 5082 274 5138 sub
300 5079 352 5136 hac
383 5081 497 5139 subdola
519 5091 547 5139 et
571 5082 657 5140 fallaci
683 5087 932 5157 argumentatione,
971 5104 1035 5146 .mo
1049 5094 1246 5164 παραχάραγμα.
1264 5095 1336 5149 llam
1357 5108 1403 5148 eas
1420 5091 1546 5149 homilias
1559 5092 1626 5149 milii
1640 5093 1793 5151 Graeoeri·

137 5153 278 5225 multiplex
291 5151 436 5210 adversum
451 5168 480 5208 se
494 5160 521 5209 et
539 5153 723 5227 irrefragabile
740 5167 935 5228 argumentum
988 5161 1052 5218 dere
1065 5163 1255 5236 noncoutiglt.
1269 5163 1346 5221 ldcin
1356 5163 1468 5220 bomilia
1477 5165 1557 5221 tertia
1567 5164 1597 5220 iu
1605 5164 1673 5237 psal.
1687 5179 1791 5222 mir:

137 5224 311 5281 malecautus
327 5223 451 5297 sophista
464 5224 599 5306 procudit,
614 5235 641 5282 et
658 5242 708 5283 suo
721 5243 749 5283 so
761 5227 849 5300 gladio
865 5230 937 5284 mul·
989 5234 1113 5290 Omnium
1128 5236 1313 5291 hereticorum
1324 5251 1408 5291 semo
1418 5252 1471 5292 aon
1484 5241 1523 5292 est
1532 5238 1651 5308 probola
1661 5237 1791 5308 ριοιιιιιὶι,

137 5293 266 5364 tipliciter
281 5295 423 5365 Jugnlavit.
446 5297 475 5351 Si
495 5296 567 5351 enim
586 5296 671 5354 Filius
690 5299 744 5355 Dei
758 5307 825 5364 erat,
848 5297 935 5355 immo
988 5309 1319 5377 mecDominicami'titcpre
1331 5310 1395 5363 t'rtsc
1407 5309 1610 5379 liabetfigarnm
1634 5306 1793 5364 sidicattc

138 5363 201 5491 pipiia
215 5364 299 5491 Fglins
313 5366 364 5422 Dei
375 5374 444 5449 erat,
459 5366 561 5424 idcireo
575 5369 733 5441 augelorum
746 5367 867 5426 custodia
879 5385 936 5427 non
988 5391 1133 5459 rammam,
1145 5378 1329 5442 intendite-m,
1343 5383 1603 5436 catramoaetomi'ta
1612 5351 1792 5451 'tammam

137 5443 938 5590 illitibittittrininitatis‘stitit
989 5451 1796 5596 tttttttllttt{amititiatilhit't

138 5594 193 5633 rim
210 5595 233 5634 o.
254 5585 285 5635 st
298 5585 323 5637 ct
336 5585 394 5648 38).
415 5581 495 5653 Quod
518 5582 541 5638 si
557 5582 591 5639 ab
606 5581 718 5639 bomine
730 5583 806 5654 justo
818 5581 937 5641 alienum
989 5598 1060 5659 otor,
1083 5605 1165 5662 quom
1184 5601 1282 5650 vocant
1295 5593 1562 5667 imperiecti‚bomil.
1585 5600 1620 5651 ³8
1634 5596 1662 5652 iu
1676 5591 1796 5664 matth„

138 5656 179 5706 est
191 5657 298 5707 tentare
317 5656 423 5719 Deum3
440 5660 543 5724 quanto
562 5653 648 5726 magis
663 5670 679 5710 a
696 5653 747 5709 Dei
766 5653 851 5711 Filiol
865 5655 937 5713 Hinc
989 5676 1054 5717 cum
1065 5663 1794 5738 itascribit:Nammasqainonlmbetehoropmocoe·

137 5723 173 5802 l).
189 5721 229 5778 Cli
264 5732 378 5781 sostom.
393 5723 432 5779 rel
447 5723 571 5796 quisquis
582 5733 677 5782 auctor
689 5725 778 5797 operis
788 5725 936 5799 imperiecti
990 5735 1070 5797 sarie
1085 5738 1213 5807 reprobas
1228 5741 1276 5792 cst.
1293 5739 1366 5811 Ergo
1375 5738 1399 5794 si
1415 5745 1488 5794 recte
1499 5752 1619 5810 auguror
1642 5738 1795 5796 Cmsiauus

136 5809 164 5847 in
179 5795 249 5849 Matt
269 5809 340 5851 mum
365 5798 469 5859 :Vere
486 5795 513 5850 in
533 5796 583 5866 uit,
602 5797 688 5853 Filius
711 5800 761 5854 Dei
782 5800 937 5869 angelornm
991 5805 1084 5862 Latina
1105 5807 1297 5865 terminatione
1325 5816 1355 5866 ut
1374 5808 1426 5865 alia
1447 5808 1531 5867 etiam
1547 5779 1773 5869 ominaomina

137 5867 263 5924 mortibus
276 5870 472 5941 comportetur,
487 5810 534 5924 seg
547 5869 702 5940 thiemonis
713 5871 818 5941 angelos
828 5876 936 5944 portem
989 5875 1233 5952 paracharagmum
1246 5851 1398 5938 declinavit.
1410 5882 1478 5938 Haec
1491 5881 1645 5939 ciaconius.
1782 5849 1791 5881 ⁰

1025 3591 1140 3648 ministri
1153 3590 1240 3647 inulta
1253 3591 1339 3649 edunt
1351 3608 1433 3665 opera
1447 3607 1509 3664 quae
1520 3599 1661 3649 externam
1675 3590 1793 3664 quidem
