3848 6158
106 202 162 258 3d9
312 274 326 289 .
446 203 490 258 DE
509 172 891 266 COENOBloltUll‘lNSTlT.
910 209 974 267 ΗΒ.
996 213 1065 268 vlll.
1084 240 1120 257 -
1139 213 1183 270 DE
1202 215 1339 273 SPlRlTU
1359 215 1438 273 lRAE.
1717 227 1770 283 350

107 328 238 384 irascitur
252 325 326 382 enim
338 327 424 394 tratri
440 343 498 394 suo,
513 332 640 387 reris'erit
649 333 778 402 juda'cio:
798 340 824 392 et
843 339 955 408 'quiA
1264 343 1387 400 CAPUT
1405 345 1471 400 XX.

104 421 168 477 ‘'d“
181 420 298 489 mmm
310 435 399 524 Ψ
412 422 548 479 '‘mid‘'
561 429 600 481 ⁰⁸³
612 427 741 532 (Mami
758 442 791 533 a,
802 431 812 484 ¹
833 432 910 535 ΙΨ·
966 457 997 512 ln
1016 470 1046 510 eo
1060 457 1132 524 quod
1145 457 1175 511 in
1196 458 1341 527 Evangelio
1359 461 1490 531 seriphum
1504 465 1553 528 est,
1575 464 1625 532 qui
1643 464 1772 521 irascitur

106 516 160 582 111)
171 532 180 581 ς
192 528 221 568 in
234 527 268 569 eo
286 512 390 570 scilicet
403 514 479 587 quod
499 531 564 573 eum
585 517 669 576 cordo
680 529 772 593 cupiat
783 529 911 595 interire,
1003 527 1091 607 [ratri
1103 543 1162 591 suo,
1184 534 1246 593 etc„
1261 534 1352 585 uuum
1371 533 1553 604 recipiendum
1571 536 1618 604 sit,
1635 535 1706 606 quod
1720 537 1769 592 ad·

104 609 187 677 ouius
199 621 328 663 amorem
341 608 451 681 propria
460 624 555 680 mano,
571 610 612 668 vel
630 611 687 669 telo
699 612 772 686 apud
786 613 913 675 homines
997 603 1101 668 imum
1116 603 1164 664 θεῖ’
1181 613 1254 657 ⁵¹¹¹ss
1267 615 1376 659 “⁰⁵³¹

105 699 225 758 minim
255 697 358 758 fudisse
383 701 565 774 cognoscitur,
585 701 685 761 aflectu
708 705 757 764 irae
778 707 917 768 homicida
1005 712 1152 772 Sciendum
1163 725 1254 773 tamen
1268 717 1297 773 in
1310 733 1354 788 eo,
1369 718 1444 792 qnod
1457 718 1485 775 in
1498 720 1661 793 quibusdam
1675 736 1770 779 exem·

106 794 303 868 pronuntiatur
318 809 334 850 a
348 793 484 851 Domino:
505 795 553 868 qui
567 811 624 853 nnn
647 798 738 856 solum
751 816 801 873 pro
816 817 915 875 opera·
968 809 1089 881 pluribus
1103 809 1248 881 invenitur,
1263 812 1309 884 qui
1323 812 1448 871 irascitur
1458 813 1532 871 tratri
1545 829 1596 872 suo
1610 818 1669 872 sine
1677 832 1769 883 causa,

106 888 192 948 tionis
205 887 318 959 ellectu,
337 888 483 947 sedetiam
502 907 551 964 pro
564 893 712 952 voluntatis
722 911 754 953 ac
770 897 825 954 rati
840 896 914 956 desi-
969 906 1045 976 reiis]
1060 906 1110 962 erit
1123 905 1235 978 judicio,
1254 894 1453 980 daupeiunum
1473 923 1542 976 esse,
1562 911 1620 966 sinc
1638 925 1730 974 musa,
1744 917 1772 966 et

105 982 196 1054 den'o,
216 983 362 1056 unicuique
376 991 425 1041 aut
439 984 584 1056 praemium
597 986 703 1059 reddet,
723 998 769 1046 aut
790 1007 912 1064 poenam,
968 996 1107 1070 adjectum
1116 1013 1175 1055 esse
1190 999 1223 1055 ab
1234 997 1276 1056 liis
1287 1001 1334 1072 qui
1344 1001 1542 1072 amputandam
1552 1002 1621 1059 iram
1630 1019 1679 1076 pro
1686 1003 1770 1076 justis

107 1076 261 1136 seeundum
277 1075 346 1134 illud
361 1077 437 1149 quod
457 1078 515 1150 ipae
530 1079 652 1152 loquitur
666 1096 715 1154 per
735 1084 911 1157 prophetam:
968 1091 1056 1148 causis
1066 1091 1179 1147 minime
1192 1100 1365 1165 putaverunt,
1378 1096 1563 1168 ‘cumutique
1576 1097 1771 1170 nullusquam·

106 1167 281 1242 ὴΕεεειιιειιι
291 1187 475 1243 operaeorum
486 1177 691 1244 etcogitationes
703 1183 915 1238 eorumceniout
968 1182 1034 1241 libet
1048 1184 1150 1256 absque
1168 1186 1274 1243 ratione
1293 1196 1464 1256 commotus,
1479 1189 1537 1245 siue
1550 1204 1631 1245 causa
1652 1191 1723 1247 dicat
1741 1207 1772 1249 se

106 1281 263 1337 congregem
269 1282 328 1323 uim
337 1262 625 1337 orunibdsgeatibuset
635 1270 734 1343 lingitis
744 1275 808 1342 (lsa.
818 1279 913 1342 axvi).
967 1274 1056 1331 irasci.
1071 1276 1258 1346 Quamobrem
1271 1288 1382 1352 apparet
1393 1279 1428 1337 ab
1438 1279 1476 1337 eis
1490 1279 1627 1352 adjectum
1641 1283 1687 1352 qui
1704 1298 1772 1354 pro-

109 1361 148 1416 Et
154 1358 306 1432 Apostolus
319 1377 327 1415 ε
341 1363 353 1394 ⁰
366 1363 442 1418 luter
451 1376 479 1417 se
493 1364 605 1418 iconem
617 1366 820 1434 cogitationibus
833 1384 915 1425 accu-
968 1369 1090 1440 positum
1117 1385 1173 1426 non
1187 1369 1380 1429 intellexerunt
1393 1371 1540 1446 Scripturas
1554 1372 1669 1429 volentis
1686 1372 1772 1429 lomi-

106 1456 301 1521 minumum
311 1458 393 1512 ctiam
402 1446 617 1524 defendentibus,
629 1459 915 1532 indiequajudicobit
967 1469 1022 1518 tem
1044 1462 1191 1522 iracundiae
1204 1466 1371 1524 omnimodis
1384 1474 1538 1540 amputare,
1556 1466 1714 1540 nullamque
1725 1467 1771 1522 in-

111 1550 182 1606 dicus
194 1551 299 1606 occulta
313 1550 608 1620 hominumlliom.11).
966 1556 1130 1631 dignationis
1150 1560 1325 1619 occasionem
1345 1562 1453 1634 penitis
1473 1574 1629 1632 reservare,
1647 1576 1682 1619 ne
1703 1559 1770 1617 dum

661 1677 789 1735 ALthll
809 1679 919 1736 GhZAEl
940 1681 1220 1742 COMMENTARIUS.

146 1800 238 1880 {llaec
252 1797 386 1880 mutantia
405 1797 746 1884 praecedentiseiiplioatio
761 1809 812 1859 est.
835 1802 911 1861 Idem
928 1809 952 1872 Β
968 1804 1099 1874 prodere,
1112 1808 1235 1862 inimicos
1249 1812 1352 1862 nostros
1366 1822 1468 1872 amare,
1483 1810 1510 1862 et
1527 1822 1604 1862 orare
1619 1821 1669 1877 pro
1676 1821 1770 1889 perse-

111 1883 188 1925 enim
210 1877 251 1926 est
274 1884 354 1926 irasci
368 1867 446 1925 fratri
465 1885 526 1936 suo,
547 1886 575 1926 in
587 1871 640 1929 illis
651 1871 740 1928 verbis
754 1873 911 1942 salvatoris,
970 1878 1276 1945 camliaciacinse
1288 1878 1513 1933 maasiotoltitur.
1525 1880 1581 1933 Nec
1593 1878 1771 1934 enimimmu·

112 1955 146 1996 ac
167 1939 257 1997 odisse
282 1939 396 1996 fratrem
417 1952 511 2008 snum,
531 1941 610 2014 juxta
625 1950 747 1999 mentem
767 1946 914 2018 Apostoli:
968 1947 1011 2002 nis
1030 1954 1072 2003 ast
1084 1963 1100 2002 a
1113 1955 1234 2018 peccato,
1249 1949 1295 2020 qui
1313 1949 1394 2005 etiam
1415 1947 1515 2004 abalio
1530 1949 1610 2004 laesns
1630 1956 1657 2004 et
1672 1947 1771 2020 iniuria

109 2025 176 2067 cum
189 2011 251 2083 quis
270 2011 371 2068 scilicet
385 2010 423 2067 ita
436 2011 573 2081 irascitur,
595 2018 626 2068 ut
646 2030 705 2069 cum
724 2016 801 2072 oordc
823 2021 916 2089 cupiat
969 2015 1084 2074 affectus
1093 2018 1229 2074 irascitur.
1248 2021 1319 2075 llam
1333 2019 1412 2075 sicuti
1430 2019 1532 2074 neniini
1543 2019 1618 2089 iusta
1639 2019 1673 2075 de
1688 2034 1770 2076 causa

111 2084 235 2147 interire,
252 2089 284 2140 ut
296 2081 340 2138 hic
353 2081 390 2138 ait
402 2082 556 2151 (ὶεεείειιεε,
570 2084 624 2141 lioc
642 2092 695 2150 est,
712 2093 741 2142 ut
756 2095 874 2145 mortem
891 2088 916 2146 ci
970 2082 1149 2172 licet‘pairata
1167 2089 1330 2146 anctoritate
1344 2090 1500 2162 quempiam
1518 2090 1652 2156 occidere,
1666 2091 1704 2145 ita
1720 2105 1771 2145 ne·

109 2160 201 2225 optet.
222 2153 295 2210 Talis
316 2152 390 2210 enim
403 2152 476 2210 hand
488 2153 569 2213 dubie
580 2154 653 2228 apud
671 2158 762 2212 Deum
781 2157 918 2217 homicida
970 2159 1038 2216 mini
1046 2167 1122 2233 Justa
1141 2160 1175 2216 de
1188 2175 1269 2216 causa
1290 2159 1355 2216 licet
1368 2160 1463 2228 irasci;
1479 2160 1519 2215 sic
1532 2159 1663 2215 nimirum
1677 2167 1708 2215 ut
1728 2160 1771 2215 al-

110 2231 169 2289 εει,
188 2239 220 2281 ac
238 2223 350 2296 proinde
369 2224 463 2282 aeurni
480 2225 574 2299 judicii
594 2241 670 2297 reus3
698 2227 804 2287 euamsi
829 2230 917 2304 reipsa
972 2231 1022 2288 teri
1038 2232 1110 2287 male
1133 2231 1256 2298 velimus,
1281 2239 1327 2287 aut
1347 2229 1475 2304 injuriam
1497 2228 1673 2298 ulciscamur,
1696 2228 1772 2300 quod

112 2293 186 2351 nibil
202 2294 269 2350 mali
290 2292 396 2352 inierat.
415 2295 497 2354 Unde
512 2300 546 2354 D.
571 2297 757 2370 Hieronymus
773 2300 852 2372 epist.
881 2306 916 2359 ³6
970 2309 1011 2358 est
1023 2302 1127 2358 malum
1148 2301 1285 2373 promulo
1306 2300 1430 2359 reddere.
1446 2304 1504 2358 Nec
1517 2301 1608 2357 obstat
1625 2297 1699 2372 quod
1718 2299 1770 2355 ali-

112 2363 191 2421 huno
201 2366 290 2421 locum
304 2375 446 2438 spectans:
463 2369 529 2426 Cum
540 2371 621 2432 caim,
634 2367 729 2439 inquit,
742 2371 917 2430 homicidium
970 2373 1080 2446 quando
1098 2373 1157 2428 sine
1172 2381 1282 2445 peccato
1297 2372 1357 2446 quis
1369 2372 1445 2429 alteri
1465 2372 1615 2440 irascatur,
1629 2370 1771 2427 autetiam

111 2451 150 2491 ea
161 2437 223 2492 odio
236 2452 306 2507 sape
325 2444 467 2508 nuscatnr3
488 2443 648 2511 quicumque
658 2440 726 2504 odit,
742 2444 793 2498 etsi
803 2445 916 2500 necdum
970 2443 1062 2512 racha,
1074 2444 1116 2501 vel
1129 2442 1212 2510 latne,
1227 2445 1309 2501 dicut.
1323 2443 1449 2500 Primum
1463 2444 1535 2501 enim
1549 2458 1608 2499 non
1622 2440 1769 2515 prohiben-

112 2507 385 2633 gladuizercusserit,
398 2513 489 2566 animo
499 2516 587 2569 tamen
597 2511 731 2566 homidda
741 2517 789 2569 est.
801 2515 837 2570 Et
852 2515 915 2572 Cas·
970 2522 1015 2571 tur
1036 2514 1082 2571 liic
1105 2515 1186 2587 primi
1209 2514 1356 2573 iracundiae
1370 2522 1479 2578 inatus,
1496 2515 1542 2587 qni
1562 2513 1589 2569 in
1602 2521 1696 2571 nostra
1707 2528 1772 2596 ‚non

111 2592 205 2636 maniis
239 2594 273 2635 oc
295 2579 381 2638 loco:
403 2585 440 2639 ut
463 2582 532 2649 ideo,
556 2582 656 2655 iuquit,
680 2597 713 2638 ne
741 2584 915 2642 homicidium
970 2594 1036 2642 sunt
1047 2593 1206 2659 potestate:
1227 2585 1275 2643 sed
1286 2585 1479 2642 iradeliberata
1489 2596 1517 2643 et
1531 2584 1712 2658 perfectuum
1723 2599 1763 2641 sci

112 2654 305 2776 muretum
327 2654 381 2717 ira,
401 2653 546 2724 odiumque
562 2654 720 2717 succiditur,
740 2656 799 2711 aine
819 2656 916 2726 quidm
969 2656 1031 2713 linet
1050 2671 1201 2714 consensus
1216 2656 1330 2714 accedit.
1349 2655 1453 2712 Deinde
1469 2673 1520 2714 nec
1539 2655 1698 2782 hugusmodi
1720 2655 1759 2711 ira
1819 2651 1824 2659 '

176 2721 254 2778 uid-ii
272 2725 371 2779 aimeri
390 2724 464 2780 nullo
485 2725 675 2782 modoualebit
696 2724 826 2782 admitti:
847 2726 915 2786 insl-
969 2743 1024 2800 qua
1038 2728 1098 2799 quis
1119 2727 1240 2784 hominis
1264 2728 1330 2785 sitio
1348 2726 1471 2783 irascitur
1492 2734 1542 2784 aut
1557 2743 1573 2783 o
1589 2725 1723 2794 lenditnr3
1737 2695 1772 2783 ad

112 2807 204 2849 nuans
222 2793 302 2850 rerba
323 2809 384 2866 quae
398 2803 550 2866 sequuntur
565 2796 600 2855 ad
614 2792 794 2852 homicidium
808 2795 914 2855 reterri.
969 2797 1043 2871 quod
1056 2797 1251 2855 insinuandum
1263 2798 1372 2870 qnidam
1381 2797 1483 2855 dictum
1492 2805 1590 2870 putant
1601 2819 1607 2853 ;
1619 2798 1773 2865 oniti-esci·

150 2856 220 2921 ”En
236 2880 298 2937 quo,
321 2865 359 2921 ait
380 2866 573 2940 Hieronymus,
598 2866 730 2923 discimus
753 2884 806 2924 non
828 2870 914 2926 solum
969 2874 1014 2925 tar
1024 2871 1113 2938 fratri
1121 2885 1179 2934 suo,
1188 2869 1240 2926 hoc
1249 2879 1301 2939 est,
1310 2885 1365 2926 nou
1376 2869 1439 2925 vitio
1450 2868 1580 2937 hominis,
1591 2870 1638 2925 sed
1650 2866 1770 2935 homini3

31 3003 37 3011 Ο
113 2949 206 3006 opera
221 2936 269 2992 sed
282 2941 307 2992 et
321 2938 492 3006 repansiones
507 2943 601 2996 esseiu
614 2940 658 2994 die
673 2937 775 3008 judicii
783 2940 914 3011 judican-
968 2955 1061 3011 quem,
1075 2941 1139 3012 quia
1153 2938 1235 2997 lrater
1247 2948 1298 3009 est,
1317 2939 1437 2997 fraterne
1449 2940 1558 3014 diligere
1571 2938 1668 2996 dehet:
1686 2946 1717 2994 ut
1729 2938 1772 2993 in-

114 3007 175 3063 das.
199 3011 238 3064 lte
257 3009 356 3078 quibus
381 3009 501 3065 dictur.-
523 3013 598 3070 Nunc
620 3010 852 3067 circumdederunt
871 3027 914 3069 eos
968 3010 1121 3084 telligamns
1139 3011 1289 3068 Dominum
1310 3012 1386 3084 loqui
1400 3008 1434 3067 de
1449 3010 1490 3067 ira
1508 3026 1570 3085 quie
1592 3016 1693 3082 pugnat
1705 3022 1770 3065 cum

114 3080 285 3147 ooaitatioues
305 3095 371 3143 sure,
387 3081 495 3150 quando
504 3081 644 3151 judicabit
664 3079 789 3138 dominus
808 3084 915 3139 absccuc
968 3082 1113 3139 dilectione
1131 3080 1262 3139 fraterna.
1281 3082 1363 3139 Unde
1378 3084 1411 3137 D.
1426 3081 1594 3154 Augustinus
1608 3081 1676 3148 (lib.
1693 3093 1703 3134 i
1718 3082 1771 3136 lie-

113 3149 176 3204 dita
186 3150 333 3218 hominum,
346 3153 490 3207 secuudum
499 3153 672 3223 evangelium
683 3152 744 3206 teau
755 3155 857 3210 Christi
865 3173 873 3219 ;
883 3159 915 3210 ut
968 3158 1078 3209 tractat.
1094 3168 1116 3208 o.
1130 3156 1172 3220 ru,
1184 3159 1209 3209 et
1219 3155 1264 3209 lid.
1278 3153 1467 3210 tradedirit.
1482 3169 1505 3207 c.
1521 3152 1546 3222 9)
1559 3152 1769 3207 monetintuen·

113 3221 188 3275 illud
195 3222 266 3290 arcad
279 3222 426 3292 Apostolus
435 3220 761 3290 scribitocritatejudicii
769 3225 915 3294 comprobo
931 3200 954 3264 C
969 3225 1243 3295 dumquidsitirasci
1253 3227 1341 3292 tratri
1350 3240 1407 3287 suo,
1421 3226 1610 3304 quoiriumriou
1618 3223 1706 3304 tritici
1714 3223 1769 3304 ira·

115 3295 187 3346 tur:
211 3295 320 3347 Inolcem
341 3295 548 3364 cogitationibus
561 3291 748 3349 necessatibus
762 3299 788 3349 et
800 3296 914 3361 satista-
969 3297 1053 3350 scitur
1066 3297 1116 3366 qut
1124 3300 1231 3365 peccato
1246 3297 1345 3362 fratris
1366 3297 1502 3350 irascitur.
1518 3297 1553 3349 Et
1571 3293 1633 3349 alibi
1647 3309 1653 3344 :
1674 3295 1769 3354 lrusct,

114 3363 249 3417 cientibus
264 3365 292 3418 in
306 3364 349 3419 ilie
366 3381 421 3435 quc
431 3366 567 3434 judicabit
580 3368 649 3420 Deus
659 3361 816 3420 abscondita
829 3366 916 3421 homi-
970 3366 1019 3432 ait,
1034 3366 1121 3433 trahi
1131 3370 1162 3421 ut
1174 3368 1334 3435 coungatur,
1342 3366 1433 3420 trullus
1442 3381 1516 3419 scinu
1523 3367 1619 3419 mentis
1630 3364 1772 3433 reprelien-

114 3449 185 3487 num
199 3437 283 3500 (Rom.
305 3451 333 3504 ri,
351 3443 391 3503 7),
405 3441 435 3491 ut
457 3438 629 3506 comitatiores
649 3438 749 3491 nostrie
765 3451 852 3491 omnes
865 3452 917 3492 uno
970 3437 1021 3491 dit.
1037 3435 1200 3506 llirjusmodi
1213 3439 1375 3492 eriimmotus
1388 3437 1420 3491 de
1430 3437 1588 3490 umoreboni
1599 3442 1623 3491 et
1635 3436 1772 3489 desumto

116 3508 235 3575 tempore
243 3507 519 3577 congregatiejustum
530 3509 648 3564 iiidicem
653 3508 777 3579 prodent,
791 3507 857 3563 dum
868 3513 918 3565 out
970 3509 1104 3563 clmmtotc
1113 3509 1255 3571 aurientes,
1266 3510 1333 3563 vitiu
1344 3507 1456 3563 diemde
1464 3511 1596 3570 iionsunt,
1603 3523 1662 3562 cum
1673 3508 1772 3560 rectam

116 3582 224 3631 acmsat
237 3592 283 3632 aas
305 3583 399 3633 nostra
416 3580 585 3643 corudcntin,
601 3583 650 3635 aut
662 3580 800 3647 satisfacit
809 3594 860 3649 pro
874 3580 919 3635 de·
970 3581 1102 3634 rationem
1113 3584 1269 3648 sequantur.

118 3647 190 3711 licto,
212 3654 301 3702 utnim
324 3650 406 3718 phua
421 3652 484 3705 'sint
502 3656 622 3721 peccatu,
642 3668 679 3707 un
694 3653 762 3708 borio
783 3666 878 3720 operm
893 3655 919 3706 et
1007 3653 1065 3705 αΙ).
1088 3650 1259 3722 Augustinus
1272 3648 1386 3723 epistola
1401 3647 1563 3706 centesima:
1577 3649 1713 3719 subripit,
1728 3647 1772 3703 in·

117 3722 210 3773 utrium
219 3724 318 3782 uetera,
329 3736 365 3775 an
375 3736 443 3776 riona
454 3741 463 3787 ;
474 3726 499 3777 et
509 3727 603 3778 utrum
609 3723 696 3780 deleta
703 3723 874 3797 paenitentia,
882 3738 920 3778 an
972 3721 1042 3792 quit,
1057 3721 1123 3776 dum
1134 3722 1206 3776 riulli
1216 3723 1343 3777 irascenti
1356 3724 1399 3775 ira
1411 3736 1459 3777 sua
1471 3720 1579 3774 aidricu-
1591 3719 1694 3799 injusta
1709 3738 1717 3774 :
1732 3722 1774 3773 ita
1793 3720 1798 3731 '

117 3792 193 3845 nouis
203 3792 343 3847 sceleribus
353 3794 514 3850 imtaurata.
888 3801 893 3810 '
972 3795 1164 3848 inveterascens
1183 3795 1227 3847 ira
1241 3795 1273 3862 fit
1296 3793 1398 3855 odium,
1414 3792 1479 3846 dum
1502 3792 1660 3860 quas-irrisit
1673 3790 1773 3844 etaloris

153 3863 165 3893 ⁰
180 3861 219 3917 lta
240 3862 347 3944 vulgata
362 3863 443 3920 editio
458 3863 612 3920 emendata.
630 3867 741 3922 Veteres
762 3870 857 3919 autem
878 3864 921 3920 le·
973 3864 1101 3919 admista
1117 3863 1227 3919 ducatio
1241 3864 1345 3919 diutius
1358 3879 1418 3919 eom
1437 3864 1468 3917 in
1486 3877 1549 3916 ause
1562 3861 1673 3921 detinet,
1693 3860 1774 3912 donec

121 3938 189 4003 gunt
202 3931 228 3987 in
243 3934 378 4006 genitivo:
393 3937 466 3990 later
478 3937 629 3989 seinvicem
643 3937 834 4002 recitationum
845 3951 920 3992 uocu-
974 3939 1060 3990 totum
1078 3939 1193 4002 acescat,
1215 3950 1313 4004 easque
1331 3936 1494 4003 aouumput.
1510 3934 1678 4000 Qrtaproptcr
1691 3928 1774 4009 mittio

118 4005 249 4074 matium,
267 4013 335 4074 eta,
349 4020 428 4060 more
450 4006 627 4067 Graecorum,
643 4002 690 4074 qui
713 4001 842 4074 genitivis
860 4005 921 4061 loco
973 4006 1124 4060 meliusnec
1132 4005 1342 4075 justecuiquam
1353 4007 1505 4065 irascimur,
1526 4018 1608 4071 quiam
1620 4001 1692 4054 ecliit
1700 4001 1774 4081 preste

118 4072 302 4132 ablatirorum
319 4083 446 4143 utuntur,
465 4073 539 4144 quod
560 4071 683 4128 ablativis
697 4078 817 4129 careant.
837 4074 922 4131 Porro
973 4077 1112 4130 irascendo
1123 4075 1278 4144 irretiantur
1291 4077 1383 4130 odium
1392 4076 1442 4129 irie
1450 4074 1552 4128 occulta
1562 4072 1697 4139 facilitate
1705 4070 1772 4123 dila-

116 4146 306 4202 domatibus
319 4151 345 4201 et
357 4144 563 4213 defendentibus
572 4142 702 4201 vocabula
710 4149 776 4200 sunt
785 4140 921 4202 forensia:
975 4146 1072 4200 bimur.
1094 4148 1127 4201 Et
1146 4145 1296 4216 Gregorius
1314 4146 1341 4201 in
1361 4143 1479 4215 quadam
1495 4142 1607 4213 epistola
1629 4142 1696 4210 (lib.
1713 4153 1772 4205 vir,

116 4223 146 4272 et
160 4231 258 4273 sensus
276 4226 329 4283 est,
342 4215 426 4296 quod,
447 4214 611 4273 conscientia
622 4222 717 4272 nostra
731 4220 876 4271 attestante
895 4222 924 4271 et
974 4232 997 4271 c.
1011 4219 1074 4281 affl:
1086 4218 1130 4271 lra
1141 4219 1167 4271 si
1178 4217 1258 4271 semel
1270 4220 1384 4270 mentem
1395 4213 1533 4285 possidens
1547 4213 1656 4282 ceperit,
1666 4212 1775 4294 justum

110 4286 267 4360 judicante,
300 4286 475 4357 cogitationes
503 4294 605 4344 nostrae
630 4286 758 4359 quaedam
784 4283 854 4342 lacta
876 4302 924 4342 ar·
977 4302 1032 4341 esse
1054 4286 1167 4356 dimitat
1189 4288 1270 4342 etiam
1294 4286 1367 4356 guod
1387 4284 1532 4341 crudeliter
1553 4286 1630 4352 tacit.
1656 4282 1773 4339 coalitu

117 4366 208 4431 guunt
231 4365 259 4412 et
281 4364 406 4412 accusant
426 4365 456 4414 ut
475 4358 556 4428 mala,
581 4359 707 4431 qiiaedam
726 4354 877 4415 detendunt
896 4364 924 4414 et
978 4357 1045 4429 (uto.
1065 4358 1252 4415 auxiliaret.
1265 4373 1324 4428 cup.
1339 4357 1382 4429 tl)
1399 4359 1464 4414 :Ira
1480 4357 1613 4412 deuictum
1626 4371 1680 4420 cor,
1696 4356 1777 4426 quasi

116 4437 251 4485 excusant
267 4436 298 4483 nt
312 4428 404 4497 bona;
425 4429 539 4500 proinde
550 4430 745 4502 cogitadonum
763 4436 922 4486 nostrornm
977 4445 1011 4484 ec
1025 4431 1130 4485 ratiorie
1142 4430 1209 4485 solet
1222 4430 1372 4492 exhortari,
1396 4444 1454 4484 cum
1476 4429 1561 4483 dicit:
1582 4430 1646 4496 Qua
1669 4443 1735 4496 erga
1749 4429 1775 4481 te

115 4499 178 4557 aliae
191 4499 242 4556 sibi
255 4508 370 4556 sumunt
383 4509 471 4572 partes
484 4502 663 4571 accusatoris,
675 4499 735 4558 aliae
750 4500 799 4561 ici.
819 4499 923 4558 Athon
976 4505 1105 4570 aguntur,
1115 4503 1302 4572 equanimiter
1309 4502 1381 4569 sari
1388 4516 1441 4556 aori
1448 4505 1570 4571 possunt,
1578 4503 1658 4554 imnio
1667 4500 1722 4554 hac
1727 4513 1776 4568 pa·

118 4570 293 4628 eonscientiae
314 4572 504 4629 testimoninm
526 4588 591 4630 cuin
623 4571 842 4644 cogitationibus,
864 4571 921 4630 sire
934 4581 960 4646 Ι)
975 4575 1072 4628 tr'enter
1089 4574 1204 4629 tolerare
1223 4577 1362 4644 moratum
1384 4577 1424 4628 est
1441 4574 1526 4641 :quio
1542 4574 1568 4627 si
1588 4587 1642 4626 non
1663 4573 1700 4625 eis
1714 4585 1775 4651 cum

119 4641 384 4712 ratiocinationibus,
399 4643 549 4714 λογισμοῖς,
559 4641 760 4710 accusantibus,
775 4640 921 4700 veldolen-
975 4659 1076 4714 magm
1083 4647 1286 4717 exasperatione
1295 4646 1440 4711 resistitur,
1453 4647 1546 4698 contra
1554 4648 1579 4699 te
1586 4643 1709 4710 deinceps
1718 4653 1776 4694 sine

118 4711 257 4779 dentibus,
270 4714 406 4787 praecipue
426 4715 550 4770 futurum
571 4722 613 4771 est
625 4713 653 4771 in
666 4721 789 4771 ethemo
802 4712 922 4785 judici03
975 4732 1100 4772 masura
1122 4717 1307 4772 cumulantur.
1328 4715 1399 4772 Vide
1418 4715 1445 4770 S.
1464 4713 1600 4770 Thomam
1616 4715 1715 4795 agac.
1728 4711 1776 4789 td,

120 4791 188 4841 tuno
208 4785 282 4841 onim
307 4785 429 4842 maxime
452 4784 553 4857 aperiet
577 4800 607 4842 se
629 4784 669 4842 iis
683 4784 726 4840 illa
751 4784 925 4844 conscientia
976 4794 1026 4843 ait.
1043 4791 1070 4852 t,
1091 4786 1137 4844 ubi
1151 4788 1230 4844 docet
1245 4786 1315 4841 iiam
1328 4801 1388 4844 esse
1401 4801 1460 4841 cum
1474 4786 1589 4849 ratione,
1602 4797 1658 4836 sire
1672 4778 1777 4849 portuno

119 4857 272 4912 accusatrix
294 4865 322 4912 et
336 4857 500 4925 excusatrix,
520 4854 638 4940 qnando·
649 4854 784 4930 judicabit
801 4859 876 4913 Deus
892 4871 925 4914 ea
976 4860 1091 4942 rahonis
1097 4878 1106 4925 ς
1120 4859 1193 4912 unde
1213 4858 1280 4912 dicit
1299 4857 1476 4927 Philosophus
1490 4857 1519 4908 in
1531 4851 1653 4936 ιε’ὁεοεε
1664 4849 1778 4976 Ρνοὸὲίεῄ-Ξ

119 4926 851 5072 lituttalitatittltlltll‘uaaa
884 5017 926 5062 a,
976 4924 1778 5068 saltitatstatunatunatetltm

121 5068 352 5144 τῷάδελφῷαύτοῦ
369 5069 640 5144 εικῇ,ἰᾱεει,οιειιιὶε
654 5069 700 5142 qui
712 5067 837 5126 irascitur
860 5068 926 5127 ratri
976 5069 1385 5139 trasumtur3sedquondosunt
1409 5065 1780 5136 cremabititamquamha·

121 5155 172 5199 suo
185 5149 301 5209 temere,
315 5142 467 5211 immerito,
487 5141 545 5199 sine
557 5157 640 5199 eausa
653 5141 765 5210 (Metti.
777 5145 823 5210 v);
839 5155 924 5213 quain
978 5139 1334 5210 centeriudiciumrationis,
1344 5157 1372 5197 se
1399 5140 1567 5210 impeditum.
1576 5140 1779 5195 maturantem

122 5212 269 5270 lectionem
292 5215 364 5270 inter
385 5215 498 5272 Graecos
514 5213 639 5286 sequitur
660 5211 873 5283 chrysostomus
885 5212 927 5284 (In
978 5214 1023 5267 ira
1032 5226 1087 5267 esse
1101 5213 1274 5266 cumratione
1284 5213 1428 5267 semirdum
1436 5210 1624 5280 Philosophum
1632 5213 1680 5276 (vii
1688 5207 1775 5289 utha.

121 5288 283 5358 comment),
294 5285 537 5343 interLatinosAn
577 5284 665 5342 stinus
675 5284 768 5355 (Sum.
783 5284 924 5362 ldesum.
978 5299 1037 5354 cap.
1050 5285 1087 5352 6),
1096 5285 1163 5354 guia
1175 5283 1280 5353 appetit
1296 5281 1576 5338 matamalteriussub
1586 5283 1780 5350 rationeiusta

123 5359 201 5413 Doni.
224 5360 252 5412 iu
272 5357 387 5430 monte);
412 5365 494 5429 atque
507 5356 534 5412 in
554 5371 571 5414 a
588 5355 720 5429 colligunt
734 5370 790 5411 non
812 5368 926 5411 omnem
977 5355 1217 5436 uindictaltapue
1225 5354 1623 5424 metiminodjeuoimgimm
1633 5352 1780 5424 quamdam

123 5426 193 5483 iram
214 5428 349 5496 interdici,
373 5428 422 5485 ssd
442 5436 548 5485 tantum
563 5427 692 5502 injustam
708 5432 736 5482 et
751 5424 926 5484 irrationabl-
974 5427 1103 5497 dictitia,
1118 5431 1149 5481 ut
1174 5427 1297 5481 ustitiam
1309 5425 1503 5481 uindicatioum
1522 5427 1627 5480 imitari
1642 5426 1779 5496 uideatur.

122 5496 188 5553 lem.
203 5500 307 5558 lterum
325 5500 395 5557 hanc
404 5500 558 5568 lectionem,
571 5514 660 5572 nequa
671 5496 784 5555 Latinus
793 5498 849 5556 inte
882 5512 926 5555 res
979 5498 1141 5556 sicutenim
1157 5443 1330 5570 haecappetit
1350 5495 1453 5552 malum
1471 5496 1587 5580 proximi
1603 5496 1654 5579 suli
1673 5494 1780 5577 radone

122 5575 295 5640 secutusest,
312 5587 362 5628 nec
376 5586 437 5629 eam
453 5571 529 5629 solus
539 5570 694 5637 Cassianus,
706 5568 755 5627 sed
769 5579 796 5628 et
809 5514 930 5629 folia·
978 5569 1058 5651 justae
1080 5568 1218 5652 iindiotae,
1241 5568 1280 5626 sic
1298 5567 1337 5626 ira
1357 5567 1408 5625 sub
1425 5569 1516 5651 specie
1530 5582 1556 5625 er
1569 5583 1686 5649 imagine
1694 5571 1781 5648 justa

123 5652 258 5711 ronymus
273 5642 347 5701 hand
361 5643 501 5700 immerito
527 5641 712 5716 reprehendit,
734 5650 762 5699 et
782 5641 848 5699 illud
871 5639 926 5715 stig
980 5640 1123 5699 iindiuae:
1144 5642 1192 5700 sed
1210 5657 1239 5700 in
1251 5657 1285 5698 co
1301 5640 1509 5711 estdiscrimen,
1527 5638 1601 5713 qnod
1613 5645 1718 5720 iustitia
1735 5636 1781 5720 illa

123 5717 157 5766 ut
171 5713 354 5784 superlluum,
371 5731 386 5772 e
400 5715 476 5773 libris
493 5714 660 5773 eradendum
674 5729 735 5774 esse
750 5711 879 5771 allirmat.
894 5714 928 5772 Si
979 5721 1089 5785 regatur
1109 5728 1171 5770 vera
1185 5712 1347 5787 prudentia;
1369 5712 1409 5770 ira
1422 5729 1479 5772 non
1499 5726 1573 5783 iera,
1592 5710 1640 5768 sed
1661 5720 1781 5781 imagine

119 5783 204 5854 caim,
218 5783 453 5859 inquit,1'ubeinur
471 5786 625 5845 arimania·
645 5787 762 5846 atterum
782 5786 927 5845 masiliam
980 5784 1122 5843 dumtaxat
1135 5785 1298 5865 prudentiae.
