3848 6158
136 238 187 292 toi

809 230 948 287 tuannts
967 230 1117 288 CASSthl

1737 236 1792 291 tal

137 376 200 417 cum
210 359 301 432 tepido
315 374 347 416 ac
360 358 431 416 male
450 366 560 431 arrepto
573 353 781 413 renuntiationis
800 355 932 427 principio
948 358 974 420 Α
987 352 1206 411 sumtumoread
1219 368 1313 410 reram
1324 352 1615 411 Christihumilitatem
1626 354 1793 415 descendere

138 454 165 510 in
179 452 304 510 monachi
321 451 451 510 resederit
466 459 575 520 mente,
589 450 622 507 de
636 449 751 522 pristino
763 464 795 504 ac
809 449 933 505 saeculari

988 463 1046 504 non
1061 448 1234 520 permittens,
1259 448 1383 520 primum
1404 430 1607 505 inobedientem
1628 463 1694 506 eum
1710 449 1790 509 reddi

681 577 811 633 annunt
830 576 945 631 anAE1
964 573 1243 631 COMMENTARIUS.

140 693 302 745 conmissus
316 703 343 742 se
358 689 530 755 intromittit,
547 688 685 742 reordinat
699 687 839 748 ordinata,
853 688 938 755 reficit

137 765 222 827 fricta.
241 759 382 828 Quidquid
391 761 448 828 ipse
461 774 514 812 eren
526 760 629 825 feeerit,
640 763 689 812 aut
703 758 879 824 ordinaverit,
891 772 938 811 aec

138 836 206 884 recte
216 831 338 896 sactum,
349 845 395 883 aec
403 830 514 899 pulchre
527 831 665 883 emistimat
678 828 844 882 ordinatum.
857 827 937 883 tudi-

141 904 184 955 cat
190 900 356 969 judicantes,
372 899 533 969 prejudicat
536 900 715 970 judicaturis.
727 901 822 955 Sicum
833 903 885 953 lent
905 914 936 953 as

140 971 888 1040 atloenert't,nonpromoueatttradprioratum,suamab
923 998 936 1009 ·

141 1046 193 1097 tern
208 1046 257 1095 aul
266 1042 389 1095 invidum
399 1041 516 1110 judiam,
529 1045 579 1095 atet
592 1041 739 1110 deceptum.
757 1041 833 1107 Quod
849 1043 875 1096 si
884 1055 936 1094 me·

141 1113 239 1167 diceris
250 1115 276 1165 ei
291 1113 385 1180 aliqua
405 1113 518 1182 (functio
534 1111 574 1165 uel
590 1112 719 1181 elicium)
729 1110 878 1166 obedientia
894 1113 939 1165 in·

137 1185 234 1253 jttncta
245 1183 340 1248 severii,
350 1183 520 1250 iudicantur,
528 1187 701 1252 aspernatur,
709 1183 880 1237 arbitransse
889 1197 941 1236 nort

66 1294 71 1298 .
143 1268 197 1306 esse
217 1253 364 1307 minoribus
379 1253 570 1322 ocnepandum,
584 1255 633 1322 qui
645 1252 682 1307 acl
695 1252 799 1321 majora
813 1268 840 1308 se
860 1255 941 1307 sentit

144 1325 276 1379 idoneum.
299 1323 420 1378 Octavus
437 1331 478 1378 est
502 1323 622 1390 defensio
644 1329 821 1392 pcccatorum.
847 1325 939 1380 diuitis

142 1410 203 1448 cera
224 1394 308 1448 modis
319 1397 389 1462 fiunt
403 1395 584 1449 emanationes
598 1396 627 1448 in
647 1396 771 1463 pecccatis.
793 1397 850 1450 Aut
869 1397 939 1449 enim

143 1465 267 1533 dicitqui
278 1480 305 1520 se
320 1466 511 1526 accusabiles
524 1465 594 1531 [θείς
613 1469 671 1527 atet,
688 1467 747 1519 Feci
755 1466 877 1534 quidem,
893 1465 940 1519 sed

144 1537 206 1590 berte
216 1538 285 1602 fect}
300 1540 348 1588 aut
358 1538 383 1588 si
396 1535 475 1596 merle,
487 1549 539 1587 uon
551 1535 665 1589 multum
678 1536 761 1601 nerim
777 1540 826 1589 ant
835 1538 861 1588 si
871 1535 940 1589 mul·

144 1611 201 1659 tum
213 1606 291 1666 male,
307 1621 359 1658 tran
377 1606 449 1658 merla
464 1606 620 1659 interitione.
641 1606 672 1660 Si
683 1610 772 1659 autent
790 1609 815 1659 et
829 1605 861 1659 de
875 1602 938 1668 illa,

142 1677 210 1728 sicu-t
224 1675 323 1736 Adam,
340 1680 365 1728 el
377 1679 443 1736 Eua,
460 1676 634 1736 conrincitur,
652 1676 742 1728 alienu
756 1677 878 1730 suasione
892 1692 940 1731 ec-

142 1760 234 1799 cnsare
246 1747 392 1798 renititur.
406 1746 501 1799 Nonus
515 1753 555 1798 est
575 1745 704 1799 simulata
723 1747 867 1813 cotrsessio,
881 1763 941 1816 qua

141 1816 227 1869 multa
242 1814 418 1884 periculosior
438 1818 477 1868 est
491 1829 572 1883 attam
589 1830 690 1885 procare
707 1821 732 1872 et
750 1817 883 1871 obstinata
896 1819 941 1872 de·

85 1931 86 1934 ,
142 1888 239 1953 sensio.
250 1886 382 1941 Nauteulli
392 1887 464 1939 enim
475 1886 573 1941 ete-mdc
584 1887 767 1955 apertioribus
777 1893 939 1957 arpuunlur,

991 682 1114 739 diuscule
1137 691 1274 739 exaratam
1297 698 1330 739 ae
1353 683 1517 740 delineatam
1545 682 1640 741 lectori
1662 685 1793 758 religioso

991 753 1123 810 exhibere
1136 793 1144 820 ,
1159 763 1186 809 et
1205 764 1354 878 utramque
1371 753 1512 811 nonnuliis
1528 755 1678 825 Scriptura
1693 766 1722 813 et
1741 758 1792 815 SS.

993 828 1105 881 Puerum
1128 825 1170 880 elo
1190 825 1224 880 iis
1248 825 1283 881 ad
1316 833 1379 881 atus
1397 824 1523 895 ascriptis
1547 825 1690 884 illustrare.
1712 829 1793 886 Prius

992 896 1100 966 itaque,
1115 841 1190 968 quod
1202 897 1272 951 ratio
1287 895 1424 967 postulat,
1445 895 1548 977 scalam
1560 896 1722 956 humilitatis
1735 899 1793 958 suis

990 966 1133 1023 duodecim
1154 966 1283 1038 gradibus
1311 981 1343 1021 et
1356 973 1489 1022 sententia
1511 968 1543 1022 B.
1569 969 1705 1026 Benedicti
1727 986 1794 1028 con·

993 1046 1111 1094 stantem
1134 1052 1328 1109 proponemus.
1355 1038 1457 1092 Verum
1478 1039 1541 1110 quin
1566 1039 1649 1095 nimis
1674 1040 1793 1115 longum

992 1108 1066 1165 foret
1079 1117 1106 1164 et
1127 1107 1295 1180 superfluum
1309 1106 1421 1163 eosdem
1443 1108 1544 1180 gradus
1559 1125 1624 1166 cum
1640 1119 1700 1168 toto
1723 1129 1789 1186 cap.

995 1179 1105 1251 septimi
1127 1188 1267 1247 contextu,
1288 1193 1343 1250 quo
1358 1195 1375 1234 a
1388 1180 1418 1233 b.
1435 1177 1580 1236 Benedicta
1598 1192 1793 1253 proponuntur

994 1259 1021 1305 et
1036 1249 1215 1321 explicantur,
1232 1249 1275 1306 hie
1296 1248 1442 1314 ascribere,
1465 1249 1584 1307 breviter
1597 1260 1625 1308 et
1637 1255 1793 1313 summarie
1830 1291 1835 1299 ·

994 1336 1043 1377 eos
1056 1320 1268 1386 annotabimus,
1290 1329 1351 1376 turn
1372 1320 1461 1375 verbis
1477 1321 1562 1392 ipsius
1586 1325 1617 1377 B.
1635 1323 1791 1394 Benedicti,

994 1401 1054 1448 tum
1069 1392 1129 1448 aliis
1149 1393 1177 1448 S.
1193 1391 1310 1447 Thamae
1326 1390 1482 1462 Aquinatis,
1496 1401 1556 1449 tum
1573 1392 1690 1465 deniquo
1704 1397 1792 1454 verd-

995 1463 1047 1519 bus
1059 1461 1166 1519 abbatis
1186 1461 1341 1534 Tritbemii,
1360 1477 1416 1518 nen
1431 1463 1602 1534 spernendis,
1616 1463 1716 1536 quibus
1728 1481 1793 1526 eot-

994 1533 1059 1590 tlcm
1073 1534 1182 1590 astricte
1195 1543 1222 1590 et
1243 1533 1348 1605 poetice
1365 1534 1507 1604 expressit.
1522 1534 1577 1591 Ubi
1592 1543 1697 1604 tumen,
1718 1537 1795 1610 quod

995 1605 1028 1660 ad
1054 1606 1081 1659 S.
1100 1605 1236 1660 thomam
1261 1604 1376 1670 attinet,
1399 1603 1562 1677 deprehendi
1588 1607 1648 1679 ejus
1670 1613 1793 1680 textum,

995 1675 1085 1746 quoad
1105 1674 1177 1732 hunc
1201 1676 1311 1743 locum,
1338 1674 1482 1732 manifeste
1505 1675 1694 1748 depravatum.
1724 1680 1795 1738 Nam

996 1746 1003 1799 i
1008 1761 1054 1816 pse
1067 1744 1179 1817 quidem
1199 1745 1310 1803 eosdem
1323 1746 1424 1818 gradus
1443 1752 1471 1803 et
1485 1747 1582 1805 eodem
1595 1763 1716 1806 numero
1729 1763 1794 1808 cum

996 1819 1032 1871 l).
1052 1816 1201 1874 Benedicta
1216 1825 1370 1882 enumerat,
1391 1833 1542 1889 eorumque
1556 1818 1690 1875 rationem
1710 1820 1795 1894 expli·

995 1896 1055 1956 cat,
1070 1896 1100 1945 at
1113 1904 1169 1944 non
1191 1888 1288 1944 eodem
1304 1887 1410 1956 ordine,
1422 1888 1470 1944 sed
1482 1891 1562 1959 plane
1578 1890 1688 1947 inverso
1709 1899 1738 1948 et
1748 1905 1795 1950 re·

142 1960 252 2012 senates
274 1956 346 2025 qrred
360 1958 385 2009 si
396 1971 423 2010 se
436 1956 626 2022 defenderent,
646 1959 700 2011 sibi
713 1974 765 2013 nan
779 1961 939 2024 crederetur,
1004 1959 1142 2031 trogrado.
1159 1958 1295 2031 Siquidem
1310 1958 1504 2016 duodecimum
1516 1960 1644 2018 nominat
1656 1976 1739 2034 quem
1758 1965 1792 2020 B.

142 2028 268 2083 subtilius
279 2029 416 2081 inueniunt
429 2033 618 2095 areunculam
625 2029 801 2096 defensionis,
811 2031 893 2084 uerba
903 2046 943 2085 re·
958 2010 982 2073 Β
997 2029 1160 2086 Benedictus
1177 2029 1313 2101 primum,
1332 2038 1360 2086 et
1374 2038 1487 2098 eontra;
1505 2039 1533 2087 et
1550 2032 1592 2088 sic
1610 2031 1747 2114 deinceps,
1763 2041 1795 2091 nt

143 2098 302 2169 spondentes
318 2099 414 2152 (tolosae
436 2099 617 2165 eortsessienis.
638 2102 687 2154 Est
698 2102 812 2170 quippe,
827 2105 859 2156 ut
878 2103 942 2156 scri

143 2175 221 2240 ptum
243 2173 294 2231 cst,
310 2171 359 2237 qai
373 2170 497 2237 ricquiler
507 2170 635 2223 huntiliat
646 2185 683 2232 se,
702 2175 728 2224 et
738 2172 869 2226 interiora
884 2172 941 2242 ejus

142 2242 223 2310 plena
238 2244 301 2293 suat
315 2240 375 2293 dolo
389 2240 480 2304 (Bccli.
498 2245 568 2304 ιιι).
587 2240 684 2295 Vultus
704 2241 867 2305 demittitur,
879 2258 942 2313 pre-

143 2314 273 2366 stentitur
286 2325 390 2380 corpus,
407 2311 514 2378 aliattes
524 2310 577 2365 sibi
589 2311 722 2379 lacrymas
732 2315 901 2382 retorqueat,
915 2316 942 2368 si

142 2387 376 2452 possuat3120ccra
396 2382 530 2450 suspiriis,
546 2381 624 2435 uerba
641 2382 782 2450 pemitihus
797 2385 941 2438 internam·

141 2458 221 2523 pam.
235 2455 268 2506 Bt
283 2451 352 2506 infra
367 2471 375 2506 ε
388 2452 509 2508 Gloriosa
522 2467 563 2507 res
574 2452 721 2516 humilitas,
736 2469 791 2522 qua
804 2456 864 2522 ipsa
873 2470 939 2524 quo·

143 2540 195 2593 pue
208 2525 335 2592 superbia
344 2523 461 2592 palliare
469 2536 497 2576 se
513 2526 627 2592 appetit,
643 2539 675 2577 ae
687 2523 806 2580 vilescat.
819 2525 873 2581 Sed
882 2526 939 2580 bac

144 2597 196 2648 eila
206 2595 414 2662 terpivcrsatiaa
426 2592 541 2662 praelata
552 2593 772 2663 deprehenditur,
785 2596 809 2649 si
822 2595 859 2649 od
871 2595 939 2651 hanc

144 2663 286 2733 superbam
297 2664 538 2718 humilitatemnon
550 2664 642 2719 leniter
653 2666 841 2735 decidendae
851 2668 938 2736 acopis

145 2735 295 2789 dissimulet
304 2735 421 2804 culpam,
432 2733 596 2802 ueldisferat
602 2750 719 2804 panant.
734 2735 816 2806 Cujus
822 2738 892 2792 enim
898 2740 938 2794 si·

144 2805 247 2859 mulcta
261 2807 391 2872 confessio
404 2809 443 2859 est
456 2821 512 2860 una
522 2806 564 2859 ael
574 2807 625 2860 leci
638 2808 808 2874 contumelia,
822 2809 864 2862 uel
877 2810 937 2863 eci·

143 2893 196 2944 prus
203 2876 728 2946 panaitrterropatus,jomhumilitatem
737 2878 938 2948 simulare,J'am

144 2947 666 3017 simulationemdissimularenonpotcst
675 2952 853 3011 :murmurat
864 2950 938 3016 tren·

145 3017 204 3079 clct,
217 3018 354 3084 irascitur,
369 3032 414 3072 nec
423 3019 453 3072 ia
463 3021 560 3087 quarte
573 3023 645 3073 stare
658 3018 834 3083 humilitatis,
847 3020 894 3074 sed
907 3022 938 3075 in

145 3102 244 3141 nanum
253 3088 384 3157 superbia
397 3089 513 3156 pradum
522 3090 802 3159 corruisscprobatur,
815 3097 867 3145 ete.
885 3091 936 3147 Be·

146 3157 234 3212 cintus
248 3166 289 3212 est
300 3158 422 3226 rebellia,
435 3174 486 3231 qua
501 3159 687 3230 superioribus
703 3159 793 3216 renuit
813 3159 937 3232 obedire,

145 3235 193 3283 aut
207 3243 304 3283 eorum
316 3228 444 3286 mandata
462 3230 624 3286 contemnit.
646 3233 805 3295 llroutasus,
824 3231 851 3286 in
872 3231 938 3302 uit,

146 3314 209 3353 mcc
223 3304 249 3354 et
261 3301 402 3369 impudens
413 3304 503 3368 faetus
514 3303 589 3357 trinta
598 3302 725 3369 deterius,
736 3307 838 3372 quanto
882 3318 941 3374 spe-

995 2100 1087 2156 videre
1106 2108 1148 2156 est
1162 2108 1218 2182 tam
1233 2100 1260 2156 in
1276 2109 1439 2182 argumento
1458 2102 1548 2173 primo
1563 2103 1724 2185 qutestioms
1739 2119 1791 2162 no·

995 2179 1059 2227 tatae
1082 2186 1165 2242 quam
1192 2187 1219 2227 m
1241 2187 1318 2242 carp.
1335 2179 1411 2226 artie.
1433 2172 1548 2230 Constat
1573 2182 1664 2246 itaquo
1686 2181 1794 2232 textum

997 2241 1056 2313 ejus
1070 2257 1129 2298 esse
1143 2251 1322 2313 corruptum,
1337 2250 1397 2297 tum
1418 2244 1483 2369 auia
1501 2243 1645 2301 manifeste
1660 2253 1797 2328 repugnat

996 2313 1110 2383 Begulae
1131 2321 1160 2368 et
1181 2312 1270 2377 verbis
1295 2313 1325 2366 B.
1348 2313 1418 2368 Bene
1439 2313 1501 2382 icti,
1519 2313 1553 2372 de
1576 2315 1675 2440 Juibus
1695 2322 1795 2386 agitet

994 2383 1172 2454 quastionem
1185 2391 1276 2438 movet
1288 2386 1389 2451 (Trael.
1409 2388 1445 2440 59
1464 2386 1493 2439 in
1506 2388 1643 2454 Beprtarrn
1658 2403 1668 2439 ε
1693 2389 1796 2444 Utrum

994 2457 1178 2509 cerreenienter
1194 2455 1396 2522 distinguuntur
1409 2455 1552 2511 seeundum
1563 2458 1594 2511 B.
1613 2456 1795 2515 Beuedmtum

993 2525 1131 2580 duedecim
1142 2525 1242 2594 pradus
1251 2526 1429 2579 humilitatis?
1440 2534 1500 2581 tum
1546 2524 1572 2582 ia
1582 2527 1704 2583 loannes
1714 2528 1797 2585 Tur·

994 2603 1172 2662 recrematus,
1207 2596 1234 2651 ui
1250 2604 1357 2652 textum
1371 2594 1448 2651 illum
1462 2596 1491 2653 S.
1549 2610 1620 2653 omae
1632 2611 1703 2669 pene
1718 2595 1796 2655 inte·

994 2679 1074 2737 grum
1089 2611 1226 2728 transtulit
1238 2665 1266 2721 in
1285 2680 1366 2721 suum
1387 2665 1636 2736 commentarium,
1649 2668 1794 2728 contrario

995 2736 1079 2792 modo
1089 2735 1168 2809 legit,
1182 2745 1210 2792 et
1221 2737 1257 2793 ita
1268 2735 1351 2792 refert
1364 2736 1447 2793 rerba
1461 2738 1489 2793 S.
1503 2736 1794 2804 promanarunt).

994 2802 1138 2933 Begedicto
1152 2808 1231 2878 plane
1248 2806 1419 2864 conveniant.
1442 2806 1567 2881 Sedjam
1586 2809 1621 2866 ad
1642 2808 1732 2867 scalas
1750 2824 1797 2868 ao·

993 2892 1022 2932 ce
1044 2892 1136 2934 amus.

1240 2989 1337 3032 setta
1359 2989 1554 3032 nuntmms.

1029 3081 1099 3136 Buas
1108 3079 1195 3137 scalas
1205 3123 1213 3150 ,
1225 3081 1348 3154 religiose
1356 3082 1452 3148 lector,
1466 3080 1534 3137 mihi
1549 3089 1577 3138 et
1591 3081 1639 3138 tibi
1652 3095 1793 3154 propono,

994 3150 1150 3208 rudiusculc
1170 3152 1232 3208 licet
1250 3151 1409 3221 fabricatas,
1427 3152 1543 3209 alteram
1556 3151 1731 3222 humilitatis,
1751 3154 1793 3212 el·

993 3232 1082 3279 teram
1101 3223 1249 3295 superbiam
1272 3223 1386 3279 alteram
1400 3238 1416 3278 a
1431 3225 1465 3279 B.
1478 3222 1637 3307 Benedicta,
1651 3222 1794 3283 damma

995 3296 1027 3349 B.
1039 3293 1187 3363 Bemardo,
1197 3292 1306 3351 duobus
1314 3295 1435 3365 patronis
1441 3295 1544 3352 nostris
1556 3293 1717 3352 humilitatis
1726 3309 1794 3354 sna-

146 3372 233 3425 ratius
248 3371 276 3425 in
293 3371 425 3426 murnum
436 3373 549 3442 arcadum
568 3388 618 3441 per
636 3373 802 3428 rebellionem
820 3377 939 3444 conrad,
955 3377 978 3442 c
995 3364 1558 3438 S0ribus,superbiaeosoribusdescriptam
1569 3366 1795 3440 3suisutramque

146 3443 244 3521 pirique
256 3444 335 3510 prius
348 3443 461 3497 latader
470 3458 600 3512 arrepens
619 3445 722 3511 fratres
735 3450 939 3514 contempserat,

141 3528 200 3581 pain
209 3518 336 3582 patenter
349 3514 510 3577 inobediens,
525 3516 607 3568 etium
619 3517 778 3583 mopistrum
787 3518 939 3572 contemnit.

148 3582 329 3653 Undecimus,
343 3584 452 3638 libertas
461 3584 599 3653 peccandi,
609 3600 660 3654 per
681 3600 763 3666 quam
776 3587 939 3652 monachus,

146 3654 285 3725 expulsus,
299 3654 340 3708 vel
360 3668 485 3725 egressus
503 3653 537 3710 de
552 3662 728 3724 monasterio,
743 3671 803 3710 eunt
816 3655 879 3724 jara
892 3674 939 3715 nec

146 3727 306 3795 nutpistrurn
316 3727 418 3788 timeat,
429 3740 475 3780 nce
488 3726 592 3792 (ratres
600 3728 761 3790 revereatur,
777 3731 853 3782 tanta
863 3743 936 3783 seen·

148 3799 203 3851 rius
215 3800 316 3866 quanto
326 3796 758 3867 liberiussuadesideriaimplere
779 3797 936 3865 delectatur,

146 3869 269 3936 aquibus
277 3869 306 3921 in
314 3867 645 3937 moamterietampndore
653 3884 735 3937 quom
743 3871 937 3938 timoreprahi·

147 3940 269 3993 debatur.
285 3937 407 4008 benique
426 3935 606 3994 duodecimus
617 3939 715 4010 gradus
725 3948 766 3995 est
779 3941 938 3999 consuetude

142 4010 280 4079 peccandi,
296 4024 361 4064 cunr
377 4009 450 4080 quis,
473 4009 574 4083 rejecto
590 4010 695 4083 penitus
716 4010 764 4066 bei
783 4010 893 4077 timore,
910 4012 940 4069 in

144 4096 227 4137 omne
241 4095 326 4153 genus
341 4081 441 4152 peceati
459 4095 488 4138 se
507 4080 657 4164 precipitat
678 4088 705 4137 et
718 4081 792 4164 ineo
817 4097 939 4153 perseve-

144 4151 595 4290 nitidisnitidis
605 4151 888 4282 iristitiittiih
908 4168 940 4280 ii

144 4286 315 4359 protundum
341 4293 477 4348 malorum
490 4294 652 4351 devolvitur.
672 4297 830 4366 Postquam,
851 4295 941 4367 inquit

144 4356 311 4423 Bernardus,
326 4361 444 4414 terribili
452 4365 502 4416 Bei
508 4363 615 4429 jndicio
626 4367 719 4433 prima
727 4368 835 4434 papilia
851 4367 940 4436 impu·

144 4429 218 4481 eritas
230 4431 362 4494 sequitur,
376 4432 622 4500 eapertatnlnptos
631 4434 742 4488 libenter
753 4437 892 4504 repetitur,
904 4452 941 4491 re·

141 4498 230 4567 petita
251 4497 400 4562 blanditur,
416 4502 626 4570 eoncupiscentia
640 4505 817 4568 reviviscente,
835 4508 941 4575 sopitur·

143 4570 223 4632 ratio,
241 4567 310 4637 lipttt
321 4571 489 4633 consuetudo,
506 4572 626 4626 trahitur·
636 4575 718 4628 miser
730 4576 759 4629 in
769 4576 940 4644 prafundum

143 4641 284 4703 malonem,
297 4641 940 4714 traditururptirustyrannidiuitiaruatmtcar-

995 3435 1123 3507 gradibus
1138 3451 1170 3492 ex
1182 3436 1297 3492 adverso
1308 3435 1441 3562 appositis
1453 3435 1636 3493 distinctam:
1652 3436 1742 3506 illam,
1763 3449 1796 3495 ut

994 3505 1186 3574 ascendamus,
1195 3515 1329 3575 erectam3

994 3585 1067 3633 ctam
1085 3595 1092 3629 :
1109 3577 1184 3633 illam
1206 3578 1235 3632 in
1255 3577 1373 3646 coelum,
1392 3578 1506 3634 atteram
1527 3577 1557 3633 in
1571 3576 1707 3635 internum
1731 3587 1793 3636 ten·

994 3647 1120 3704 dentem.
1138 3649 1268 3704 Nostrum
1277 3657 1329 3717 est,
1340 3649 1362 3704 si
1373 3649 1433 3705 sani
1446 3662 1553 3717 sumus,
1564 3649 1664 3730 eligere
1674 3648 1792 3717 bonum,

992 3726 1021 3774 et
1035 3718 1184 3789 reprobare
1202 3719 1316 3774 malum.
1339 3719 1420 3787 Quod
1437 3718 1503 3776 mihi
1520 3727 1547 3776 et
1558 3718 1604 3775 tibr
1621 3719 1691 3775 laxit
1704 3723 1790 3780 Deus.

1030 3790 1108 3846 Vidit
1121 3790 1201 3846 iacob
1214 3791 1315 3844 scalam
1327 3794 1442 3846 stantem
1461 3794 1646 3862 superterram
1663 3795 1690 3845 et
1714 3807 1795 3848 aaut·

992 3877 1052 3915 rnen
1065 3862 1136 3916 illius
1148 3866 1259 3931 lanpens
1275 3862 1383 3929 calum3
1398 3863 1506 3931 ortpclas
1519 3875 1621 3931 queam
1634 3863 1684 3917 ber·
1695 3867 1795 3919 medet-

993 3933 1093 3996 dentes,
1105 3937 1131 3987 et
1145 3933 1328 3989 descendentes
1335 3948 1386 4005 per
1396 3948 1464 3996 eom,
1478 3934 1650 3989 etliominum
1662 3933 1793 3990 ianiarent

993 4005 1081 4066 scala,
1094 4009 1145 4059 etc.
1162 4005 1229 4059 Gen.
1244 4007 1289 4059 28.
1677 4027 1678 4031 “

1029 4077 1066 4129 D.
1082 4073 1242 4130 Benedictus
1262 4089 1322 4146 cap.
1348 4076 1437 4130 'lenm
1457 4073 1567 4146 Begulae
1591 4093 1598 4130 ι
1624 4073 1732 4130 Clamat
1744 4090 1793 4132 ne·

994 4143 1037 4200 bis
1050 4144 1141 4201 divina
1152 4145 1291 4217 Scriptura
1313 4143 1408 4201 dicens
1432 4165 1439 4200 ι
1455 4147 1546 4202 orariis
1567 4147 1617 4216 qui
1630 4162 1658 4201 se
1671 4146 1790 4211 caaltat,

994 4216 1202 4283 hermiliabitur3
1218 4221 1244 4271 et
1263 4218 1350 4285 quise
1364 4217 1510 4284 humiliat,
1530 4217 1706 4272 exaltabitur.
1721 4217 1791 4274 Cum

994 4285 1054 4341 haec
1064 4300 1130 4357 ergo
1146 4285 1222 4353 dicit,
1237 4285 1358 4343 ostendit
1371 4285 1451 4342 nobis
1465 4302 1578 4344 omnem
1597 4287 1789 4345 exaltationem

994 4370 1079 4427 genus
1089 4371 1149 4412 esse
1161 4357 1306 4428 superbire.
1322 4361 1381 4414 »Et
1394 4357 1467 4415 inira
1481 4375 1489 4413 ε
1505 4378 1518 4407 ι
1533 4356 1628 4426 Unde,
1643 4357 1788 4423 lutrensi

994 4441 1111 4483 summae
1123 4427 1286 4485 humilitatis
1297 4429 1425 4485 volumus
1437 4428 1547 4485 culmen
1560 4429 1704 4503 attingere,
1712 4437 1741 4485 ct
1751 4426 1788 4486 ad

995 4498 1188 4554 exaltationem
1201 4498 1275 4555 illam
1290 4501 1428 4558 coelestem
1445 4499 1491 4567 (ad
1509 4514 1595 4572 quam
1609 4516 1659 4573 per
1673 4515 1792 4573 prasen-

994 4568 1028 4624 tis
1050 4569 1113 4625 vitm
1128 4568 1309 4627 humilitatem
1327 4570 1492 4642 ascenditur)
1516 4571 1645 4628 volumus
1663 4570 1791 4629 velociter

995 4640 1149 4710 pervenire;
1174 4642 1278 4698 actibus
1289 4642 1391 4699 nostris
1409 4640 1637 4710 ascendentibus,
1651 4642 1723 4699 scala
1743 4640 1789 4698 ilia

1364 3521 1425 3574 ane,
1440 3522 1475 3563 ne
1493 3506 1697 3576 descendamus,
1711 3507 1794 3581 deje-

141 4713 937 4786 nah'umilauarapinedcsiderioramabsorptussuteratia-
993 4710 1119 4784 0113011111
1142 4720 1193 4780 est.
1216 4728 1278 4785 quae
1298 4714 1326 4769 ill
1348 4727 1448 4770 ⁸0m¹¹0
1476 4711 1790 4786 1000000011111111111

142 4785 338 4855 recedentesque
354 4787 461 4840 timens
475 4785 571 4841 oblitus
583 4787 658 4842 atace
673 4789 802 4858 resipiens
816 4791 845 4844 ea
857 4792 936 4847 carae
951 4760 977 4823 ὓ
992 4782 1115 4852 quamsi
1137 4781 1332 4841 descendentes
1349 4792 1377 4840 et
1395 4783 1572 4841 amanuenses
1595 4783 1684 4856 angat
1706 4797 1790 4840 men·

141 4870 199 4917 suc,
215 4857 272 4910 Non
281 4861 319 4911 est
330 4861 401 4913 Deus
415 4856 495 4928 (Psal.
512 4865 583 4924 ιιιι).
596 4861 656 4914 lam
670 4858 855 4929 indifferenter
869 4862 934 4917 libi-

141 4927 176 4977 tis
188 4940 239 4993 pro
250 4924 333 4981 licitis
344 4931 447 4996 utitur,-
453 4929 514 4999 jam
528 4931 631 4985 illicitis
645 4932 805 5000 mpitandis,
816 4937 936 5003 patran-

140 4995 194 5056 dis,
206 4996 400 5064 inoestipandis
418 5002 534 5062 animus,
546 5017 651 5066 mnus,
662 5003 704 5058 vel
734 5004 794 5059 edes
807 5020 860 5059 aon
867 5020 935 5074 pra-

140 5066 276 5128 hibentur,
299 5074 351 5121 ete.
362 5069 430 5123 liaec
443 5068 477 5124 de
496 5069 623 5141 gradibus
633 5018 810 5145 superbiam
825 5078 856 5131 B.
871 5076 934 5132 Ber-

137 5135 225 5192 nardo
247 5135 426 5209 deprompta,
442 5152 475 5192 ex
490 5155 545 5210 quo
566 5142 661 5198 itidem
685 5145 933 5214 Turrecrematus,

139 5206 303 5262 Trithemius
331 5215 359 5263 et
380 5207 424 5263 atii
441 5220 616 5281 acceperuut.
630 5214 734 5270 Caetera
755 5215 827 5285 apud
841 5217 933 5288 ipsum

136 5274 240 5331 videbit
261 5278 356 5346 lector,
379 5293 430 5335 nec
450 5279 548 5337 vidisse
568 5283 722 5355 poenitebit.
748 5285 854 5341 Verum
877 5303 932 5359 quo

136 5343 196 5403 haec
208 5346 365 5405 rudioribus
383 5349 470 5422 magis
485 5359 641 5425 patescant,
662 5361 690 5409 et
702 5354 776 5410 velut
793 5355 822 5410 in
838 5356 932 5415 tabula

136 5415 242 5489 depicta
261 5418 360 5476 clarius
379 5430 546 5492 spectentur,
567 5432 595 5481 et
608 5425 683 5495 quasi
699 5424 826 5482 munibus
848 5436 932 5486 attre-

135 5496 253 5557 ctentur,
267 5505 331 5545 eum
340 5490 419 5562 juxta
432 5491 645 5565 Philosophum,
661 5496 789 5566 Opposita
798 5497 884 5567 juata
902 5517 930 5557 sc

133 5562 222 5627 posita
237 5563 322 5630 napis
334 5563 491 5631 elucescant,
508 5565 595 5621 visum
607 5574 648 5621 est
662 5580 753 5637 operae
767 5576 795 5623 et
812 5569 928 5627 instituti

134 5631 220 5710 nostri
235 5631 373 5702 geminam
387 5631 431 5687 hic
441 5634 542 5691 scalam
552 5675 560 5702 ,
572 5634 685 5691 alteram
699 5637 823 5696 videlicet
835 5640 927 5697 humi·

64 5698 227 5776 dubie,
242 5702 356 5758 alteram
377 5702 526 5775 superbiae,
542 5705 598 5761 suis
616 5705 743 5778 gradibus
762 5709 878 5768 invicem
899 5721 927 5770 et

196 5770 302 5831 ‘diersa
316 5772 421 5832 collatis
444 5783 471 5834 et
489 5775 621 5850 oppositis
635 5777 813 5854 distinctam,
834 5791 862 5842 et
874 5799 924 5843 ru·

989 4854 1156 4910 stmbantur.
1172 4856 1233 4911 Non
1255 4852 1329 4911 aliud
1345 4855 1404 4912 sine
1418 4854 1501 4912 dubio
1515 4853 1666 4912 descensus
1680 4853 1744 4923 illc,
1761 4859 1790 4910 et

989 4940 1120 4982 ascensus
1139 4941 1155 4980 a
1176 4926 1258 4981 nobis
1282 4925 1453 4998 intelligitur,
1480 4925 1534 4982 nisi
1554 4925 1724 4984 exaltatione
1740 4922 1789 4982 de·

990 4994 1119 5053 scandere
1140 5003 1168 5051 et
1187 4994 1343 5053 humilitate
1362 4997 1519 5055 ascendere.
1541 4996 1619 5054 Scala
1643 5011 1707 5055 vero
1730 4995 1792 5080 ipsa

988 5075 1089 5134 erecta,
1114 5075 1207 5124 nostra
1226 5076 1268 5124 est
1287 5069 1341 5123 vita
1364 5068 1393 5123 iu
1421 5067 1540 5133 sarculo,
1560 5083 1624 5140 qum
1643 5067 1791 5125 humiliato

988 5138 1071 5194 corde
1088 5152 1103 5193 a
1123 5138 1241 5195 Domino
1259 5138 1374 5212 erigitur
1401 5139 1435 5197 ad
1458 5140 1571 5196 coelum.
1598 5141 1694 5196 Latera
1715 5136 1790 5196 auhn

987 5209 1068 5264 sealae
1082 5207 1199 5265 dicimus
1218 5218 1346 5266 nostrum
1364 5224 1424 5266 esse
1442 5225 1542 5281 corpus
1565 5218 1594 5266 et
1608 5210 1749 5279 animam,
1765 5207 1793 5265 in

988 5279 1086 5350 quibus
1105 5278 1226 5337 diversos
1240 5281 1343 5355 gradus
1359 5280 1540 5351 humilitatis,
1556 5282 1598 5339 vel
1618 5281 1792 5363 disciplinae,

987 5351 1109 5406 evocatio
1132 5350 1224 5407 divina
1247 5351 1434 5410 ascendendos
1455 5352 1581 5409 inseruit.
1604 5374 1618 5402 ι
1639 5354 1675 5409 Et
1691 5367 1720 5407 tn
1739 5350 1794 5408 lina

986 5421 1083 5492 eapitis
1106 5420 1230 5494 ejusdem
1258 5443 1265 5480 :
1291 5425 1398 5495 «Ergo
1418 5422 1460 5480 his
1478 5422 1606 5481 omnibus
1630 5421 1794 5481 humilitatis

983 5491 1114 5558 gradibus
1140 5494 1276 5563 ascensis,
1311 5494 1462 5552 monachus
1481 5511 1547 5552 mox
1569 5494 1605 5552 ad
1628 5493 1792 5553 ruadmunt

982 5562 1033 5618 Dei
1049 5565 1204 5636 perveniet,
1230 5566 1321 5636 illam,
1337 5582 1400 5640 quae
1416 5565 1536 5640 perlecta
1553 5565 1626 5624 laras
1649 5565 1737 5624 mittit
1756 5562 1792 5623 ti·

1012 5671 1023 5697 *
1042 5671 1257 5746 Utriusquesealta
1270 5713 1277 5736 ,
1288 5674 1433 5726 humilitatis
1447 5674 1542 5748 scilicet
1555 5675 1580 5725 ct
1595 5674 1793 5748 'sup-orbim&-

977 5735 1792 5866 stitittittttittttititiditntiitffl‘m
