3848 6158
144 263 178 318 39
568 256 615 313 ab
634 255 750 314 OPERA
767 255 911 314 JOANNIS
927 255 1080 315 cassiani
1098 258 1367 317 Paotsdouutts.
1593 277 1597 282 ·
1625 277 1635 310 c
1765 273 1805 326 gp

145 400 231 448 mooe,
243 383 314 438 idem
325 382 471 440 Emberim
482 385 598 452 angusto
608 381 685 437 cerm
696 381 947 438 resoicccs'trumits
961 386 987 448 A
1001 383 1241 443 commendaturos
1259 384 1363 455 iuisse3
1391 384 1447 444 nisi
1470 400 1515 444 eas
1529 389 1679 463 expunctis,
1702 391 1802 450 saltem

144 482 174 535 in
187 495 272 534 coum
285 479 369 547 coegit
382 478 513 533 columen.
527 473 696 533 Trithcmius
704 474 788 530 etiam
796 474 868 547 apud
876 477 947 534 ides·
999 479 1143 552 praecipuis
1164 479 1305 537 erroribus
1322 489 1484 555 repurgatas
1499 498 1533 540 ac
1551 483 1673 542 detersas
1691 484 1805 544 habuis·
1833 540 1838 549 .

143 573 233 630 ailiam
247 571 407 628 deiunctum
416 585 473 626 non
492 569 552 626 sine
564 567 692 639 opinione
709 566 860 624 sanctitatis
870 566 945 625 aidr-
998 579 1069 628 sent.
1084 574 1120 628 Et
1128 571 1233 644 primm
1246 573 1358 646 quidem
1373 575 1500 632 omnium
1514 575 1542 633 id
1560 576 1803 648 prostituenda

143 676 211 726 mat.
220 667 291 737 Quid
306 683 370 724 vero
384 665 530 739 Dionysius
543 662 681 721 Richelius
699 663 892 721 carthusianus
911 663 946 721 de
998 668 1084 724 turs.
1104 665 1254 724 Eucherius
1268 667 1459 741 Lugdunensis
1473 676 1538 727 tunc
1555 671 1684 729 Ecclesiae
1693 672 1803 746 presby-

144 761 275 820 Cassiano
294 760 407 833 ejusque
420 758 564 816 sanctitate
578 756 710 826 senserit,
728 757 756 812 in
778 756 945 830 praeietioni·
998 767 1049 827 ter,
1061 757 1127 815 dum
1138 759 1256 816 Cassiani
1273 775 1355 833 opera
1368 763 1564 834 compendiose
1580 764 1723 838 colligens,
1737 782 1804 837 quae

144 856 197 913 bus
218 869 276 912 suar
306 852 478 926 paraphrasis
496 851 585 923 palam
612 850 748 921 ostendit,
775 849 844 908 dum
868 850 944 927 illum
999 851 1077 909 utilia
1092 851 1260 920 riderentur,
1278 852 1307 908 iu
1329 854 1471 926 Epitcmen
1484 856 1608 930 redegit,
1624 864 1656 913 ut
1674 858 1801 930 superius

76 930 78 941 ¹
144 948 261 1007 subinde
276 944 474 1014 venerabilem,
489 943 708 1013 devotissimum,
730 949 759 1000 et
771 954 873 1002 aetema
887 960 944 1003 me·
997 960 1030 1002 ex
1043 945 1189 1004 Gennadio
1200 954 1244 1003 est
1254 952 1427 1004 annotatum.
1437 949 1517 1021 Quod
1530 957 1624 1006 autem
1637 950 1683 1007 iile
1695 951 1722 1007 in
1736 951 1802 1027 Gai-

118 1031 120 1036 ’
144 1042 232 1099 moria
245 1038 361 1111 dignum
374 1039 484 1094 Patrem
505 1036 644 1095 :subinde
666 1035 897 1106 illustrissimum,
911 1053 945 1096 ac
998 1037 1052 1107 liis,
1078 1037 1196 1111 idipsum
1211 1038 1308 1096 Victor
1322 1039 1350 1094 in
1368 1037 1461 1096 Africa
1479 1040 1592 1100 adorsus
1617 1050 1668 1111 est,
1692 1044 1801 1101 Cassio-

143 1135 311 1208 praecipuum
326 1132 451 1188 omnium
459 1131 650 1204 religiosorum
662 1130 945 1202 doctoremappeilat?
998 1131 1068 1190 doro
1080 1135 1117 1189 ita
1127 1141 1242 1190 testante
1256 1132 1395 1190 :Cassiani
1408 1133 1481 1190 dicto
1493 1137 1585 1191 Victor
1598 1140 1803 1207 Mortymtcnus

143 1228 197 1286 Sed
217 1225 282 1298 quid
300 1224 346 1280 ilio
363 1223 483 1282 Castoris
504 1224 632 1296 aptensis
655 1224 794 1297 episcopi(
805 1223 851 1297 qui
877 1224 944 1281 scri·
999 1227 1135 1296 episcopm
1145 1228 1226 1293 Aser,
1240 1228 1280 1302 ito
1292 1228 1404 1282 bomim
1411 1227 1528 1297 jocante
1540 1231 1685 1297 purgabis
1701 1232 1726 1282 et
1739 1244 1803 1298 praoe

144 1316 511 1390 bendammlnstitutionum
523 1317 649 1375 Cassiam
662 1325 756 1375 auctor
768 1316 843 1387 fuit),
855 1316 945 1390 elogio
999 1320 1088 1373 minus
1099 1323 1187 1382 erum,
1200 1319 1323 1387 addidit3
1335 1323 1367 1375 ct
1378 1322 1404 1375 ei
1412 1335 1503 1375 rerum
1512 1323 1630 1376 istorum
1636 1322 1732 1390 pulmo
1744 1338 1801 1376 mc-

143 1413 310 1489 splendidius
332 1424 360 1473 et
373 1411 520 1481 illustrius,
538 1411 605 1469 dum
625 1412 784 1469 Cassianum
799 1412 943 1478 manum,
1000 1414 1054 1467 rito
1071 1414 1247 1480 conseatur:
1262 1413 1498 1483 queminteroiios
1512 1413 1662 1480 matrim
1671 1414 1801 1484 partibas

141 1514 296 1569 sanctitatis
308 1511 419 1583 speciali
430 1509 518 1579 picam
528 1507 692 1570 decoratum,
704 1512 786 1578 atque
795 1509 946 1578 percomis
999 1507 1076 1561 nobes
1087 1509 1138 1563 cito
1152 1507 1285 1563 creamus
1303 1522 1358 1563 csse
1370 1507 1554 1576 dirigendum.
1568 1509 1638 1563 ilaec
1655 1505 1803 1564 Cassiodo-

141 1606 344 1661 memoraodcm
357 1605 479 1660 soiutct?
490 1599 559 1670 Quis
566 1600 649 1673 igitur
656 1607 698 1656 tot
706 1611 819 1673 musque
831 1599 944 1672 praeela·
999 1600 1115 1668 tunde
1132 1598 1268 1656 Beronius
1290 1607 1383 1656 censet
1399 1599 1490 1671 ipsum
1502 1614 1551 1672 spe
1563 1596 1724 1655 frustratum
1742 1613 1800 1654 nou

140 1701 179 1758 ris
192 1701 308 1758 testibus
325 1699 408 1756 iidem
421 1697 553 1770 derogare
563 1694 673 1765 audeat,
689 1704 737 1752 aut
755 1695 829 1752 hunc
840 1695 952 1779 sancti·¹
986 1693 1136 1765 accepisse
1149 1691 1223 1765 quod
1236 1708 1268 1749 ex
1282 1692 1376 1750 Airita
1387 1691 1561 1766 exspectabat
1573 1710 1580 1747 :
1592 1692 1729 1763 siquidem
1739 1691 1800 1747 Ado

142 1795 206 1852 tatis
225 1794 335 1851 titulum
350 1792 480 1851 Cassiano
499 1798 595 1846 nostro
613 1789 781 1846 attributum
806 1766 979 1858 invideat‚B
998 1787 1161 1844 Viennensis
1180 1776 1325 1860 episcopus
1347 1786 1382 1844 ab
1399 1787 1457 1859 ipso
1474 1785 1635 1842 cassiodoro
1652 1783 1680 1841 id
1707 1785 1799 1856 operis

142 1896 190 1944 aut
204 1888 371 1943 subsannet?
383 1884 472 1941 Miror
484 1897 550 1939 sanc
565 1885 617 1938 Do.
637 1881 806 1953 Cuychiunr,
820 1880 888 1938 dum
902 1881 946 1938 iit·
997 1879 1168 1938 elaboratum
1182 1879 1313 1952 alllrmat,
1328 1880 1396 1938 dum
1410 1879 1445 1937 de
1463 1880 1593 1936 Cassiano
1612 1880 1727 1952 loquens
1744 1879 1784 1935 ait

142 1987 228 2036 teram
244 1982 281 2035 D.
296 1985 397 2051 puncto
418 1976 577 2048 subjuncto,
596 1975 696 2031 ioanni
709 1975 850 2043 Cassiano,
873 1975 945 2032 velut
997 1979 1110 2032 Errores
1124 1976 1197 2030 iiiito
1212 1975 1385 2033 camdeno
1404 1968 1592 2032 Roemnctum
1607 1977 1721 2031 Senator
1730 1989 1800 2042 pur-

141 2072 264 2139 houoris,
278 2079 325 2126 aut
335 2069 515 2142 praenominis
528 2075 623 2123 notam
637 2067 667 2122 in
679 2067 755 2123 omni
766 2067 945 2142 inscriptione
998 2085 1065 2139 gare
1079 2070 1167 2125 coloss
1179 2085 1233 2125 non
1242 2068 1280 2124 od
1289 2070 1400 2140 plemam
1413 2071 1487 2124 omni
1499 2084 1533 2123 ea
1544 2072 1625 2138 porte
1637 2070 1737 2138 poterit.
1749 2069 1800 2122 Po-

141 2161 315 2235 praemiserit,
330 2163 428 2216 Diuum
445 2173 491 2226 ne,
509 2172 544 2212 an
563 2162 710 2220 Domuum,
733 2165 782 2212 aut
802 2162 945 2214 marinum
996 2170 1102 2220 stremo
1121 2161 1238 2234 denique
1249 2160 1371 2234 idipsum
1386 2162 1555 2234 aliquatenus
1571 2161 1735 2233 praestitisse
1762 2160 1800 2217 si·

140 2254 295 2327 significare
308 2252 398 2319 veliet,
420 2249 535 2306 minime
549 2248 733 2319 expressisse,
748 2247 799 2303 uisi
815 2249 879 2319 quia
896 2249 944 2304 tri·
998 2251 1080 2309 detur
1089 2254 1238 2325 Dionysius
1250 2254 1446 2311 carthusianus
1456 2254 1485 2310 iu
1496 2269 1544 2310 sua
1552 2253 1720 2326 paraphrasi,
1731 2252 1798 2309 dum

140 2354 245 2403 tumet
264 2344 372 2416 vulgare
395 2357 455 2399 essa
475 2349 579 2405 nosset,
607 2342 707 2396 Dicunt
734 2354 764 2395 ea
782 2347 849 2395 nota
870 2339 943 2395 inter
994 2342 1159 2412 quibusdam
1175 2344 1204 2397 iu
1225 2345 1309 2412 locis,
1336 2347 1446 2402 omissis
1474 2346 1651 2417 opinionibus
1665 2344 1797 2413 erroneis,

142 2438 315 2497 Christianos
334 2436 480 2508 scriptores
493 2434 595 2505 absque
610 2431 787 2505 ambiguitate
807 2430 911 2504 signari
933 2451 939 2487 :
995 2448 1097 2504 samm,
1107 2433 1282 2502 catholicam,
1293 2443 1322 2491 et
1330 2434 1515 2491 orthodoxam
1527 2434 1681 2491 doctrinam
1691 2433 1797 2490 substi-

141 2547 223 2603 quam
233 2539 335 2597 manen,
346 2528 421 2601 quod
431 2528 460 2583 in
472 2524 668 2583 vetustioribus
676 2523 875 2596 exemplaribus
886 2538 943 2579 non
996 2530 1051 2585 tuit
1063 2537 1091 2586 et
1104 2527 1271 2602 subrogavit,
1293 2529 1392 2597 Vides,
1417 2529 1512 2599 lector,
1531 2537 1667 2602 quantum
1692 2544 1708 2584 a
1733 2528 1797 2586 viris

139 2625 299 2696 repererim,
327 2623 455 2680 omittere
486 2620 573 2677 salius
599 2618 680 2688 duxi,
702 2618 776 2674 nulla
799 2615 941 2686 ductoria,
995 2621 1084 2680 doctis
1096 2624 1122 2679 in
1135 2623 1188 2680 hoc
1201 2639 1284 2695 opere
1297 2623 1405 2701 penitus
1423 2622 1608 2696 expurgando,
1623 2631 1651 2679 et
1669 2622 1704 2679 dd
1718 2622 1796 2679 utili-

105 2739 108 2743 *
139 2728 186 2775 aut
197 2718 317 2791 cujusvis
330 2715 514 2790 derogatione.
532 2716 626 2787 Neque
642 2729 705 2770 vero
719 2712 777 2768 baec
791 2726 824 2767 eo
840 2710 942 2778 scribo,
996 2723 1082 2773 tatem
1097 2717 1243 2791 tegentium
1268 2717 1343 2773 omni
1367 2733 1400 2774 ex
1415 2725 1492 2790 parte
1521 2715 1640 2790 aptando
1665 2725 1694 2773 et
1716 2731 1799 2790 expo·

137 2813 214 2884 quasi
228 2822 354 2869 nostrum
377 2810 537 2867 &asianum
556 2808 584 2864 in
603 2807 730 2864 dirorum
753 2821 785 2862 ac
801 2805 944 2862 beatorum
996 2808 1088 2867 lieudo
1103 2808 1190 2867 suerit
1202 2810 1377 2868 desudatum.

139 2904 231 2961 album
253 2903 366 2971 reterre,
385 2912 433 2959 aut
447 2901 482 2959 de
504 2900 562 2972 ejus
576 2897 719 2955 sanctitate
733 2905 808 2954 certo
820 2912 956 2970 pronun-y
1032 2905 1181 2973 caeterum,
1197 2919 1231 2960 ne
1248 2905 1307 2961 baec
1328 2920 1391 2977 quae
1408 2904 1540 2962 Cassiam
1563 2904 1676 2976 ejusque
1690 2903 1798 2976 scriptis

60 3061 64 3070 ,
139 2998 209 3056 tiare
233 2997 372 3055 audeam:
402 2994 449 3052 sed
476 2993 543 3065 quid
568 2991 618 3047 viri
641 3007 747 3063 gravet,
766 2996 794 3046 el
814 2989 888 3046 docti
908 2988 943 3047 de
995 2998 1121 3054 nonnihil
1132 2996 1263 3070 derogare
1273 2998 1409 3066 ridentur,
1421 2997 1566 3055 radiorum
1588 2997 1698 3053 animos
1710 2996 1799 3053 oileu-

138 3093 235 3150 eodem
250 3091 401 3158 senserint,
424 3089 454 3144 in
467 3085 590 3143 medium
603 3083 710 3153 afferre,
724 3099 756 3141 tc
770 3084 863 3140 lectori
878 3099 941 3157 pro·
958 3091 1071 3186 Cdant,
1086 3098 1114 3147 et
1128 3091 1162 3147 ab
1177 3092 1236 3164 ejus
1256 3091 1395 3148 lectitandi
1409 3099 1437 3149 et
1448 3090 1586 3161 ,versandi
1610 3089 1702 3147 studio
1721 3106 1799 3147 aver-

138 3185 339 3257 poneresisum
363 3191 414 3251 est,
429 3197 479 3239 suo
499 3194 615 3253 qumque
628 3179 728 3236 merito
750 3194 782 3235 ac
796 3186 939 3235 momento
994 3192 1053 3241 tant
1074 3196 1121 3242 aut
1143 3186 1283 3258 segniores
1304 3186 1428 3258 reddant,
1452 3186 1487 3244 de
1509 3186 1552 3243 bis
1570 3186 1700 3242 lectorem
1724 3184 1797 3242 serio

138 3277 322 3351 ponderanda,
338 3277 421 3333 Enim
444 3290 525 3345 vero,
546 3272 621 3346 quod
639 3272 788 3330 dolendum
800 3280 857 3338 est,
873 3270 943 3327 hanc
996 3279 1164 3336 monendum
1175 3279 1393 3335 dusizlbimunt
1403 3278 1477 3350 quod
1487 3279 1522 3335 ad
1530 3279 1631 3334 Gelasii
1640 3292 1796 3346 censuram,

137 3373 293 3430 sanctitatis
316 3371 424 3428 taudem
453 3370 571 3427 multum
595 3367 667 3441 apud
686 3366 836 3424 catholicos
850 3365 940 3422 immi·
996 3387 1045 3429 seu
1059 3371 1198 3428 decretum
1211 3372 1317 3443 attinet,
1326 3371 1405 3443 cujus
1416 3370 1539 3436 initium,
1550 3371 1650 3426 Soracte
1663 3373 1796 3426 Romano.
1860 3409 1863 3414 -

137 3467 213 3536 nuit,
235 3475 263 3523 et
281 3466 438 3522 obscurarit
459 3479 584 3521 errorum
612 3460 815 3534 quorumdam,
840 3459 940 3530 quibus
994 3463 1182 3521 Nonitaillud
1202 3462 1390 3535 accipendum,
1406 3447 1483 3536 quasi
1509 3463 1647 3531 Cassiani,
1681 3472 1708 3519 et
1730 3463 1798 3520 alio-

75 3590 81 3600 ·
137 3562 282 3619 Cassianus
302 3575 351 3616 seu
365 3574 438 3629 aare,
453 3574 501 3615 seu
527 3573 560 3613 ex
578 3555 708 3628 opinione
727 3554 876 3609 multorum
898 3567 941 3608 as·
993 3571 1056 3614 rum
1069 3555 1208 3624 omnium,
1232 3556 1280 3628 qui
1296 3555 1334 3613 ibi
1347 3556 1537 3626 nominantur,
1552 3555 1666 3627 scripta,
1681 3555 1748 3622 sive,
1764 3563 1796 3611 ut

137 3670 232 3727 persus
252 3654 326 3710 visus
346 3660 402 3717 est,
416 3650 491 3707 baud
513 3649 579 3706 levis
598 3656 663 3704 ncta
686 3646 774 3704 eidem
791 3646 908 3718 irrogata
928 3662 936 3700 :
992 3658 1081 3718 vocat,
1102 3648 1232 3721 opuscula
1245 3650 1361 3722 ‘penitus
1379 3648 1527 3719 damnarit,
1545 3657 1592 3705 aut
1611 3648 1724 3705 omniuo
1741 3647 1794 3721 legi

137 3763 305 3822 quamquam
328 3744 452 3818 prolecto
478 3743 631 3802 admodum
648 3740 760 3799 dillicilc
779 3739 816 3795 sit
832 3738 937 3809 exejus
992 3742 1107 3799 vetuerit
1121 3742 1263 3814 pontiiex;
1285 3743 1334 3800 sed
1355 3743 1428 3816 quod
1444 3743 1514 3800 nolit
1534 3758 1564 3798 ea
1579 3741 1687 3814 publice
1700 3741 1751 3814 legi
1765 3741 1794 3798 in

136 3841 244 3913 scriptis
257 3849 332 3897 certo
345 3838 459 3896 delinire
477 3853 545 3895 num
557 3851 651 3893 resera
667 3835 703 3890 ita
715 3832 831 3890 senserit
845 3831 902 3903 ipse
912 3838 939 3887 et
991 3835 1123 3904 Ecclesia,
1143 3846 1170 3892 et
1191 3836 1350 3893 canonicam
1365 3836 1464 3893 habere
1476 3836 1680 3905 auctoritatem,
1702 3836 1738 3892 ob
1752 3850 1795 3892 er-

136 3948 170 3989 ex
193 3947 242 3988 sua
257 3931 391 3988 sententia
405 3931 442 3986 ita
464 3928 612 4002 scripserit,
635 3935 666 3984 ut
684 3927 709 3983 ei
731 3922 938 3996 vulgoimpcni·
991 3945 1068 3988 rores
1086 3930 1221 4002 quosdam
1240 3931 1390 4000 admixtos,
1411 3932 1451 3988 vel
1472 3937 1596 3988 auctores
1611 3945 1706 3987 eorum
1725 3944 1794 3985 uon-

133 4036 190 4096 tur,
205 4043 239 4083 an
250 4027 368 4084 aliorum
379 4025 523 4099 opiniones
536 4024 678 4081 dumtaxat
690 4020 824 4089 retulerit,
841 4026 870 4074 et
880 4016 937 4074 suis
990 4023 1058 4081 nibil
1073 4034 1224 4097 suspectos,
1241 4024 1321 4096 Quod
1336 4034 1396 4082 tum
1408 4040 1441 4081 ex
1465 4040 1530 4081 uoce
1552 4023 1707 4095 ἀπόκρυφον,
1731 4037 1794 4094 quae

133 4121 240 4193 scriptis
253 4121 425 4195 expresserit.
443 4122 504 4191 Qua
519 4118 618 4191 opinor
630 4115 811 4189 ambiguitate
826 4126 936 4185 permo-
990 4132 1046 4173 non
1059 4117 1134 4174 aliud
1147 4134 1232 4191 quam
1244 4119 1394 4185 occultum,
1406 4117 1590 4187 reconditum,
1600 4123 1648 4172 aut
1655 4125 1792 4173 secretum

54 4263 58 4276 ,
133 4221 176 4268 tus
191 4213 316 4268 Gelasius
336 4214 458 4284 pontifex
472 4214 502 4271 in
516 4213 631 4270 concilio
652 4205 936 4269 RomaehabitoCas-
991 4210 1056 4280 quid
1071 4209 1223 4281 significat,
1239 4208 1414 4266 manifestum
1429 4217 1471 4267 est
1489 4230 1495 4266 :
1511 4219 1570 4266 tum
1585 4209 1729 4267 exeodem
1743 4207 1793 4264 de-

132 4303 201 4360 siani
219 4317 301 4374 opera
320 4305 392 4359 inter
417 4304 572 4376 apocrypha
598 4308 746 4372 recensuit,
767 4302 817 4360 sed
842 4317 873 4357 ea
888 4314 938 4371 po·
989 4309 1066 4357 creto
1087 4301 1292 4373 comprobatur,
1314 4301 1343 4356 in
1362 4317 1418 4374 quo
1442 4311 1497 4359 tres
1512 4303 1647 4361 librorum
1674 4304 1791 4370 classes,

132 4395 267 4452 tissimum
287 4396 411 4463 ratione,
435 4395 509 4466 quod
531 4396 681 4452 Collationc
704 4396 809 4452 decima
839 4391 936 4455 tertia,
987 4409 1036 4450 seu
1050 4393 1160 4450 ordines
1172 4394 1316 4453 manifeste
1328 4396 1474 4470 distinguit
1494 4397 1627 4470 pontifex.
1643 4399 1673 4453 Et
1687 4397 1717 4452 in
1734 4396 1792 4469 pri-

132 4488 246 4559 aliisque
262 4488 329 4544 lucis
353 4488 387 4545 de
408 4488 492 4560 gratia
506 4488 554 4544 Dei
575 4496 603 4544 et
616 4488 701 4544 libero
725 4480 971 4545 nominanti-1)
989 4502 1033 4542 rna
1055 4487 1166 4559 quidem
1182 4489 1269 4546 classe
1290 4500 1413 4558 recenset
1424 4490 1510 4549 libros
1525 4493 1673 4549 canonicos
1696 4500 1724 4547 et
1743 4507 1792 4547 au·

132 4581 187 4637 trio
203 4595 280 4636 more
293 4581 503 4655 Pelagianorum
516 4581 623 4638 locutus
642 4580 656 4637 a
671 4584 806 4650 Prospero
819 4574 935 4647 Aquita·
989 4579 1142 4654 tbenticos,
1157 4584 1285 4641 videlicet
1294 4600 1379 4642 sacrae
1391 4585 1540 4658 Scripturas
1552 4600 1580 4644 et
1594 4587 1642 4643 SS.
1661 4587 1788 4654 Petrum,

131 4675 205 4738 nico,
216 4674 342 4747 peculiari
354 4673 698 4748 opuscuioadversuseum
709 4669 783 4730 edito
792 4672 934 4729 convictus
987 4691 1059 4749 quos
1076 4678 1198 4735 Ecclesia
1218 4678 1356 4736 catholica
1381 4680 1480 4752 resipit
1493 4688 1520 4738 et
1534 4680 1677 4753 approbat,
1699 4688 1728 4736 er
1742 4695 1792 4751 pu-

132 4777 213 4827 esset.
236 4768 297 4837 Qua
316 4768 430 4840 quidem
442 4769 478 4822 D.
499 4768 625 4839 Prosperi
643 4766 831 4823 admonitione
845 4782 877 4822 ac
892 4782 934 4824 re·
988 4769 1059 4826 blice
1077 4769 1107 4826 in
1136 4769 1237 4828 ciliciis
1261 4772 1459 4832 Emlesiustieis
1478 4782 1604 4846 usurpat.
1620 4776 1651 4829 ln
1670 4770 1790 4829 secunda

132 4863 309 4935 prehensione
329 4862 434 4920 lactum
457 4851 509 4930 est,
523 4871 554 4919 ut
575 4862 693 4920 Cassiani
713 4860 813 4934 scripta
827 4860 937 4919 cautius
987 4863 1177 4937 apocryphos,
1190 4880 1260 4936 quos
1279 4874 1352 4923 vetat
1366 4866 1478 4938 quidem
1493 4867 1602 4939 publice
1613 4866 1667 4939 legi
1682 4874 1710 4922 et
1725 4881 1790 4938 pro·

132 4957 296 5028 legerentur,
307 4959 392 5014 immo
405 4973 420 5014 a
435 4955 598 5029 quibusdam
614 4957 932 5039 corrigerentur:potis·
987 4958 1107 5015 nuntiari
1129 4959 1157 5016 in
1187 4959 1307 5018 Ecclesia
1330 4976 1337 5014 ε
1361 4959 1490 5032 privatim
1514 4969 1617 5029 tamen,
1641 4976 1689 5016 seu
1715 4968 1791 5016 extra

131 5047 231 5103 dmum
244 5062 309 5104 vero
323 5049 488 5106 collationes
502 5049 567 5123 ipsae
584 5053 649 5121 (quta
670 5048 703 5105 de
726 5048 849 5107 raetiam
870 5050 933 5106 Cas·
987 5053 1140 5109 Ecclesiam
1155 5054 1207 5127 legi
1232 5054 1386 5111 nullatenus
1408 5053 1535 5111 inhibet:
1560 5055 1588 5110 in
1616 5070 1671 5126 quo
1691 5052 1788 5110 ordine

131 5140 259 5198 siodorus
271 5157 336 5198 suos
346 5141 495 5198 monachos
505 5141 669 5212 admonuit),
683 5158 745 5214 quae
754 5158 818 5199 cum
830 5142 931 5216 alioqui
986 5160 1050 5201 cum
1061 5147 1123 5203 aliis
1136 5147 1229 5203 multis
1241 5147 1418 5205 nominantur
1429 5149 1552 5206 Cassiani
1567 5148 1707 5222 opuscula.
1723 5151 1790 5204 Ter-

131 5234 296 5301 utilissimae,
308 5250 340 5290 ac
350 5234 538 5291 saluberrimae
550 5235 683 5307 religiosis
692 5235 821 5292 omnibus
835 5236 861 5291 iu
872 5250 932 5309 per·
985 5238 1026 5295 tio
1037 5238 1151 5296 deinum
1163 5240 1225 5297 loco
1240 5241 1337 5298 statuit
1355 5241 1441 5298 libros
1453 5241 1648 5299 haereticorum
1661 5249 1688 5297 et
1700 5240 1789 5297 schis-

131 5325 259 5383 lectiouis
289 5327 378 5384 stadio
411 5327 610 5386 desudantibus
634 5338 872 5402 cognoscerentur,
897 5347 931 5387 ne
985 5333 1148 5391 maticcrum
1171 5335 1282 5406 penitus
1307 5335 1342 5392 ab
1362 5335 1482 5392 Ecclesia
1497 5335 1643 5393 damnatos
1664 5344 1693 5392 et
1708 5350 1789 5407 repu-

130 5433 179 5490 pro
194 5418 298 5476 medela
315 5435 451 5477 cenenum
472 5435 506 5476 es
529 5420 597 5494 ipsis
619 5419 721 5477 bauriri
742 5422 929 5495 contingeret,
984 5427 1083 5486 diates.
1097 5429 1165 5501 Quis
1179 5445 1244 5486 vero
1256 5429 1405 5488 catholicos
1422 5439 1547 5488 aeterum
1559 5432 1672 5489 illorum
1691 5438 1787 5486 aucto·

130 5526 146 5567 θ
173 5512 313 5570 ”mullis
343 5512 496 5571 emendatae
514 5512 600 5572 fuisse
624 5515 805 5588 reperiuntur.
835 5517 930 5589 Neque
983 5539 1057 5594 rum,
1071 5525 1222 5583 Clementis
1243 5526 1430 5598 alexandrini,
1450 5525 1619 5595 Tertulliani,
1648 5523 1786 5590 arnobii,

129 5604 203 5662 enim
220 5605 348 5663 credibile
359 5613 401 5664 est
419 5608 467 5664 ss.
483 5610 577 5665 Patres
591 5608 783 5679 benedictum,
797 5610 929 5668 Domini·
983 5617 1129 5688 Lactantii,
1142 5618 1287 5685 Victorini,
1303 5619 1475 5693 aliorumque
1483 5620 1587 5694 scripta
1600 5616 1675 5691 quod
1686 5615 1786 5674 eodem

128 5712 203 5769 cnm,
218 5699 366 5768 Thomam,
385 5698 521 5773 aliosque,
536 5701 702 5759 collationes
715 5703 834 5760 Cassiani
851 5713 952 5764 tanto·
982 5709 1092 5768 decreto
1119 5712 1147 5769 in
1166 5729 1283 5771 numero
1307 5715 1525 5788 apocryphorum
1547 5713 1714 5781 reiermtur,
1742 5712 1786 5768 rel

126 5792 271 5855 babituros
282 5795 310 5853 in
322 5795 420 5871 pretio,
432 5811 465 5854 ac
475 5803 633 5870 tantopere,
648 5804 677 5856 et
686 5796 788 5871 absque
799 5800 928 5873 scrupulo
981 5801 1071 5877 legere
1096 5804 1244 5889 dubitarit,
1268 5807 1307 5865 rei
1332 5807 1446 5881 legenda
1463 5807 1610 5868 bassam?
1629 5805 1785 5866 erasarum
