<?xml version="1.0" encoding="UTF-8"?>
<!DOCTYPE html PUBLIC "-//W3C//DTD XHTML 1.0 Transitional//EN"
    "http://www.w3.org/TR/xhtml1/DTD/xhtml1-transitional.dtd">
<html xmlns="http://www.w3.org/1999/xhtml" xml:lang="en" lang="en">
 <head>
  <title>
</title>
<meta http-equiv="Content-Type" content="text/html;charset=utf-8" />
  <meta name='ocr-system' content='tesseract 3.04.00' />
  <meta name='ocr-capabilities' content='ocr_page ocr_carea ocr_par ocr_line ocrx_word'/>
</head>
<body>
  <div class='ocr_page' id='page_1' title='image "./patrologiaecurs29unkngoog/patrologiaecurs29unkngoog_0047.png"; bbox 0 0 3848 6158; ppageno 0'>
   <div class='ocr_carea' id='block_1_1' title="bbox 179 272 1830 338">
    <p class='ocr_par' dir='ltr' id='par_1_1' title="bbox 179 272 1830 338">
     <span class='ocr_line' id='line_1_1' title="bbox 179 272 1830 338; baseline -0.007 0"><span class='ocrx_word' id='word_1_1' title='bbox 179 284 213 338; x_wconf 82' lang='lat' dir='ltr'>‘iil</span> <span class='ocrx_word' id='word_1_2' title='bbox 845 273 986 329; x_wconf 81' lang='lat' dir='ltr'>toaltltls</span> <span class='ocrx_word' id='word_1_3' title='bbox 1004 272 1158 330; x_wconf 81' lang='lat' dir='ltr'>casstaltt</span> <span class='ocrx_word' id='word_1_4' title='bbox 1796 273 1830 328; x_wconf 84' lang='lat'>80</span> 
     </span>
    </p>
   </div>
   <div class='ocr_carea' id='block_1_2' title="bbox 170 395 1831 853">
    <p class='ocr_par' dir='ltr' id='par_1_2' title="bbox 170 395 1831 853">
     <span class='ocr_line' id='line_1_2' title="bbox 179 395 1831 480; baseline -0.008 -15"><span class='ocrx_word' id='word_1_5' title='bbox 179 411 311 480; x_wconf 86' lang='lat' dir='ltr'>Nouoque</span> <span class='ocrx_word' id='word_1_6' title='bbox 322 403 350 462; x_wconf 91' lang='lat' dir='ltr'>id</span> <span class='ocrx_word' id='word_1_7' title='bbox 360 405 448 463; x_wconf 80' lang='lat' dir='ltr'>risum</span> <span class='ocrx_word' id='word_1_8' title='bbox 459 413 510 473; x_wconf 85' lang='lat' dir='ltr'>est,</span> <span class='ocrx_word' id='word_1_9' title='bbox 525 407 582 461; x_wconf 75' lang='lat' dir='ltr'>ut⁰</span> <span class='ocrx_word' id='word_1_10' title='bbox 600 400 751 460; x_wconf 90' lang='lat' dir='ltr'>seeundum</span> <span class='ocrx_word' id='word_1_11' title='bbox 764 399 896 457; x_wconf 90' lang='lat' dir='ltr'>horarum</span> <span class='ocrx_word' id='word_1_12' title='bbox 915 414 975 456; x_wconf 91' lang='lat' dir='ltr'>mo·</span> <span class='ocrx_word' id='word_1_13' title='bbox 991 407 1018 468; x_wconf 73' lang='lat' dir='ltr'>A</span> <span class='ocrx_word' id='word_1_14' title='bbox 1032 415 1099 455; x_wconf 92' lang='lat' dir='ltr'>num</span> <span class='ocrx_word' id='word_1_15' title='bbox 1113 397 1227 455; x_wconf 92' lang='lat' dir='ltr'>modum</span> <span class='ocrx_word' id='word_1_16' title='bbox 1241 397 1269 453; x_wconf 93' lang='lat' dir='ltr'>iu</span> <span class='ocrx_word' id='word_1_17' title='bbox 1287 395 1448 469; x_wconf 86' lang='lat' dir='ltr'>vespertinis</span> <span class='ocrx_word' id='word_1_18' title='bbox 1461 395 1639 454; x_wconf 86' lang='lat' dir='ltr'>conventibus</span> <span class='ocrx_word' id='word_1_19' title='bbox 1659 411 1706 453; x_wconf 90' lang='lat' dir='ltr'>seu</span> <span class='ocrx_word' id='word_1_20' title='bbox 1719 404 1831 452; x_wconf 90' lang='lat' dir='ltr'>noctur·</span> 
     </span>
     <span class='ocr_line' id='line_1_3' title="bbox 177 489 1829 573; baseline -0.007 -14"><span class='ocrx_word' id='word_1_21' title='bbox 177 501 244 559; x_wconf 92' lang='lat' dir='ltr'>dum</span> <span class='ocrx_word' id='word_1_22' title='bbox 266 501 294 558; x_wconf 89' lang='lat' dir='ltr'>in</span> <span class='ocrx_word' id='word_1_23' title='bbox 317 500 417 573; x_wconf 91' lang='lat' dir='ltr'>quibus</span> <span class='ocrx_word' id='word_1_24' title='bbox 433 499 493 556; x_wconf 81' lang='lat' dir='ltr'>haro</span> <span class='ocrx_word' id='word_1_25' title='bbox 515 497 636 555; x_wconf 86' lang='lat' dir='ltr'>Domino</span> <span class='ocrx_word' id='word_1_26' title='bbox 656 494 809 552; x_wconf 91' lang='lat' dir='ltr'>redduntur</span> <span class='ocrx_word' id='word_1_27' title='bbox 831 493 975 566; x_wconf 89' lang='lat' dir='ltr'>obsequia,</span> <span class='ocrx_word' id='word_1_28' title='bbox 1029 493 1072 549; x_wconf 93' lang='lat' dir='ltr'>nis</span> <span class='ocrx_word' id='word_1_29' title='bbox 1091 492 1189 564; x_wconf 86' lang='lat' dir='ltr'>vigiliis</span> <span class='ocrx_word' id='word_1_30' title='bbox 1212 492 1328 548; x_wconf 84' lang='lat' dir='ltr'>vidimus</span> <span class='ocrx_word' id='word_1_31' title='bbox 1350 491 1487 548; x_wconf 85' lang='lat' dir='ltr'>retentari.</span> <span class='ocrx_word' id='word_1_32' title='bbox 1511 493 1574 548; x_wconf 91' lang='lat' dir='ltr'>Non</span> <span class='ocrx_word' id='word_1_33' title='bbox 1591 491 1663 546; x_wconf 93' lang='lat' dir='ltr'>enim</span> <span class='ocrx_word' id='word_1_34' title='bbox 1685 489 1829 562; x_wconf 91' lang='lat' dir='ltr'>quisquam</span> 
     </span>
     <span class='ocr_line' id='line_1_4' title="bbox 178 582 1831 667; baseline -0.007 -16"><span class='ocrx_word' id='word_1_35' title='bbox 178 595 348 667; x_wconf 91' lang='lat' dir='ltr'>psalmorum</span> <span class='ocrx_word' id='word_1_36' title='bbox 369 592 451 649; x_wconf 91' lang='lat' dir='ltr'>etiam</span> <span class='ocrx_word' id='word_1_37' title='bbox 471 600 499 649; x_wconf 90' lang='lat' dir='ltr'>et</span> <span class='ocrx_word' id='word_1_38' title='bbox 518 591 671 646; x_wconf 91' lang='lat' dir='ltr'>orationum</span> <span class='ocrx_word' id='word_1_39' title='bbox 686 594 814 659; x_wconf 87' lang='lat' dir='ltr'>putarent</span> <span class='ocrx_word' id='word_1_40' title='bbox 829 601 976 643; x_wconf 89' lang='lat' dir='ltr'>numerum</span> <span class='ocrx_word' id='word_1_41' title='bbox 1030 586 1219 643; x_wconf 83' lang='lat' dir='ltr'>conventiculo</span> <span class='ocrx_word' id='word_1_42' title='bbox 1237 585 1363 653; x_wconf 79' lang='lat' dir='ltr'><strong>fratrum,</strong></span> <span class='ocrx_word' id='word_1_43' title='bbox 1384 583 1432 642; x_wconf 88' lang='lat' dir='ltr'>sed</span> <span class='ocrx_word' id='word_1_44' title='bbox 1450 599 1485 644; x_wconf 86' lang='lat' dir='ltr'>ne</span> <span class='ocrx_word' id='word_1_45' title='bbox 1499 583 1551 640; x_wconf 86' lang='lat' dir='ltr'>sibi</span> <span class='ocrx_word' id='word_1_46' title='bbox 1567 583 1677 655; x_wconf 91' lang='lat' dir='ltr'>quidem</span> <span class='ocrx_word' id='word_1_47' title='bbox 1692 582 1742 655; x_wconf 90' lang='lat' dir='ltr'>ipsi</span> <span class='ocrx_word' id='word_1_48' title='bbox 1760 598 1831 655; x_wconf 82' lang='lat' dir='ltr'>prae·</span> 
     </span>
     <span class='ocr_line' id='line_1_5' title="bbox 170 677 1827 759; baseline -0.005 -15"><span class='ocrx_word' id='word_1_49' title='bbox 170 686 380 759; x_wconf 71' lang='lat' dir='ltr'>&#39;coaequandum</span> <span class='ocrx_word' id='word_1_50' title='bbox 396 683 553 740; x_wconf 79' lang='lat' dir='ltr'>:nonnullis</span> <span class='ocrx_word' id='word_1_51' title='bbox 567 681 669 755; x_wconf 91' lang='lat' dir='ltr'>placuit</span> <span class='ocrx_word' id='word_1_52' title='bbox 679 679 814 737; x_wconf 86' lang='lat' dir='ltr'>senarium</span> <span class='ocrx_word' id='word_1_53' title='bbox 826 695 974 736; x_wconf 91' lang='lat' dir='ltr'>numerum</span> <span class='ocrx_word' id='word_1_54' title='bbox 1028 696 1088 737; x_wconf 88' lang='lat' dir='ltr'>esse</span> <span class='ocrx_word' id='word_1_55' title='bbox 1116 678 1275 736; x_wconf 74' lang='lat' dir='ltr'>conceditur</span> <span class='ocrx_word' id='word_1_56' title='bbox 1305 680 1463 751; x_wconf 86' lang='lat' dir='ltr'>priusquam</span> <span class='ocrx_word' id='word_1_57' title='bbox 1492 693 1547 735; x_wconf 93' lang='lat' dir='ltr'>nou</span> <span class='ocrx_word' id='word_1_58' title='bbox 1573 678 1664 734; x_wconf 89' lang='lat' dir='ltr'>solum</span> <span class='ocrx_word' id='word_1_59' title='bbox 1692 677 1827 736; x_wconf 88' lang='lat' dir='ltr'>universis</span> 
     </span>
     <span class='ocr_line' id='line_1_6' title="bbox 176 769 1829 853; baseline -0.005 -17"><span class='ocrx_word' id='word_1_60' title='bbox 176 780 287 853; x_wconf 88' lang='lat' dir='ltr'>singulis</span> <span class='ocrx_word' id='word_1_61' title='bbox 304 778 357 835; x_wconf 89' lang='lat' dir='ltr'>diei</span> <span class='ocrx_word' id='word_1_62' title='bbox 377 776 557 835; x_wconf 88' lang='lat' dir='ltr'>conventibus</span> <span class='ocrx_word' id='word_1_63' title='bbox 579 773 712 847; x_wconf 85' lang='lat' dir='ltr'>deputari.</span> <span class='ocrx_word' id='word_1_64' title='bbox 735 774 907 846; x_wconf 80' lang='lat' dir='ltr'>Quapropter</span> <span class='ocrx_word' id='word_1_65' title='bbox 929 786 976 827; x_wconf 91' lang='lat' dir='ltr'>ne·</span> <span class='ocrx_word' id='word_1_66' title='bbox 1028 771 1202 829; x_wconf 82' lang='lat' dir='ltr'>facultatibus</span> <span class='ocrx_word' id='word_1_67' title='bbox 1221 772 1279 828; x_wconf 91' lang='lat' dir='ltr'>suis</span> <span class='ocrx_word' id='word_1_68' title='bbox 1299 770 1430 829; x_wconf 83' lang='lat' dir='ltr'>reddatur</span> <span class='ocrx_word' id='word_1_69' title='bbox 1442 780 1580 838; x_wconf 81' lang='lat' dir='ltr'>externus,</span> <span class='ocrx_word' id='word_1_70' title='bbox 1601 769 1648 827; x_wconf 87' lang='lat' dir='ltr'>sed</span> <span class='ocrx_word' id='word_1_71' title='bbox 1662 785 1697 826; x_wconf 92' lang='lat' dir='ltr'>ne</span> <span class='ocrx_word' id='word_1_72' title='bbox 1712 770 1757 826; x_wconf 90' lang='lat' dir='ltr'>sui</span> <span class='ocrx_word' id='word_1_73' title='bbox 1770 771 1829 842; x_wconf 91' lang='lat' dir='ltr'>qui·</span> 
     </span>
    </p>
   </div>
   <div class='ocr_carea' id='block_1_3' title="bbox 89 862 1861 945">
    <p class='ocr_par' dir='ltr' id='par_1_3' title="bbox 89 862 1861 945">
     <span class='ocr_line' id='line_1_7' title="bbox 89 862 1861 945; baseline -0.006 -13"><span class='ocrx_word' id='word_1_74' title='bbox 89 903 91 908; x_wconf 94' lang='lat'><em>·</em></span> <span class='ocrx_word' id='word_1_75' title='bbox 176 874 324 931; x_wconf 89' lang='lat' dir='ltr'>cessarium</span> <span class='ocrx_word' id='word_1_76' title='bbox 346 887 409 930; x_wconf 91' lang='lat' dir='ltr'>reor</span> <span class='ocrx_word' id='word_1_77' title='bbox 434 870 653 945; x_wconf 89' lang='lat' dir='ltr'>antiquissimam</span> <span class='ocrx_word' id='word_1_78' title='bbox 670 875 779 941; x_wconf 90' lang='lat' dir='ltr'>patmm</span> <span class='ocrx_word' id='word_1_79' title='bbox 802 866 926 941; x_wconf 82' lang='lat' dir='ltr'>proferre</span> <span class='ocrx_word' id='word_1_80' title='bbox 947 866 975 921; x_wconf 95' lang='lat' dir='ltr'>in</span> <span class='ocrx_word' id='word_1_81' title='bbox 1029 864 1091 922; x_wconf 92' lang='lat' dir='ltr'>dem</span> <span class='ocrx_word' id='word_1_82' title='bbox 1108 865 1192 938; x_wconf 88' lang='lat' dir='ltr'>ipsius</span> <span class='ocrx_word' id='word_1_83' title='bbox 1211 881 1240 922; x_wconf 92' lang='lat' dir='ltr'>se</span> <span class='ocrx_word' id='word_1_84' title='bbox 1255 879 1314 921; x_wconf 90' lang='lat' dir='ltr'>esse</span> <span class='ocrx_word' id='word_1_85' title='bbox 1329 862 1538 932; x_wconf 87' lang='lat' dir='ltr'>dominum‚vel</span> <span class='ocrx_word' id='word_1_86' title='bbox 1554 871 1717 936; x_wconf 86' lang='lat' dir='ltr'>potestatem</span> <span class='ocrx_word' id='word_1_87' title='bbox 1729 862 1861 921; x_wconf 88' lang='lat' dir='ltr'>habere·</span> 
     </span>
    </p>
   </div>
   <div class='ocr_carea' id='block_1_4' title="bbox 175 966 976 1397">
    <p class='ocr_par' dir='ltr' id='par_1_4' title="bbox 175 966 976 1397">
     <span class='ocr_line' id='line_1_8' title="bbox 177 966 975 1036; baseline -0.011 -13"><span class='ocrx_word' id='word_1_88' title='bbox 177 968 299 1025; x_wconf 90' lang='lat' dir='ltr'>medium</span> <span class='ocrx_word' id='word_1_89' title='bbox 312 966 547 1033; x_wconf 90' lang='lat' dir='ltr'>constitutionem,</span> <span class='ocrx_word' id='word_1_90' title='bbox 561 979 623 1036; x_wconf 81' lang='lat' dir='ltr'>quae</span> <span class='ocrx_word' id='word_1_91' title='bbox 638 976 810 1033; x_wconf 87' lang='lat' dir='ltr'>nuncusque</span> <span class='ocrx_word' id='word_1_92' title='bbox 828 976 877 1032; x_wconf 92' lang='lat' dir='ltr'>per</span> <span class='ocrx_word' id='word_1_93' title='bbox 888 967 975 1016; x_wconf 90' lang='lat' dir='ltr'>totam</span> 
     </span>
     <span class='ocr_line' id='line_1_9' title="bbox 181 1046 975 1135; baseline -0.013 -19"><span class='ocrx_word' id='word_1_94' title='bbox 181 1063 326 1135; x_wconf 69' lang='lat' dir='ltr'>dbgyptum</span> <span class='ocrx_word' id='word_1_95' title='bbox 347 1075 365 1116; x_wconf 88' lang='lat' dir='ltr'>a</span> <span class='ocrx_word' id='word_1_96' title='bbox 385 1058 436 1115; x_wconf 92' lang='lat' dir='ltr'>Dei</span> <span class='ocrx_word' id='word_1_97' title='bbox 457 1057 565 1114; x_wconf 91' lang='lat' dir='ltr'>iamulis</span> <span class='ocrx_word' id='word_1_98' title='bbox 591 1053 755 1124; x_wconf 88' lang='lat' dir='ltr'>custoditur,</span> <span class='ocrx_word' id='word_1_99' title='bbox 779 1046 855 1126; x_wconf 74' lang='lat' dir='ltr'>quol</span> <span class='ocrx_word' id='word_1_100' title='bbox 877 1051 975 1108; x_wconf 83' lang='lat' dir='ltr'>novelli</span> 
     </span>
     <span class='ocr_line' id='line_1_10' title="bbox 175 1146 976 1220; baseline -0.011 -10"><span class='ocrx_word' id='word_1_101' title='bbox 175 1153 332 1211; x_wconf 87' lang='lat' dir='ltr'>monasterii</span> <span class='ocrx_word' id='word_1_102' title='bbox 345 1152 373 1208; x_wconf 93' lang='lat' dir='ltr'>in</span> <span class='ocrx_word' id='word_1_103' title='bbox 387 1151 498 1208; x_wconf 88' lang='lat' dir='ltr'>Christo</span> <span class='ocrx_word' id='word_1_104' title='bbox 512 1151 588 1208; x_wconf 91' lang='lat' dir='ltr'>rudis</span> <span class='ocrx_word' id='word_1_105' title='bbox 600 1148 713 1206; x_wconf 83' lang='lat' dir='ltr'>infantia</span> <span class='ocrx_word' id='word_1_106' title='bbox 724 1146 976 1220; x_wconf 89' lang='lat' dir='ltr'>antiquissimorum</span> 
     </span>
     <span class='ocr_line' id='line_1_11' title="bbox 176 1238 974 1319; baseline -0.013 -15"><span class='ocrx_word' id='word_1_107' title='bbox 176 1247 267 1318; x_wconf 84' lang='lat' dir='ltr'>pallus</span> <span class='ocrx_word' id='word_1_108' title='bbox 288 1255 398 1319; x_wconf 88' lang='lat' dir='ltr'>patrum</span> <span class='ocrx_word' id='word_1_109' title='bbox 423 1244 614 1302; x_wconf 82' lang='lat' dir='ltr'>vetustissimis</span> <span class='ocrx_word' id='word_1_110' title='bbox 636 1240 850 1301; x_wconf 82' lang='lat' dir='ltr'>institutionibus</span> <span class='ocrx_word' id='word_1_111' title='bbox 866 1238 974 1296; x_wconf 92' lang='lat' dir='ltr'>imbua-</span> 
     </span>
     <span class='ocr_line' id='line_1_12' title="bbox 176 1349 230 1397; baseline 0.037 -3"><span class='ocrx_word' id='word_1_112' title='bbox 176 1349 230 1397; x_wconf 82' lang='lat' dir='ltr'>itlr.</span> 
     </span>
    </p>
   </div>
   <div class='ocr_carea' id='block_1_5' title="bbox 482 1479 683 1535">
    <p class='ocr_par' dir='ltr' id='par_1_5' title="bbox 482 1479 683 1535">
     <span class='ocr_line' id='line_1_13' title="bbox 482 1479 683 1535; baseline -0.01 0"><span class='ocrx_word' id='word_1_113' title='bbox 482 1479 601 1535; x_wconf 80' lang='lat' dir='ltr'><strong>CAPUT</strong></span> <span class='ocrx_word' id='word_1_114' title='bbox 620 1479 683 1534; x_wconf 87' lang='lat'>111.-</span> 
     </span>
    </p>
   </div>
   <div class='ocr_carea' id='block_1_6' title="bbox 176 1605 977 1680">
    <p class='ocr_par' dir='ltr' id='par_1_6' title="bbox 176 1605 977 1680">
     <span class='ocr_line' id='line_1_14' title="bbox 176 1605 977 1680; baseline -0.006 -16"><span class='ocrx_word' id='word_1_115' title='bbox 176 1610 215 1667; x_wconf 85' lang='lat' dir='ltr'>Do</span> <span class='ocrx_word' id='word_1_116' title='bbox 225 1607 369 1677; x_wconf 71' lang='lat' dir='ltr'>uniformes</span> <span class='ocrx_word' id='word_1_117' title='bbox 381 1607 480 1679; x_wconf 75' lang='lat' dir='ltr'>regule</span> <span class='ocrx_word' id='word_1_118' title='bbox 490 1624 542 1680; x_wconf 86' lang='lat' dir='ltr'>por</span> <span class='ocrx_word' id='word_1_119' title='bbox 555 1613 640 1663; x_wconf 88' lang='lat' dir='ltr'>totum</span> <span class='ocrx_word' id='word_1_120' title='bbox 655 1609 799 1677; x_wconf 75' lang='lat' dir='ltr'>AEpyptum</span> <span class='ocrx_word' id='word_1_121' title='bbox 811 1605 942 1669; x_wconf 80' lang='grc'>1111111111,</span> <span class='ocrx_word' id='word_1_122' title='bbox 952 1610 977 1660; x_wconf 85' lang='grc'>11</span> 
     </span>
    </p>
   </div>
   <div class='ocr_carea' id='block_1_7' title="bbox 1030 956 1831 1692">
    <p class='ocr_par' dir='ltr' id='par_1_7' title="bbox 1030 956 1831 1692">
     <span class='ocr_line' id='line_1_15' title="bbox 1031 956 1828 1031; baseline -0.001 -17"><span class='ocrx_word' id='word_1_123' title='bbox 1031 968 1186 1030; x_wconf 88' lang='lat' dir='ltr'>cognoscat.</span> <span class='ocrx_word' id='word_1_124' title='bbox 1209 960 1251 1015; x_wconf 92' lang='lat' dir='ltr'>lta</span> <span class='ocrx_word' id='word_1_125' title='bbox 1272 974 1390 1031; x_wconf 90' lang='lat' dir='ltr'>namque</span> <span class='ocrx_word' id='word_1_126' title='bbox 1408 958 1608 1015; x_wconf 84' lang='lat' dir='ltr'>renuntiantem</span> <span class='ocrx_word' id='word_1_127' title='bbox 1633 957 1698 1017; x_wconf 88' lang='lat' dir='ltr'>huic</span> <span class='ocrx_word' id='word_1_128' title='bbox 1720 956 1828 1014; x_wconf 90' lang='lat' dir='ltr'>mundo</span> 
     </span>
     <span class='ocr_line' id='line_1_16' title="bbox 1031 1051 1831 1125; baseline -0.001 -17"><span class='ocrx_word' id='word_1_129' title='bbox 1031 1053 1197 1125; x_wconf 88' lang='lat' dir='ltr'>quibuslibet</span> <span class='ocrx_word' id='word_1_130' title='bbox 1208 1052 1380 1109; x_wconf 79' lang='lat' dir='ltr'>facultatibus</span> <span class='ocrx_word' id='word_1_131' title='bbox 1399 1068 1431 1109; x_wconf 92' lang='lat' dir='ltr'>ac</span> <span class='ocrx_word' id='word_1_132' title='bbox 1445 1051 1543 1108; x_wconf 89' lang='lat' dir='ltr'>divitiis</span> <span class='ocrx_word' id='word_1_133' title='bbox 1555 1051 1699 1123; x_wconf 74' lang='lat' dir='ltr'>praeditum</span> <span class='ocrx_word' id='word_1_134' title='bbox 1718 1066 1831 1107; x_wconf 88' lang='lat' dir='ltr'>necesse</span> 
     </span>
     <span class='ocr_line' id='line_1_17' title="bbox 1031 1144 1829 1218; baseline 0 -15"><span class='ocrx_word' id='word_1_135' title='bbox 1031 1156 1073 1203; x_wconf 89' lang='lat' dir='ltr'>est</span> <span class='ocrx_word' id='word_1_136' title='bbox 1094 1146 1214 1204; x_wconf 90' lang='lat' dir='ltr'>coenobii</span> <span class='ocrx_word' id='word_1_137' title='bbox 1237 1147 1485 1204; x_wconf 88' lang='lat' dir='ltr'>commorationem</span> <span class='ocrx_word' id='word_1_138' title='bbox 1503 1154 1640 1218; x_wconf 83' lang='lat' dir='ltr'>expetere,</span> <span class='ocrx_word' id='word_1_139' title='bbox 1660 1154 1690 1201; x_wconf 93' lang='lat' dir='ltr'>ut</span> <span class='ocrx_word' id='word_1_140' title='bbox 1712 1144 1739 1200; x_wconf 93' lang='lat' dir='ltr'>iu</span> <span class='ocrx_word' id='word_1_141' title='bbox 1753 1145 1829 1203; x_wconf 89' lang='lat' dir='ltr'>nullo</span> 
     </span>
     <span class='ocr_line' id='line_1_18' title="bbox 1031 1239 1828 1315; baseline -0.003 -17"><span class='ocrx_word' id='word_1_142' title='bbox 1031 1240 1080 1298; x_wconf 86' lang='lat' dir='ltr'>sihi</span> <span class='ocrx_word' id='word_1_143' title='bbox 1106 1257 1140 1298; x_wconf 88' lang='lat' dir='ltr'>ex</span> <span class='ocrx_word' id='word_1_144' title='bbox 1167 1241 1209 1298; x_wconf 90' lang='lat' dir='ltr'>his</span> <span class='ocrx_word' id='word_1_145' title='bbox 1233 1257 1294 1315; x_wconf 81' lang='lat' dir='ltr'>quae</span> <span class='ocrx_word' id='word_1_146' title='bbox 1318 1241 1436 1313; x_wconf 89' lang='lat' dir='ltr'>reliquit,</span> <span class='ocrx_word' id='word_1_147' title='bbox 1459 1249 1507 1298; x_wconf 88' lang='lat' dir='ltr'>aut</span> <span class='ocrx_word' id='word_1_148' title='bbox 1532 1241 1625 1298; x_wconf 90' lang='lat' dir='ltr'>intulit</span> <span class='ocrx_word' id='word_1_149' title='bbox 1649 1239 1828 1306; x_wconf 90' lang='lat' dir='ltr'>monasterio,</span> 
     </span>
     <span class='ocr_line' id='line_1_19' title="bbox 1032 1333 1829 1404; baseline -0.001 -13"><span class='ocrx_word' id='word_1_150' title='bbox 1032 1334 1187 1392; x_wconf 88' lang='lat' dir='ltr'>blandiatur</span> <span class='ocrx_word' id='word_1_151' title='bbox 1203 1356 1210 1394; x_wconf 75' lang='grc' dir='ltr'>ε</span> <span class='ocrx_word' id='word_1_152' title='bbox 1226 1336 1266 1393; x_wconf 91' lang='lat' dir='ltr'>sio</span> <span class='ocrx_word' id='word_1_153' title='bbox 1279 1335 1390 1393; x_wconf 89' lang='lat' dir='ltr'>obedire</span> <span class='ocrx_word' id='word_1_154' title='bbox 1410 1336 1524 1404; x_wconf 88' lang='lat' dir='ltr'>cunctis,</span> <span class='ocrx_word' id='word_1_155' title='bbox 1543 1344 1573 1391; x_wconf 90' lang='lat' dir='ltr'>ut</span> <span class='ocrx_word' id='word_1_156' title='bbox 1588 1333 1757 1391; x_wconf 91' lang='lat' dir='ltr'>redeundum</span> <span class='ocrx_word' id='word_1_157' title='bbox 1778 1334 1829 1390; x_wconf 94' lang='lat' dir='ltr'>sihi</span> 
     </span>
     <span class='ocr_line' id='line_1_20' title="bbox 1030 1428 1830 1502; baseline -0.003 -15"><span class='ocrx_word' id='word_1_158' title='bbox 1030 1431 1181 1489; x_wconf 90' lang='lat' dir='ltr'>seeundum</span> <span class='ocrx_word' id='word_1_159' title='bbox 1193 1431 1358 1488; x_wconf 89' lang='lat' dir='ltr'>sententiam</span> <span class='ocrx_word' id='word_1_160' title='bbox 1369 1429 1482 1488; x_wconf 91' lang='lat' dir='ltr'>Domini</span> <span class='ocrx_word' id='word_1_161' title='bbox 1496 1432 1611 1498; x_wconf 81' lang='grc'>(111111,</span> <span class='ocrx_word' id='word_1_162' title='bbox 1625 1430 1723 1502; x_wconf 78' lang='grc'>11111)</span> <span class='ocrx_word' id='word_1_163' title='bbox 1741 1428 1777 1486; x_wconf 90' lang='lat' dir='ltr'>ad</span> <span class='ocrx_word' id='word_1_164' title='bbox 1789 1429 1830 1485; x_wconf 93' lang='lat' dir='ltr'>in·</span> 
     </span>
     <span class='ocr_line' id='line_1_21' title="bbox 1032 1522 1828 1597; baseline 0.001 -18"><span class='ocrx_word' id='word_1_165' title='bbox 1032 1522 1143 1582; x_wconf 87' lang='lat' dir='ltr'>lantiam</span> <span class='ocrx_word' id='word_1_166' title='bbox 1168 1525 1311 1597; x_wconf 84' lang='lat' dir='ltr'>pristinam</span> <span class='ocrx_word' id='word_1_167' title='bbox 1336 1524 1460 1591; x_wconf 88' lang='lat' dir='ltr'>noverit,</span> <span class='ocrx_word' id='word_1_168' title='bbox 1490 1523 1566 1591; x_wconf 79' lang='lat' dir='ltr'>nihil</span> <span class='ocrx_word' id='word_1_169' title='bbox 1588 1523 1639 1580; x_wconf 91' lang='lat' dir='ltr'>sibi</span> <span class='ocrx_word' id='word_1_170' title='bbox 1672 1522 1828 1581; x_wconf 90' lang='lat' dir='ltr'>considera·</span> 
     </span>
     <span class='ocr_line' id='line_1_22' title="bbox 1031 1616 1826 1692; baseline 0.001 -19"><span class='ocrx_word' id='word_1_171' title='bbox 1031 1616 1104 1674; x_wconf 79' lang='lat' dir='ltr'>hone</span> <span class='ocrx_word' id='word_1_172' title='bbox 1125 1619 1176 1675; x_wconf 85' lang='lat' dir='ltr'>aevi</span> <span class='ocrx_word' id='word_1_173' title='bbox 1196 1619 1238 1676; x_wconf 83' lang='lat' dir='ltr'>vel</span> <span class='ocrx_word' id='word_1_174' title='bbox 1263 1635 1399 1677; x_wconf 90' lang='lat' dir='ltr'>annorum</span> <span class='ocrx_word' id='word_1_175' title='bbox 1425 1619 1620 1676; x_wconf 83' lang='lat' dir='ltr'>numerositate</span> <span class='ocrx_word' id='word_1_176' title='bbox 1643 1633 1826 1692; x_wconf 71' lang='lat' dir='ltr'>presumens,</span> 
     </span>
    </p>
   </div>
   <div class='ocr_carea' id='block_1_8' title="bbox 230 1680 1830 1785">
    <p class='ocr_par' dir='ltr' id='par_1_8' title="bbox 230 1680 1830 1785">
     <span class='ocr_line' id='line_1_23' title="bbox 230 1680 1830 1785; baseline -0.004 -50"><span class='ocrx_word' id='word_1_177' title='bbox 230 1681 399 1736; x_wconf 81' lang='lat' dir='ltr'>docleatinae</span> <span class='ocrx_word' id='word_1_178' title='bbox 408 1696 499 1738; x_wconf 73' lang='lat' dir='ltr'>conam</span> <span class='ocrx_word' id='word_1_179' title='bbox 510 1682 559 1750; x_wconf 80' lang='lat' dir='ltr'>qui</span> <span class='ocrx_word' id='word_1_180' title='bbox 567 1680 704 1747; x_wconf 70' lang='lat' dir='ltr'>frattribus</span> <span class='ocrx_word' id='word_1_181' title='bbox 715 1682 921 1748; x_wconf 74' lang='lat' dir='ltr'>praeponuntur.</span> <span class='ocrx_word' id='word_1_182' title='bbox 1031 1725 1115 1783; x_wconf 62' lang='lat' dir='ltr'>quam</span> <span class='ocrx_word' id='word_1_183' title='bbox 1137 1712 1166 1767; x_wconf 67' lang='lat' dir='ltr'>in</span> <span class='ocrx_word' id='word_1_184' title='bbox 1196 1713 1300 1769; x_wconf 52' lang='grc' dir='ltr'>ΜΗΘ</span> <span class='ocrx_word' id='word_1_185' title='bbox 1318 1712 1433 1771; x_wconf 57' lang='lat' dir='ltr'>inaniter</span> <span class='ocrx_word' id='word_1_186' title='bbox 1452 1721 1645 1785; x_wconf 57' lang='lat' dir='ltr'>consumptam</span> <span class='ocrx_word' id='word_1_187' title='bbox 1671 1728 1700 1769; x_wconf 60' lang='lat' dir='ltr'>se</span> <span class='ocrx_word' id='word_1_188' title='bbox 1721 1720 1830 1785; x_wconf 52' lang='lat' dir='ltr'>repunt</span> 
     </span>
    </p>
   </div>
   <div class='ocr_carea' id='block_1_9' title="bbox 176 1803 1828 2258">
    <p class='ocr_par' dir='ltr' id='par_1_9' title="bbox 176 1803 1828 2258">
     <span class='ocr_line' id='line_1_24' title="bbox 212 1803 1827 1882; baseline -0.002 -16"><span class='ocrx_word' id='word_1_189' title='bbox 212 1812 308 1882; x_wconf 87' lang='lat' dir='ltr'>ltaque</span> <span class='ocrx_word' id='word_1_190' title='bbox 321 1825 371 1882; x_wconf 88' lang='lat' dir='ltr'>per</span> <span class='ocrx_word' id='word_1_191' title='bbox 388 1809 564 1866; x_wconf 70' lang='grc' dir='ltr'>1111111111ο</span> <span class='ocrx_word' id='word_1_192' title='bbox 583 1810 731 1882; x_wconf 82' lang='lat' dir='ltr'>AEgyptnm</span> <span class='ocrx_word' id='word_1_193' title='bbox 742 1814 770 1862; x_wconf 91' lang='lat' dir='ltr'>et</span> <span class='ocrx_word' id='word_1_194' title='bbox 788 1804 972 1873; x_wconf 82' lang='lat' dir='ltr'>Thebaidem,</span> <span class='ocrx_word' id='word_1_195' title='bbox 988 1808 1012 1872; x_wconf 87' lang='lat' dir='ltr'><strong>B</strong></span> <span class='ocrx_word' id='word_1_196' title='bbox 1031 1803 1197 1875; x_wconf 80' lang='lat' dir='ltr'>perdidisse3</span> <span class='ocrx_word' id='word_1_197' title='bbox 1218 1805 1265 1863; x_wconf 91' lang='lat' dir='ltr'>sed</span> <span class='ocrx_word' id='word_1_198' title='bbox 1282 1823 1332 1880; x_wconf 89' lang='lat' dir='ltr'>pro</span> <span class='ocrx_word' id='word_1_199' title='bbox 1343 1807 1564 1864; x_wconf 88' lang='lat' dir='ltr'>rudimentorum</span> <span class='ocrx_word' id='word_1_200' title='bbox 1575 1807 1673 1864; x_wconf 90' lang='lat' dir='ltr'>merito</span> <span class='ocrx_word' id='word_1_201' title='bbox 1688 1815 1716 1862; x_wconf 91' lang='lat' dir='ltr'>et</span> <span class='ocrx_word' id='word_1_202' title='bbox 1728 1807 1827 1878; x_wconf 81' lang='lat' dir='ltr'>tyroci-</span> 
     </span>
     <span class='ocr_line' id='line_1_25' title="bbox 177 1896 1828 1975; baseline -0.002 -16"><span class='ocrx_word' id='word_1_203' title='bbox 177 1901 223 1959; x_wconf 91' lang='lat' dir='ltr'>ubi</span> <span class='ocrx_word' id='word_1_204' title='bbox 243 1901 408 1958; x_wconf 89' lang='lat' dir='ltr'>monasteria</span> <span class='ocrx_word' id='word_1_205' title='bbox 427 1917 482 1957; x_wconf 92' lang='lat' dir='ltr'>non</span> <span class='ocrx_word' id='word_1_206' title='bbox 496 1916 546 1972; x_wconf 92' lang='lat' dir='ltr'>pro</span> <span class='ocrx_word' id='word_1_207' title='bbox 561 1899 775 1972; x_wconf 89' lang='lat' dir='ltr'>uniuscujusque</span> <span class='ocrx_word' id='word_1_208' title='bbox 793 1897 975 1955; x_wconf 89' lang='lat' dir='ltr'>renuntiantis</span> <span class='ocrx_word' id='word_1_209' title='bbox 1029 1896 1066 1952; x_wconf 93' lang='lat' dir='ltr'>nii</span> <span class='ocrx_word' id='word_1_210' title='bbox 1088 1899 1219 1969; x_wconf 88' lang='lat' dir='ltr'>novitate,</span> <span class='ocrx_word' id='word_1_211' title='bbox 1242 1916 1326 1973; x_wconf 93' lang='lat' dir='ltr'>quam</span> <span class='ocrx_word' id='word_1_212' title='bbox 1338 1917 1368 1958; x_wconf 88' lang='lat' dir='ltr'>se</span> <span class='ocrx_word' id='word_1_213' title='bbox 1380 1917 1473 1975; x_wconf 89' lang='lat' dir='ltr'>gerere</span> <span class='ocrx_word' id='word_1_214' title='bbox 1487 1902 1514 1957; x_wconf 91' lang='lat' dir='ltr'>in</span> <span class='ocrx_word' id='word_1_215' title='bbox 1528 1901 1630 1958; x_wconf 87' lang='lat' dir='ltr'>Christi</span> <span class='ocrx_word' id='word_1_216' title='bbox 1645 1900 1742 1957; x_wconf 90' lang='lat' dir='ltr'>militia</span> <span class='ocrx_word' id='word_1_217' title='bbox 1756 1916 1828 1956; x_wconf 85' lang='lat' dir='ltr'>roco</span> 
     </span>
     <span class='ocr_line' id='line_1_26' title="bbox 176 1988 1825 2069; baseline 0 -18"><span class='ocrx_word' id='word_1_218' title='bbox 176 1990 358 2052; x_wconf 89' lang='lat' dir='ltr'>instituuntur</span> <span class='ocrx_word' id='word_1_219' title='bbox 373 1994 496 2063; x_wconf 89' lang='lat' dir='ltr'>arbitrio,</span> <span class='ocrx_word' id='word_1_220' title='bbox 509 1993 558 2051; x_wconf 89' lang='lat' dir='ltr'>sed</span> <span class='ocrx_word' id='word_1_221' title='bbox 577 2008 626 2066; x_wconf 91' lang='lat' dir='ltr'>per</span> <span class='ocrx_word' id='word_1_222' title='bbox 639 1991 824 2050; x_wconf 80' lang='lat' dir='ltr'>successiones</span> <span class='ocrx_word' id='word_1_223' title='bbox 842 1988 975 2048; x_wconf 80' lang='grc'>11111111-</span> <span class='ocrx_word' id='word_1_224' title='bbox 1028 1994 1144 2064; x_wconf 87' lang='lat' dir='ltr'>gnosoit,</span> <span class='ocrx_word' id='word_1_225' title='bbox 1168 1994 1285 2052; x_wconf 91' lang='lat' dir='ltr'>subdere</span> <span class='ocrx_word' id='word_1_226' title='bbox 1298 2010 1328 2053; x_wconf 91' lang='lat' dir='ltr'>se</span> <span class='ocrx_word' id='word_1_227' title='bbox 1349 1995 1429 2053; x_wconf 78' lang='lat' dir='ltr'>eham</span> <span class='ocrx_word' id='word_1_228' title='bbox 1444 1995 1599 2069; x_wconf 86' lang='lat' dir='ltr'>junioribus</span> <span class='ocrx_word' id='word_1_229' title='bbox 1617 2013 1674 2054; x_wconf 92' lang='lat' dir='ltr'>non</span> <span class='ocrx_word' id='word_1_230' title='bbox 1692 2004 1825 2053; x_wconf 86' lang='lat' dir='ltr'>moretur.</span> 
     </span>
     <span class='ocr_line' id='line_1_27' title="bbox 176 2083 1825 2161; baseline 0.002 -18"><span class='ocrx_word' id='word_1_231' title='bbox 176 2083 265 2145; x_wconf 88' lang='lat' dir='ltr'>tiones</span> <span class='ocrx_word' id='word_1_232' title='bbox 282 2088 429 2161; x_wconf 87' lang='lat' dir='ltr'>majorum,</span> <span class='ocrx_word' id='word_1_233' title='bbox 448 2086 574 2158; x_wconf 91' lang='lat' dir='ltr'>usquein</span> <span class='ocrx_word' id='word_1_234' title='bbox 593 2084 756 2142; x_wconf 89' lang='lat' dir='ltr'>hodiernum</span> <span class='ocrx_word' id='word_1_235' title='bbox 773 2084 846 2141; x_wconf 91' lang='lat' dir='ltr'>diem</span> <span class='ocrx_word' id='word_1_236' title='bbox 858 2083 900 2140; x_wconf 88' lang='lat' dir='ltr'>vel</span> <span class='ocrx_word' id='word_1_237' title='bbox 912 2099 974 2152; x_wconf 91' lang='lat' dir='ltr'>per·</span> <span class='ocrx_word' id='word_1_238' title='bbox 1029 2086 1126 2159; x_wconf 89' lang='lat' dir='ltr'>Operis</span> <span class='ocrx_word' id='word_1_239' title='bbox 1144 2103 1257 2160; x_wconf 90' lang='lat' dir='ltr'>qnoque</span> <span class='ocrx_word' id='word_1_240' title='bbox 1279 2099 1307 2146; x_wconf 90' lang='lat' dir='ltr'>et</span> <span class='ocrx_word' id='word_1_241' title='bbox 1330 2089 1438 2147; x_wconf 88' lang='lat' dir='ltr'>sudoris</span> <span class='ocrx_word' id='word_1_242' title='bbox 1459 2091 1663 2148; x_wconf 88' lang='lat' dir='ltr'>assuetudinem</span> <span class='ocrx_word' id='word_1_243' title='bbox 1677 2091 1715 2147; x_wconf 90' lang='lat' dir='ltr'>ita</span> <span class='ocrx_word' id='word_1_244' title='bbox 1734 2089 1825 2146; x_wconf 88' lang='lat' dir='ltr'>subire</span> 
     </span>
     <span class='ocr_line' id='line_1_28' title="bbox 180 2172 1827 2258; baseline 0.001 -21"><span class='ocrx_word' id='word_1_245' title='bbox 180 2190 293 2238; x_wconf 90' lang='lat' dir='ltr'>manent</span> <span class='ocrx_word' id='word_1_246' title='bbox 314 2181 355 2238; x_wconf 82' lang='lat' dir='ltr'>vel</span> <span class='ocrx_word' id='word_1_247' title='bbox 374 2195 502 2237; x_wconf 93' lang='lat' dir='ltr'>mansura</span> <span class='ocrx_word' id='word_1_248' title='bbox 522 2178 682 2249; x_wconf 77' lang='lat' dir='ltr'>fundantur,</span> <span class='ocrx_word' id='word_1_249' title='bbox 704 2178 853 2252; x_wconf 89' lang='lat' dir='ltr'>legitimum</span> <span class='ocrx_word' id='word_1_250' title='bbox 881 2180 976 2235; x_wconf 82' lang='lat' dir='ltr'>oratio</span> <span class='ocrx_word' id='word_1_251' title='bbox 1030 2180 1213 2253; x_wconf 84' lang='lat' dir='ltr'>compellitur,</span> <span class='ocrx_word' id='word_1_252' title='bbox 1232 2172 1287 2239; x_wconf 87' lang='lat' dir='ltr'>utd</span> <span class='ocrx_word' id='word_1_253' title='bbox 1312 2184 1426 2257; x_wconf 90' lang='lat' dir='ltr'>propriis</span> <span class='ocrx_word' id='word_1_254' title='bbox 1445 2183 1582 2254; x_wconf 90' lang='lat' dir='ltr'>manibus,</span> <span class='ocrx_word' id='word_1_255' title='bbox 1602 2185 1681 2258; x_wconf 84' lang='lat' dir='ltr'>juxta</span> <span class='ocrx_word' id='word_1_256' title='bbox 1704 2181 1827 2256; x_wconf 79' lang='lat' dir='ltr'>Apostoli</span> 
     </span>
    </p>
   </div>
   <div class='ocr_carea' id='block_1_10' title="bbox 724 2343 1278 2402">
    <p class='ocr_par' dir='ltr' id='par_1_10' title="bbox 724 2343 1278 2402">
     <span class='ocr_line' id='line_1_29' title="bbox 724 2343 1278 2402; baseline 0.005 -3"><span class='ocrx_word' id='word_1_257' title='bbox 724 2344 850 2400; x_wconf 77' lang='lat' dir='ltr'>attunt</span> <span class='ocrx_word' id='word_1_258' title='bbox 870 2344 982 2400; x_wconf 79' lang='lat' dir='ltr'>GAZAEl</span> <span class='ocrx_word' id='word_1_259' title='bbox 1000 2343 1278 2402; x_wconf 79' lang='lat' dir='ltr'>COMMENTthUS.</span> 
     </span>
    </p>
   </div>
   <div class='ocr_carea' id='block_1_11' title="bbox 176 2498 1827 3149">
    <p class='ocr_par' dir='ltr' id='par_1_11' title="bbox 176 2498 1827 3149">
     <span class='ocr_line' id='line_1_30' title="bbox 176 2498 1826 2575; baseline -0.003 -16"><span class='ocrx_word' id='word_1_260' title='bbox 176 2500 370 2575; x_wconf 81' lang='lat' dir='ltr'>supputatione</span> <span class='ocrx_word' id='word_1_261' title='bbox 389 2498 564 2573; x_wconf 89' lang='lat' dir='ltr'>respondent.</span> <span class='ocrx_word' id='word_1_262' title='bbox 587 2499 666 2568; x_wconf 86' lang='lat' dir='ltr'>Quod</span> <span class='ocrx_word' id='word_1_263' title='bbox 684 2498 760 2555; x_wconf 92' lang='lat' dir='ltr'>nullo</span> <span class='ocrx_word' id='word_1_264' title='bbox 784 2498 895 2572; x_wconf 92' lang='lat' dir='ltr'>negotio</span> <span class='ocrx_word' id='word_1_265' title='bbox 917 2498 974 2567; x_wconf 83' lang='lat' dir='ltr'>het,</span> <span class='ocrx_word' id='word_1_266' title='bbox 1029 2498 1135 2556; x_wconf 79' lang='lat' dir='ltr'>videtur</span> <span class='ocrx_word' id='word_1_267' title='bbox 1156 2508 1252 2556; x_wconf 90' lang='lat' dir='ltr'>auctor</span> <span class='ocrx_word' id='word_1_268' title='bbox 1270 2500 1377 2573; x_wconf 83' lang='lat' dir='ltr'>AEgypti</span> <span class='ocrx_word' id='word_1_269' title='bbox 1389 2499 1500 2555; x_wconf 90' lang='lat' dir='ltr'>nomine</span> <span class='ocrx_word' id='word_1_270' title='bbox 1520 2498 1671 2571; x_wconf 74' lang='lat' dir='ltr'>designare,</span> <span class='ocrx_word' id='word_1_271' title='bbox 1686 2514 1752 2555; x_wconf 89' lang='lat' dir='ltr'>curn</span> <span class='ocrx_word' id='word_1_272' title='bbox 1765 2514 1826 2556; x_wconf 90' lang='lat' dir='ltr'>eam</span> 
     </span>
     <span class='ocr_line' id='line_1_31' title="bbox 176 2569 1825 2645; baseline -0.002 -17"><span class='ocrx_word' id='word_1_273' title='bbox 176 2573 200 2629; x_wconf 89' lang='lat' dir='ltr'>si</span> <span class='ocrx_word' id='word_1_274' title='bbox 220 2573 281 2645; x_wconf 91' lang='lat' dir='ltr'>quis</span> <span class='ocrx_word' id='word_1_275' title='bbox 304 2572 431 2628; x_wconf 88' lang='lat' dir='ltr'>advertat</span> <span class='ocrx_word' id='word_1_276' title='bbox 449 2571 475 2627; x_wconf 92' lang='lat' dir='ltr'>in</span> <span class='ocrx_word' id='word_1_277' title='bbox 488 2585 555 2643; x_wconf 91' lang='lat' dir='ltr'>quas</span> <span class='ocrx_word' id='word_1_278' title='bbox 569 2570 650 2626; x_wconf 91' lang='lat' dir='ltr'>horas</span> <span class='ocrx_word' id='word_1_279' title='bbox 668 2570 732 2625; x_wconf 88' lang='lat' dir='ltr'>solis</span> <span class='ocrx_word' id='word_1_280' title='bbox 749 2579 838 2635; x_wconf 88' lang='lat' dir='ltr'>ortus,</span> <span class='ocrx_word' id='word_1_281' title='bbox 852 2578 880 2626; x_wconf 91' lang='lat' dir='ltr'>et</span> <span class='ocrx_word' id='word_1_282' title='bbox 895 2585 973 2626; x_wconf 85' lang='lat' dir='ltr'>oeca-</span> <span class='ocrx_word' id='word_1_283' title='bbox 1028 2569 1195 2627; x_wconf 86' lang='lat' dir='ltr'>aThebaide</span> <span class='ocrx_word' id='word_1_284' title='bbox 1215 2571 1373 2643; x_wconf 82' lang='lat' dir='ltr'>distinguat,</span> <span class='ocrx_word' id='word_1_285' title='bbox 1388 2585 1450 2641; x_wconf 80' lang='lat' dir='ltr'>quae</span> <span class='ocrx_word' id='word_1_286' title='bbox 1470 2571 1593 2643; x_wconf 88' lang='lat' dir='ltr'>superior</span> <span class='ocrx_word' id='word_1_287' title='bbox 1609 2573 1755 2642; x_wconf 83' lang='lat' dir='ltr'>AEgyptus,</span> <span class='ocrx_word' id='word_1_288' title='bbox 1778 2587 1825 2642; x_wconf 90' lang='lat' dir='ltr'>ap·</span> 
     </span>
     <span class='ocr_line' id='line_1_32' title="bbox 176 2640 1824 2723; baseline -0.002 -24"><span class='ocrx_word' id='word_1_289' title='bbox 176 2659 235 2712; x_wconf 92' lang='lat' dir='ltr'>sus,</span> <span class='ocrx_word' id='word_1_290' title='bbox 249 2652 277 2701; x_wconf 91' lang='lat' dir='ltr'>et</span> <span class='ocrx_word' id='word_1_291' title='bbox 289 2643 417 2699; x_wconf 84' lang='lat' dir='ltr'>meridies</span> <span class='ocrx_word' id='word_1_292' title='bbox 427 2642 555 2699; x_wconf 90' lang='lat' dir='ltr'>incidant.</span> <span class='ocrx_word' id='word_1_293' title='bbox 570 2644 641 2698; x_wconf 84' lang='lat' dir='ltr'>Nam</span> <span class='ocrx_word' id='word_1_294' title='bbox 652 2640 719 2697; x_wconf 90' lang='lat' dir='ltr'>hora</span> <span class='ocrx_word' id='word_1_295' title='bbox 731 2651 807 2699; x_wconf 82' lang='lat' dir='ltr'>sexta</span> <span class='ocrx_word' id='word_1_296' title='bbox 823 2640 974 2712; x_wconf 70' lang='lat' dir='ltr'>inaequalis,</span> <span class='ocrx_word' id='word_1_297' title='bbox 1029 2641 1153 2712; x_wconf 88' lang='lat' dir='ltr'>pellatur.</span> <span class='ocrx_word' id='word_1_298' title='bbox 1168 2643 1254 2698; x_wconf 89' lang='lat' dir='ltr'>Porro</span> <span class='ocrx_word' id='word_1_299' title='bbox 1266 2640 1300 2699; x_wconf 92' lang='lat' dir='ltr'>de</span> <span class='ocrx_word' id='word_1_300' title='bbox 1314 2640 1486 2698; x_wconf 87' lang='lat' dir='ltr'>monasteriis</span> <span class='ocrx_word' id='word_1_301' title='bbox 1504 2650 1533 2698; x_wconf 91' lang='lat' dir='ltr'>et</span> <span class='ocrx_word' id='word_1_302' title='bbox 1550 2641 1692 2698; x_wconf 88' lang='lat' dir='ltr'>monachis</span> <span class='ocrx_word' id='word_1_303' title='bbox 1707 2642 1824 2723; x_wconf 84' lang='lat' dir='ltr'>AEgypti,</span> 
     </span>
     <span class='ocr_line' id='line_1_33' title="bbox 176 2711 1827 2786; baseline -0.001 -16"><span class='ocrx_word' id='word_1_304' title='bbox 176 2730 237 2786; x_wconf 84' lang='lat' dir='ltr'>quae</span> <span class='ocrx_word' id='word_1_305' title='bbox 254 2722 295 2771; x_wconf 89' lang='lat' dir='ltr'>est</span> <span class='ocrx_word' id='word_1_306' title='bbox 310 2714 377 2770; x_wconf 91' lang='lat' dir='ltr'>hora</span> <span class='ocrx_word' id='word_1_307' title='bbox 388 2715 519 2770; x_wconf 87' lang='lat' dir='ltr'>orationis</span> <span class='ocrx_word' id='word_1_308' title='bbox 536 2722 626 2781; x_wconf 84' lang='lat' dir='ltr'>sexta,</span> <span class='ocrx_word' id='word_1_309' title='bbox 645 2728 753 2784; x_wconf 89' lang='lat' dir='ltr'>semper</span> <span class='ocrx_word' id='word_1_310' title='bbox 766 2711 858 2769; x_wconf 90' lang='lat' dir='ltr'>incidit</span> <span class='ocrx_word' id='word_1_311' title='bbox 870 2711 896 2767; x_wconf 95' lang='lat' dir='ltr'>in</span> <span class='ocrx_word' id='word_1_312' title='bbox 917 2727 975 2768; x_wconf 93' lang='lat' dir='ltr'>me·</span> <span class='ocrx_word' id='word_1_313' title='bbox 1029 2728 1145 2783; x_wconf 91' lang='lat' dir='ltr'>quorum</span> <span class='ocrx_word' id='word_1_314' title='bbox 1159 2714 1228 2769; x_wconf 86' lang='lat' dir='ltr'>ritus</span> <span class='ocrx_word' id='word_1_315' title='bbox 1245 2712 1501 2784; x_wconf 82' lang='lat' dir='ltr'>observationesque</span> <span class='ocrx_word' id='word_1_316' title='bbox 1520 2713 1549 2768; x_wconf 95' lang='lat' dir='ltr'>in</span> <span class='ocrx_word' id='word_1_317' title='bbox 1563 2712 1660 2768; x_wconf 87' lang='lat' dir='ltr'>divinis</span> <span class='ocrx_word' id='word_1_318' title='bbox 1678 2711 1784 2779; x_wconf 83' lang='lat' dir='ltr'>ciliciis,</span> <span class='ocrx_word' id='word_1_319' title='bbox 1799 2721 1827 2769; x_wconf 92' lang='lat' dir='ltr'>et</span> 
     </span>
     <span class='ocr_line' id='line_1_34' title="bbox 176 2782 1824 2858; baseline -0.001 -18"><span class='ocrx_word' id='word_1_320' title='bbox 176 2785 283 2842; x_wconf 91' lang='lat' dir='ltr'>ridiem.</span> <span class='ocrx_word' id='word_1_321' title='bbox 299 2787 373 2842; x_wconf 87' lang='lat' dir='ltr'>liora</span> <span class='ocrx_word' id='word_1_322' title='bbox 387 2786 466 2841; x_wconf 88' lang='lat' dir='ltr'>tertia</span> <span class='ocrx_word' id='word_1_323' title='bbox 483 2783 623 2857; x_wconf 86' lang='lat' dir='ltr'>inaequalis</span> <span class='ocrx_word' id='word_1_324' title='bbox 637 2799 745 2856; x_wconf 88' lang='lat' dir='ltr'>semper</span> <span class='ocrx_word' id='word_1_325' title='bbox 757 2783 850 2840; x_wconf 83' lang='lat' dir='ltr'>incidit</span> <span class='ocrx_word' id='word_1_326' title='bbox 864 2784 893 2840; x_wconf 92' lang='lat' dir='ltr'>in</span> <span class='ocrx_word' id='word_1_327' title='bbox 908 2782 976 2840; x_wconf 92' lang='lat' dir='ltr'>illud</span> <span class='ocrx_word' id='word_1_328' title='bbox 1028 2784 1166 2840; x_wconf 90' lang='lat' dir='ltr'>canonicis</span> <span class='ocrx_word' id='word_1_329' title='bbox 1177 2784 1344 2841; x_wconf 88' lang='lat' dir='ltr'>orationibus</span> <span class='ocrx_word' id='word_1_330' title='bbox 1356 2799 1492 2856; x_wconf 85' lang='lat' dir='ltr'>exponere</span> <span class='ocrx_word' id='word_1_331' title='bbox 1503 2784 1658 2858; x_wconf 77' lang='lat' dir='ltr'>aggreditur</span> <span class='ocrx_word' id='word_1_332' title='bbox 1670 2784 1824 2850; x_wconf 84' lang='lat' dir='ltr'>Cassianus,</span> 
     </span>
     <span class='ocr_line' id='line_1_35' title="bbox 176 2852 1825 2929; baseline -0.001 -17"><span class='ocrx_word' id='word_1_333' title='bbox 176 2865 296 2929; x_wconf 90' lang='lat' dir='ltr'>tempus,</span> <span class='ocrx_word' id='word_1_334' title='bbox 311 2855 385 2929; x_wconf 92' lang='lat' dir='ltr'>quod</span> <span class='ocrx_word' id='word_1_335' title='bbox 397 2864 439 2912; x_wconf 91' lang='lat' dir='ltr'>est</span> <span class='ocrx_word' id='word_1_336' title='bbox 453 2856 574 2913; x_wconf 90' lang='lat' dir='ltr'>medium</span> <span class='ocrx_word' id='word_1_337' title='bbox 586 2857 655 2912; x_wconf 89' lang='lat' dir='ltr'>inter</span> <span class='ocrx_word' id='word_1_338' title='bbox 672 2855 737 2910; x_wconf 91' lang='lat' dir='ltr'>solis</span> <span class='ocrx_word' id='word_1_339' title='bbox 748 2863 841 2911; x_wconf 87' lang='lat' dir='ltr'>ortum</span> <span class='ocrx_word' id='word_1_340' title='bbox 854 2862 881 2909; x_wconf 91' lang='lat' dir='ltr'>et</span> <span class='ocrx_word' id='word_1_341' title='bbox 892 2852 975 2909; x_wconf 90' lang='lat' dir='ltr'>meri·</span> <span class='ocrx_word' id='word_1_342' title='bbox 1028 2854 1169 2910; x_wconf 90' lang='lat' dir='ltr'>sciendum</span> <span class='ocrx_word' id='word_1_343' title='bbox 1190 2863 1231 2910; x_wconf 89' lang='lat' dir='ltr'>est</span> <span class='ocrx_word' id='word_1_344' title='bbox 1248 2864 1373 2912; x_wconf 92' lang='lat' dir='ltr'>sanctum</span> <span class='ocrx_word' id='word_1_345' title='bbox 1389 2856 1539 2911; x_wconf 80' lang='lat' dir='ltr'>Antonium</span> <span class='ocrx_word' id='word_1_346' title='bbox 1554 2864 1677 2927; x_wconf 88' lang='lat' dir='ltr'>tempore</span> <span class='ocrx_word' id='word_1_347' title='bbox 1689 2855 1825 2912; x_wconf 88' lang='lat' dir='ltr'>Constan-</span> 
     </span>
     <span class='ocr_line' id='line_1_36' title="bbox 177 2923 1825 3009; baseline 0 -27"><span class='ocrx_word' id='word_1_348' title='bbox 177 2927 260 2984; x_wconf 91' lang='lat' dir='ltr'>dlem.</span> <span class='ocrx_word' id='word_1_349' title='bbox 282 2929 357 2983; x_wconf 89' lang='lat' dir='ltr'>Hora</span> <span class='ocrx_word' id='word_1_350' title='bbox 379 2943 453 2984; x_wconf 93' lang='lat' dir='ltr'>nona</span> <span class='ocrx_word' id='word_1_351' title='bbox 470 2926 609 3009; x_wconf 84' lang='lat' dir='ltr'>inaequalis</span> <span class='ocrx_word' id='word_1_352' title='bbox 629 2926 658 2981; x_wconf 91' lang='lat' dir='ltr'>in</span> <span class='ocrx_word' id='word_1_353' title='bbox 679 2924 746 2981; x_wconf 94' lang='lat' dir='ltr'>illud</span> <span class='ocrx_word' id='word_1_354' title='bbox 759 2933 877 2995; x_wconf 87' lang='lat' dir='ltr'>tempus,</span> <span class='ocrx_word' id='word_1_355' title='bbox 899 2923 973 2994; x_wconf 93' lang='lat' dir='ltr'>quod</span> <span class='ocrx_word' id='word_1_356' title='bbox 1027 2924 1076 2981; x_wconf 91' lang='lat' dir='ltr'>tini</span> <span class='ocrx_word' id='word_1_357' title='bbox 1098 2925 1189 2998; x_wconf 85' lang='lat' dir='ltr'>Magni</span> <span class='ocrx_word' id='word_1_358' title='bbox 1203 2925 1384 2997; x_wconf 88' lang='lat' dir='ltr'>imperatoris,</span> <span class='ocrx_word' id='word_1_359' title='bbox 1403 2933 1430 2981; x_wconf 89' lang='lat' dir='ltr'>et</span> <span class='ocrx_word' id='word_1_360' title='bbox 1449 2926 1526 2982; x_wconf 92' lang='lat' dir='ltr'>initio</span> <span class='ocrx_word' id='word_1_361' title='bbox 1544 2925 1631 2997; x_wconf 90' lang='lat' dir='ltr'>quarti</span> <span class='ocrx_word' id='word_1_362' title='bbox 1644 2925 1747 2993; x_wconf 82' lang='lat' dir='ltr'>saeuit,</span> <span class='ocrx_word' id='word_1_363' title='bbox 1761 2942 1825 2983; x_wconf 90' lang='lat' dir='ltr'>mo-</span> 
     </span>
     <span class='ocr_line' id='line_1_37' title="bbox 177 2994 1825 3068; baseline -0.001 -14"><span class='ocrx_word' id='word_1_364' title='bbox 177 3007 220 3054; x_wconf 89' lang='lat' dir='ltr'>est</span> <span class='ocrx_word' id='word_1_365' title='bbox 241 2998 361 3054; x_wconf 91' lang='lat' dir='ltr'>medium</span> <span class='ocrx_word' id='word_1_366' title='bbox 385 2998 455 3053; x_wconf 88' lang='lat' dir='ltr'>inter</span> <span class='ocrx_word' id='word_1_367' title='bbox 474 2998 614 3055; x_wconf 73' lang='lat' dir='ltr'>meridiem</span> <span class='ocrx_word' id='word_1_368' title='bbox 635 3004 663 3051; x_wconf 86' lang='lat' dir='ltr'>et</span> <span class='ocrx_word' id='word_1_369' title='bbox 682 2996 749 3052; x_wconf 90' lang='lat' dir='ltr'>solis</span> <span class='ocrx_word' id='word_1_370' title='bbox 769 3010 907 3063; x_wconf 89' lang='lat' dir='ltr'>occasum,</span> <span class='ocrx_word' id='word_1_371' title='bbox 920 2994 973 3051; x_wconf 90' lang='lat' dir='ltr'>hoc</span> <span class='ocrx_word' id='word_1_372' title='bbox 1026 2995 1157 3052; x_wconf 89' lang='lat' dir='ltr'>nastioam</span> <span class='ocrx_word' id='word_1_373' title='bbox 1176 2996 1344 3068; x_wconf 88' lang='lat' dir='ltr'>disciplinam</span> <span class='ocrx_word' id='word_1_374' title='bbox 1359 2998 1387 3053; x_wconf 90' lang='lat' dir='ltr'>in</span> <span class='ocrx_word' id='word_1_375' title='bbox 1407 2999 1439 3051; x_wconf 84' lang='lat' dir='ltr'><em>AE</em></span> <span class='ocrx_word' id='word_1_376' title='bbox 1478 2997 1516 3068; x_wconf 93' lang='lat' dir='ltr'>pti</span> <span class='ocrx_word' id='word_1_377' title='bbox 1530 2996 1652 3068; x_wconf 90' lang='lat' dir='ltr'>partibus</span> <span class='ocrx_word' id='word_1_378' title='bbox 1670 2998 1789 3067; x_wconf 91' lang='lat' dir='ltr'>primum</span> <span class='ocrx_word' id='word_1_379' title='bbox 1809 3013 1825 3053; x_wconf 92' lang='lat' dir='ltr'>a</span> 
     </span>
     <span class='ocr_line' id='line_1_38' title="bbox 178 3011 1821 3149; baseline 0 -26"><span class='ocrx_word' id='word_1_380' title='bbox 178 3069 260 3124; x_wconf 88' lang='lat' dir='ltr'>ostiu</span> <span class='ocrx_word' id='word_1_381' title='bbox 284 3067 380 3123; x_wconf 90' lang='lat' dir='ltr'>horam</span> <span class='ocrx_word' id='word_1_382' title='bbox 403 3067 512 3123; x_wconf 84' lang='lat' dir='ltr'>tertiam</span> <span class='ocrx_word' id='word_1_383' title='bbox 535 3065 759 3140; x_wconf 89' lang='lat' dir='ltr'>pomeridianam.</span> <span class='ocrx_word' id='word_1_384' title='bbox 783 3066 888 3124; x_wconf 86' lang='lat' dir='ltr'>Dicitur</span> <span class='ocrx_word' id='word_1_385' title='bbox 907 3082 972 3149; x_wconf 86' lang='lat' dir='ltr'>ergo</span> <span class='ocrx_word' id='word_1_386' title='bbox 1026 3076 1120 3124; x_wconf 87' lang='lat' dir='ltr'>sancto</span> <span class='ocrx_word' id='word_1_387' title='bbox 1147 3068 1425 3141; x_wconf 78' lang='lat' dir='ltr'>Marooevangelista</span> <span class='ocrx_word' id='word_1_388' title='bbox 1441 3011 1588 3124; x_wconf 44' lang='lat' dir='ltr'>{gudatam</span> <span class='ocrx_word' id='word_1_389' title='bbox 1610 3076 1639 3123; x_wconf 91' lang='lat' dir='ltr'>et</span> <span class='ocrx_word' id='word_1_390' title='bbox 1658 3067 1821 3136; x_wconf 89' lang='lat' dir='ltr'>institutam,</span> 
     </span>
    </p>
   </div>
   <div class='ocr_carea' id='block_1_12' title="bbox 176 3125 1824 3264">
    <p class='ocr_par' dir='ltr' id='par_1_12' title="bbox 176 3125 1824 3264">
     <span class='ocr_line' id='line_1_39' title="bbox 176 3125 1824 3264; baseline -0.001 -70"><span class='ocrx_word' id='word_1_391' title='bbox 176 3139 243 3195; x_wconf 91' lang='lat' dir='ltr'>hora</span> <span class='ocrx_word' id='word_1_392' title='bbox 254 3139 357 3201; x_wconf 89' lang='lat' dir='ltr'>Tertia,</span> <span class='ocrx_word' id='word_1_393' title='bbox 377 3137 432 3194; x_wconf 83' lang='lat' dir='ltr'>sive</span> <span class='ocrx_word' id='word_1_394' title='bbox 444 3137 567 3195; x_wconf 83' lang='lat' dir='ltr'>cilicium</span> <span class='ocrx_word' id='word_1_395' title='bbox 587 3137 695 3204; x_wconf 69' lang='lat' dir='ltr'>Tertiae,</span> <span class='ocrx_word' id='word_1_396' title='bbox 713 3139 777 3209; x_wconf 91' lang='lat' dir='ltr'>quia</span> <span class='ocrx_word' id='word_1_397' title='bbox 797 3139 865 3194; x_wconf 88' lang='lat' dir='ltr'>hora</span> <span class='ocrx_word' id='word_1_398' title='bbox 878 3146 971 3205; x_wconf 83' lang='lat' dir='ltr'>tertia,</span> <span class='ocrx_word' id='word_1_399' title='bbox 1024 3137 1073 3194; x_wconf 86' lang='lat' dir='ltr'>sed</span> <span class='ocrx_word' id='word_1_400' title='bbox 1083 3146 1177 3264; x_wconf 61' lang='lat' dir='ltr'>postea</span> <span class='ocrx_word' id='word_1_401' title='bbox 1191 3137 1359 3211; x_wconf 83' lang='lat' dir='ltr'>gravioribus</span> <span class='ocrx_word' id='word_1_402' title='bbox 1368 3139 1589 3211; x_wconf 89' lang='lat' dir='ltr'>persecutionum</span> <span class='ocrx_word' id='word_1_403' title='bbox 1603 3125 1726 3211; x_wconf 69' lang='lat' dir='ltr'>procillis</span> <span class='ocrx_word' id='word_1_404' title='bbox 1742 3153 1824 3194; x_wconf 81' lang='lat' dir='ltr'>exor-</span> 
     </span>
    </p>
   </div>
   <div class='ocr_carea' id='block_1_13' title="bbox 177 3207 1827 3373">
    <p class='ocr_par' dir='ltr' id='par_1_13' title="bbox 177 3207 1827 3373">
     <span class='ocr_line' id='line_1_40' title="bbox 177 3207 1825 3335; baseline -0.001 -70"><span class='ocrx_word' id='word_1_405' title='bbox 177 3207 970 3335; x_wconf 68' lang='grc' dir='ltr'>11)1111111111111111111111811111,Ἓυὶ11111111111ς</span> <span class='ocrx_word' id='word_1_406' title='bbox 1023 3209 1060 3266; x_wconf 89' lang='lat' dir='ltr'>tis</span> <span class='ocrx_word' id='word_1_407' title='bbox 1094 3207 1244 3266; x_wconf 91' lang='lat' dir='ltr'>abelactam</span> <span class='ocrx_word' id='word_1_408' title='bbox 1267 3225 1298 3266; x_wconf 90' lang='lat' dir='ltr'>ac</span> <span class='ocrx_word' id='word_1_409' title='bbox 1327 3226 1395 3281; x_wconf 91' lang='lat' dir='ltr'>pene</span> <span class='ocrx_word' id='word_1_410' title='bbox 1415 3211 1592 3276; x_wconf 84' lang='lat' dir='ltr'>exstinetam,</span> <span class='ocrx_word' id='word_1_411' title='bbox 1620 3209 1769 3264; x_wconf 90' lang='lat' dir='ltr'>restituisse</span> <span class='ocrx_word' id='word_1_412' title='bbox 1792 3225 1825 3265; x_wconf 91' lang='lat' dir='ltr'>ac</span> 
     </span>
     <span class='ocr_line' id='line_1_41' title="bbox 177 3280 1827 3373; baseline -0.001 -36"><span class='ocrx_word' id='word_1_413' title='bbox 177 3280 299 3337; x_wconf 85' lang='lat' dir='ltr'>cilicium</span> <span class='ocrx_word' id='word_1_414' title='bbox 310 3282 409 3346; x_wconf 76' lang='lat' dir='ltr'>Nonae,</span> <span class='ocrx_word' id='word_1_415' title='bbox 424 3280 488 3352; x_wconf 91' lang='lat' dir='ltr'>quia</span> <span class='ocrx_word' id='word_1_416' title='bbox 500 3280 567 3337; x_wconf 89' lang='lat' dir='ltr'>bora</span> <span class='ocrx_word' id='word_1_417' title='bbox 580 3296 652 3336; x_wconf 92' lang='lat' dir='ltr'>nona</span> <span class='ocrx_word' id='word_1_418' title='bbox 664 3280 722 3336; x_wconf 91' lang='lat' dir='ltr'>cele</span> <span class='ocrx_word' id='word_1_419' title='bbox 741 3281 793 3337; x_wconf 90' lang='lat' dir='ltr'>rari</span> <span class='ocrx_word' id='word_1_420' title='bbox 803 3280 892 3339; x_wconf 91' lang='lat' dir='ltr'>debet.</span> <span class='ocrx_word' id='word_1_421' title='bbox 905 3283 971 3337; x_wconf 89' lang='lat' dir='ltr'>Ter·</span> <span class='ocrx_word' id='word_1_422' title='bbox 990 3309 1013 3373; x_wconf 73' lang='lat' dir='ltr'>C</span> <span class='ocrx_word' id='word_1_423' title='bbox 1025 3290 1201 3347; x_wconf 85' lang='lat' dir='ltr'>restaurasse,</span> <span class='ocrx_word' id='word_1_424' title='bbox 1223 3289 1303 3353; x_wconf 87' lang='lat' dir='ltr'>atquo</span> <span class='ocrx_word' id='word_1_425' title='bbox 1317 3281 1385 3338; x_wconf 88' lang='lat' dir='ltr'>adeo</span> <span class='ocrx_word' id='word_1_426' title='bbox 1398 3281 1568 3338; x_wconf 82' lang='lat' dir='ltr'>coenohitioae</span> <span class='ocrx_word' id='word_1_427' title='bbox 1581 3281 1642 3336; x_wconf 84' lang='lat' dir='ltr'>virae</span> <span class='ocrx_word' id='word_1_428' title='bbox 1657 3280 1742 3352; x_wconf 92' lang='lat' dir='ltr'>prima</span> <span class='ocrx_word' id='word_1_429' title='bbox 1757 3295 1827 3350; x_wconf 93' lang='lat' dir='ltr'>quo·</span> 
     </span>
    </p>
   </div>
   <div class='ocr_carea' id='block_1_14' title="bbox 176 3349 1918 3425">
    <p class='ocr_par' dir='ltr' id='par_1_14' title="bbox 176 3349 1918 3425">
     <span class='ocr_line' id='line_1_42' title="bbox 176 3349 1918 3425; baseline -0.002 -17"><span class='ocrx_word' id='word_1_430' title='bbox 176 3351 245 3408; x_wconf 91' lang='lat' dir='ltr'>tium</span> <span class='ocrx_word' id='word_1_431' title='bbox 257 3352 466 3417; x_wconf 85' lang='lat' dir='ltr'>documentum,</span> <span class='ocrx_word' id='word_1_432' title='bbox 477 3359 588 3424; x_wconf 92' lang='lat' dir='ltr'>tempus</span> <span class='ocrx_word' id='word_1_433' title='bbox 601 3353 760 3408; x_wconf 88' lang='lat' dir='ltr'>canonicum</span> <span class='ocrx_word' id='word_1_434' title='bbox 775 3361 803 3408; x_wconf 90' lang='lat' dir='ltr'>ct</span> <span class='ocrx_word' id='word_1_435' title='bbox 819 3352 972 3424; x_wconf 89' lang='lat' dir='ltr'>legitimum</span> <span class='ocrx_word' id='word_1_436' title='bbox 1026 3352 1176 3407; x_wconf 90' lang='lat' dir='ltr'>dammodo</span> <span class='ocrx_word' id='word_1_437' title='bbox 1182 3353 1279 3422; x_wconf 78' lang='lat' dir='ltr'>Jecisse</span> <span class='ocrx_word' id='word_1_438' title='bbox 1293 3351 1472 3408; x_wconf 84' lang='lat' dir='ltr'>fundamenta</span> <span class='ocrx_word' id='word_1_439' title='bbox 1482 3372 1490 3420; x_wconf 69' lang='grc' dir='ltr'><strong>ς</strong></span> <span class='ocrx_word' id='word_1_440' title='bbox 1501 3360 1658 3423; x_wconf 91' lang='lat' dir='ltr'>tantamque</span> <span class='ocrx_word' id='word_1_441' title='bbox 1673 3349 1825 3406; x_wconf 89' lang='lat' dir='ltr'>monacho·</span> <span class='ocrx_word' id='word_1_442' title='bbox 1911 3405 1918 3425; x_wconf 58' lang='lat'>,</span> 
     </span>
    </p>
   </div>
   <div class='ocr_carea' id='block_1_15' title="bbox 86 3421 1826 4560">
    <p class='ocr_par' dir='ltr' id='par_1_15' title="bbox 86 3421 1826 4560">
     <span class='ocr_line' id='line_1_43' title="bbox 177 3421 1825 3504; baseline 0.001 -27"><span class='ocrx_word' id='word_1_443' title='bbox 177 3422 346 3493; x_wconf 85' lang='lat' dir='ltr'>persolvendi</span> <span class='ocrx_word' id='word_1_444' title='bbox 359 3422 449 3478; x_wconf 83' lang='lat' dir='ltr'>officia</span> <span class='ocrx_word' id='word_1_445' title='bbox 462 3422 560 3479; x_wconf 90' lang='lat' dir='ltr'>harum</span> <span class='ocrx_word' id='word_1_446' title='bbox 576 3422 706 3479; x_wconf 88' lang='lat' dir='ltr'>horarum</span> <span class='ocrx_word' id='word_1_447' title='bbox 718 3439 774 3478; x_wconf 91' lang='lat' dir='ltr'>nou</span> <span class='ocrx_word' id='word_1_448' title='bbox 786 3438 856 3489; x_wconf 87' lang='lat' dir='ltr'>esso,</span> <span class='ocrx_word' id='word_1_449' title='bbox 870 3431 973 3493; x_wconf 83' lang='lat' dir='ltr'>postea·</span> <span class='ocrx_word' id='word_1_450' title='bbox 1026 3437 1089 3477; x_wconf 90' lang='lat' dir='ltr'>rum</span> <span class='ocrx_word' id='word_1_451' title='bbox 1107 3421 1309 3478; x_wconf 89' lang='lat' dir='ltr'>multitudinem</span> <span class='ocrx_word' id='word_1_452' title='bbox 1328 3423 1401 3479; x_wconf 88' lang='lat' dir='ltr'>brevi</span> <span class='ocrx_word' id='word_1_453' title='bbox 1421 3431 1544 3504; x_wconf 88' lang='lat' dir='ltr'>tempore</span> <span class='ocrx_word' id='word_1_454' title='bbox 1564 3437 1733 3495; x_wconf 82' lang='lat' dir='ltr'>aggregasse,</span> <span class='ocrx_word' id='word_1_455' title='bbox 1750 3430 1779 3476; x_wconf 92' lang='lat' dir='ltr'>ut</span> <span class='ocrx_word' id='word_1_456' title='bbox 1797 3431 1825 3478; x_wconf 90' lang='lat' dir='ltr'>et</span> 
     </span>
     <span class='ocr_line' id='line_1_44' title="bbox 177 3491 1825 3566; baseline 0 -18"><span class='ocrx_word' id='word_1_457' title='bbox 177 3508 260 3564; x_wconf 89' lang='lat' dir='ltr'>quam</span> <span class='ocrx_word' id='word_1_458' title='bbox 278 3493 344 3564; x_wconf 86' lang='lat' dir='ltr'>ipsae</span> <span class='ocrx_word' id='word_1_459' title='bbox 364 3493 535 3550; x_wconf 84' lang='lat' dir='ltr'>horaehnitae</span> <span class='ocrx_word' id='word_1_460' title='bbox 554 3502 618 3549; x_wconf 88' lang='lat' dir='ltr'>suut</span> <span class='ocrx_word' id='word_1_461' title='bbox 631 3503 658 3550; x_wconf 92' lang='lat' dir='ltr'>et</span> <span class='ocrx_word' id='word_1_462' title='bbox 669 3502 785 3560; x_wconf 74' lang='lat' dir='ltr'>exactae3</span> <span class='ocrx_word' id='word_1_463' title='bbox 804 3492 852 3549; x_wconf 85' lang='lat' dir='ltr'>scd</span> <span class='ocrx_word' id='word_1_464' title='bbox 869 3501 973 3563; x_wconf 92' lang='lat' dir='ltr'>postea·</span> <span class='ocrx_word' id='word_1_465' title='bbox 1026 3491 1172 3548; x_wconf 82' lang='lat' dir='ltr'>Thebaidis</span> <span class='ocrx_word' id='word_1_466' title='bbox 1207 3501 1235 3548; x_wconf 91' lang='lat' dir='ltr'>et</span> <span class='ocrx_word' id='word_1_467' title='bbox 1266 3492 1350 3548; x_wconf 91' lang='lat' dir='ltr'>totius</span> <span class='ocrx_word' id='word_1_468' title='bbox 1381 3495 1488 3566; x_wconf 82' lang='lat' dir='ltr'>AEgyptr</span> <span class='ocrx_word' id='word_1_469' title='bbox 1518 3493 1623 3548; x_wconf 88' lang='lat' dir='ltr'>deserta</span> <span class='ocrx_word' id='word_1_470' title='bbox 1652 3492 1825 3549; x_wconf 83' lang='lat' dir='ltr'>nrouasteriis</span> 
     </span>
     <span class='ocr_line' id='line_1_45' title="bbox 176 3563 1822 3636; baseline -0.001 -17"><span class='ocrx_word' id='word_1_471' title='bbox 176 3580 259 3635; x_wconf 91' lang='lat' dir='ltr'>quam</span> <span class='ocrx_word' id='word_1_472' title='bbox 279 3564 331 3619; x_wconf 90' lang='lat' dir='ltr'>labi</span> <span class='ocrx_word' id='word_1_473' title='bbox 353 3573 506 3636; x_wconf 86' lang='lat' dir='ltr'>eoeperunr,</span> <span class='ocrx_word' id='word_1_474' title='bbox 528 3571 556 3620; x_wconf 91' lang='lat' dir='ltr'>et</span> <span class='ocrx_word' id='word_1_475' title='bbox 573 3564 661 3619; x_wconf 91' lang='lat' dir='ltr'>adhuc</span> <span class='ocrx_word' id='word_1_476' title='bbox 684 3564 829 3632; x_wconf 87' lang='lat' dir='ltr'>labuntur;</span> <span class='ocrx_word' id='word_1_477' title='bbox 851 3563 903 3619; x_wconf 92' lang='lat' dir='ltr'>hoc</span> <span class='ocrx_word' id='word_1_478' title='bbox 918 3571 970 3628; x_wconf 89' lang='lat' dir='ltr'>est,</span> <span class='ocrx_word' id='word_1_479' title='bbox 1026 3563 1235 3633; x_wconf 85' lang='lat' dir='ltr'>complerentur.</span> <span class='ocrx_word' id='word_1_480' title='bbox 1259 3566 1302 3618; x_wconf 90' lang='lat' dir='ltr'>De</span> <span class='ocrx_word' id='word_1_481' title='bbox 1320 3563 1418 3634; x_wconf 88' lang='lat' dir='ltr'>quihus</span> <span class='ocrx_word' id='word_1_482' title='bbox 1441 3563 1500 3619; x_wconf 76' lang='lat' dir='ltr'>hauc</span> <span class='ocrx_word' id='word_1_483' title='bbox 1519 3564 1589 3619; x_wconf 88' lang='lat' dir='ltr'>inter</span> <span class='ocrx_word' id='word_1_484' title='bbox 1607 3564 1658 3618; x_wconf 89' lang='lat' dir='ltr'>alia</span> <span class='ocrx_word' id='word_1_485' title='bbox 1679 3563 1772 3619; x_wconf 88' lang='lat' dir='ltr'>scribit</span> <span class='ocrx_word' id='word_1_486' title='bbox 1785 3566 1822 3618; x_wconf 89' lang='lat' dir='ltr'>D.</span> 
     </span>
     <span class='ocr_line' id='line_1_46' title="bbox 175 3632 1821 3705; baseline 0.001 -17"><span class='ocrx_word' id='word_1_487' title='bbox 175 3651 231 3691; x_wconf 91' lang='lat' dir='ltr'>nou</span> <span class='ocrx_word' id='word_1_488' title='bbox 244 3650 303 3691; x_wconf 89' lang='lat' dir='ltr'>esse</span> <span class='ocrx_word' id='word_1_489' title='bbox 320 3634 348 3689; x_wconf 94' lang='lat' dir='ltr'>in</span> <span class='ocrx_word' id='word_1_490' title='bbox 363 3636 491 3704; x_wconf 88' lang='lat' dir='ltr'>termino,</span> <span class='ocrx_word' id='word_1_491' title='bbox 513 3650 562 3691; x_wconf 89' lang='lat' dir='ltr'>seu</span> <span class='ocrx_word' id='word_1_492' title='bbox 581 3634 646 3702; x_wconf 87' lang='lat' dir='ltr'>line,</span> <span class='ocrx_word' id='word_1_493' title='bbox 665 3634 753 3690; x_wconf 91' lang='lat' dir='ltr'>sedin</span> <span class='ocrx_word' id='word_1_494' title='bbox 772 3643 832 3691; x_wconf 92' lang='lat' dir='ltr'>toto</span> <span class='ocrx_word' id='word_1_495' title='bbox 844 3633 931 3705; x_wconf 91' lang='lat' dir='ltr'>spatio</span> <span class='ocrx_word' id='word_1_496' title='bbox 946 3640 973 3688; x_wconf 92' lang='lat' dir='ltr'>et</span> <span class='ocrx_word' id='word_1_497' title='bbox 1026 3632 1189 3690; x_wconf 77' lang='lat' dir='ltr'>Athanasius</span> <span class='ocrx_word' id='word_1_498' title='bbox 1201 3637 1438 3690; x_wconf 80' lang='lat' dir='ltr'>:Erootiumoute</span> <span class='ocrx_word' id='word_1_499' title='bbox 1448 3638 1769 3704; x_wconf 75' lang='lat' dir='ltr'>anonostcrah,tomquom</span> <span class='ocrx_word' id='word_1_500' title='bbox 1779 3640 1821 3689; x_wconf 88' lang='lat' dir='ltr'>tu·</span> 
     </span>
     <span class='ocr_line' id='line_1_47' title="bbox 176 3704 1821 3777; baseline 0 -17"><span class='ocrx_word' id='word_1_501' title='bbox 176 3705 263 3777; x_wconf 84' lang='lat' dir='ltr'>lapsu,</span> <span class='ocrx_word' id='word_1_502' title='bbox 276 3706 332 3761; x_wconf 89' lang='lat' dir='ltr'>sive</span> <span class='ocrx_word' id='word_1_503' title='bbox 340 3706 457 3762; x_wconf 89' lang='lat' dir='ltr'>decursu</span> <span class='ocrx_word' id='word_1_504' title='bbox 469 3704 638 3762; x_wconf 86' lang='lat' dir='ltr'>earumdem.</span> <span class='ocrx_word' id='word_1_505' title='bbox 651 3705 731 3774; x_wconf 86' lang='lat' dir='ltr'>Quod</span> <span class='ocrx_word' id='word_1_506' title='bbox 743 3721 775 3760; x_wconf 82' lang='grc'>11</span> <span class='ocrx_word' id='word_1_507' title='bbox 785 3721 818 3761; x_wconf 89' lang='lat' dir='ltr'>eu</span> <span class='ocrx_word' id='word_1_508' title='bbox 830 3705 971 3777; x_wconf 88' lang='lat' dir='ltr'>probatur,</span> <span class='ocrx_word' id='word_1_509' title='bbox 1028 3706 1172 3759; x_wconf 76' lang='lat' dir='ltr'>hemroculu</span> <span class='ocrx_word' id='word_1_510' title='bbox 1179 3707 1261 3775; x_wconf 83' lang='lat' dir='ltr'>plenu</span> <span class='ocrx_word' id='word_1_511' title='bbox 1269 3707 1368 3759; x_wconf 71' lang='grc'>11111111</span> <span class='ocrx_word' id='word_1_512' title='bbox 1376 3707 1462 3760; x_wconf 74' lang='lat' dir='ltr'>choris</span> <span class='ocrx_word' id='word_1_513' title='bbox 1471 3708 1653 3775; x_wconf 81' lang='lat' dir='ltr'>psallentium,</span> <span class='ocrx_word' id='word_1_514' title='bbox 1668 3708 1821 3775; x_wconf 78' lang='lat' dir='ltr'>legentium,</span> 
     </span>
     <span class='ocr_line' id='line_1_48' title="bbox 175 3776 1824 3848; baseline 0 -16"><span class='ocrx_word' id='word_1_515' title='bbox 175 3777 237 3848; x_wconf 92' lang='lat' dir='ltr'>quia</span> <span class='ocrx_word' id='word_1_516' title='bbox 249 3785 357 3833; x_wconf 84' lang='lat' dir='ltr'>constat</span> <span class='ocrx_word' id='word_1_517' title='bbox 367 3777 488 3833; x_wconf 87' lang='lat' dir='ltr'>cilicium</span> <span class='ocrx_word' id='word_1_518' title='bbox 499 3776 624 3832; x_wconf 91' lang='lat' dir='ltr'>Laudum</span> <span class='ocrx_word' id='word_1_519' title='bbox 640 3776 835 3832; x_wconf 85' lang='lat' dir='ltr'>Matutinarum</span> <span class='ocrx_word' id='word_1_520' title='bbox 847 3792 902 3832; x_wconf 93' lang='lat' dir='ltr'>non</span> <span class='ocrx_word' id='word_1_521' title='bbox 914 3790 973 3831; x_wconf 87' lang='lat' dir='ltr'>esse</span> <span class='ocrx_word' id='word_1_522' title='bbox 1026 3778 1172 3839; x_wconf 83' lang='lat' dir='ltr'>orantium,</span> <span class='ocrx_word' id='word_1_523' title='bbox 1180 3777 1485 3846; x_wconf 78' lang='lat' dir='ltr'>iuratumquejejiutoudi</span> <span class='ocrx_word' id='word_1_524' title='bbox 1493 3794 1525 3832; x_wconf 89' lang='lat' dir='ltr'>oc</span> <span class='ocrx_word' id='word_1_525' title='bbox 1533 3780 1691 3846; x_wconf 75' lang='lat' dir='ltr'>eigiliurrun</span> <span class='ocrx_word' id='word_1_526' title='bbox 1699 3779 1824 3832; x_wconf 83' lang='lat' dir='ltr'>ardorem</span> 
     </span>
     <span class='ocr_line' id='line_1_49' title="bbox 175 3846 1822 3919; baseline 0 -16"><span class='ocrx_word' id='word_1_527' title='bbox 175 3847 368 3904; x_wconf 82' lang='lat' dir='ltr'>celebrandum</span> <span class='ocrx_word' id='word_1_528' title='bbox 391 3849 458 3904; x_wconf 89' lang='lat' dir='ltr'>hora</span> <span class='ocrx_word' id='word_1_529' title='bbox 479 3847 568 3904; x_wconf 91' lang='lat' dir='ltr'>noetis</span> <span class='ocrx_word' id='word_1_530' title='bbox 592 3847 752 3904; x_wconf 89' lang='lat' dir='ltr'>duodecima</span> <span class='ocrx_word' id='word_1_531' title='bbox 782 3847 928 3919; x_wconf 85' lang='lat' dir='ltr'>completa,</span> <span class='ocrx_word' id='word_1_532' title='bbox 951 3846 970 3902; x_wconf 94' lang='lat' dir='ltr'>i.</span> <span class='ocrx_word' id='word_1_533' title='bbox 1026 3851 1181 3901; x_wconf 75' lang='lat' dir='ltr'>cerariorum</span> <span class='ocrx_word' id='word_1_534' title='bbox 1195 3849 1327 3903; x_wconf 69' lang='lat' dir='ltr'>ciimatibus</span> <span class='ocrx_word' id='word_1_535' title='bbox 1342 3864 1427 3902; x_wconf 83' lang='lat' dir='ltr'>sermo</span> <span class='ocrx_word' id='word_1_536' title='bbox 1444 3849 1822 3918; x_wconf 70' lang='lat' dir='ltr'>rjusthutoniilufstuoerut,</span> 
     </span>
     <span class='ocr_line' id='line_1_50' title="bbox 175 3918 1824 4045; baseline 0 -72"><span class='ocrx_word' id='word_1_537' title='bbox 175 3928 237 3975; x_wconf 88' lang='lat' dir='ltr'>orto</span> <span class='ocrx_word' id='word_1_538' title='bbox 247 3919 304 3991; x_wconf 77' lang='lat' dir='ltr'>Jam</span> <span class='ocrx_word' id='word_1_539' title='bbox 316 3920 384 3986; x_wconf 90' lang='lat' dir='ltr'>sole,</span> <span class='ocrx_word' id='word_1_540' title='bbox 397 3919 446 3976; x_wconf 87' lang='lat' dir='ltr'>sed</span> <span class='ocrx_word' id='word_1_541' title='bbox 463 3919 530 3975; x_wconf 87' lang='lat' dir='ltr'>bora</span> <span class='ocrx_word' id='word_1_542' title='bbox 542 3918 702 3975; x_wconf 90' lang='lat' dir='ltr'>duodecima</span> <span class='ocrx_word' id='word_1_543' title='bbox 715 3927 743 3974; x_wconf 87' lang='lat' dir='ltr'>et</span> <span class='ocrx_word' id='word_1_544' title='bbox 746 3927 891 4045; x_wconf 73' lang='lat' dir='ltr'>¹postrema</span> <span class='ocrx_word' id='word_1_545' title='bbox 912 3934 974 3973; x_wconf 86' lang='lat' dir='ltr'>eur·</span> <span class='ocrx_word' id='word_1_546' title='bbox 1026 3924 1056 3972; x_wconf 88' lang='lat' dir='ltr'>ut</span> <span class='ocrx_word' id='word_1_547' title='bbox 1068 3920 1172 3985; x_wconf 76' lang='lat' dir='ltr'>sutriam</span> <span class='ocrx_word' id='word_1_548' title='bbox 1183 3921 1240 3989; x_wconf 87' lang='lat' dir='ltr'>spei</span> <span class='ocrx_word' id='word_1_549' title='bbox 1246 3920 1376 3974; x_wconf 77' lang='grc'>1111111111</span> <span class='ocrx_word' id='word_1_550' title='bbox 1385 3919 1421 3973; x_wconf 88' lang='lat' dir='ltr'>ud</span> <span class='ocrx_word' id='word_1_551' title='bbox 1429 3924 1551 3974; x_wconf 76' lang='grc'>1111111111</span> <span class='ocrx_word' id='word_1_552' title='bbox 1560 3921 1729 3983; x_wconf 70' lang='lat' dir='ltr'>charitatem,</span> <span class='ocrx_word' id='word_1_553' title='bbox 1742 3923 1824 3975; x_wconf 84' lang='lat' dir='ltr'>etmi-</span> 
     </span>
     <span class='ocr_line' id='line_1_51' title="bbox 174 3989 1823 4062; baseline 0.001 -17"><span class='ocrx_word' id='word_1_554' title='bbox 174 3999 252 4047; x_wconf 88' lang='lat' dir='ltr'>rente</span> <span class='ocrx_word' id='word_1_555' title='bbox 274 4011 279 4046; x_wconf 94' lang='lat'>:</span> <span class='ocrx_word' id='word_1_556' title='bbox 305 4007 337 4047; x_wconf 90' lang='lat' dir='ltr'>ac</span> <span class='ocrx_word' id='word_1_557' title='bbox 352 4007 400 4062; x_wconf 89' lang='lat' dir='ltr'>por</span> <span class='ocrx_word' id='word_1_558' title='bbox 413 3991 465 4047; x_wconf 89' lang='lat' dir='ltr'>hoo</span> <span class='ocrx_word' id='word_1_559' title='bbox 485 3992 513 4046; x_wconf 93' lang='lat' dir='ltr'>in</span> <span class='ocrx_word' id='word_1_560' title='bbox 535 4004 650 4056; x_wconf 88' lang='lat' dir='ltr'>aurora;</span> <span class='ocrx_word' id='word_1_561' title='bbox 670 3997 700 4045; x_wconf 90' lang='lat' dir='ltr'>ut</span> <span class='ocrx_word' id='word_1_562' title='bbox 719 3990 745 4044; x_wconf 93' lang='lat' dir='ltr'>in</span> <span class='ocrx_word' id='word_1_563' title='bbox 759 4005 787 4046; x_wconf 89' lang='lat' dir='ltr'>ra</span> <span class='ocrx_word' id='word_1_564' title='bbox 802 3989 970 4047; x_wconf 89' lang='lat' dir='ltr'>docebimus.</span> <span class='ocrx_word' id='word_1_565' title='bbox 1025 3990 1199 4044; x_wconf 71' lang='lat' dir='ltr'>reiiceretis-m</span> <span class='ocrx_word' id='word_1_566' title='bbox 1207 3991 1389 4059; x_wconf 77' lang='lat' dir='ltr'>indigentibus</span> <span class='ocrx_word' id='word_1_567' title='bbox 1400 3991 1743 4059; x_wconf 78' lang='lat' dir='ltr'>cohibeudomjupishulio</span> <span class='ocrx_word' id='word_1_568' title='bbox 1754 3993 1823 4046; x_wconf 82' lang='lat' dir='ltr'>lubo-</span> 
     </span>
     <span class='ocr_line' id='line_1_52' title="bbox 175 4060 1826 4135; baseline 0 -18"><span class='ocrx_word' id='word_1_569' title='bbox 175 4063 238 4118; x_wconf 87' lang='lat' dir='ltr'>Pari</span> <span class='ocrx_word' id='word_1_570' title='bbox 260 4078 325 4135; x_wconf 86' lang='lat' dir='ltr'>ergo</span> <span class='ocrx_word' id='word_1_571' title='bbox 346 4063 451 4119; x_wconf 87' lang='lat' dir='ltr'>ratione</span> <span class='ocrx_word' id='word_1_572' title='bbox 466 4062 587 4119; x_wconf 83' lang='lat' dir='ltr'>officium</span> <span class='ocrx_word' id='word_1_573' title='bbox 603 4062 703 4118; x_wconf 82' lang='lat' dir='ltr'>Primae</span> <span class='ocrx_word' id='word_1_574' title='bbox 721 4060 915 4118; x_wconf 82' lang='lat' dir='ltr'>celebrandum</span> <span class='ocrx_word' id='word_1_575' title='bbox 932 4069 973 4116; x_wconf 87' lang='lat' dir='ltr'>est</span> <span class='ocrx_word' id='word_1_576' title='bbox 1026 4065 1130 4123; x_wconf 70' lang='lat' dir='ltr'>eareat,</span> <span class='ocrx_word' id='word_1_577' title='bbox 1144 4077 1196 4130; x_wconf 84' lang='lat' dir='ltr'>qtto</span> <span class='ocrx_word' id='word_1_578' title='bbox 1214 4064 1349 4131; x_wconf 64' lang='lat' dir='ltr'>iufamium</span> <span class='ocrx_word' id='word_1_579' title='bbox 1359 4065 1490 4131; x_wconf 80' lang='lat' dir='ltr'>rcqioaecm</span> <span class='ocrx_word' id='word_1_580' title='bbox 1503 4079 1520 4116; x_wconf 91' lang='lat' dir='ltr'>u</span> <span class='ocrx_word' id='word_1_581' title='bbox 1534 4062 1674 4116; x_wconf 71' lang='lat' dir='ltr'>mondolio</span> <span class='ocrx_word' id='word_1_582' title='bbox 1688 4079 1826 4117; x_wconf 69' lang='lat' dir='ltr'>corrumsu·</span> 
     </span>
     <span class='ocr_line' id='line_1_53' title="bbox 174 4132 1824 4207; baseline 0.001 -20"><span class='ocrx_word' id='word_1_583' title='bbox 174 4147 230 4187; x_wconf 95' lang='lat' dir='ltr'>non</span> <span class='ocrx_word' id='word_1_584' title='bbox 251 4133 317 4189; x_wconf 89' lang='lat' dir='ltr'>bora</span> <span class='ocrx_word' id='word_1_585' title='bbox 342 4135 428 4207; x_wconf 89' lang='lat' dir='ltr'>prima</span> <span class='ocrx_word' id='word_1_586' title='bbox 449 4143 552 4198; x_wconf 83' lang='lat' dir='ltr'>exacta,</span> <span class='ocrx_word' id='word_1_587' title='bbox 571 4132 619 4190; x_wconf 88' lang='lat' dir='ltr'>sed</span> <span class='ocrx_word' id='word_1_588' title='bbox 638 4133 754 4197; x_wconf 88' lang='lat' dir='ltr'>labente,</span> <span class='ocrx_word' id='word_1_589' title='bbox 776 4133 803 4189; x_wconf 93' lang='lat' dir='ltr'>id</span> <span class='ocrx_word' id='word_1_590' title='bbox 825 4141 876 4193; x_wconf 85' lang='lat' dir='ltr'>est,</span> <span class='ocrx_word' id='word_1_591' title='bbox 891 4133 973 4204; x_wconf 92' lang='lat' dir='ltr'>paulo</span> <span class='ocrx_word' id='word_1_592' title='bbox 1026 4132 1652 4202; x_wconf 57' lang='grc' dir='ltr'>τίθη-1111111111,1111111111111111111111111</span> <span class='ocrx_word' id='word_1_593' title='bbox 1663 4134 1824 4188; x_wconf 72' lang='grc'>1111111111·</span> 
     </span>
     <span class='ocr_line' id='line_1_54' title="bbox 175 4203 1824 4276; baseline 0.004 -20"><span class='ocrx_word' id='word_1_594' title='bbox 175 4211 238 4270; x_wconf 92' lang='lat' dir='ltr'>post</span> <span class='ocrx_word' id='word_1_595' title='bbox 253 4211 344 4258; x_wconf 90' lang='lat' dir='ltr'>ortum</span> <span class='ocrx_word' id='word_1_596' title='bbox 358 4207 423 4260; x_wconf 89' lang='lat' dir='ltr'>solis</span> <span class='ocrx_word' id='word_1_597' title='bbox 440 4224 445 4258; x_wconf 75' lang='grc' dir='ltr'><em>ι</em></span> <span class='ocrx_word' id='word_1_598' title='bbox 462 4215 489 4262; x_wconf 85' lang='grc'>11</span> <span class='ocrx_word' id='word_1_599' title='bbox 503 4221 535 4261; x_wconf 81' lang='lat' dir='ltr'>ex</span> <span class='ocrx_word' id='word_1_600' title='bbox 549 4205 725 4276; x_wconf 81' lang='lat' dir='ltr'>cotisequeuti</span> <span class='ocrx_word' id='word_1_601' title='bbox 740 4204 813 4262; x_wconf 90' lang='lat' dir='ltr'>idern</span> <span class='ocrx_word' id='word_1_602' title='bbox 828 4203 974 4261; x_wconf 90' lang='lat' dir='ltr'>dicendum</span> <span class='ocrx_word' id='word_1_603' title='bbox 1025 4205 1148 4263; x_wconf 81' lang='lat' dir='ltr'>incolere,</span> <span class='ocrx_word' id='word_1_604' title='bbox 1171 4210 1224 4257; x_wconf 73' lang='lat' dir='ltr'>eln-</span> <span class='ocrx_word' id='word_1_605' title='bbox 1244 4204 1313 4271; x_wconf 78' lang='lat' dir='ltr'>Qua</span> <span class='ocrx_word' id='word_1_606' title='bbox 1332 4204 1411 4274; x_wconf 77' lang='lat' dir='ltr'>plane</span> <span class='ocrx_word' id='word_1_607' title='bbox 1432 4203 1629 4260; x_wconf 79' lang='lat' dir='ltr'>consonantiis</span> <span class='ocrx_word' id='word_1_608' title='bbox 1646 4220 1708 4276; x_wconf 87' lang='lat' dir='ltr'>quae</span> <span class='ocrx_word' id='word_1_609' title='bbox 1723 4205 1751 4260; x_wconf 90' lang='lat' dir='ltr'>in</span> <span class='ocrx_word' id='word_1_610' title='bbox 1771 4205 1824 4261; x_wconf 88' lang='lat' dir='ltr'>boc</span> 
     </span>
     <span class='ocr_line' id='line_1_55' title="bbox 173 4270 1822 4354; baseline 0.003 -28"><span class='ocrx_word' id='word_1_611' title='bbox 173 4270 208 4326; x_wconf 87' lang='lat' dir='ltr'>de</span> <span class='ocrx_word' id='word_1_612' title='bbox 222 4271 318 4327; x_wconf 85' lang='lat' dir='ltr'>olheiis</span> <span class='ocrx_word' id='word_1_613' title='bbox 329 4276 438 4340; x_wconf 83' lang='lat' dir='ltr'>Tertiae,</span> <span class='ocrx_word' id='word_1_614' title='bbox 454 4274 973 4340; x_wconf 56' lang='grc'>8111111111.1111111111111111111111</span> <span class='ocrx_word' id='word_1_615' title='bbox 1026 4273 1112 4354; x_wconf 86' lang='lat' dir='ltr'>eapite</span> <span class='ocrx_word' id='word_1_616' title='bbox 1125 4272 1159 4328; x_wconf 92' lang='lat' dir='ltr'>de</span> <span class='ocrx_word' id='word_1_617' title='bbox 1179 4287 1196 4327; x_wconf 95' lang='lat' dir='ltr'>o</span> <span class='ocrx_word' id='word_1_618' title='bbox 1216 4273 1308 4328; x_wconf 92' lang='lat' dir='ltr'>eribus</span> <span class='ocrx_word' id='word_1_619' title='bbox 1327 4282 1355 4328; x_wconf 91' lang='lat' dir='ltr'>et</span> <span class='ocrx_word' id='word_1_620' title='bbox 1376 4274 1510 4329; x_wconf 84' lang='lat' dir='ltr'>exercitiis</span> <span class='ocrx_word' id='word_1_621' title='bbox 1525 4274 1725 4332; x_wconf 89' lang='lat' dir='ltr'>monachorum</span> <span class='ocrx_word' id='word_1_622' title='bbox 1741 4278 1822 4348; x_wconf 80' lang='lat' dir='ltr'>AEgy·</span> 
     </span>
     <span class='ocr_line' id='line_1_56' title="bbox 175 4341 1823 4416; baseline 0.003 -19"><span class='ocrx_word' id='word_1_623' title='bbox 175 4356 235 4397; x_wconf 88' lang='lat' dir='ltr'>esse</span> <span class='ocrx_word' id='word_1_624' title='bbox 248 4341 324 4397; x_wconf 84' lang='lat' dir='ltr'>horis</span> <span class='ocrx_word' id='word_1_625' title='bbox 342 4343 395 4399; x_wconf 92' lang='lat' dir='ltr'>illis</span> <span class='ocrx_word' id='word_1_626' title='bbox 415 4343 577 4407; x_wconf 90' lang='lat' dir='ltr'>labentibus,</span> <span class='ocrx_word' id='word_1_627' title='bbox 599 4345 718 4400; x_wconf 90' lang='lat' dir='ltr'>necdum</span> <span class='ocrx_word' id='word_1_628' title='bbox 737 4346 890 4416; x_wconf 87' lang='lat' dir='ltr'>completis.</span> <span class='ocrx_word' id='word_1_629' title='bbox 907 4347 975 4401; x_wconf 83' lang='lat' dir='ltr'>llaec</span> <span class='ocrx_word' id='word_1_630' title='bbox 1026 4351 1145 4414; x_wconf 88' lang='lat' dir='ltr'>phorum</span> <span class='ocrx_word' id='word_1_631' title='bbox 1164 4357 1180 4397; x_wconf 94' lang='lat' dir='ltr'>a</span> <span class='ocrx_word' id='word_1_632' title='bbox 1217 4342 1320 4399; x_wconf 80' lang='lat' dir='ltr'>assiano</span> <span class='ocrx_word' id='word_1_633' title='bbox 1338 4344 1475 4399; x_wconf 85' lang='lat' dir='ltr'>dicuutur.</span> <span class='ocrx_word' id='word_1_634' title='bbox 1492 4346 1582 4414; x_wconf 86' lang='lat' dir='ltr'>Quam</span> <span class='ocrx_word' id='word_1_635' title='bbox 1603 4362 1666 4402; x_wconf 88' lang='lat' dir='ltr'>vero</span> <span class='ocrx_word' id='word_1_636' title='bbox 1690 4346 1823 4403; x_wconf 88' lang='lat' dir='ltr'>illustrata</span> 
     </span>
     <span class='ocr_line' id='line_1_57' title="bbox 86 4403 1824 4488; baseline 0.004 -21"><span class='ocrx_word' id='word_1_637' title='bbox 86 4403 97 4426; x_wconf 80' lang='grc'>’</span> <span class='ocrx_word' id='word_1_638' title='bbox 175 4410 232 4468; x_wconf 86' lang='lat' dir='ltr'>fere</span> <span class='ocrx_word' id='word_1_639' title='bbox 244 4412 437 4468; x_wconf 89' lang='lat' dir='ltr'>Bellarmiuus.</span> <span class='ocrx_word' id='word_1_640' title='bbox 453 4414 509 4470; x_wconf 88' lang='lat' dir='ltr'>Cur</span> <span class='ocrx_word' id='word_1_641' title='bbox 525 4421 616 4468; x_wconf 88' lang='lat' dir='ltr'>autem</span> <span class='ocrx_word' id='word_1_642' title='bbox 628 4413 705 4470; x_wconf 87' lang='lat' dir='ltr'>horae</span> <span class='ocrx_word' id='word_1_643' title='bbox 718 4414 778 4470; x_wconf 79' lang='lat' dir='ltr'>istro</span> <span class='ocrx_word' id='word_1_644' title='bbox 789 4415 879 4486; x_wconf 90' lang='lat' dir='ltr'>potius</span> <span class='ocrx_word' id='word_1_645' title='bbox 891 4430 974 4485; x_wconf 91' lang='lat' dir='ltr'>quam</span> <span class='ocrx_word' id='word_1_646' title='bbox 1027 4420 1099 4469; x_wconf 88' lang='lat' dir='ltr'>esset</span> <span class='ocrx_word' id='word_1_647' title='bbox 1120 4414 1226 4488; x_wconf 80' lang='lat' dir='ltr'>AEgypti</span> <span class='ocrx_word' id='word_1_648' title='bbox 1247 4429 1354 4471; x_wconf 89' lang='lat' dir='ltr'>eremus</span> <span class='ocrx_word' id='word_1_649' title='bbox 1374 4414 1426 4472; x_wconf 92' lang='lat' dir='ltr'>illis</span> <span class='ocrx_word' id='word_1_650' title='bbox 1447 4426 1603 4473; x_wconf 89' lang='lat' dir='ltr'>sanctorum</span> <span class='ocrx_word' id='word_1_651' title='bbox 1624 4419 1824 4474; x_wconf 88' lang='lat' dir='ltr'>monachorum</span> 
     </span>
     <span class='ocr_line' id='line_1_58' title="bbox 174 4481 1823 4560; baseline 0.005 -24"><span class='ocrx_word' id='word_1_652' title='bbox 174 4482 244 4547; x_wconf 85' lang='lat' dir='ltr'>aliae,</span> <span class='ocrx_word' id='word_1_653' title='bbox 260 4481 357 4540; x_wconf 89' lang='lat' dir='ltr'>divinis</span> <span class='ocrx_word' id='word_1_654' title='bbox 372 4483 470 4539; x_wconf 83' lang='lat' dir='ltr'>officiis</span> <span class='ocrx_word' id='word_1_655' title='bbox 488 4484 542 4540; x_wconf 92' lang='lat' dir='ltr'>siut</span> <span class='ocrx_word' id='word_1_656' title='bbox 555 4481 704 4556; x_wconf 70' lang='lat' dir='ltr'>deputator,</span> <span class='ocrx_word' id='word_1_657' title='bbox 716 4484 821 4540; x_wconf 88' lang='lat' dir='ltr'>dicetur</span> <span class='ocrx_word' id='word_1_658' title='bbox 836 4482 907 4540; x_wconf 83' lang='lat' dir='ltr'>iufra</span> <span class='ocrx_word' id='word_1_659' title='bbox 921 4500 973 4543; x_wconf 91' lang='lat' dir='ltr'>suo</span> <span class='ocrx_word' id='word_1_660' title='bbox 1027 4483 1143 4540; x_wconf 88' lang='lat' dir='ltr'>coetibus</span> <span class='ocrx_word' id='word_1_661' title='bbox 1154 4488 1190 4540; x_wconf 92' lang='lat' dir='ltr'>D.</span> <span class='ocrx_word' id='word_1_662' title='bbox 1211 4484 1423 4558; x_wconf 83' lang='lat' dir='ltr'>chrysostomus</span> <span class='ocrx_word' id='word_1_663' title='bbox 1441 4486 1525 4543; x_wconf 86' lang='lat' dir='ltr'>refert</span> <span class='ocrx_word' id='word_1_664' title='bbox 1538 4489 1579 4545; x_wconf 90' lang='lat' dir='ltr'>his</span> <span class='ocrx_word' id='word_1_665' title='bbox 1592 4488 1680 4544; x_wconf 88' lang='lat' dir='ltr'>verbis</span> <span class='ocrx_word' id='word_1_666' title='bbox 1695 4511 1700 4545; x_wconf 94' lang='lat'>:</span> <span class='ocrx_word' id='word_1_667' title='bbox 1715 4491 1747 4546; x_wconf 81' lang='lat' dir='ltr'>St</span> <span class='ocrx_word' id='word_1_668' title='bbox 1761 4493 1823 4560; x_wconf 81' lang='lat' dir='ltr'>qais</span> 
     </span>
    </p>
   </div>
   <div class='ocr_carea' id='block_1_16' title="bbox 174 4551 459 4626">
    <p class='ocr_par' dir='ltr' id='par_1_16' title="bbox 174 4551 459 4626">
     <span class='ocr_line' id='line_1_59' title="bbox 174 4551 459 4626; baseline 0.004 -18"><span class='ocrx_word' id='word_1_669' title='bbox 174 4551 399 4626; x_wconf 86' lang='lat' dir='ltr'>loeo(Lih.tric.</span> <span class='ocrx_word' id='word_1_670' title='bbox 417 4559 459 4621; x_wconf 81' lang='lat'>2).</span> 
     </span>
    </p>
   </div>
   <div class='ocr_carea' id='block_1_17' title="bbox 945 4555 1823 4631">
    <p class='ocr_par' dir='ltr' id='par_1_17' title="bbox 945 4555 1823 4631">
     <span class='ocr_line' id='line_1_60' title="bbox 945 4555 1823 4631; baseline 0.011 -23"><span class='ocrx_word' id='word_1_671' title='bbox 945 4574 953 4592; x_wconf 84' lang='lat'><strong>·</strong></span> <span class='ocrx_word' id='word_1_672' title='bbox 1025 4571 1097 4610; x_wconf 82' lang='lat' dir='ltr'>auae</span> <span class='ocrx_word' id='word_1_673' title='bbox 1115 4555 1151 4609; x_wconf 77' lang='lat' dir='ltr'>ud</span> <span class='ocrx_word' id='word_1_674' title='bbox 1172 4559 1283 4628; x_wconf 81' lang='lat' dir='ltr'>AEpppti</span> <span class='ocrx_word' id='word_1_675' title='bbox 1296 4560 1386 4612; x_wconf 82' lang='grc'>11111111</span> <span class='ocrx_word' id='word_1_676' title='bbox 1399 4560 1566 4624; x_wconf 78' lang='lat' dir='ltr'>solitudines,</span> <span class='ocrx_word' id='word_1_677' title='bbox 1584 4561 1715 4631; x_wconf 74' lang='lat' dir='ltr'>paradiso</span> <span class='ocrx_word' id='word_1_678' title='bbox 1729 4563 1823 4631; x_wconf 82' lang='lat' dir='ltr'>qrtocis</span> 
     </span>
    </p>
   </div>
   <div class='ocr_carea' id='block_1_18' title="bbox 173 4624 1824 4772">
    <p class='ocr_par' dir='ltr' id='par_1_18' title="bbox 173 4624 1824 4772">
     <span class='ocr_line' id='line_1_61' title="bbox 208 4624 1824 4701; baseline 0.004 -21"><span class='ocrx_word' id='word_1_679' title='bbox 208 4625 332 4691; x_wconf 68' lang='grc' dir='ltr'>ΙΙ111111,</span> <span class='ocrx_word' id='word_1_680' title='bbox 349 4634 381 4682; x_wconf 89' lang='lat' dir='ltr'>ut</span> <span class='ocrx_word' id='word_1_681' title='bbox 395 4626 473 4682; x_wconf 87' lang='lat' dir='ltr'>tertia</span> <span class='ocrx_word' id='word_1_682' title='bbox 495 4639 601 4697; x_wconf 90' lang='lat' dir='ltr'>quaque</span> <span class='ocrx_word' id='word_1_683' title='bbox 615 4624 682 4681; x_wconf 88' lang='lat' dir='ltr'>hora</span> <span class='ocrx_word' id='word_1_684' title='bbox 699 4625 733 4680; x_wconf 94' lang='lat' dir='ltr'>ab</span> <span class='ocrx_word' id='word_1_685' title='bbox 752 4633 813 4680; x_wconf 90' lang='lat' dir='ltr'>ortu</span> <span class='ocrx_word' id='word_1_686' title='bbox 827 4624 892 4682; x_wconf 87' lang='lat' dir='ltr'>solis</span> <span class='ocrx_word' id='word_1_687' title='bbox 913 4634 969 4682; x_wconf 87' lang='lat' dir='ltr'>tres</span> <span class='ocrx_word' id='word_1_688' title='bbox 1027 4629 1824 4701; x_wconf 65' lang='grc'>1111111111111111111111111191111111,1111111111-</span> 
     </span>
     <span class='ocr_line' id='line_1_62' title="bbox 173 4678 1823 4772; baseline 0.005 -22"><span class='ocrx_word' id='word_1_689' title='bbox 173 4695 268 4752; x_wconf 90' lang='lat' dir='ltr'>itidem</span> <span class='ocrx_word' id='word_1_690' title='bbox 286 4698 407 4768; x_wconf 90' lang='lat' dir='ltr'>psalmos</span> <span class='ocrx_word' id='word_1_691' title='bbox 428 4697 455 4753; x_wconf 95' lang='lat' dir='ltr'>in</span> <span class='ocrx_word' id='word_1_692' title='bbox 474 4696 585 4769; x_wconf 92' lang='lat' dir='ltr'>singulis</span> <span class='ocrx_word' id='word_1_693' title='bbox 602 4694 700 4751; x_wconf 85' lang='lat' dir='ltr'>officiis</span> <span class='ocrx_word' id='word_1_694' title='bbox 722 4695 826 4752; x_wconf 93' lang='lat' dir='ltr'>diurnis</span> <span class='ocrx_word' id='word_1_695' title='bbox 849 4697 968 4752; x_wconf 89' lang='lat' dir='ltr'>Domino</span> <span class='ocrx_word' id='word_1_696' title='bbox 985 4678 1010 4740; x_wconf 73' lang='lat' dir='ltr'>D</span> <span class='ocrx_word' id='word_1_697' title='bbox 1028 4699 1092 4753; x_wconf 82' lang='lat' dir='ltr'>biles</span> <span class='ocrx_word' id='word_1_698' title='bbox 1106 4701 1271 4768; x_wconf 76' lang='lat' dir='ltr'>Angelorum</span> <span class='ocrx_word' id='word_1_699' title='bbox 1284 4706 1363 4757; x_wconf 74' lang='lat' dir='ltr'>catos</span> <span class='ocrx_word' id='word_1_700' title='bbox 1375 4704 1405 4756; x_wconf 85' lang='lat' dir='ltr'>in</span> <span class='ocrx_word' id='word_1_701' title='bbox 1417 4704 1570 4772; x_wconf 65' lang='lat' dir='ltr'>aemonius</span> <span class='ocrx_word' id='word_1_702' title='bbox 1581 4705 1686 4772; x_wconf 71' lang='lat' dir='ltr'>fulgere</span> <span class='ocrx_word' id='word_1_703' title='bbox 1699 4706 1823 4759; x_wconf 81' lang='lat' dir='ltr'>mortali·</span> 
     </span>
    </p>
   </div>
   <div class='ocr_carea' id='block_1_19' title="bbox 170 4766 972 5909">
    <p class='ocr_par' dir='ltr' id='par_1_19' title="bbox 172 4766 972 5195">
     <span class='ocr_line' id='line_1_63' title="bbox 172 4766 970 4842; baseline -0.003 -17"><span class='ocrx_word' id='word_1_704' title='bbox 172 4766 313 4838; x_wconf 77' lang='lat' dir='ltr'>offerrent,</span> <span class='ocrx_word' id='word_1_705' title='bbox 325 4768 418 4842; x_wconf 87' lang='lat' dir='ltr'>sieque</span> <span class='ocrx_word' id='word_1_706' title='bbox 427 4782 573 4825; x_wconf 89' lang='lat' dir='ltr'>numerum</span> <span class='ocrx_word' id='word_1_707' title='bbox 585 4769 754 4840; x_wconf 90' lang='lat' dir='ltr'>psalmomm</span> <span class='ocrx_word' id='word_1_708' title='bbox 767 4783 881 4824; x_wconf 91' lang='lat' dir='ltr'>numero</span> <span class='ocrx_word' id='word_1_709' title='bbox 894 4767 970 4824; x_wconf 87' lang='lat' dir='ltr'>hora-</span> 
     </span>
     <span class='ocr_line' id='line_1_64' title="bbox 172 4838 967 4913; baseline 0 -18"><span class='ocrx_word' id='word_1_710' title='bbox 172 4855 237 4896; x_wconf 88' lang='lat' dir='ltr'>rum</span> <span class='ocrx_word' id='word_1_711' title='bbox 253 4849 444 4913; x_wconf 78' lang='lat' dir='ltr'>eraequarent3</span> <span class='ocrx_word' id='word_1_712' title='bbox 465 4841 518 4909; x_wconf 84' lang='lat' dir='ltr'>vel,</span> <span class='ocrx_word' id='word_1_713' title='bbox 534 4849 565 4896; x_wconf 93' lang='lat' dir='ltr'>ut</span> <span class='ocrx_word' id='word_1_714' title='bbox 579 4838 731 4896; x_wconf 88' lang='lat' dir='ltr'>secuudum</span> <span class='ocrx_word' id='word_1_715' title='bbox 748 4854 906 4908; x_wconf 90' lang='lat' dir='ltr'>numerum,</span> <span class='ocrx_word' id='word_1_716' title='bbox 921 4854 967 4895; x_wconf 90' lang='lat' dir='ltr'>seu</span> 
     </span>
     <span class='ocr_line' id='line_1_65' title="bbox 172 4910 970 4983; baseline 0.001 -18"><span class='ocrx_word' id='word_1_717' title='bbox 172 4919 353 4983; x_wconf 90' lang='lat' dir='ltr'>augmentum</span> <span class='ocrx_word' id='word_1_718' title='bbox 368 4912 508 4976; x_wconf 90' lang='lat' dir='ltr'>horarum,</span> <span class='ocrx_word' id='word_1_719' title='bbox 524 4925 671 4967; x_wconf 86' lang='lat' dir='ltr'>numerum</span> <span class='ocrx_word' id='word_1_720' title='bbox 691 4910 782 4966; x_wconf 87' lang='lat' dir='ltr'>itidem</span> <span class='ocrx_word' id='word_1_721' title='bbox 803 4910 970 4982; x_wconf 86' lang='lat' dir='ltr'>psalmorum</span> 
     </span>
     <span class='ocr_line' id='line_1_66' title="bbox 172 4983 970 5054; baseline 0.001 -19"><span class='ocrx_word' id='word_1_722' title='bbox 172 4989 313 5052; x_wconf 86' lang='lat' dir='ltr'>augerent,</span> <span class='ocrx_word' id='word_1_723' title='bbox 335 4983 388 5038; x_wconf 91' lang='lat' dir='ltr'>hoo</span> <span class='ocrx_word' id='word_1_724' title='bbox 409 4991 461 5050; x_wconf 90' lang='lat' dir='ltr'>est,</span> <span class='ocrx_word' id='word_1_725' title='bbox 483 4983 549 5038; x_wconf 92' lang='lat' dir='ltr'>hora</span> <span class='ocrx_word' id='word_1_726' title='bbox 569 4983 660 5037; x_wconf 88' lang='lat' dir='ltr'>Tertia</span> <span class='ocrx_word' id='word_1_727' title='bbox 677 4990 732 5038; x_wconf 92' lang='lat' dir='ltr'>tres</span> <span class='ocrx_word' id='word_1_728' title='bbox 746 4983 875 5054; x_wconf 87' lang='lat' dir='ltr'>psalmos,</span> <span class='ocrx_word' id='word_1_729' title='bbox 889 4983 970 5038; x_wconf 89' lang='lat' dir='ltr'>Sexta</span> 
     </span>
     <span class='ocr_line' id='line_1_67' title="bbox 172 5053 972 5127; baseline 0.005 -21"><span class='ocrx_word' id='word_1_730' title='bbox 172 5066 230 5119; x_wconf 83' lang='lat' dir='ltr'>ser,</span> <span class='ocrx_word' id='word_1_731' title='bbox 253 5054 332 5107; x_wconf 85' lang='lat' dir='ltr'>Nona</span> <span class='ocrx_word' id='word_1_732' title='bbox 356 5068 455 5108; x_wconf 88' lang='lat' dir='ltr'>novem</span> <span class='ocrx_word' id='word_1_733' title='bbox 479 5053 672 5125; x_wconf 86' lang='lat' dir='ltr'>persolverent,</span> <span class='ocrx_word' id='word_1_734' title='bbox 697 5054 772 5126; x_wconf 89' lang='lat' dir='ltr'>quod</span> <span class='ocrx_word' id='word_1_735' title='bbox 793 5053 903 5127; x_wconf 90' lang='lat' dir='ltr'>proprie</span> <span class='ocrx_word' id='word_1_736' title='bbox 929 5061 972 5127; x_wconf 84' lang='lat' dir='ltr'>est</span> 
     </span>
     <span class='ocr_line' id='line_1_68' title="bbox 173 5120 855 5195; baseline 0.001 -18"><span class='ocrx_word' id='word_1_737' title='bbox 173 5120 304 5178; x_wconf 88' lang='lat' dir='ltr'>horamm</span> <span class='ocrx_word' id='word_1_738' title='bbox 314 5131 342 5178; x_wconf 88' lang='lat' dir='ltr'>et</span> <span class='ocrx_word' id='word_1_739' title='bbox 360 5123 528 5195; x_wconf 87' lang='lat' dir='ltr'>psalmorum</span> <span class='ocrx_word' id='word_1_740' title='bbox 542 5138 689 5180; x_wconf 88' lang='lat' dir='ltr'>uumemm</span> <span class='ocrx_word' id='word_1_741' title='bbox 703 5139 855 5195; x_wconf 78' lang='lat' dir='ltr'>exaequare.</span> 
     </span>
    </p>

    <p class='ocr_par' dir='ltr' id='par_1_20' title="bbox 170 5187 971 5533">
     <span class='ocr_line' id='line_1_69' title="bbox 207 5187 968 5252; baseline 0.003 -3"><span class='ocrx_word' id='word_1_742' title='bbox 207 5187 386 5249; x_wconf 81' lang='lat' dir='ltr'>¹&#39;llovellum</span> <span class='ocrx_word' id='word_1_743' title='bbox 411 5194 610 5249; x_wconf 89' lang='lat' dir='ltr'>monasterium</span> <span class='ocrx_word' id='word_1_744' title='bbox 635 5202 716 5251; x_wconf 86' lang='lat' dir='ltr'>vocat</span> <span class='ocrx_word' id='word_1_745' title='bbox 740 5193 809 5250; x_wconf 93' lang='lat' dir='ltr'>illud</span> <span class='ocrx_word' id='word_1_746' title='bbox 831 5204 968 5252; x_wconf 89' lang='lat' dir='ltr'>monaste-</span> 
     </span>
     <span class='ocr_line' id='line_1_70' title="bbox 172 5263 969 5391; baseline 0.004 -72"><span class='ocrx_word' id='word_1_747' title='bbox 172 5263 255 5333; x_wconf 88' lang='lat' dir='ltr'>rium,</span> <span class='ocrx_word' id='word_1_748' title='bbox 268 5264 341 5336; x_wconf 89' lang='lat' dir='ltr'>quod</span> <span class='ocrx_word' id='word_1_749' title='bbox 359 5267 457 5322; x_wconf 86' lang='lat' dir='ltr'>Castor</span> <span class='ocrx_word' id='word_1_750' title='bbox 473 5264 618 5391; x_wconf 59' lang='lat' dir='ltr'>elpiscopus</span> <span class='ocrx_word' id='word_1_751' title='bbox 628 5266 685 5331; x_wconf 92' lang='lat' dir='ltr'>(oui</span> <span class='ocrx_word' id='word_1_752' title='bbox 697 5266 748 5321; x_wconf 94' lang='lat' dir='ltr'>hos</span> <span class='ocrx_word' id='word_1_753' title='bbox 758 5263 841 5322; x_wconf 90' lang='lat' dir='ltr'>libros</span> <span class='ocrx_word' id='word_1_754' title='bbox 855 5265 969 5334; x_wconf 83' lang='lat' dir='ltr'>dicavit)</span> 
     </span>
     <span class='ocr_line' id='line_1_71' title="bbox 172 5333 970 5408; baseline 0.005 -18"><span class='ocrx_word' id='word_1_755' title='bbox 172 5350 278 5402; x_wconf 88' lang='lat' dir='ltr'>reeens,</span> <span class='ocrx_word' id='word_1_756' title='bbox 298 5351 329 5392; x_wconf 91' lang='lat' dir='ltr'>ac</span> <span class='ocrx_word' id='word_1_757' title='bbox 348 5337 469 5408; x_wconf 83' lang='lat' dir='ltr'>primum</span> <span class='ocrx_word' id='word_1_758' title='bbox 496 5333 644 5391; x_wconf 83' lang='lat' dir='ltr'>undaverat</span> <span class='ocrx_word' id='word_1_759' title='bbox 656 5336 684 5391; x_wconf 91' lang='lat' dir='ltr'>iu</span> <span class='ocrx_word' id='word_1_760' title='bbox 704 5351 751 5392; x_wconf 89' lang='lat' dir='ltr'>sua</span> <span class='ocrx_word' id='word_1_761' title='bbox 775 5336 909 5408; x_wconf 85' lang='lat' dir='ltr'>provincia</span> <span class='ocrx_word' id='word_1_762' title='bbox 922 5353 970 5394; x_wconf 91' lang='lat' dir='ltr'>au·</span> 
     </span>
     <span class='ocr_line' id='line_1_72' title="bbox 170 5406 971 5532; baseline 0.006 -71"><span class='ocrx_word' id='word_1_763' title='bbox 170 5413 218 5532; x_wconf 50' lang='lat'>{⁰¹1</span> <span class='ocrx_word' id='word_1_764' title='bbox 235 5407 406 5464; x_wconf 87' lang='lat' dir='ltr'>monasteriis</span> <span class='ocrx_word' id='word_1_765' title='bbox 419 5415 447 5464; x_wconf 91' lang='grc'>11</span> <span class='ocrx_word' id='word_1_766' title='bbox 467 5406 600 5463; x_wconf 86' lang='lat' dir='ltr'>coenobiis</span> <span class='ocrx_word' id='word_1_767' title='bbox 622 5422 714 5476; x_wconf 84' lang='lat' dir='ltr'>vacua,</span> <span class='ocrx_word' id='word_1_768' title='bbox 729 5406 764 5464; x_wconf 88' lang='lat' dir='ltr'>de</span> <span class='ocrx_word' id='word_1_769' title='bbox 783 5422 837 5479; x_wconf 94' lang='lat' dir='ltr'>quo</span> <span class='ocrx_word' id='word_1_770' title='bbox 852 5408 879 5463; x_wconf 93' lang='lat' dir='ltr'>in</span> <span class='ocrx_word' id='word_1_771' title='bbox 902 5424 971 5481; x_wconf 85' lang='lat' dir='ltr'>prae-</span> 
     </span>
     <span class='ocr_line' id='line_1_73' title="bbox 183 5486 282 5533; baseline 0 -1"><span class='ocrx_word' id='word_1_772' title='bbox 183 5486 282 5533; x_wconf 87' lang='lat' dir='ltr'>alione.</span> 
     </span>
    </p>

    <p class='ocr_par' dir='ltr' id='par_1_21' title="bbox 171 5547 972 5909">
     <span class='ocr_line' id='line_1_74' title="bbox 208 5547 969 5634; baseline 0.008 -32"><span class='ocrx_word' id='word_1_773' title='bbox 208 5550 367 5620; x_wconf 79' lang='lat' dir='ltr'>⁰AEgyptus</span> <span class='ocrx_word' id='word_1_774' title='bbox 387 5547 496 5616; x_wconf 82' lang='lat' dir='ltr'>hirioae,</span> <span class='ocrx_word' id='word_1_775' title='bbox 509 5548 561 5620; x_wconf 87' lang='lat' dir='ltr'>vel,</span> <span class='ocrx_word' id='word_1_776' title='bbox 577 5557 607 5606; x_wconf 93' lang='lat' dir='ltr'>ut</span> <span class='ocrx_word' id='word_1_777' title='bbox 618 5549 677 5605; x_wconf 90' lang='lat' dir='ltr'>aliis</span> <span class='ocrx_word' id='word_1_778' title='bbox 693 5549 791 5621; x_wconf 87' lang='lat' dir='ltr'>placet,</span> <span class='ocrx_word' id='word_1_779' title='bbox 808 5550 881 5606; x_wconf 80' lang='lat' dir='ltr'>Asiae</span> <span class='ocrx_word' id='word_1_780' title='bbox 895 5550 969 5634; x_wconf 86' lang='lat' dir='ltr'>regio</span> 
     </span>
     <span class='ocr_line' id='line_1_75' title="bbox 171 5617 969 5691; baseline 0.006 -18"><span class='ocrx_word' id='word_1_781' title='bbox 171 5617 199 5673; x_wconf 93' lang='lat' dir='ltr'>in</span> <span class='ocrx_word' id='word_1_782' title='bbox 215 5619 362 5691; x_wconf 87' lang='lat' dir='ltr'>scripturis</span> <span class='ocrx_word' id='word_1_783' title='bbox 381 5620 535 5689; x_wconf 84' lang='lat' dir='ltr'>notissima,</span> <span class='ocrx_word' id='word_1_784' title='bbox 553 5620 589 5678; x_wconf 92' lang='lat' dir='ltr'>ad</span> <span class='ocrx_word' id='word_1_785' title='bbox 609 5619 776 5677; x_wconf 85' lang='lat' dir='ltr'>occidentem</span> <span class='ocrx_word' id='word_1_786' title='bbox 787 5619 893 5678; x_wconf 83' lang='lat' dir='ltr'>Juuaeae</span> <span class='ocrx_word' id='word_1_787' title='bbox 908 5631 969 5686; x_wconf 81' lang='lat' dir='ltr'>sita,</span> 
     </span>
     <span class='ocr_line' id='line_1_76' title="bbox 171 5687 971 5766; baseline 0.005 -20"><span class='ocrx_word' id='word_1_788' title='bbox 171 5687 303 5746; x_wconf 88' lang='lat' dir='ltr'>dividitur</span> <span class='ocrx_word' id='word_1_789' title='bbox 323 5690 350 5745; x_wconf 92' lang='lat' dir='ltr'>in</span> <span class='ocrx_word' id='word_1_790' title='bbox 374 5691 442 5747; x_wconf 88' lang='lat' dir='ltr'>duas</span> <span class='ocrx_word' id='word_1_791' title='bbox 462 5699 553 5762; x_wconf 87' lang='lat' dir='ltr'>partes</span> <span class='ocrx_word' id='word_1_792' title='bbox 578 5710 585 5746; x_wconf 76' lang='grc' dir='ltr'><strong>ε</strong></span> <span class='ocrx_word' id='word_1_793' title='bbox 606 5691 689 5747; x_wconf 90' lang='lat' dir='ltr'>altera</span> <span class='ocrx_word' id='word_1_794' title='bbox 713 5691 836 5762; x_wconf 91' lang='lat' dir='ltr'>inierior,</span> <span class='ocrx_word' id='word_1_795' title='bbox 860 5709 922 5766; x_wconf 75' lang='lat' dir='ltr'>quac</span> <span class='ocrx_word' id='word_1_796' title='bbox 942 5702 971 5750; x_wconf 90' lang='lat' dir='ltr'>et</span> 
     </span>
     <span class='ocr_line' id='line_1_77' title="bbox 172 5760 972 5835; baseline 0.005 -18"><span class='ocrx_word' id='word_1_797' title='bbox 172 5761 254 5818; x_wconf 88' lang='lat' dir='ltr'>Delta</span> <span class='ocrx_word' id='word_1_798' title='bbox 275 5777 290 5817; x_wconf 91' lang='lat' dir='ltr'>a</span> <span class='ocrx_word' id='word_1_799' title='bbox 305 5760 392 5835; x_wconf 89' lang='lat' dir='ltr'>ligura</span> <span class='ocrx_word' id='word_1_800' title='bbox 407 5761 574 5835; x_wconf 89' lang='lat' dir='ltr'>triangulari,</span> <span class='ocrx_word' id='word_1_801' title='bbox 611 5777 674 5818; x_wconf 92' lang='lat' dir='ltr'>uam</span> <span class='ocrx_word' id='word_1_802' title='bbox 686 5762 763 5820; x_wconf 85' lang='lat' dir='ltr'>Nilus</span> <span class='ocrx_word' id='word_1_803' title='bbox 775 5762 870 5819; x_wconf 84' lang='lat' dir='ltr'>dextra</span> <span class='ocrx_word' id='word_1_804' title='bbox 893 5765 972 5821; x_wconf 80' lang='lat' dir='ltr'>laeva·</span> 
     </span>
     <span class='ocr_line' id='line_1_78' title="bbox 171 5831 970 5909; baseline 0.005 -20"><span class='ocrx_word' id='word_1_805' title='bbox 171 5847 226 5903; x_wconf 92' lang='lat' dir='ltr'>que</span> <span class='ocrx_word' id='word_1_806' title='bbox 249 5831 350 5890; x_wconf 86' lang='lat' dir='ltr'>divisus</span> <span class='ocrx_word' id='word_1_807' title='bbox 374 5848 426 5890; x_wconf 88' lang='lat' dir='ltr'>suo</span> <span class='ocrx_word' id='word_1_808' title='bbox 448 5832 588 5890; x_wconf 85' lang='lat' dir='ltr'>ambitae</span> <span class='ocrx_word' id='word_1_809' title='bbox 620 5833 665 5904; x_wconf 86' lang='lat' dir='ltr'>cit,</span> <span class='ocrx_word' id='word_1_810' title='bbox 691 5843 873 5909; x_wconf 88' lang='lat' dir='ltr'>nuncupatur.</span> <span class='ocrx_word' id='word_1_811' title='bbox 891 5837 970 5893; x_wconf 82' lang='lat' dir='ltr'>lianc</span> 
     </span>
    </p>
   </div>
   <div class='ocr_carea' id='block_1_20' title="bbox 1023 4771 1823 5899">
    <p class='ocr_par' dir='ltr' id='par_1_22' title="bbox 1023 4771 1823 5839">
     <span class='ocr_line' id='line_1_79' title="bbox 1026 4771 1823 4843; baseline 0.008 -20"><span class='ocrx_word' id='word_1_812' title='bbox 1026 4771 1084 4824; x_wconf 76' lang='lat' dir='ltr'>bers.</span> <span class='ocrx_word' id='word_1_813' title='bbox 1094 4773 1152 4828; x_wconf 81' lang='lat' dir='ltr'>Nou</span> <span class='ocrx_word' id='word_1_814' title='bbox 1164 4772 1296 4826; x_wconf 79' lang='lat' dir='ltr'>itueuriis</span> <span class='ocrx_word' id='word_1_815' title='bbox 1307 4776 1443 4841; x_wconf 77' lang='lat' dir='ltr'>astrorum</span> <span class='ocrx_word' id='word_1_816' title='bbox 1455 4775 1541 4828; x_wconf 83' lang='lat' dir='ltr'>choris</span> <span class='ocrx_word' id='word_1_817' title='bbox 1551 4773 1644 4829; x_wconf 83' lang='lat' dir='ltr'>coelum</span> <span class='ocrx_word' id='word_1_818' title='bbox 1655 4775 1780 4843; x_wconf 72' lang='lat' dir='ltr'>refulget,</span> <span class='ocrx_word' id='word_1_819' title='bbox 1792 4780 1823 4830; x_wconf 86' lang='lat' dir='ltr'>ut</span> 
     </span>
     <span class='ocr_line' id='line_1_80' title="bbox 1024 4844 1822 4915; baseline 0.008 -20"><span class='ocrx_word' id='word_1_820' title='bbox 1024 4844 1135 4911; x_wconf 78' lang='lat' dir='ltr'>AEqppti</span> <span class='ocrx_word' id='word_1_821' title='bbox 1148 4858 1250 4897; x_wconf 77' lang='lat' dir='ltr'>eremus</span> <span class='ocrx_word' id='word_1_822' title='bbox 1269 4845 1417 4898; x_wconf 76' lang='lat' dir='ltr'>irritumcre&#39;s</span> <span class='ocrx_word' id='word_1_823' title='bbox 1434 4847 1622 4899; x_wconf 81' lang='lat' dir='ltr'>monachorum</span> <span class='ocrx_word' id='word_1_824' title='bbox 1636 4861 1667 4899; x_wconf 88' lang='lat' dir='ltr'>oc</span> <span class='ocrx_word' id='word_1_825' title='bbox 1684 4847 1822 4915; x_wconf 78' lang='lat' dir='ltr'>uirginum</span> 
     </span>
     <span class='ocr_line' id='line_1_81' title="bbox 1025 4913 1822 4989; baseline 0.008 -23"><span class='ocrx_word' id='word_1_826' title='bbox 1025 4913 1289 4984; x_wconf 79' lang='lat' dir='ltr'>distinguituratquo</span> <span class='ocrx_word' id='word_1_827' title='bbox 1298 4917 1454 4969; x_wconf 78' lang='lat' dir='ltr'>illiestrutur</span> <span class='ocrx_word' id='word_1_828' title='bbox 1464 4916 1653 4971; x_wconf 72' lang='lat' dir='ltr'>tabernuculis.</span> <span class='ocrx_word' id='word_1_829' title='bbox 1662 4918 1728 4972; x_wconf 68' lang='lat' dir='ltr'>Haec</span> <span class='ocrx_word' id='word_1_830' title='bbox 1737 4916 1822 4989; x_wconf 87' lang='lat' dir='ltr'>Chry·</span> 
     </span>
     <span class='ocr_line' id='line_1_82' title="bbox 1024 4985 1821 5055; baseline 0.008 -17"><span class='ocrx_word' id='word_1_831' title='bbox 1024 4992 1163 5039; x_wconf 92' lang='lat' dir='ltr'>sostomus</span> <span class='ocrx_word' id='word_1_832' title='bbox 1177 4985 1287 5055; x_wconf 82' lang='lat' dir='ltr'>(Hamil.</span> <span class='ocrx_word' id='word_1_833' title='bbox 1301 4991 1318 5039; x_wconf 88' lang='lat'><strong>8</strong></span> <span class='ocrx_word' id='word_1_834' title='bbox 1333 4987 1361 5039; x_wconf 82' lang='lat' dir='ltr'>iu</span> <span class='ocrx_word' id='word_1_835' title='bbox 1376 4987 1464 5041; x_wconf 86' lang='lat' dir='ltr'>llottb</span> <span class='ocrx_word' id='word_1_836' title='bbox 1481 4991 1500 5053; x_wconf 89' lang='lat'>).</span> <span class='ocrx_word' id='word_1_837' title='bbox 1516 4988 1653 5043; x_wconf 87' lang='lat' dir='ltr'>Caeterum</span> <span class='ocrx_word' id='word_1_838' title='bbox 1665 4987 1821 5044; x_wconf 90' lang='lat' dir='ltr'>hu&#39;usmodi</span> 
     </span>
     <span class='ocr_line' id='line_1_83' title="bbox 1024 5004 1822 5130; baseline 0.006 -21"><span class='ocrx_word' id='word_1_839' title='bbox 1024 5054 1222 5111; x_wconf 89' lang='lat' dir='ltr'>monachorum</span> <span class='ocrx_word' id='word_1_840' title='bbox 1244 5057 1270 5110; x_wconf 95' lang='lat' dir='ltr'>iu</span> <span class='ocrx_word' id='word_1_841' title='bbox 1296 5059 1410 5129; x_wconf 65' lang='lat' dir='ltr'>egypto</span> <span class='ocrx_word' id='word_1_842' title='bbox 1428 5057 1583 5130; x_wconf 83' lang='lat' dir='ltr'>degentium</span> <span class='ocrx_word' id='word_1_843' title='bbox 1605 5075 1661 5115; x_wconf 93' lang='lat' dir='ltr'>non</span> <span class='ocrx_word' id='word_1_844' title='bbox 1679 5004 1751 5116; x_wconf 61' lang='lat' dir='ltr'>id&#39;em</span> <span class='ocrx_word' id='word_1_845' title='bbox 1770 5057 1822 5115; x_wconf 83' lang='lat' dir='ltr'>init</span> 
     </span>
     <span class='ocr_line' id='line_1_84' title="bbox 1023 5127 1821 5203; baseline 0.009 -23"><span class='ocrx_word' id='word_1_846' title='bbox 1023 5141 1108 5198; x_wconf 84' lang='lat' dir='ltr'>genus</span> <span class='ocrx_word' id='word_1_847' title='bbox 1128 5127 1262 5194; x_wconf 86' lang='lat' dir='ltr'>oninium,</span> <span class='ocrx_word' id='word_1_848' title='bbox 1275 5136 1302 5182; x_wconf 85' lang='lat' dir='ltr'>et</span> <span class='ocrx_word' id='word_1_849' title='bbox 1324 5127 1469 5194; x_wconf 82' lang='lat' dir='ltr'>institutio,</span> <span class='ocrx_word' id='word_1_850' title='bbox 1488 5145 1538 5184; x_wconf 91' lang='lat' dir='ltr'>neo</span> <span class='ocrx_word' id='word_1_851' title='bbox 1552 5129 1647 5186; x_wconf 87' lang='lat' dir='ltr'>eadem</span> <span class='ocrx_word' id='word_1_852' title='bbox 1661 5129 1724 5187; x_wconf 78' lang='lat' dir='ltr'>vitae</span> <span class='ocrx_word' id='word_1_853' title='bbox 1738 5130 1821 5203; x_wconf 80' lang='lat' dir='ltr'>perle</span> 
     </span>
     <span class='ocr_line' id='line_1_85' title="bbox 1023 5196 1821 5258; baseline 0.006 -6"><span class='ocrx_word' id='word_1_854' title='bbox 1023 5196 1086 5253; x_wconf 89' lang='lat' dir='ltr'>ctio.</span> <span class='ocrx_word' id='word_1_855' title='bbox 1109 5197 1179 5252; x_wconf 90' lang='lat' dir='ltr'>Nam</span> <span class='ocrx_word' id='word_1_856' title='bbox 1192 5198 1316 5253; x_wconf 90' lang='lat' dir='ltr'>nonnulli</span> <span class='ocrx_word' id='word_1_857' title='bbox 1333 5197 1498 5256; x_wconf 89' lang='lat' dir='ltr'>declinantes</span> <span class='ocrx_word' id='word_1_858' title='bbox 1509 5201 1543 5256; x_wconf 90' lang='lat' dir='ltr'>ub</span> <span class='ocrx_word' id='word_1_859' title='bbox 1562 5200 1672 5256; x_wconf 81' lang='lat' dir='ltr'>Antonii</span> <span class='ocrx_word' id='word_1_860' title='bbox 1692 5202 1821 5258; x_wconf 89' lang='lat' dir='ltr'>institutis</span> 
     </span>
     <span class='ocr_line' id='line_1_86' title="bbox 1023 5267 1822 5345; baseline 0.008 -22"><span class='ocrx_word' id='word_1_861' title='bbox 1023 5267 1102 5324; x_wconf 92' lang='lat' dir='ltr'>aliam</span> <span class='ocrx_word' id='word_1_862' title='bbox 1121 5267 1239 5325; x_wconf 90' lang='lat' dir='ltr'>inierunt</span> <span class='ocrx_word' id='word_1_863' title='bbox 1252 5268 1314 5325; x_wconf 81' lang='lat' dir='ltr'>virae</span> <span class='ocrx_word' id='word_1_864' title='bbox 1325 5271 1469 5326; x_wconf 91' lang='lat' dir='ltr'>rationem.</span> <span class='ocrx_word' id='word_1_865' title='bbox 1491 5270 1573 5328; x_wconf 89' lang='lat' dir='ltr'>Unde</span> <span class='ocrx_word' id='word_1_866' title='bbox 1585 5275 1620 5329; x_wconf 91' lang='lat' dir='ltr'>D.</span> <span class='ocrx_word' id='word_1_867' title='bbox 1637 5273 1822 5345; x_wconf 85' lang='lat' dir='ltr'>Hieronymus</span> 
     </span>
     <span class='ocr_line' id='line_1_87' title="bbox 1024 5338 1820 5411; baseline 0.004 -15"><span class='ocrx_word' id='word_1_868' title='bbox 1024 5339 1058 5396; x_wconf 93' lang='lat' dir='ltr'>de</span> <span class='ocrx_word' id='word_1_869' title='bbox 1082 5338 1124 5394; x_wconf 89' lang='lat' dir='ltr'>his</span> <span class='ocrx_word' id='word_1_870' title='bbox 1147 5355 1229 5410; x_wconf 91' lang='lat' dir='ltr'>agens</span> <span class='ocrx_word' id='word_1_871' title='bbox 1247 5340 1275 5395; x_wconf 93' lang='lat' dir='ltr'>in</span> <span class='ocrx_word' id='word_1_872' title='bbox 1297 5341 1376 5411; x_wconf 88' lang='lat' dir='ltr'>epist.</span> <span class='ocrx_word' id='word_1_873' title='bbox 1404 5340 1438 5397; x_wconf 92' lang='lat' dir='ltr'>ad</span> <span class='ocrx_word' id='word_1_874' title='bbox 1464 5343 1641 5401; x_wconf 81' lang='lat' dir='ltr'>Eustochium</span> <span class='ocrx_word' id='word_1_875' title='bbox 1660 5343 1752 5399; x_wconf 86' lang='lat' dir='ltr'>scribit</span> <span class='ocrx_word' id='word_1_876' title='bbox 1769 5360 1820 5400; x_wconf 95' lang='lat' dir='ltr'>suo</span> 
     </span>
     <span class='ocr_line' id='line_1_88' title="bbox 1023 5409 1820 5486; baseline 0.005 -21"><span class='ocrx_word' id='word_1_877' title='bbox 1023 5418 1149 5481; x_wconf 90' lang='lat' dir='ltr'>tempore</span> <span class='ocrx_word' id='word_1_878' title='bbox 1161 5412 1213 5466; x_wconf 90' lang='lat' dir='ltr'>tria</span> <span class='ocrx_word' id='word_1_879' title='bbox 1226 5409 1308 5466; x_wconf 87' lang='lat' dir='ltr'>inisse</span> <span class='ocrx_word' id='word_1_880' title='bbox 1320 5411 1348 5466; x_wconf 94' lang='lat' dir='ltr'>in</span> <span class='ocrx_word' id='word_1_881' title='bbox 1358 5416 1476 5485; x_wconf 83' lang='lat' dir='ltr'>AEgypto</span> <span class='ocrx_word' id='word_1_882' title='bbox 1487 5429 1585 5486; x_wconf 90' lang='lat' dir='ltr'>genera</span> <span class='ocrx_word' id='word_1_883' title='bbox 1600 5414 1798 5469; x_wconf 88' lang='lat' dir='ltr'>monachorum</span> <span class='ocrx_word' id='word_1_884' title='bbox 1813 5435 1820 5469; x_wconf 88' lang='lat'>:</span> 
     </span>
     <span class='ocr_line' id='line_1_89' title="bbox 1023 5481 1821 5553; baseline 0.004 -17"><span class='ocrx_word' id='word_1_885' title='bbox 1023 5481 1144 5553; x_wconf 91' lang='lat' dir='ltr'>primum</span> <span class='ocrx_word' id='word_1_886' title='bbox 1162 5481 1380 5551; x_wconf 73' lang='lat' dir='ltr'>coenobitarum,</span> <span class='ocrx_word' id='word_1_887' title='bbox 1404 5484 1431 5540; x_wconf 95' lang='lat' dir='ltr'>id</span> <span class='ocrx_word' id='word_1_888' title='bbox 1449 5494 1500 5552; x_wconf 84' lang='lat' dir='ltr'>est,</span> <span class='ocrx_word' id='word_1_889' title='bbox 1522 5485 1550 5540; x_wconf 90' lang='lat' dir='ltr'>in</span> <span class='ocrx_word' id='word_1_890' title='bbox 1570 5483 1709 5541; x_wconf 89' lang='lat' dir='ltr'>communi</span> <span class='ocrx_word' id='word_1_891' title='bbox 1728 5485 1821 5539; x_wconf 85' lang='lat' dir='ltr'>viven-</span> 
     </span>
     <span class='ocr_line' id='line_1_90' title="bbox 1023 5551 1820 5626; baseline 0.006 -19"><span class='ocrx_word' id='word_1_892' title='bbox 1023 5551 1111 5619; x_wconf 80' lang='lat' dir='ltr'>tium3</span> <span class='ocrx_word' id='word_1_893' title='bbox 1125 5551 1276 5609; x_wconf 89' lang='lat' dir='ltr'>secundum</span> <span class='ocrx_word' id='word_1_894' title='bbox 1290 5553 1531 5622; x_wconf 69' lang='lat' dir='ltr'>anachoretarum</span> <span class='ocrx_word' id='word_1_895' title='bbox 1546 5555 1665 5621; x_wconf 82' lang='lat' dir='ltr'>tertium,</span> <span class='ocrx_word' id='word_1_896' title='bbox 1678 5554 1754 5626; x_wconf 91' lang='lat' dir='ltr'>quod</span> <span class='ocrx_word' id='word_1_897' title='bbox 1768 5572 1820 5612; x_wconf 85' lang='lat' dir='ltr'>vo·</span> 
     </span>
     <span class='ocr_line' id='line_1_91' title="bbox 1023 5622 1820 5698; baseline 0.006 -19"><span class='ocrx_word' id='word_1_898' title='bbox 1023 5631 1067 5680; x_wconf 90' lang='lat' dir='ltr'>cat</span> <span class='ocrx_word' id='word_1_899' title='bbox 1087 5622 1274 5691; x_wconf 81' lang='lat' dir='ltr'>deterrimum,</span> <span class='ocrx_word' id='word_1_900' title='bbox 1296 5623 1372 5682; x_wconf 93' lang='lat' dir='ltr'>haud</span> <span class='ocrx_word' id='word_1_901' title='bbox 1386 5626 1509 5682; x_wconf 84' lang='lat' dir='ltr'>absimile</span> <span class='ocrx_word' id='word_1_902' title='bbox 1526 5625 1572 5689; x_wconf 93' lang='lat' dir='ltr'>illi,</span> <span class='ocrx_word' id='word_1_903' title='bbox 1592 5624 1667 5698; x_wconf 90' lang='lat' dir='ltr'>quod</span> <span class='ocrx_word' id='word_1_904' title='bbox 1680 5629 1715 5681; x_wconf 90' lang='grc'>1).</span> <span class='ocrx_word' id='word_1_905' title='bbox 1729 5629 1820 5684; x_wconf 89' lang='lat' dir='ltr'>Bene—</span> 
     </span>
     <span class='ocr_line' id='line_1_92' title="bbox 1023 5693 1819 5770; baseline 0.005 -19"><span class='ocrx_word' id='word_1_906' title='bbox 1023 5693 1113 5751; x_wconf 88' lang='lat' dir='ltr'>dictus</span> <span class='ocrx_word' id='word_1_907' title='bbox 1128 5695 1251 5751; x_wconf 89' lang='lat' dir='ltr'>nomiuat</span> <span class='ocrx_word' id='word_1_908' title='bbox 1263 5695 1478 5753; x_wconf 85' lang='lat' dir='ltr'>sarabaitarum.</span> <span class='ocrx_word' id='word_1_909' title='bbox 1498 5695 1551 5754; x_wconf 89' lang='lat' dir='ltr'>Sed</span> <span class='ocrx_word' id='word_1_910' title='bbox 1566 5695 1601 5754; x_wconf 88' lang='lat' dir='ltr'>de</span> <span class='ocrx_word' id='word_1_911' title='bbox 1615 5697 1656 5753; x_wconf 92' lang='lat' dir='ltr'>his</span> <span class='ocrx_word' id='word_1_912' title='bbox 1670 5698 1748 5770; x_wconf 88' lang='lat' dir='ltr'>plura</span> <span class='ocrx_word' id='word_1_913' title='bbox 1766 5699 1819 5755; x_wconf 92' lang='lat' dir='ltr'>alio</span> 
     </span>
     <span class='ocr_line' id='line_1_93' title="bbox 1024 5765 1577 5839; baseline 0.004 -17"><span class='ocrx_word' id='word_1_914' title='bbox 1024 5765 1084 5823; x_wconf 87' lang='lat' dir='ltr'>loco</span> <span class='ocrx_word' id='word_1_915' title='bbox 1096 5770 1105 5830; x_wconf 92' lang='lat'>(</span> <span class='ocrx_word' id='word_1_916' title='bbox 1119 5767 1188 5824; x_wconf 82' lang='lat' dir='ltr'>Vide</span> <span class='ocrx_word' id='word_1_917' title='bbox 1202 5768 1296 5824; x_wconf 78' lang='lat' dir='ltr'>collat.</span> <span class='ocrx_word' id='word_1_918' title='bbox 1312 5773 1343 5822; x_wconf 84' lang='grc'>18</span> <span class='ocrx_word' id='word_1_919' title='bbox 1358 5783 1417 5839; x_wconf 86' lang='lat' dir='ltr'>cop.</span> <span class='ocrx_word' id='word_1_920' title='bbox 1430 5774 1447 5824; x_wconf 79' lang='grc'>1</span> <span class='ocrx_word' id='word_1_921' title='bbox 1459 5773 1484 5823; x_wconf 83' lang='grc'>11</span> <span class='ocrx_word' id='word_1_922' title='bbox 1494 5772 1577 5839; x_wconf 80' lang='lat' dir='ltr'>seq).</span> 
     </span>
    </p>

    <p class='ocr_par' dir='ltr' id='par_1_23' title="bbox 1058 5821 1818 5899">
     <span class='ocr_line' id='line_1_94' title="bbox 1058 5821 1818 5899; baseline 0.007 -7"><span class='ocrx_word' id='word_1_923' title='bbox 1058 5821 1147 5893; x_wconf 79' lang='lat' dir='ltr'>dFuit</span> <span class='ocrx_word' id='word_1_924' title='bbox 1160 5835 1221 5894; x_wconf 82' lang='lat' dir='ltr'>haee</span> <span class='ocrx_word' id='word_1_925' title='bbox 1239 5837 1371 5895; x_wconf 89' lang='lat' dir='ltr'>institutio</span> <span class='ocrx_word' id='word_1_926' title='bbox 1388 5847 1417 5896; x_wconf 87' lang='lat' dir='ltr'>ot</span> <span class='ocrx_word' id='word_1_927' title='bbox 1431 5838 1601 5898; x_wconf 86' lang='lat' dir='ltr'>consuetudo</span> <span class='ocrx_word' id='word_1_928' title='bbox 1615 5839 1673 5899; x_wconf 82' lang='lat' dir='ltr'>iere</span> <span class='ocrx_word' id='word_1_929' title='bbox 1692 5841 1818 5899; x_wconf 85' lang='lat' dir='ltr'>omnium</span> 
     </span>
    </p>
   </div>
   <div class='ocr_carea' id='block_1_21' title="bbox 0 0 1928 6150">
    <p class='ocr_par' dir='ltr' id='par_1_24' title="bbox 0 0 1928 6150">
     <span class='ocr_line' id='line_1_95' title="bbox 0 0 1928 6150; baseline 0 0"><span class='ocrx_word' id='word_1_930' title='bbox 0 0 1928 6150; x_wconf 95' lang='lat' dir='ltr'> </span> 
     </span>
    </p>
   </div>
  </div>
 </body>
</html>
