3848 6158
136 281 188 336 758
453 273 622 331 conlatio
641 273 712 329 vill.
731 301 768 314 -
785 273 830 329 nit
848 273 1107 330 Pntrtctetrlnis
1124 273 1187 329 SEU
1208 270 1471 330 Petasrnttntls.
1736 272 1789 327 754

135 402 187 460 bus
215 400 347 460 obedire:
372 410 420 458 aut
447 400 522 456 enim
545 398 682 457 sanctitati
702 397 827 457 fidelium
847 398 937 457 divina
949 404 976 467 Α
990 399 1057 456 atari
1072 408 1101 456 et
1119 397 1236 472 gaudere
1249 372 1437 472 cognoscunt,⁴
1448 397 1523 455 velut
1536 379 1703 455 domesticos
1719 395 1787 468 ejus,

136 497 222 572 gralia
236 512 268 552 ac
283 494 382 552 virtute
391 493 559 562 subduntur,
579 497 592 526 ²
613 501 660 550 aut
682 491 818 549 ascetriis
836 492 934 565 impio·
987 491 1090 549 habere
1099 493 1189 564 ,etiam
1201 491 1380 549 indaemones
1393 492 1418 548 ei
1432 491 1555 548 subditos
1569 496 1741 563 potestatem.

136 604 197 647 rum
212 604 259 646 seu
277 587 445 661 quibusdam
459 585 625 644 carminibus
633 584 749 654 deliniti,
764 585 838 643 reiut
850 585 934 644 tami·
1402 635 1408 651 ,

134 680 249 739 liar-ibus
269 680 425 738 adulantur.
449 683 507 753 Qua
528 679 653 753 opinione
676 678 808 737 Pharisaei
827 694 936 753 quoque
1284 631 1404 690 mm
1423 633 1490 688 xx'
1701 753 1707 765 ·

134 772 251 847 decepti,
265 775 394 833 arbitrati
409 782 474 833 sunt
490 773 574 831 ctiam
595 772 747 830 Dominum
765 772 936 831 salvatorem
987 756 1168 838 Intimilii&
1182 754 1215 811 ‘¹0
1229 757 1360 838 (Ψθξΐαῑῐΰ
1374 755 1595 838 permiscentes
1614 755 1707 811 dense
1729 766 1787 807 cnm

139 869 193 926 hac
214 877 272 926 arte
287 868 430 927 daemoniis
450 869 608 942 imperasse,
629 865 763 937 dimotas,
787 868 936 926 nrlteeiae-
1094 827 1203 896 mmm
1218 825 1354 882 'mmmm
1368 825 1678 881 ⁰⁰²¹⁶ubm³⁸⁶d²⁶w²wr¹

138 964 191 1017 bnb
199 965 321 1034 pr'noipe
337 963 529 1019 demoniorum
540 963 584 1018 bic
598 961 811 1034 pimtdoemones
825 961 933 1033 (Mani.
1023 964 1179 1022 Germanus
1195 985 1201 1020 :
1219 965 1288 1037 Quia
1312 965 1451 1022 Geneseos
1469 965 1550 1020 lectio
1571 963 1652 1036 paulo
1672 969 1735 1018 ante
1755 960 1785 1016 in

135 1058 203 1125 ιιι);
230 1055 381 1114 secundum
407 1056 481 1113 illam
505 1056 607 1115 scilieet
631 1054 936 1130 consuetudinemque
987 1056 1109 1113 mediam
1132 1057 1166 1114 de
1179 1056 1382 1130 dispensatione
1405 1057 1508 1130 prolata
1521 1065 1572 1123 est,
1598 1071 1660 1128 quae
1675 1070 1726 1112 nos
1740 1069 1787 1127 op

133 1159 234 1206 norant
246 1165 313 1208 suos
339 1165 436 1224 magos
451 1151 492 1207 ael
514 1149 655 1210 maleficos
675 1168 723 1227 per
737 1150 936 1209 intonationem
987 1159 1107 1223 portune
1121 1150 1293 1207 commonuit
1311 1158 1342 1206 ut
1357 1148 1384 1207 id
1398 1148 1474 1220 quod
1486 1164 1594 1219 semper
1616 1147 1723 1205 discere
1737 1162 1786 1203 cu·

133 1243 255 1301 nominis
269 1245 342 1302 illius
354 1260 385 1301 ac
395 1244 477 1302 ritum
494 1245 695 1302 sacrificiorum
710 1261 766 1320 quo
778 1259 842 1303 eum
862 1244 936 1303 dele·
987 1244 1139 1317 piebamns,
1151 1259 1224 1301 nunc
1236 1242 1372 1317 possimus
1391 1256 1514 1314 congrue
1533 1241 1678 1309 sciscitari,
1695 1234 1787 1314 bperid

679 1388 807 1444 sienni
825 1387 939 1444 GAZAEI
958 1385 1238 1445 COMMENTARIUS.

133 1507 161 1566 id
177 1517 228 1575 est,
244 1508 369 1565 Ecclesiae
390 1509 538 1582 generatim
552 1517 580 1566 et
600 1511 629 1566 in
647 1510 789 1568 communi
807 1511 935 1583 promisit
987 1511 1148 1578 invocando,
1159 1509 1395 1568 immoadorando
1410 1517 1437 1567 et
1449 1509 1638 1578 sacrificando,
1650 1509 1737 1566 uthic
1748 1508 1785 1566 di·

134 1580 257 1652 (ima)
284 1579 407 1636 Christus
427 1579 455 1636 in
478 1583 578 1638 coelum
591 1597 757 1638 ascensurus
769 1581 823 1638 illis
845 1582 935 1639 verbis
986 1582 1068 1639 citur.
1083 1584 1220 1640 carerem
1239 1581 1283 1639 hie
1296 1580 1459 1648 notandum,
1481 1582 1581 1653 primo,
1599 1596 1696 1653 magos
1716 1580 1785 1637 nihil

134 1649 206 1723 apud
220 1651 343 1707 Marcum
357 1666 417 1722 cap.
430 1667 485 1709 xvi
499 1669 507 1706 ε
521 1653 618 1723 sipara,
632 1668 675 1709 eos
689 1654 739 1723 qni
757 1653 933 1722 crediderint,
987 1653 1087 1710 trabere
1106 1654 1246 1725 potestatis
1265 1661 1311 1709 aut
1324 1652 1424 1709 virium
1442 1652 1470 1709 in
1495 1651 1654 1717 daemones,
1677 1651 1728 1708 nisi
1753 1667 1785 1707 ex

134 1723 188 1777 bac
199 1726 343 1791 sequentur
355 1740 361 1776 :
372 1725 404 1779 in
416 1724 524 1780 nomine
538 1738 595 1780 meo
607 1723 741 1780 daemonia
754 1724 871 1793 ejicient,
880 1731 932 1779 etc.
989 1733 1066 1794 pacto
1085 1724 1126 1780 vel
1142 1725 1264 1797 ipsorum
1279 1723 1455 1780 simulatione
1472 1742 1479 1778 z
1503 1720 1618 1794 proinde
1632 1737 1686 1777 non
1706 1736 1786 1792 posse

133 1793 201 1862 Quae
223 1792 334 1864 quidem
358 1792 506 1865 promissio
533 1792 568 1852 ad
593 1809 691 1851 omnes
714 1792 817 1851 Christi
838 1793 932 1851 lideles
986 1794 1279 1867 ipsosinritoscogere
1294 1794 1329 1852 ad
1347 1794 1450 1866 aliquid
1474 1791 1628 1849 laciendum
1644 1791 1684 1847 vel
1700 1792 1784 1849 omit·

133 1872 254 1936 spectat3
267 1880 324 1920 non
344 1864 420 1945 quod
433 1864 547 1947 singulis
558 1864 716 1939 hujusmodi
729 1873 849 1992 pptastas
860 1877 932 1946 oom3
985 1866 1113 1932 tendum,
1122 1866 1175 1923 nisi
1189 1866 1251 1923 ficte
1258 1873 1286 1922 et
1294 1865 1431 1922 simulate.
1441 1867 1562 1935 Finpnnt
1569 1867 1640 1919 enim
1653 1864 1785 1920 demones

134 1935 272 1991 manicata
293 1933 385 2001 luent,
411 1933 459 1992 sed
485 1937 586 2008 qulbus
600 1936 729 1993 convenia
766 1943 777 1991 t
793 1945 824 1992 ut
838 1951 870 1992 ea
889 1943 929 1991 un
945 1935 969 1997 B
985 1952 1012 1993 se
1025 1940 1139 2006 omopis
1151 1941 1218 2007 copi,
1231 1938 1328 2007 quibas
1341 1941 1433 2007 sperne
1454 1936 1637 2005 obtemperant
1652 1940 1676 1990 at
1691 1937 1786 2002 samn-

133 2013 255 2078 possent,
266 2004 373 2076 quando
381 2005 548 2078 etquaindiu
556 2007 701 2079 expediret
709 2006 744 2064 ad
752 2007 804 2065 Dei
815 2006 929 2074 aleriam
984 2014 1089 2073 tantur,
1102 2025 1154 2079 peto
1165 2011 1254 2077 mepis
1264 2023 1305 2064 eos
1313 2012 1338 2063 et
1351 2009 1420 2062 alios
1432 2009 1566 2069 irretiant,
1576 2011 1601 2061 et
1615 2008 1731 2062 irretitos
1740 2022 1785 2062 re·

134 2075 363 2203 pfiomovendarp,
379 2076 412 2133 ad
428 2091 607 2202 wmffiinem
630 2077 759 2204 Εῗὲιιίω
772 2072 929 2145 utilitatem,
983 2083 1096 2147 tineent,
1112 2088 1144 2161 ut
1156 2080 1236 2134 docet
1253 2081 1288 2134 D.
1304 2078 1473 2161 ltugtrsta‘nus
1487 2075 1612 2202 libarbde
1632 2076 1713 2202 §ivat-
1731 2076 1784 2202 ¹Ilei

134 2147 932 2301 terlitititctltiltsttii‘t„pti2itatis
985 2148 1784 2301 illinitittiititbititiltiiiiii-ti

136 2296 209 2370 vata,
225 2287 309 2344 altera
322 2287 428 2370 publica
438 2308 446 2356 ;
458 2297 571 2372 ppvatp,
588 2289 615 2346 id
635 2299 689 2357 est,
704 2289 868 2372 quibusdam
882 2288 932 2347 bo·
986 2312 1014 2352 se
1027 2297 1155 2356 rientem,
1166 2296 1197 2347 nt
1209 2296 1233 2348 te
1242 2293 1359 2359 vinoci,-
1373 2295 1455 2347 aetna
1468 2290 1738 2372 inpraesentarium,
1752 2295 1783 2346 ut

135 2359 260 2440 mturbus
268 2367 368 2440 sancus
378 2375 405 2415 tn
417 2367 604 2417 testimonium
618 2362 770 2418 sanctitatis
783 2362 879 2418 collata
894 2376 928 2416 ex
983 2372 1008 2423 te
1019 2367 1074 2420 sibi
1085 2364 1198 2429 sabdat;
1207 2379 1225 2418 a
1233 2368 1258 2419 te
1268 2364 1411 2429 ittelnsam,
1423 2365 1454 2417 at
1462 2366 1487 2417 te
1496 2362 1616 2430 filialiter·
1629 2361 1782 2426 concludat:

134 2429 260 2500 peculiari
274 2431 324 2485 Der
339 2429 413 2486 dono
426 2440 452 2487 et
463 2431 568 2559 spratia,
581 2447 665 2505 quam
678 2442 775 2488 vomat
789 2432 870 2505 gratis
884 2431 929 2489 da·
982 2439 1062 2509 papii
1075 2440 1155 2492 setae
1166 2440 1225 2490 arte
1234 2435 1395 2504 imapirrieel
1405 2433 1648 2503 lapidiollipatnm,
1665 2437 1696 2486 nt
1707 2432 1783 2498 srani-

134 2509 200 2556 tam.
212 2499 453 2571 cujusmodidooo
482 2505 509 2558 S.
526 2501 684 2574 illospatres
695 2511 723 2559 et
735 2502 928 2573 anachoretas,
984 2510 1032 2564 bns
1050 2512 1218 2578 peccatorum
1242 2506 1390 2575 relipatnm
1404 2505 1441 2558 ad
1460 2506 1598 2570 tresel-nam
1614 2508 1638 2557 te
1650 2503 1783 2571 perducat

130 2571 195 2627 licet
207 2571 325 2644 privatos
335 2569 471 2642 homines,
485 2573 655 2639 Antonium,
670 2573 848 2640 Hilarionem,
860 2576 930 2630 Pau·
983 2579 1126 2649 (Alpbons.
1141 2593 1159 2630 a
1174 2578 1266 2634 castro
1278 2618 1286 2639 ,
1300 2577 1348 2630 lib.
1366 2590 1376 2631 ι
1394 2575 1428 2628 de
1445 2575 1635 2629 testatiores.
1651 2575 1744 2628 Prosit.
1757 2577 1777 2641 ).

133 2640 190 2698 lum
204 2642 369 2724 simplicemr
382 2644 536 2700 Maeotium
550 2653 578 2701 et
586 2645 657 2700 alios
670 2645 799 2701 clamisse
808 2653 926 2701 constat.
983 2652 1070 2706 Porro
1082 2662 1146 2702 cnm
1157 2645 1299 2702 daemones
1315 2645 1360 2700 alii
1374 2644 1432 2700 aliis
1444 2644 1499 2698 sint
1520 2643 1695 2713 potentiores,
1716 2643 1780 2713 qtria

133 2713 215 2771 Unde
229 2715 293 2769 Dra.
314 2711 499 2787 Hieronymus
510 2714 537 2768 in
552 2715 614 2772 Vita
621 2715 772 2772 Hilarionis
785 2733 791 2770 :
806 2715 928 2784 Latebat,
983 2718 1149 2791 superiores,
1165 2723 1197 2772 ut
1214 2714 1322 2771 dictum
1338 2722 1389 2777 est,
1404 2729 1574 2784 consequeus
1586 2721 1636 2780 est,
1649 2711 1671 2766 si
1683 2727 1782 2784 magus

133 2784 231 2855 mquit,
243 2786 274 2838 in
284 2785 610 2854 Opproinsnlaliilmion.
623 2788 754 2845 cantum
764 2787 859 2841 amad
869 2788 928 2858 pie·
984 2799 1094 2872 pactum
1117 2785 1216 2843 lrabeat
1232 2800 1295 2842 eum
1317 2785 1446 2842 daemone
1465 2783 1614 2854 superiore,
1640 2796 1719 2852 posse
1733 2799 1781 2853 per

134 2872 198 2911 nam
210 2858 310 2925 eipinti
322 2859 452 2912 transiere
462 2856 535 2921 dies,
549 2873 668 2929 comper
680 2874 783 2914 omnem
794 2859 927 2923 intentam,
983 2876 1075 2933 rpsum
1089 2857 1139 2915 sibi
1160 2873 1192 2914 ex
1213 2865 1290 2930 pacto
1305 2855 1483 2912 famulantem
1497 2854 1564 2910 alios
1576 2851 1719 2909 inferiores
1739 2869 1781 2911 co

132 2930 291 2997 quicumque
302 2928 450 2982 immoratos
464 2929 580 2984 babeant
598 2931 723 3000 spiritns,
748 2930 864 2986 elamore
880 2945 929 2985 ca-
982 2947 1045 3006 gere
1060 2940 1088 2988 et
1100 2945 1150 2986 uo
1173 2927 1305 3000 obsequio
1329 2926 1477 2999 subjicere.
1508 2924 1656 2998 Quomodo
1680 2923 1780 2996 legitur

130 3003 234 3124 pegppet
244 3000 343 3054 amima
356 2999 648 3126 ffi‘affff‘smrssmm
658 3003 718 3126 pocot,
731 3004 755 3128 g
767 3000 805 3085 ad
827 3017 895 3126 cnop
900 3015 928 3057 se
983 2999 1332 3143 4⁹q¹¹⁰⁰ip¹ffpffageusrfft⁰s
1343 2994 1779 3138 aliautstrrlr'apgleffitipirptssmdnrppgs

133 3086 168 3123 re
345 3086 401 3123 a.
459 3086 638 3136 camena,
751 3087 853 3133 annm,
897 3088 925 3127 oo
982 3088 1092 3131 recisse
1179 3086 1251 3127 osra
1284 3086 1345 3126 san
1466 3086 1475 3122 a
1518 3109 1524 3122 .
1617 3083 1623 3093 ·
1767 3097 1778 3108 -

129 3085 374 3210 tapettomes
386 3142 497 3210 reliqna
508 3141 719 3196 conclamabant.
732 3143 926 3210 Intertripinta
979 3091 1037 3201 rius
1047 3145 1114 3200 lib.r
1128 3143 1305 3215 Dialogorum
1313 3085 1431 3213 oapejlb,
1442 3147 1536 3195 narrat
1547 3137 1669 3194 nobilem
1681 3153 1778 3210 qnam·

132 3213 376 3281 ipitnr,necmnlto
390 3210 703 3281 amplinsdies,dacenti
714 3213 927 3281 sermetamoiri
979 3215 1043 3271 dam
1073 3214 1203 3271 seminam
1232 3212 1346 3285 magicis
1367 3209 1622 3268 incantationibusa
1642 3208 1779 3267 daemonio

131 3299 213 3354 panem
227 3283 348 3338 mulieres
361 3283 398 3336 od
407 3297 467 3338 eam
481 3284 634 3352 conprcpati
644 3287 718 3346 snat,
732 3285 780 3352 pai
792 3296 880 3338 omnes
893 3283 927 3338 ab
941 3323 964 3387 C
981 3286 1142 3352 liberatam3
1156 3283 1205 3340 sed
1221 3281 1397 3355 postmodum
1414 3281 1448 3337 ab
1460 3281 1565 3350 integra
1574 3279 1735 3335 daemonum
1746 3281 1779 3337 le

130 3355 220 3410 eorem
237 3355 336 3410 curtati.
349 3355 416 3409 Haec
430 3353 626 3425 Hieronymus.
640 3354 732 3410 Altera
744 3360 864 3425 potestas
873 3368 926 3424 pu·
980 3356 1060 3437 pone
1075 3354 1159 3411 inisse
1177 3361 1348 3422 occupatam.
1360 3354 1430 3409 blico
1444 3354 1513 3406 enim
1529 3353 1580 3405 Dei
1592 3353 1780 3420 otnrripotenlis

130 3425 210 3492 blica,
226 3439 286 3497 quae
304 3424 369 3480 solis
381 3424 509 3479 Ecclesiae
524 3423 657 3481 ministris
669 3424 810 3496 competit.
826 3424 855 3480 in
868 3423 926 3497 qni·
974 3427 1094 3497 jndicio,
1108 3425 1208 3494 inquit,
1220 3423 1287 3478 dnm
1297 3428 1354 3478 arte
1370 3422 1619 3493 percersammsab
1634 3436 1665 3475 ea
1679 3422 1773 3490 repetii

129 3495 183 3552 bus
195 3504 237 3552 est
248 3493 315 3552 ordo
323 3495 658 3567 exorcistarum‚quorum
688 3495 810 3567 roprium
824 3510 925 3552 munus
980 3504 1034 3560 tur,
1050 3500 1079 3552 in
1092 3512 1149 3551 eam
1163 3495 1251 3550 subito
1267 3493 1469 3564 iepiointmeit,
1483 3495 1659 3565 ooepitpneea
1672 3492 1780 3548 bacilla

132 3575 176 3622 est
199 3566 337 3623 demones
355 3564 489 3638 adjurare,
504 3575 554 3623 ete
566 3512 726 3638 amponius
742 3567 859 3624 obsessis
869 3567 925 3624 sive
982 3568 1141 3625 totmotibns
1153 3567 1264 3637 epitasi,
1277 3570 1315 3622 tot
1330 3565 1436 3620 ooaibas
1450 3569 1476 3619 et
1487 3564 1649 3646 clamoribus
1658 3568 1780 3634 perstre-

132 3637 263 3709 possessis
273 3638 415 3710 expellere.
428 3640 489 3711 Qua
505 3637 538 3693 de
550 3654 578 3695 re
594 3638 782 3696 Tertullianus
799 3639 834 3695 ad
859 3638 926 3695 Sea·
977 3657 1051 3712 pere,
1062 3645 1127 3711 anot
1137 3639 1280 3710 spiritibus
1293 3639 1442 3693 terrebatur.
1457 3634 1549 3693 Sedde
1562 3635 1605 3691 lus
1618 3635 1694 3702 plura
1708 3634 1779 3718 apud

131 3706 222 3780 polam
236 3725 295 3781 cap.
312 3714 346 3764 t:
369 3713 514 3778 Dammae,
525 3709 625 3782 inquit,
637 3727 690 3766 non
704 3715 811 3766 tantum
822 3712 924 3781 respui·
980 3715 1092 3769 Petrum
1106 3709 1426 3785 Thyraeum,b1artinum
1439 3707 1562 3763 Delrium
1572 3715 1599 3762 et
1611 3706 1677 3763 alios
1687 3722 1734 3779 qur
1745 3707 1779 3764 de
1857 3714 1861 3721 “

131 3795 200 3842 mus,
210 3797 300 3836 rernm
313 3782 393 3835 etiam
403 3783 572 3844 revincimus,
586 3786 611 3837 et
619 3782 740 3851 quotidie
749 3782 925 3849 traducimus,
978 3782 1151 3840 daemonibus
1169 3787 1196 3838 et
1209 3779 1385 3838 daemoniacis
1398 3779 1572 3849 scripserunt.
1649 3847 1654 3857 Ι
1754 3848 1759 3858 Ι

131 3851 196 3906 etde
209 3852 360 3907 bominibus
374 3853 532 3922 ecpnilimns
542 3870 550 3917 ;
561 3853 630 3905 sient
637 3853 765 3920 plurimis
774 3857 867 3906 notum
876 3856 925 3918 est,
1015 3856 1028 3890 a
1049 3857 1117 3911 ilaec
1128 3849 1274 3909 difficultas
1286 3851 1552 3933 perantiquaortum
1572 3844 1668 3926 habuit
1682 3862 1714 3900 er
1733 3847 1778 3902 dr-

132 3919 928 3988 Olt!siandirecellesetoiderequandoanobisadjetrantar
980 3937 1056 3979 versa
1082 3924 1217 3992 versione,
1240 3931 1268 3979 et
1288 3921 1427 3977 intellectu
1448 3918 1519 3974 tilius
1538 3925 1695 3979 sentcntiae,
1717 3930 1779 3986 puae

132 3997 159 4047 ⁶²
167 3989 520 4064 torquantnrspiritnatibns
534 3989 673 4055 dbbtsstei
681 3988 821 4042 verborum
829 3993 928 4043 tomen-
981 3992 1097 4049 habetur
1107 3994 1274 4063 Genesoap.
1286 4007 1318 4048 vr
1332 4009 1339 4046 :
1351 3991 1478 4048 Videntes
1489 3989 1541 4058 filii
1549 3991 1599 4043 Dei
1607 3988 1680 4056 filios
1690 3987 1779 4040 bomi-

132 4066 167 4120 tt's
175 4064 207 4120 ae
216 4064 329 4120 obsessis
335 4059 487 4129 emporibus
498 4057 655 4126 ejicientem
663 4057 773 4126 qnando
785 4058 928 4128 ejulantes,
980 4078 1045 4117 nam
1054 4063 1351 4132 paodessentpulclntc,
1363 4058 1580 4128 aceepentntsibi
1587 4073 1683 4112 natones
1691 4073 1779 4112 enom

130 4139 157 4189 et
168 4139 300 4203 pemontes
319 4144 379 4184 voce
395 4129 523 4191 tomara
537 4132 562 4183 et
571 4132 702 4197 potestate
713 4128 807 4183 diuina
820 4129 929 4199 {lapella
980 4133 1061 4187 nibus
1075 4146 1142 4202 qaas
1155 4132 1297 4199 cleperent.
1310 4133 1344 4185 Et
1356 4127 1426 4184 inira
1443 4130 1586 4196 :Gigantes
1598 4133 1687 4182 antem
1702 4133 1779 4184 erant

129 4209 157 4260 et
170 4207 283 4259 verbero
301 4202 442 4255 sentientes
461 4205 603 4254 venturam
622 4199 731 4255 'adicem
753 4203 929 4270 corrptmtnr!
980 4217 1062 4274 snper
1076 4208 1176 4258 terram
1187 4203 1217 4255 in
1237 4201 1329 4255 diebus
1343 4201 1406 4254 illis.
1421 4201 1647 4269 Postpnomenim
1662 4201 1780 4269 inpressi

132 4276 239 4333 Veniet
252 4285 448 4343 copnoscecera
462 4285 516 4326 esse
544 4286 586 4326 ute
616 4273 763 4327 immanita
776 4273 805 4328 S.
816 4270 926 4343 Cypria·
981 4279 1046 4329 satit
1059 4275 1113 4344 piri
1128 4273 1179 4329 Dei
1191 4272 1227 4327 aa
1245 4272 1476 4341 filnnbominam,
1492 4270 1598 4339 illaque
1612 4277 1773 4340 neruoram,

129 4360 194 4400 nus.
223 4346 255 4398 lu
275 4341 391 4399 concilio
409 4349 505 4413 anano
524 4287 726 4413 gamhapinensi
740 4343 818 4413 (Gap,
833 4343 872 4413 7),
885 4342 928 4399 eui
981 4347 1029 4401 isti
1036 4350 1100 4401 snnt
1105 4342 1417 4416 potentesasoeonioeiri
1422 4341 1530 4413 semesi)
1546 4341 1777 4413 Ubiseptuaginta

132 4417 165 4470 D.
178 4413 326 4484 Cyprianus
338 4412 371 4471 ad
384 4413 589 4471 Demetrianum
597 4412 698 4472 iliricae
712 4417 926 4486 proconsulem:
981 4417 1146 4542 interpretes
1153 4415 1180 4471 in
1187 4414 1303 4471 editione
1310 4412 1548 4486 vetustiori,quam
1560 4413 1639 4469 Philo
1650 4414 1775 4486 iudaeus,

127 4491 165 4542 D.
183 4485 350 4557 rtagrrstinus
362 4482 493 4550 interluit,
510 4484 546 4541 ita
563 4486 632 4541 inter
644 4492 759 4543 caeteros
770 4485 880 4543 ordines
892 4485 927 4543 de
980 4488 1052 4543 Ense
1073 4488 1114 4543 ius
1126 4495 1153 4542 et
1166 4486 1211 4543 alii
1223 4484 1308 4543 secuti
1323 4494 1386 4542 sunt
1402 4486 1488 4551 (Philo
1501 4487 1548 4541 lib.
1560 4486 1775 4557 detinentibus

130 4558 263 4613 exorcista
276 4555 427 4613 ordinando
441 4554 565 4612 traditur.
584 4558 723 4612 armenta
734 4573 794 4612 enm
812 4557 927 4613 ordina·
981 4560 1088 4631 Jasept.
1102 4559 1168 4615 libr
1181 4560 1275 4628 Antip.
1292 4574 1313 4613 e.
1336 4564 1372 4626 53
1392 4559 1523 4615 Etnebins
1537 4557 1582 4612 lib.
1609 4572 1628 4610 v
1648 4562 1775 4628 Eeanpel.

131 4633 186 4691 tna,
202 4630 316 4699 acceptat
325 4628 359 4683 de
372 4643 455 4681 mna
470 4628 585 4697 episcopi
598 4627 715 4681 libellam
727 4630 755 4683 in
768 4644 821 4697 qno
832 4615 965 4699 seriptiD
980 4633 1113 4703 Propera
1124 4631 1403 4688 Clemensellecondr.
1416 4630 1464 4684 lib.
1477 4644 1510 4685 ιιι
1524 4633 1549 4682 ct
1563 4642 1581 4679 v
1591 4629 1712 4689 Sinam),
1726 4643 1776 4696 pro

129 4706 194 4754 suaet
208 4700 361 4765 eaoreismi‚
374 4699 478 4753 dicente
491 4699 545 4752 sibi
560 4699 697 4767 cptisoopo:
712 4699 810 4769 Accipe
823 4704 848 4754 et
857 4715 926 4755 com·
981 4701 1044 4758 liliis
1057 4703 1109 4759 Dei
1122 4710 1264 4758 verterunt
1277 4701 1301 4753 ol
1320 4700 1426 4771 ἄγγελοι
1443 4703 1488 4751 τοῦ
1501 4697 1583 4775 droa,
1606 4697 1698 4759 anpeli
1708 4698 1775 4774 nei,

130 4772 228 4825 menda
238 4772 382 4838 memoriae,
395 4773 420 4824 et
431 4768 526 4824 bobeta
533 4773 692 4840 potestatem
704 4770 859 4839 imponendi
865 4786 929 4825 ma·
980 4772 1102 4844 quamdo
1113 4773 1269 4829 citatetiam
1283 4773 1315 4826 D.
1330 4767 1500 4840 Augustinus
1509 4765 1555 4818 lrb.
1579 4777 1633 4817 nav
1643 4763 1676 4816 de
1698 4764 1776 4819 Crvtt.

131 4856 183 4895 nas
193 4855 271 4908 snper
285 4839 532 4908 nmrpamennmiid
542 4845 594 4906 est,
606 4839 737 4911 agitatum
751 4854 766 4894 a
780 4838 926 4910 damone),
982 4843 1034 4899 Dei
1045 4858 1104 4913 cap.
1116 4848 1161 4898 ta.
1175 4842 1383 4911 Peperitantem
1397 4837 1455 4890 baec
1465 4831 1624 4903 angelorum
1632 4832 1776 4914 appellatio

130 4911 371 4979 sieebnptiaatnm:
383 4912 438 4966 sice
449 4912 673 4966 catechumenam.
694 4911 811 4982 Eratque
817 4909 886 4967 adeo
899 4911 928 4968 in
982 4927 1125 4984 perperam
1139 4911 1228 4983 posita
1238 4908 1373 4964 maximas
1384 4903 1572 4968 difficultates,
1588 4912 1615 4960 ct
1641 4920 1669 4986 ¹.¹¹
1688 4907 1777 4964 varias

129 4998 183 5040 usu
197 4989 263 5036 tune
278 4979 408 5052 temporis
421 4980 500 5045 (sieut
511 4984 629 5050 etnunc)
643 4980 723 5037 istius
737 4979 927 5038 munerisiun·
982 4981 1139 5048 sententias,
1151 4981 1235 5037 immo
1249 4979 1330 5035 etiam
1340 4991 1446 5035 errores
1460 4983 1565 5032 mentes
1577 4974 1724 5033 honnnum
1736 4978 1777 5036 di-

131 5052 198 5120 ctib,
215 5060 246 5108 ut
265 5051 337 5109 idem
357 5050 523 5124 Anguitinus
538 5051 725 5123 in'prorerbio
745 5051 828 5108 etiam
846 5067 927 5109 usur·
981 5052 1087 5110 straxit.
1105 5050 1225 5124 Quidam
1239 5050 1313 5107 enim
1337 5055 1466 5122 putarunt
1485 5046 1645 5119 angelorum
1664 5049 1776 5106 nomine

131 5123 251 5196 pat-erit,
264 5120 384 5179 referens
396 5122 596 5179 Donatistarum
611 5122 639 5177 in
653 5122 800 5179 collatione
816 5123 928 5180 Cartha-
981 5123 1126 5196 significari
1152 5121 1262 5195 angelos
1286 5130 1403 5188 sanctos,
1426 5121 1473 5194 qui
1488 5130 1548 5176 tum
1574 5120 1695 5200 primnm
1712 5135 1776 5176 cum

130 5194 234 5268 pinensi
248 5193 493 5277 tergiversationes,
514 5210 549 5249 ne
568 5192 605 5249 ibi
624 5193 749 5265 quasdam
770 5202 841 5258 acta,
864 5208 926 5265 qum
981 5195 1143 5252 mulieribus
1155 5195 1302 5268 peccarint,
1317 5194 1389 5251 etob
1402 5193 1428 5249 id
1441 5209 1455 5249 e
1469 5191 1539 5248 coelo
1562 5190 1776 5272 exclusivetpro·

131 5281 229 5322 eorum
240 5263 359 5321 schisma
374 5263 763 5337 confunderentlegerentur:
781 5266 925 5336 Omaanc,
980 5266 1076 5340 scripti
1096 5266 1159 5324 sint.
1170 5266 1215 5324 Sic
1228 5266 1380 5324 Lactantius
1391 5264 1438 5322 lib.
1453 5279 1476 5320 ιι
1495 5263 1583 5318 Diria.
1609 5263 1697 5318 lustrt.
1715 5278 1773 5335 cap.

130 5336 229 5408 inquit,
237 5336 283 5392 sed
293 5337 619 5405 nonmirandaeontasio!
629 5338 814 5407 qnandoenim
821 5338 926 5394 demon
982 5343 1015 5395 15
1031 5357 1038 5396 :
1054 5340 1129 5403 Cum,
1149 5338 1250 5412 inquit,
1263 5353 1389 5395 namanes
1409 5338 1545 5392 bominum
1558 5337 1676 5406 caepisset
1689 5336 1776 5391 inene-

131 5409 157 5462 si
166 5411 325 5464 caecantem
338 5410 452 5472 timeret,
472 5410 602 5479 quomodo
613 5411 760 5465 timuerant
768 5413 924 5474 lionotntae,
978 5426 1058 5474 scere,
1070 5411 1214 5482 procidens
1227 5416 1297 5468 Dens
1307 5426 1340 5465 ne
1353 5409 1501 5477 rraeedibas
1511 5409 1568 5463 suis
1580 5406 1714 5468 dioboles,
1732 5409 1778 5459 eni

131 5493 164 5533 ne
173 5480 227 5535 ista
239 5481 412 5548 leperentnr?
426 5482 462 5536 at
475 5479 509 5535 de
524 5478 618 5538 ordine
630 5489 658 5537 et
670 5480 831 5552 antiquitate
844 5495 926 5537 exor—
980 5483 1015 5536 ob
1023 5484 1102 5537 initio
1114 5487 1191 5538 terra
1200 5479 1724 5550 dederotpotestotem,oetaortmnperct,
1735 5475 1777 5531 oei

130 5547 259 5607 cistarum
271 5549 329 5606 cide
340 5549 415 5621 plura
425 5548 496 5621 apud
509 5550 660 5609 Baronium
672 5558 749 5607 tomo
764 5551 853 5623 prima
868 5556 925 5607 An·
980 5552 1144 5622 disperderet
1156 5555 1273 5608 hemines
1298 5553 1379 5605 aosin
1389 5550 1500 5604 eaordio
1513 5550 1624 5615 (ecerat,
1637 5547 1712 5602 misit
1723 5562 1777 5602 on-

127 5620 232 5678 nalinm
244 5621 309 5688 (Sub
322 5637 392 5676 aiano
406 5621 506 5678 Cbrnti
514 5628 567 5689 ab).
695 5627 703 5639 ·
979 5624 1050 5692 pelas
1072 5618 1232 5680 edictalem
1245 5568 1399 5692 costumque
1411 5621 1515 5690 pateris
1533 5620 1655 5682 bomani,
1679 5618 1776 5700 quibas

163 5700 177 5728 ⁸
188 5693 268 5748 Alter
286 5690 385 5749 modus
394 5691 552 5764 subjiciendi
565 5692 714 5760 daemonee,
726 5702 773 5751 aut
788 5692 823 5751 iis
836 5693 925 5766 impe·
976 5697 1106 5766 prosopa
1134 5700 1197 5751 ante
1208 5696 1298 5750 omnia
1311 5709 1344 5748 ne
1362 5697 1441 5747 tarra
1459 5695 1615 5762 eontopionc
1628 5693 1775 5746 amatam

128 5760 222 5830 randi,
250 5778 332 5836 quem
352 5761 473 5820 diximus
524 5771 651 5820 testatem
674 5764 854 5833 diabolicam,
871 5779 925 5837 qua
979 5766 1136 5822 substantioe
1148 5757 1776 5833 calestisomitterentdipnitatem.ltapaeillet

128 5840 244 5891 utuntur
268 5834 339 5908 magi
362 5841 389 5891 et
405 5779 536 5900 marcisi,
551 5833 709 5892 damonum
723 5837 844 5894 cultores
855 5875 864 5905 ,
877 5848 927 5893 eos
979 5849 1040 5892 moa
1051 5835 1205 5894 bommibns
1216 5835 1567 5910 commorantesdominator
1578 5834 1623 5890 ille
1634 5822 1765 5891 terrosa?
