<?xml version="1.0" encoding="UTF-8"?>
<!DOCTYPE html PUBLIC "-//W3C//DTD XHTML 1.0 Transitional//EN"
    "http://www.w3.org/TR/xhtml1/DTD/xhtml1-transitional.dtd">
<html xmlns="http://www.w3.org/1999/xhtml" xml:lang="en" lang="en">
 <head>
  <title>
</title>
<meta http-equiv="Content-Type" content="text/html;charset=utf-8" />
  <meta name='ocr-system' content='tesseract 3.04.00' />
  <meta name='ocr-capabilities' content='ocr_page ocr_carea ocr_par ocr_line ocrx_word'/>
</head>
<body>
  <div class='ocr_page' id='page_1' title='image "./patrologiaecurs29unkngoog_0117.png"; bbox 0 0 3848 6158; ppageno 0'>
   <div class='ocr_carea' id='block_1_1' title="bbox 137 293 1787 369">
    <p class='ocr_par' dir='ltr' id='par_1_1' title="bbox 137 293 1787 369">
     <span class='ocr_line' id='line_1_1' title="bbox 137 293 1787 369; baseline 0.002 -6"><span class='ocrx_word' id='word_1_1' title='bbox 137 306 198 364; x_wconf 79' lang='grc'><strong>22.</strong></span> <span class='ocrx_word' id='word_1_2' title='bbox 804 311 945 368; x_wconf 80' lang='lat' dir='ltr'><strong>ioannis</strong></span> <span class='ocrx_word' id='word_1_3' title='bbox 963 312 1124 369; x_wconf 81' lang='lat' dir='ltr'><strong>cassiam-</strong></span> <span class='ocrx_word' id='word_1_4' title='bbox 1303 293 1315 316; x_wconf 82' lang='lat'><strong><em>⁴</em></strong></span> <span class='ocrx_word' id='word_1_5' title='bbox 1733 312 1787 367; x_wconf 80' lang='lat' dir='ltr'><strong>aro</strong></span> 
     </span>
    </p>
   </div>
   <div class='ocr_carea' id='block_1_2' title="bbox 114 395 1793 604">
    <p class='ocr_par' dir='ltr' id='par_1_2' title="bbox 114 395 1793 604">
     <span class='ocr_line' id='line_1_2' title="bbox 138 395 1793 510; baseline 0.002 -22"><span class='ocrx_word' id='word_1_6' title='bbox 138 439 231 505; x_wconf 73' lang='lat' dir='ltr'><strong>repeto</strong></span> <span class='ocrx_word' id='word_1_7' title='bbox 244 395 358 505; x_wconf 87' lang='lat' dir='ltr'><strong>corpore</strong></span> <span class='ocrx_word' id='word_1_8' title='bbox 372 434 711 507; x_wconf 84' lang='lat' dir='ltr'><strong>perceptionemcsrnium</strong></span> <span class='ocrx_word' id='word_1_9' title='bbox 723 450 755 492; x_wconf 84' lang='lat' dir='ltr'><strong>ac</strong></span> <span class='ocrx_word' id='word_1_10' title='bbox 768 434 822 492; x_wconf 89' lang='lat' dir='ltr'><strong>ririi</strong></span> <span class='ocrx_word' id='word_1_11' title='bbox 836 436 937 493; x_wconf 88' lang='lat' dir='ltr'><strong>immo·</strong></span> <span class='ocrx_word' id='word_1_12' title='bbox 949 442 980 505; x_wconf 75' lang='grc' dir='ltr'><strong>Α.</strong></span> <span class='ocrx_word' id='word_1_13' title='bbox 993 445 1053 493; x_wconf 90' lang='lat' dir='ltr'><strong>tum</strong></span> <span class='ocrx_word' id='word_1_14' title='bbox 1072 437 1173 510; x_wconf 79' lang='lat' dir='ltr'><strong>expetit</strong></span> <span class='ocrx_word' id='word_1_15' title='bbox 1187 437 1370 507; x_wconf 86' lang='lat' dir='ltr'><strong>imbecillitas,</strong></span> <span class='ocrx_word' id='word_1_16' title='bbox 1387 435 1437 494; x_wconf 90' lang='lat' dir='ltr'><strong>sed</strong></span> <span class='ocrx_word' id='word_1_17' title='bbox 1453 444 1587 510; x_wconf 88' lang='lat' dir='ltr'><strong>quantum</strong></span> <span class='ocrx_word' id='word_1_18' title='bbox 1605 434 1689 493; x_wconf 86' lang='lat' dir='ltr'><strong>animi</strong></span> <span class='ocrx_word' id='word_1_19' title='bbox 1708 434 1793 492; x_wconf 89' lang='lat' dir='ltr'><strong>libido</strong></span> 
     </span>
     <span class='ocr_line' id='line_1_3' title="bbox 114 519 1345 604; baseline 0.006 -24"><span class='ocrx_word' id='word_1_20' title='bbox 114 576 117 580; x_wconf 85' lang='grc'><strong>,</strong></span> <span class='ocrx_word' id='word_1_21' title='bbox 137 519 230 581; x_wconf 82' lang='lat' dir='ltr'><strong>derata</strong></span> <span class='ocrx_word' id='word_1_22' title='bbox 241 523 365 582; x_wconf 78' lang='lat' dir='ltr'><strong>ubertate</strong></span> <span class='ocrx_word' id='word_1_23' title='bbox 377 523 583 599; x_wconf 74' lang='lat' dir='ltr'><strong>[Attibeitate]</strong></span> <span class='ocrx_word' id='word_1_24' title='bbox 592 537 777 602; x_wconf 69' lang='lat' dir='ltr'><strong>praestituunt,</strong></span> <span class='ocrx_word' id='word_1_25' title='bbox 792 544 943 604; x_wconf 84' lang='lat' dir='ltr'><strong>nunquan·</strong></span> <span class='ocrx_word' id='word_1_26' title='bbox 994 530 1159 603; x_wconf 75' lang='lat' dir='ltr'><strong>suggesserit</strong></span> <span class='ocrx_word' id='word_1_27' title='bbox 1173 537 1345 604; x_wconf 75' lang='lat' dir='ltr'><strong>usurpantes.</strong></span> 
     </span>
    </p>
   </div>
   <div class='ocr_carea' id='block_1_3' title="bbox 689 653 1244 737">
    <p class='ocr_par' dir='ltr' id='par_1_3' title="bbox 689 653 1244 737">
     <span class='ocr_line' id='line_1_4' title="bbox 689 653 1244 737; baseline 0 -27"><span class='ocrx_word' id='word_1_28' title='bbox 689 653 815 712; x_wconf 76' lang='lat' dir='ltr'><strong>Attum</strong></span> <span class='ocrx_word' id='word_1_29' title='bbox 834 655 946 712; x_wconf 82' lang='lat' dir='ltr'><strong>GAZAEI</strong></span> <span class='ocrx_word' id='word_1_30' title='bbox 965 653 1244 737; x_wconf 76' lang='lat' dir='ltr'>COMMENTARIUS.</span> 
     </span>
    </p>
   </div>
   <div class='ocr_carea' id='block_1_4' title="bbox 105 770 1796 2400">
    <p class='ocr_par' dir='ltr' id='par_1_4' title="bbox 138 770 1796 1133">
     <span class='ocr_line' id='line_1_5' title="bbox 139 770 1792 850; baseline 0.002 -22"><span class='ocrx_word' id='word_1_31' title='bbox 139 770 234 831; x_wconf 80' lang='lat' dir='ltr'><strong>mitiis</strong></span> <span class='ocrx_word' id='word_1_32' title='bbox 246 775 364 833; x_wconf 85' lang='lat' dir='ltr'><strong>Ecclesia</strong></span> <span class='ocrx_word' id='word_1_33' title='bbox 378 776 570 834; x_wconf 83' lang='lat' dir='ltr'><strong>florentissima</strong></span> <span class='ocrx_word' id='word_1_34' title='bbox 583 793 634 834; x_wconf 87' lang='lat' dir='ltr'><strong>nec</strong></span> <span class='ocrx_word' id='word_1_35' title='bbox 649 793 746 836; x_wconf 86' lang='lat' dir='ltr'><strong>carnes</strong></span> <span class='ocrx_word' id='word_1_36' title='bbox 757 778 935 847; x_wconf 87' lang='lat' dir='ltr'><strong>manducare,</strong></span> <span class='ocrx_word' id='word_1_37' title='bbox 989 778 1116 846; x_wconf 85' lang='lat' dir='ltr'><strong>collecta)</strong></span> <span class='ocrx_word' id='word_1_38' title='bbox 1130 777 1219 836; x_wconf 86' lang='lat' dir='ltr'><strong>multa</strong></span> <span class='ocrx_word' id='word_1_39' title='bbox 1233 776 1314 850; x_wconf 85' lang='lat' dir='ltr'><strong>habet</strong></span> <span class='ocrx_word' id='word_1_40' title='bbox 1329 776 1363 835; x_wconf 89' lang='lat' dir='ltr'><strong>dc</strong></span> <span class='ocrx_word' id='word_1_41' title='bbox 1377 776 1542 834; x_wconf 79' lang='lat' dir='ltr'><strong>abstinentia</strong></span> <span class='ocrx_word' id='word_1_42' title='bbox 1556 774 1680 833; x_wconf 87' lang='lat' dir='ltr'><strong>carnium</strong></span> <span class='ocrx_word' id='word_1_43' title='bbox 1696 789 1792 832; x_wconf 87' lang='lat' dir='ltr'><strong>mona·</strong></span> 
     </span>
     <span class='ocr_line' id='line_1_6' title="bbox 138 845 1795 932; baseline 0.002 -33"><span class='ocrx_word' id='word_1_44' title='bbox 138 845 289 926; x_wconf 77' lang='lat' dir='ltr'><strong>nearinum</strong></span> <span class='ocrx_word' id='word_1_45' title='bbox 299 846 401 914; x_wconf 90' lang='lat' dir='ltr'><strong>bibere,</strong></span> <span class='ocrx_word' id='word_1_46' title='bbox 413 854 444 903; x_wconf 91' lang='lat' dir='ltr'><strong>ut</strong></span> <span class='ocrx_word' id='word_1_47' title='bbox 458 848 658 919; x_wconf 87' lang='lat' dir='ltr'><strong>quantumlibet</strong></span> <span class='ocrx_word' id='word_1_48' title='bbox 668 849 760 909; x_wconf 87' lang='lat' dir='ltr'><strong>lideles</strong></span> <span class='ocrx_word' id='word_1_49' title='bbox 773 849 807 906; x_wconf 93' lang='lat' dir='ltr'><strong>iis</strong></span> <span class='ocrx_word' id='word_1_50' title='bbox 818 849 937 932; x_wconf 69' lang='lat' dir='ltr'><strong>legitime</strong></span> <span class='ocrx_word' id='word_1_51' title='bbox 989 848 1048 906; x_wconf 88' lang='grc'><strong>2212</strong></span> <span class='ocrx_word' id='word_1_52' title='bbox 1062 848 1197 923; x_wconf 83' lang='lat' dir='ltr'><strong>praecipue</strong></span> <span class='ocrx_word' id='word_1_53' title='bbox 1212 846 1339 906; x_wconf 72' lang='lat' dir='ltr'><strong>secunda</strong></span> <span class='ocrx_word' id='word_1_54' title='bbox 1359 851 1444 916; x_wconf 85' lang='lat' dir='ltr'><strong>(Tam.</strong></span> <span class='ocrx_word' id='word_1_55' title='bbox 1461 848 1525 916; x_wconf 79' lang='grc'><strong>111).</strong></span> <span class='ocrx_word' id='word_1_56' title='bbox 1547 852 1585 902; x_wconf 86' lang='lat' dir='ltr'><strong>At</strong></span> <span class='ocrx_word' id='word_1_57' title='bbox 1598 846 1752 918; x_wconf 80' lang='lat' dir='ltr'><strong>expressior</strong></span> <span class='ocrx_word' id='word_1_58' title='bbox 1765 855 1795 903; x_wconf 92' lang='lat' dir='ltr'><strong>et</strong></span> 
     </span>
     <span class='ocr_line' id='line_1_7' title="bbox 141 916 1792 985; baseline 0.003 -17"><span class='ocrx_word' id='word_1_59' title='bbox 141 922 302 985; x_wconf 89' lang='lat' dir='ltr'><strong>uti-possent</strong></span> <span class='ocrx_word' id='word_1_60' title='bbox 318 938 324 972; x_wconf 91' lang='lat'>:</span> <span class='ocrx_word' id='word_1_61' title='bbox 341 923 432 972; x_wconf 88' lang='lat' dir='ltr'><strong>tamen</strong></span> <span class='ocrx_word' id='word_1_62' title='bbox 445 927 475 974; x_wconf 90' lang='lat' dir='ltr'><strong>ut</strong></span> <span class='ocrx_word' id='word_1_63' title='bbox 488 932 547 974; x_wconf 87' lang='lat' dir='ltr'><strong>rem</strong></span> <span class='ocrx_word' id='word_1_64' title='bbox 561 919 717 977; x_wconf 75' lang='lat' dir='ltr'><strong>inusitatam</strong></span> <span class='ocrx_word' id='word_1_65' title='bbox 733 919 860 978; x_wconf 87' lang='lat' dir='ltr'><strong>admirati</strong></span> <span class='ocrx_word' id='word_1_66' title='bbox 898 918 939 976; x_wconf 72' lang='lat' dir='ltr'><strong>le-</strong></span> <span class='ocrx_word' id='word_1_67' title='bbox 990 919 1143 977; x_wconf 88' lang='lat' dir='ltr'><strong>solemnior</strong></span> <span class='ocrx_word' id='word_1_68' title='bbox 1160 926 1188 976; x_wconf 94' lang='lat' dir='ltr'><strong>et</strong></span> <span class='ocrx_word' id='word_1_69' title='bbox 1204 919 1328 977; x_wconf 84' lang='grc'><strong>22222122.</strong></span> <span class='ocrx_word' id='word_1_70' title='bbox 1349 919 1437 976; x_wconf 80' lang='lat' dir='ltr'><strong>Patris</strong></span> <span class='ocrx_word' id='word_1_71' title='bbox 1456 918 1545 975; x_wconf 90' lang='lat' dir='ltr'><strong>nostri</strong></span> <span class='ocrx_word' id='word_1_72' title='bbox 1564 916 1702 974; x_wconf 83' lang='lat' dir='ltr'><strong>Benedicti</strong></span> <span class='ocrx_word' id='word_1_73' title='bbox 1722 931 1792 973; x_wconf 90' lang='lat' dir='ltr'><strong>con·</strong></span> 
     </span>
     <span class='ocr_line' id='line_1_8' title="bbox 138 936 1796 1072; baseline 0.003 -33"><span class='ocrx_word' id='word_1_74' title='bbox 138 984 216 1056; x_wconf 88' lang='lat' dir='ltr'><strong>rique</strong></span> <span class='ocrx_word' id='word_1_75' title='bbox 224 985 527 1068; x_wconf 65' lang='lat' dir='ltr'><strong>ostenderentuncujus</strong></span> <span class='ocrx_word' id='word_1_76' title='bbox 536 936 938 1062; x_wconf 69' lang='lat' dir='ltr'><strong>quidemieandatihabsmfim</strong></span> <span class='ocrx_word' id='word_1_77' title='bbox 992 991 1200 1072; x_wconf 26' lang='lat' dir='ltr'><strong>stitutio-alcap.</strong></span> <span class='ocrx_word' id='word_1_78' title='bbox 1227 995 1258 1046; x_wconf 86' lang='grc'><strong>12</strong></span> <span class='ocrx_word' id='word_1_79' title='bbox 1278 995 1304 1047; x_wconf 88' lang='lat' dir='ltr'><strong>et</strong></span> <span class='ocrx_word' id='word_1_80' title='bbox 1323 992 1401 1072; x_wconf 76' lang='lat' dir='ltr'><strong>seq),</strong></span> <span class='ocrx_word' id='word_1_81' title='bbox 1414 1005 1471 1061; x_wconf 63' lang='lat' dir='ltr'><strong>,qua</strong></span> <span class='ocrx_word' id='word_1_82' title='bbox 1490 987 1796 1072; x_wconf 72' lang='grc'><strong>22221222222222212</strong></span> 
     </span>
     <span class='ocr_line' id='line_1_9' title="bbox 139 1058 1793 1133; baseline 0.003 -24"><span class='ocrx_word' id='word_1_83' title='bbox 139 1069 198 1110; x_wconf 90' lang='lat' dir='ltr'><strong>esse</strong></span> <span class='ocrx_word' id='word_1_84' title='bbox 210 1065 344 1112; x_wconf 87' lang='lat' dir='ltr'><strong>rationem</strong></span> <span class='ocrx_word' id='word_1_85' title='bbox 361 1067 456 1115; x_wconf 90' lang='lat' dir='ltr'><strong>monet</strong></span> <span class='ocrx_word' id='word_1_86' title='bbox 468 1061 625 1133; x_wconf 86' lang='lat' dir='ltr'><strong>Apostolus.</strong></span> <span class='ocrx_word' id='word_1_87' title='bbox 991 1061 1145 1128; x_wconf 86' lang='lat' dir='ltr'><strong>coenobitts,</strong></span> <span class='ocrx_word' id='word_1_88' title='bbox 1166 1061 1286 1133; x_wconf 83' lang='lat' dir='ltr'><strong>exceptis</strong></span> <span class='ocrx_word' id='word_1_89' title='bbox 1300 1059 1437 1117; x_wconf 89' lang='lat' dir='ltr'><strong>debilibus</strong></span> <span class='ocrx_word' id='word_1_90' title='bbox 1450 1068 1479 1116; x_wconf 90' lang='lat' dir='ltr'><strong>et</strong></span> <span class='ocrx_word' id='word_1_91' title='bbox 1496 1059 1622 1127; x_wconf 81' lang='lat' dir='ltr'><strong>iiifirmis,</strong></span> <span class='ocrx_word' id='word_1_92' title='bbox 1641 1058 1793 1126; x_wconf 72' lang='lat' dir='ltr'><strong>interdixit,</strong></span> 
     </span>
    </p>

    <p class='ocr_par' dir='ltr' id='par_1_5' title="bbox 105 1126 1795 2400">
     <span class='ocr_line' id='line_1_10' title="bbox 175 1126 1793 1204; baseline 0.003 -24"><span class='ocrx_word' id='word_1_93' title='bbox 175 1126 211 1180; x_wconf 94' lang='grc'><strong>11.</strong></span> <span class='ocrx_word' id='word_1_94' title='bbox 228 1128 405 1200; x_wconf 87' lang='lat' dir='ltr'><strong>Temperasse</strong></span> <span class='ocrx_word' id='word_1_95' title='bbox 426 1128 520 1187; x_wconf 90' lang='lat' dir='ltr'><strong>itidem</strong></span> <span class='ocrx_word' id='word_1_96' title='bbox 536 1146 550 1185; x_wconf 92' lang='grc'><strong>2</strong></span> <span class='ocrx_word' id='word_1_97' title='bbox 569 1146 650 1188; x_wconf 83' lang='lat' dir='ltr'><strong>carne</strong></span> <span class='ocrx_word' id='word_1_98' title='bbox 668 1140 696 1188; x_wconf 90' lang='lat' dir='ltr'><strong>et</strong></span> <span class='ocrx_word' id='word_1_99' title='bbox 714 1131 777 1187; x_wconf 87' lang='lat' dir='ltr'><strong>vino</strong></span> <span class='ocrx_word' id='word_1_100' title='bbox 798 1130 939 1204; x_wconf 89' lang='lat' dir='ltr'><strong>apostolos</strong></span> <span class='ocrx_word' id='word_1_101' title='bbox 993 1132 1075 1204; x_wconf 89' lang='lat' dir='ltr'><strong>idque</strong></span> <span class='ocrx_word' id='word_1_102' title='bbox 1088 1132 1197 1188; x_wconf 91' lang='lat' dir='ltr'><strong>duobus</strong></span> <span class='ocrx_word' id='word_1_103' title='bbox 1208 1132 1235 1187; x_wconf 93' lang='lat' dir='ltr'><strong>in</strong></span> <span class='ocrx_word' id='word_1_104' title='bbox 1248 1131 1336 1189; x_wconf 87' lang='lat' dir='ltr'><strong>locis:</strong></span> <span class='ocrx_word' id='word_1_105' title='bbox 1353 1131 1475 1202; x_wconf 91' lang='lat' dir='ltr'><strong>primum</strong></span> <span class='ocrx_word' id='word_1_106' title='bbox 1489 1146 1549 1202; x_wconf 86' lang='lat' dir='ltr'><strong>cap.</strong></span> <span class='ocrx_word' id='word_1_107' title='bbox 1563 1135 1597 1185; x_wconf 83' lang='grc'><strong>36</strong></span> <span class='ocrx_word' id='word_1_108' title='bbox 1610 1129 1732 1201; x_wconf 76' lang='lat' dir='ltr'><strong>Regulae,</strong></span> <span class='ocrx_word' id='word_1_109' title='bbox 1747 1129 1793 1185; x_wconf 94' lang='lat' dir='ltr'><strong>ubi</strong></span> 
     </span>
     <span class='ocr_line' id='line_1_11' title="bbox 139 1195 1794 1274; baseline 0.002 -24"><span class='ocrx_word' id='word_1_110' title='bbox 139 1195 224 1250; x_wconf 89' lang='lat' dir='ltr'><strong>multa</strong></span> <span class='ocrx_word' id='word_1_111' title='bbox 239 1198 355 1268; x_wconf 87' lang='lat' dir='ltr'><strong>probant</strong></span> <span class='ocrx_word' id='word_1_112' title='bbox 366 1200 500 1270; x_wconf 86' lang='lat' dir='ltr'><strong>exempla.</strong></span> <span class='ocrx_word' id='word_1_113' title='bbox 514 1203 555 1258; x_wconf 87' lang='lat' dir='ltr'><strong>Ut</strong></span> <span class='ocrx_word' id='word_1_114' title='bbox 566 1202 637 1257; x_wconf 91' lang='lat' dir='ltr'><strong>enirn</strong></span> <span class='ocrx_word' id='word_1_115' title='bbox 653 1199 681 1258; x_wconf 87' lang='lat' dir='ltr'><strong>id</strong></span> <span class='ocrx_word' id='word_1_116' title='bbox 693 1200 817 1258; x_wconf 83' lang='lat' dir='ltr'><strong>ilePetro</strong></span> <span class='ocrx_word' id='word_1_117' title='bbox 831 1210 940 1274; x_wconf 88' lang='lat' dir='ltr'><strong>aposto·</strong></span> <span class='ocrx_word' id='word_1_118' title='bbox 992 1202 1032 1258; x_wconf 88' lang='lat' dir='ltr'><strong>ait</strong></span> <span class='ocrx_word' id='word_1_119' title='bbox 1051 1220 1058 1257; x_wconf 90' lang='lat'>:</span> <span class='ocrx_word' id='word_1_120' title='bbox 1079 1203 1205 1260; x_wconf 77' lang='lat' dir='ltr'><strong>Carnium</strong></span> <span class='ocrx_word' id='word_1_121' title='bbox 1221 1204 1407 1273; x_wconf 71' lang='lat' dir='ltr'><strong>esur-intumis</strong></span> <span class='ocrx_word' id='word_1_122' title='bbox 1425 1204 1530 1256; x_wconf 84' lang='lat' dir='ltr'><strong>manino</strong></span> <span class='ocrx_word' id='word_1_123' title='bbox 1546 1200 1729 1270; x_wconf 74' lang='lat' dir='ltr'><strong>debilibusque</strong></span> <span class='ocrx_word' id='word_1_124' title='bbox 1744 1212 1794 1270; x_wconf 88' lang='lat' dir='ltr'><strong>pro</strong></span> 
     </span>
     <span class='ocr_line' id='line_1_12' title="bbox 140 1265 1795 1344; baseline 0.002 -22"><span class='ocrx_word' id='word_1_125' title='bbox 140 1265 229 1323; x_wconf 89' lang='lat' dir='ltr'><strong>lorum</strong></span> <span class='ocrx_word' id='word_1_126' title='bbox 258 1269 375 1341; x_wconf 80' lang='lat' dir='ltr'><strong>principe</strong></span> <span class='ocrx_word' id='word_1_127' title='bbox 397 1269 489 1327; x_wconf 87' lang='lat' dir='ltr'><strong>dicere</strong></span> <span class='ocrx_word' id='word_1_128' title='bbox 513 1271 667 1342; x_wconf 90' lang='lat' dir='ltr'><strong>possimus,</strong></span> <span class='ocrx_word' id='word_1_129' title='bbox 691 1270 770 1328; x_wconf 84' lang='lat' dir='ltr'><strong>facile</strong></span> <span class='ocrx_word' id='word_1_130' title='bbox 791 1272 940 1344; x_wconf 82' lang='lat' dir='ltr'><strong>persuadet</strong></span> <span class='ocrx_word' id='word_1_131' title='bbox 992 1277 1161 1344; x_wconf 78' lang='lat' dir='ltr'><strong>repausatione</strong></span> <span class='ocrx_word' id='word_1_132' title='bbox 1181 1274 1348 1328; x_wconf 82' lang='lat' dir='ltr'><strong>macedatur.</strong></span> <span class='ocrx_word' id='word_1_133' title='bbox 1366 1274 1406 1328; x_wconf 88' lang='lat' dir='ltr'><strong>At</strong></span> <span class='ocrx_word' id='word_1_134' title='bbox 1421 1274 1470 1327; x_wconf 88' lang='lat' dir='ltr'><strong>nbi</strong></span> <span class='ocrx_word' id='word_1_135' title='bbox 1487 1273 1752 1339; x_wconf 72' lang='grc'><strong>22122221122122,</strong></span> <span class='ocrx_word' id='word_1_136' title='bbox 1775 1286 1795 1326; x_wconf 87' lang='grc'><strong>2</strong></span> 
     </span>
     <span class='ocr_line' id='line_1_13' title="bbox 140 1337 1794 1415; baseline 0.003 -22"><span class='ocrx_word' id='word_1_137' title='bbox 140 1337 289 1407; x_wconf 74' lang='lat' dir='ltr'><strong>Gregorius</strong></span> <span class='ocrx_word' id='word_1_138' title='bbox 302 1341 464 1396; x_wconf 87' lang='lat' dir='ltr'><strong>Nazianzen.</strong></span> <span class='ocrx_word' id='word_1_139' title='bbox 477 1343 562 1409; x_wconf 85' lang='lat' dir='ltr'><strong>(Orat.</strong></span> <span class='ocrx_word' id='word_1_140' title='bbox 576 1343 608 1398; x_wconf 86' lang='lat' dir='ltr'><strong>de</strong></span> <span class='ocrx_word' id='word_1_141' title='bbox 618 1345 713 1398; x_wconf 85' lang='lat' dir='ltr'><strong>Amore</strong></span> <span class='ocrx_word' id='word_1_142' title='bbox 721 1348 860 1415; x_wconf 61' lang='lat' dir='ltr'><strong>paupert,</strong></span> <span class='ocrx_word' id='word_1_143' title='bbox 871 1343 939 1399; x_wconf 93' lang='lat' dir='ltr'><strong>dum</strong></span> <span class='ocrx_word' id='word_1_144' title='bbox 993 1345 1119 1399; x_wconf 90' lang='lat' dir='ltr'><strong>carnibus</strong></span> <span class='ocrx_word' id='word_1_145' title='bbox 1129 1345 1285 1400; x_wconf 88' lang='lat' dir='ltr'><strong>moresolito</strong></span> <span class='ocrx_word' id='word_1_146' title='bbox 1294 1359 1381 1399; x_wconf 87' lang='grc'><strong>222222</strong></span> <span class='ocrx_word' id='word_1_147' title='bbox 1392 1345 1558 1399; x_wconf 86' lang='lat' dir='ltr'><strong>abstineant.</strong></span> <span class='ocrx_word' id='word_1_148' title='bbox 1572 1345 1679 1398; x_wconf 84' lang='lat' dir='ltr'><strong>Rursus</strong></span> <span class='ocrx_word' id='word_1_149' title='bbox 1688 1356 1749 1412; x_wconf 87' lang='lat' dir='ltr'><strong>cap.</strong></span> <span class='ocrx_word' id='word_1_150' title='bbox 1758 1345 1794 1398; x_wconf 78' lang='grc'><strong>29</strong></span> 
     </span>
     <span class='ocr_line' id='line_1_14' title="bbox 141 1407 1795 1485; baseline 0.005 -25"><span class='ocrx_word' id='word_1_151' title='bbox 141 1407 235 1462; x_wconf 88' lang='lat' dir='ltr'><strong>scribit</strong></span> <span class='ocrx_word' id='word_1_152' title='bbox 252 1409 341 1480; x_wconf 87' lang='lat' dir='ltr'><strong>ipsum</strong></span> <span class='ocrx_word' id='word_1_153' title='bbox 363 1410 429 1466; x_wconf 91' lang='lat' dir='ltr'><strong>solis</strong></span> <span class='ocrx_word' id='word_1_154' title='bbox 449 1412 548 1484; x_wconf 91' lang='lat' dir='ltr'><strong>lupinis</strong></span> <span class='ocrx_word' id='word_1_155' title='bbox 569 1414 676 1469; x_wconf 89' lang='lat' dir='ltr'><strong>minuto</strong></span> <span class='ocrx_word' id='word_1_156' title='bbox 694 1428 754 1470; x_wconf 91' lang='lat' dir='ltr'><strong>asse</strong></span> <span class='ocrx_word' id='word_1_157' title='bbox 773 1415 940 1485; x_wconf 87' lang='lat' dir='ltr'><strong>comparatis</strong></span> <span class='ocrx_word' id='word_1_158' title='bbox 995 1414 1023 1469; x_wconf 92' lang='lat' dir='ltr'><strong>iri</strong></span> <span class='ocrx_word' id='word_1_159' title='bbox 1037 1413 1097 1471; x_wconf 73' lang='lat' dir='ltr'><strong>hnc</strong></span> <span class='ocrx_word' id='word_1_160' title='bbox 1114 1414 1195 1470; x_wconf 84' lang='grc'><strong>22222</strong></span> <span class='ocrx_word' id='word_1_161' title='bbox 1219 1416 1369 1472; x_wconf 80' lang='lat' dir='ltr'><strong>:Carnium</strong></span> <span class='ocrx_word' id='word_1_162' title='bbox 1382 1430 1443 1469; x_wconf 85' lang='lat' dir='ltr'><strong>uero</strong></span> <span class='ocrx_word' id='word_1_163' title='bbox 1462 1414 1666 1484; x_wconf 75' lang='lat' dir='ltr'><strong>quadrupedum</strong></span> <span class='ocrx_word' id='word_1_164' title='bbox 1687 1415 1795 1468; x_wconf 86' lang='lat' dir='ltr'><strong>omnino</strong></span> 
     </span>
     <span class='ocr_line' id='line_1_15' title="bbox 139 1474 1795 1554; baseline 0.005 -23"><span class='ocrx_word' id='word_1_165' title='bbox 139 1474 242 1533; x_wconf 87' lang='lat' dir='ltr'><strong>famem</strong></span> <span class='ocrx_word' id='word_1_166' title='bbox 252 1480 351 1550; x_wconf 86' lang='lat' dir='ltr'><strong>pellere</strong></span> <span class='ocrx_word' id='word_1_167' title='bbox 363 1485 542 1539; x_wconf 84' lang='lat' dir='ltr'><strong>consuevisse.</strong></span> <span class='ocrx_word' id='word_1_168' title='bbox 558 1487 598 1539; x_wconf 86' lang='lat' dir='ltr'><strong>De</strong></span> <span class='ocrx_word' id='word_1_169' title='bbox 610 1484 713 1540; x_wconf 86' lang='lat' dir='ltr'><strong>Jacobo</strong></span> <span class='ocrx_word' id='word_1_170' title='bbox 727 1484 811 1540; x_wconf 83' lang='lat' dir='ltr'><strong>tratre</strong></span> <span class='ocrx_word' id='word_1_171' title='bbox 828 1485 938 1540; x_wconf 83' lang='lat' dir='ltr'><strong>Doniini</strong></span> <span class='ocrx_word' id='word_1_172' title='bbox 993 1487 1154 1540; x_wconf 84' lang='lat' dir='ltr'><strong>abomnibns</strong></span> <span class='ocrx_word' id='word_1_173' title='bbox 1163 1487 1331 1541; x_wconf 86' lang='lat' dir='ltr'><strong>ubst-ineatur</strong></span> <span class='ocrx_word' id='word_1_174' title='bbox 1337 1487 1467 1547; x_wconf 89' lang='lat' dir='ltr'><strong>comestio,</strong></span> <span class='ocrx_word' id='word_1_175' title='bbox 1478 1489 1575 1554; x_wconf 80' lang='lat' dir='ltr'><strong>prater</strong></span> <span class='ocrx_word' id='word_1_176' title='bbox 1582 1486 1688 1538; x_wconf 87' lang='lat' dir='ltr'><strong>omnino</strong></span> <span class='ocrx_word' id='word_1_177' title='bbox 1694 1483 1795 1539; x_wconf 88' lang='lat' dir='ltr'><strong>debiles</strong></span> 
     </span>
     <span class='ocr_line' id='line_1_16' title="bbox 140 1549 1794 1631; baseline 0.004 -29"><span class='ocrx_word' id='word_1_178' title='bbox 140 1562 443 1631; x_wconf 66' lang='lat' dir='ltr'><strong>neccamesumquam</strong></span> <span class='ocrx_word' id='word_1_179' title='bbox 462 1554 490 1608; x_wconf 94' lang='lat' dir='ltr'><strong>in</strong></span> <span class='ocrx_word' id='word_1_180' title='bbox 507 1554 611 1622; x_wconf 79' lang='grc'><strong>212222,</strong></span> <span class='ocrx_word' id='word_1_181' title='bbox 628 1568 678 1610; x_wconf 90' lang='lat' dir='ltr'><strong>nec</strong></span> <span class='ocrx_word' id='word_1_182' title='bbox 692 1553 829 1611; x_wconf 82' lang='lat' dir='ltr'><strong>rinumin</strong></span> <span class='ocrx_word' id='word_1_183' title='bbox 880 1562 939 1609; x_wconf 91' lang='lat' dir='ltr'><strong>tum</strong></span> <span class='ocrx_word' id='word_1_184' title='bbox 994 1560 1020 1610; x_wconf 91' lang='lat' dir='ltr'><strong>et</strong></span> <span class='ocrx_word' id='word_1_185' title='bbox 1037 1549 1156 1626; x_wconf 82' lang='lat' dir='ltr'><strong>aeqiotbs.</strong></span> <span class='ocrx_word' id='word_1_186' title='bbox 1171 1555 1232 1613; x_wconf 87' lang='lat' dir='ltr'><strong>Ubi</strong></span> <span class='ocrx_word' id='word_1_187' title='bbox 1244 1554 1529 1622; x_wconf 83' lang='lat' dir='ltr'><strong>animadvertendum,</strong></span> <span class='ocrx_word' id='word_1_188' title='bbox 1545 1555 1582 1609; x_wconf 88' lang='lat' dir='ltr'><strong>air</strong></span> <span class='ocrx_word' id='word_1_189' title='bbox 1601 1555 1794 1609; x_wconf 85' lang='lat' dir='ltr'><strong>Turrecrema·</strong></span> 
     </span>
     <span class='ocr_line' id='line_1_17' title="bbox 139 1617 1795 1698; baseline 0.003 -25"><span class='ocrx_word' id='word_1_190' title='bbox 139 1617 294 1676; x_wconf 81' lang='lat' dir='ltr'><strong>adhibuisse</strong></span> <span class='ocrx_word' id='word_1_191' title='bbox 325 1622 495 1695; x_wconf 75' lang='lat' dir='ltr'><strong>Hegesippus</strong></span> <span class='ocrx_word' id='word_1_192' title='bbox 528 1624 598 1695; x_wconf 88' lang='lat' dir='ltr'><strong>apud</strong></span> <span class='ocrx_word' id='word_1_193' title='bbox 635 1625 782 1681; x_wconf 83' lang='lat' dir='ltr'><strong>Eusebium</strong></span> <span class='ocrx_word' id='word_1_194' title='bbox 818 1641 832 1680; x_wconf 92' lang='grc'><strong>2</strong></span> <span class='ocrx_word' id='word_1_195' title='bbox 868 1633 940 1681; x_wconf 87' lang='lat' dir='ltr'><strong>rmat</strong></span> <span class='ocrx_word' id='word_1_196' title='bbox 994 1633 1038 1682; x_wconf 88' lang='lat' dir='ltr'><strong>tus</strong></span> <span class='ocrx_word' id='word_1_197' title='bbox 1052 1629 1158 1694; x_wconf 83' lang='grc'><strong>(11222.</strong></span> <span class='ocrx_word' id='word_1_198' title='bbox 1177 1631 1227 1681; x_wconf 80' lang='grc'><strong>104</strong></span> <span class='ocrx_word' id='word_1_199' title='bbox 1246 1629 1276 1680; x_wconf 91' lang='lat' dir='ltr'><strong>in</strong></span> <span class='ocrx_word' id='word_1_200' title='bbox 1289 1628 1406 1696; x_wconf 78' lang='grc'><strong>112221),</strong></span> <span class='ocrx_word' id='word_1_201' title='bbox 1423 1625 1496 1698; x_wconf 90' lang='lat' dir='ltr'><strong>quod</strong></span> <span class='ocrx_word' id='word_1_202' title='bbox 1515 1625 1578 1681; x_wconf 89' lang='lat' dir='ltr'><strong>licet</strong></span> <span class='ocrx_word' id='word_1_203' title='bbox 1594 1626 1622 1680; x_wconf 91' lang='lat' dir='ltr'><strong>S.</strong></span> <span class='ocrx_word' id='word_1_204' title='bbox 1642 1628 1795 1681; x_wconf 75' lang='lat' dir='ltr'><strong>Paterisn-</strong></span> 
     </span>
     <span class='ocr_line' id='line_1_18' title="bbox 141 1688 1794 1779; baseline 0.004 -34"><span class='ocrx_word' id='word_1_205' title='bbox 141 1688 215 1760; x_wconf 81' lang='lat' dir='ltr'><strong>(tib.</strong></span> <span class='ocrx_word' id='word_1_206' title='bbox 228 1703 251 1746; x_wconf 90' lang='lat' dir='ltr'><strong>ri</strong></span> <span class='ocrx_word' id='word_1_207' title='bbox 263 1694 332 1747; x_wconf 85' lang='lat' dir='ltr'><strong>Hist.</strong></span> <span class='ocrx_word' id='word_1_208' title='bbox 344 1709 367 1747; x_wconf 93' lang='lat' dir='ltr'><strong>c.</strong></span> <span class='ocrx_word' id='word_1_209' title='bbox 379 1698 435 1760; x_wconf 88' lang='grc'><strong>22).</strong></span> <span class='ocrx_word' id='word_1_210' title='bbox 446 1694 802 1751; x_wconf 81' lang='lat' dir='ltr'><strong>Dehlatthmohaeceadem</strong></span> <span class='ocrx_word' id='word_1_211' title='bbox 815 1697 940 1752; x_wconf 75' lang='lat' dir='ltr'><strong>Clemens</strong></span> <span class='ocrx_word' id='word_1_212' title='bbox 994 1704 1054 1751; x_wconf 92' lang='lat' dir='ltr'><strong>tum</strong></span> <span class='ocrx_word' id='word_1_213' title='bbox 1068 1698 1192 1752; x_wconf 84' lang='lat' dir='ltr'><strong>nominet</strong></span> <span class='ocrx_word' id='word_1_214' title='bbox 1201 1711 1297 1754; x_wconf 86' lang='lat' dir='ltr'><strong>carnes</strong></span> <span class='ocrx_word' id='word_1_215' title='bbox 1309 1696 1525 1779; x_wconf 77' lang='lat' dir='ltr'><strong>quadrupedum,</strong></span> <span class='ocrx_word' id='word_1_216' title='bbox 1537 1694 1687 1768; x_wconf 90' lang='lat' dir='ltr'><strong>prohibitio</strong></span> <span class='ocrx_word' id='word_1_217' title='bbox 1699 1702 1794 1752; x_wconf 89' lang='lat' dir='ltr'><strong>tamen</strong></span> 
     </span>
     <span class='ocr_line' id='line_1_19' title="bbox 139 1760 1793 1837; baseline 0.004 -23"><span class='ocrx_word' id='word_1_218' title='bbox 139 1760 340 1817; x_wconf 87' lang='lat' dir='ltr'><strong>Alexandrinus</strong></span> <span class='ocrx_word' id='word_1_219' title='bbox 352 1762 394 1818; x_wconf 91' lang='lat' dir='ltr'><strong>his</strong></span> <span class='ocrx_word' id='word_1_220' title='bbox 407 1765 494 1819; x_wconf 86' lang='lat' dir='ltr'><strong>verbis</strong></span> <span class='ocrx_word' id='word_1_221' title='bbox 506 1783 514 1820; x_wconf 75' lang='grc' dir='ltr'><strong><em>ε</em></strong></span> <span class='ocrx_word' id='word_1_222' title='bbox 528 1767 671 1821; x_wconf 73' lang='lat' dir='ltr'><strong>Mattheus</strong></span> <span class='ocrx_word' id='word_1_223' title='bbox 685 1766 840 1828; x_wconf 73' lang='lat' dir='ltr'><strong>sensisibus,</strong></span> <span class='ocrx_word' id='word_1_224' title='bbox 854 1766 939 1821; x_wconf 80' lang='grc'><strong>222212</strong></span> <span class='ocrx_word' id='word_1_225' title='bbox 992 1766 1187 1823; x_wconf 84' lang='lat' dir='ltr'><strong>extenditurus</strong></span> <span class='ocrx_word' id='word_1_226' title='bbox 1225 1766 1472 1824; x_wconf 85' lang='lat' dir='ltr'><strong>eadcarnesetram</strong></span> <span class='ocrx_word' id='word_1_227' title='bbox 1481 1766 1639 1821; x_wconf 86' lang='lat' dir='ltr'><strong>animalium</strong></span> <span class='ocrx_word' id='word_1_228' title='bbox 1648 1764 1793 1837; x_wconf 87' lang='lat' dir='ltr'><strong>bipedum,</strong></span> 
     </span>
     <span class='ocr_line' id='line_1_20' title="bbox 140 1831 1794 1903; baseline 0.005 -19"><span class='ocrx_word' id='word_1_229' title='bbox 140 1834 165 1885; x_wconf 89' lang='lat' dir='ltr'><strong>et</strong></span> <span class='ocrx_word' id='word_1_230' title='bbox 172 1831 295 1894; x_wconf 84' lang='lat' dir='ltr'><strong>oleribrrs,</strong></span> <span class='ocrx_word' id='word_1_231' title='bbox 304 1833 403 1903; x_wconf 88' lang='lat' dir='ltr'><strong>absque</strong></span> <span class='ocrx_word' id='word_1_232' title='bbox 409 1836 532 1889; x_wconf 85' lang='grc'><strong>22221222</strong></span> <span class='ocrx_word' id='word_1_233' title='bbox 540 1837 674 1890; x_wconf 89' lang='lat' dir='ltr'><strong>utebatur.</strong></span> <span class='ocrx_word' id='word_1_234' title='bbox 687 1838 718 1890; x_wconf 90' lang='lat' dir='ltr'><strong>B.</strong></span> <span class='ocrx_word' id='word_1_235' title='bbox 733 1836 847 1891; x_wconf 85' lang='lat' dir='ltr'><strong>Paulum</strong></span> <span class='ocrx_word' id='word_1_236' title='bbox 855 1838 938 1891; x_wconf 89' lang='lat' dir='ltr'><strong>etiarn</strong></span> <span class='ocrx_word' id='word_1_237' title='bbox 992 1835 1099 1893; x_wconf 88' lang='lat' dir='ltr'><strong>scilicet</strong></span> <span class='ocrx_word' id='word_1_238' title='bbox 1113 1837 1195 1893; x_wconf 83' lang='lat' dir='ltr'><strong>rotari</strong></span> <span class='ocrx_word' id='word_1_239' title='bbox 1207 1839 1277 1894; x_wconf 90' lang='lat' dir='ltr'><strong>ium.</strong></span> <span class='ocrx_word' id='word_1_240' title='bbox 1294 1838 1364 1894; x_wconf 86' lang='lat' dir='ltr'><strong>Cum</strong></span> <span class='ocrx_word' id='word_1_241' title='bbox 1376 1837 1448 1893; x_wconf 91' lang='lat' dir='ltr'><strong>enim</strong></span> <span class='ocrx_word' id='word_1_242' title='bbox 1463 1852 1559 1892; x_wconf 86' lang='lat' dir='ltr'><strong>carnes</strong></span> <span class='ocrx_word' id='word_1_243' title='bbox 1572 1836 1723 1892; x_wconf 77' lang='lat' dir='ltr'><strong>volatilium</strong></span> <span class='ocrx_word' id='word_1_244' title='bbox 1739 1835 1794 1892; x_wconf 88' lang='lat' dir='ltr'><strong>sint</strong></span> 
     </span>
     <span class='ocr_line' id='line_1_21' title="bbox 139 1901 1793 1981; baseline 0.005 -26"><span class='ocrx_word' id='word_1_245' title='bbox 139 1901 301 1957; x_wconf 87' lang='lat' dir='ltr'><strong>abstemium</strong></span> <span class='ocrx_word' id='word_1_246' title='bbox 310 1903 391 1959; x_wconf 87' lang='lat' dir='ltr'><strong>luisse</strong></span> <span class='ocrx_word' id='word_1_247' title='bbox 399 1905 687 1978; x_wconf 87' lang='lat' dir='ltr'><strong>traduntinterpretes.</strong></span> <span class='ocrx_word' id='word_1_248' title='bbox 698 1908 937 1973; x_wconf 77' lang='lat' dir='ltr'><strong>Actxxrfflaron.</strong></span> <span class='ocrx_word' id='word_1_249' title='bbox 992 1906 1143 1972; x_wconf 87' lang='lat' dir='ltr'><strong>dulciores,</strong></span> <span class='ocrx_word' id='word_1_250' title='bbox 1162 1909 1251 1981; x_wconf 79' lang='lat' dir='ltr'><strong>magis</strong></span> <span class='ocrx_word' id='word_1_251' title='bbox 1271 1907 1410 1974; x_wconf 69' lang='lat' dir='ltr'><strong>delicata,</strong></span> <span class='ocrx_word' id='word_1_252' title='bbox 1433 1915 1461 1964; x_wconf 88' lang='lat' dir='ltr'><strong>et</strong></span> <span class='ocrx_word' id='word_1_253' title='bbox 1477 1907 1666 1978; x_wconf 62' lang='lat' dir='ltr'><strong>pretiosiorem</strong></span> <span class='ocrx_word' id='word_1_254' title='bbox 1683 1905 1793 1977; x_wconf 87' lang='lat' dir='ltr'><strong>quando</strong></span> 
     </span>
     <span class='ocr_line' id='line_1_22' title="bbox 140 1974 1793 2051; baseline 0.005 -27"><span class='ocrx_word' id='word_1_255' title='bbox 140 1987 187 2026; x_wconf 92' lang='lat' dir='ltr'><strong>nn.</strong></span> <span class='ocrx_word' id='word_1_256' title='bbox 203 1974 260 2043; x_wconf 80' lang='grc'><strong>52).</strong></span> <span class='ocrx_word' id='word_1_257' title='bbox 276 1974 303 2028; x_wconf 92' lang='lat' dir='ltr'><strong>S.</strong></span> <span class='ocrx_word' id='word_1_258' title='bbox 323 1974 404 2029; x_wconf 87' lang='lat' dir='ltr'><strong>ctiam</strong></span> <span class='ocrx_word' id='word_1_259' title='bbox 419 1975 594 2032; x_wconf 86' lang='lat' dir='ltr'><strong>Timotheum</strong></span> <span class='ocrx_word' id='word_1_260' title='bbox 612 1992 627 2032; x_wconf 88' lang='lat' dir='ltr'><strong>a</strong></span> <span class='ocrx_word' id='word_1_261' title='bbox 647 1976 711 2033; x_wconf 89' lang='lat' dir='ltr'><strong>vino</strong></span> <span class='ocrx_word' id='word_1_262' title='bbox 725 1976 860 2033; x_wconf 87' lang='lat' dir='ltr'><strong>abstinere</strong></span> <span class='ocrx_word' id='word_1_263' title='bbox 874 1976 938 2032; x_wconf 91' lang='lat' dir='ltr'><strong>soli·</strong></span> <span class='ocrx_word' id='word_1_264' title='bbox 992 1977 1085 2034; x_wconf 90' lang='lat' dir='ltr'><strong>minus</strong></span> <span class='ocrx_word' id='word_1_265' title='bbox 1098 1978 1226 2034; x_wconf 89' lang='lat' dir='ltr'><strong>delicatas</strong></span> <span class='ocrx_word' id='word_1_266' title='bbox 1242 1979 1334 2041; x_wconf 84' lang='lat' dir='ltr'><strong>vetnit,</strong></span> <span class='ocrx_word' id='word_1_267' title='bbox 1351 1976 1543 2051; x_wconf 92' lang='lat' dir='ltr'><strong>proculdubio</strong></span> <span class='ocrx_word' id='word_1_268' title='bbox 1564 1978 1651 2050; x_wconf 65' lang='grc'><strong>222212</strong></span> <span class='ocrx_word' id='word_1_269' title='bbox 1665 1977 1793 2033; x_wconf 86' lang='lat' dir='ltr'><strong>delicatas</strong></span> 
     </span>
     <span class='ocr_line' id='line_1_23' title="bbox 139 2044 1792 2134; baseline 0.006 -39"><span class='ocrx_word' id='word_1_270' title='bbox 139 2049 198 2096; x_wconf 92' lang='lat' dir='ltr'><strong>tum</strong></span> <span class='ocrx_word' id='word_1_271' title='bbox 224 2044 395 2114; x_wconf 88' lang='lat' dir='ltr'><strong>perspicuum</strong></span> <span class='ocrx_word' id='word_1_272' title='bbox 414 2055 457 2102; x_wconf 91' lang='lat' dir='ltr'><strong>est</strong></span> <span class='ocrx_word' id='word_1_273' title='bbox 470 2061 501 2102; x_wconf 89' lang='lat' dir='ltr'><strong>ex</strong></span> <span class='ocrx_word' id='word_1_274' title='bbox 521 2046 573 2102; x_wconf 88' lang='lat' dir='ltr'><strong>illis</strong></span> <span class='ocrx_word' id='word_1_275' title='bbox 594 2045 683 2103; x_wconf 87' lang='lat' dir='ltr'><strong>rerlris</strong></span> <span class='ocrx_word' id='word_1_276' title='bbox 703 2047 824 2119; x_wconf 78' lang='lat' dir='ltr'><strong>Apostoli</strong></span> <span class='ocrx_word' id='word_1_277' title='bbox 847 2067 853 2102; x_wconf 92' lang='lat'><strong>:</strong></span> <span class='ocrx_word' id='word_1_278' title='bbox 875 2049 938 2104; x_wconf 87' lang='lat' dir='ltr'><strong>Noli</strong></span> <span class='ocrx_word' id='word_1_279' title='bbox 956 2056 1021 2134; x_wconf 80' lang='lat' dir='ltr'><strong>Bet</strong></span> <span class='ocrx_word' id='word_1_280' title='bbox 1041 2048 1216 2120; x_wconf 86' lang='lat' dir='ltr'><strong>pretiosiores</strong></span> <span class='ocrx_word' id='word_1_281' title='bbox 1235 2048 1378 2120; x_wconf 88' lang='lat' dir='ltr'><strong>prohibere</strong></span> <span class='ocrx_word' id='word_1_282' title='bbox 1397 2047 1550 2104; x_wconf 90' lang='lat' dir='ltr'><strong>credendus</strong></span> <span class='ocrx_word' id='word_1_283' title='bbox 1567 2056 1617 2103; x_wconf 87' lang='lat' dir='ltr'><strong>est.</strong></span> <span class='ocrx_word' id='word_1_284' title='bbox 1638 2049 1701 2103; x_wconf 88' lang='lat' dir='ltr'><strong>Mos</strong></span> <span class='ocrx_word' id='word_1_285' title='bbox 1717 2046 1792 2105; x_wconf 85' lang='lat' dir='ltr'><strong>enim</strong></span> 
     </span>
     <span class='ocr_line' id='line_1_24' title="bbox 138 2113 1794 2190; baseline 0.005 -24"><span class='ocrx_word' id='word_1_286' title='bbox 138 2113 226 2167; x_wconf 87' lang='lat' dir='ltr'><strong>adhuc</strong></span> <span class='ocrx_word' id='word_1_287' title='bbox 242 2130 341 2184; x_wconf 76' lang='lat' dir='ltr'><strong>aequam</strong></span> <span class='ocrx_word' id='word_1_288' title='bbox 356 2116 443 2172; x_wconf 89' lang='lat' dir='ltr'><strong>bibere</strong></span> <span class='ocrx_word' id='word_1_289' title='bbox 458 2135 467 2170; x_wconf 90' lang='lat'><strong>.·</strong></span> <span class='ocrx_word' id='word_1_290' title='bbox 487 2118 533 2172; x_wconf 86' lang='lat' dir='ltr'><strong>sed</strong></span> <span class='ocrx_word' id='word_1_291' title='bbox 549 2123 622 2172; x_wconf 90' lang='lat' dir='ltr'><strong>utere</strong></span> <span class='ocrx_word' id='word_1_292' title='bbox 637 2119 738 2174; x_wconf 87' lang='lat' dir='ltr'><strong>modico</strong></span> <span class='ocrx_word' id='word_1_293' title='bbox 754 2121 815 2173; x_wconf 87' lang='grc'><strong>2122</strong></span> <span class='ocrx_word' id='word_1_294' title='bbox 828 2122 938 2189; x_wconf 88' lang='lat' dir='ltr'><strong>propter</strong></span> <span class='ocrx_word' id='word_1_295' title='bbox 993 2127 1152 2176; x_wconf 77' lang='lat' dir='ltr'><strong>sannorum</strong></span> <span class='ocrx_word' id='word_1_296' title='bbox 1168 2128 1210 2176; x_wconf 91' lang='lat' dir='ltr'><strong>est</strong></span> <span class='ocrx_word' id='word_1_297' title='bbox 1221 2120 1249 2175; x_wconf 88' lang='lat' dir='ltr'><strong>in</strong></span> <span class='ocrx_word' id='word_1_298' title='bbox 1270 2119 1376 2175; x_wconf 86' lang='lat' dir='ltr'><strong>minore</strong></span> <span class='ocrx_word' id='word_1_299' title='bbox 1389 2118 1621 2190; x_wconf 86' lang='lat' dir='ltr'><strong>comprehendere</strong></span> <span class='ocrx_word' id='word_1_300' title='bbox 1633 2117 1794 2190; x_wconf 70' lang='lat' dir='ltr'><strong>majusne</strong></span> 
     </span>
     <span class='ocr_line' id='line_1_25' title="bbox 138 2186 1794 2272; baseline 0.003 -34"><span class='ocrx_word' id='word_1_301' title='bbox 138 2186 302 2266; x_wconf 77' lang='lat' dir='ltr'><strong>stomachum</strong></span> <span class='ocrx_word' id='word_1_302' title='bbox 314 2190 340 2240; x_wconf 92' lang='lat' dir='ltr'><strong>et</strong></span> <span class='ocrx_word' id='word_1_303' title='bbox 350 2187 503 2256; x_wconf 79' lang='lat' dir='ltr'><strong>frequentes</strong></span> <span class='ocrx_word' id='word_1_304' title='bbox 516 2191 577 2242; x_wconf 84' lang='lat' dir='ltr'><strong>tiras</strong></span> <span class='ocrx_word' id='word_1_305' title='bbox 589 2190 759 2257; x_wconf 69' lang='lat' dir='ltr'><strong>impunitates</strong></span> <span class='ocrx_word' id='word_1_306' title='bbox 772 2189 796 2259; x_wconf 88' lang='lat' dir='ltr'><strong>(l</strong></span> <span class='ocrx_word' id='word_1_307' title='bbox 811 2192 879 2244; x_wconf 80' lang='lat' dir='ltr'><strong>Tim.</strong></span> <span class='ocrx_word' id='word_1_308' title='bbox 896 2190 938 2260; x_wconf 85' lang='grc'><strong>2).</strong></span> <span class='ocrx_word' id='word_1_309' title='bbox 992 2188 1046 2245; x_wconf 89' lang='lat' dir='ltr'><strong>ilie.</strong></span> <span class='ocrx_word' id='word_1_310' title='bbox 1063 2188 1228 2259; x_wconf 84' lang='lat' dir='ltr'><strong>smaragdus</strong></span> <span class='ocrx_word' id='word_1_311' title='bbox 1240 2205 1303 2246; x_wconf 83' lang='lat' dir='ltr'><strong>rei-o</strong></span> <span class='ocrx_word' id='word_1_312' title='bbox 1317 2189 1401 2246; x_wconf 85' lang='lat' dir='ltr'><strong>abbas</strong></span> <span class='ocrx_word' id='word_1_313' title='bbox 1410 2189 1438 2245; x_wconf 91' lang='lat' dir='ltr'><strong>in</strong></span> <span class='ocrx_word' id='word_1_314' title='bbox 1453 2189 1580 2245; x_wconf 89' lang='lat' dir='ltr'><strong>eumdem</strong></span> <span class='ocrx_word' id='word_1_315' title='bbox 1596 2189 1687 2245; x_wconf 88' lang='lat' dir='ltr'><strong>locum</strong></span> <span class='ocrx_word' id='word_1_316' title='bbox 1703 2192 1794 2272; x_wconf 66' lang='lat' dir='ltr'><strong>Regn-</strong></span> 
     </span>
     <span class='ocr_line' id='line_1_26' title="bbox 142 2255 1792 2332; baseline 0.002 -22"><span class='ocrx_word' id='word_1_317' title='bbox 142 2255 222 2315; x_wconf 84' lang='lat' dir='ltr'><strong>Vide,</strong></span> <span class='ocrx_word' id='word_1_318' title='bbox 234 2257 323 2326; x_wconf 87' lang='lat' dir='ltr'><strong>inquit</strong></span> <span class='ocrx_word' id='word_1_319' title='bbox 333 2257 520 2329; x_wconf 89' lang='lat' dir='ltr'><strong>Hieronymus</strong></span> <span class='ocrx_word' id='word_1_320' title='bbox 532 2260 632 2328; x_wconf 82' lang='lat' dir='ltr'><strong>(Epist.</strong></span> <span class='ocrx_word' id='word_1_321' title='bbox 646 2264 692 2326; x_wconf 88' lang='grc'><strong>22,</strong></span> <span class='ocrx_word' id='word_1_322' title='bbox 705 2261 754 2314; x_wconf 88' lang='grc'><strong>221</strong></span> <span class='ocrx_word' id='word_1_323' title='bbox 766 2262 870 2331; x_wconf 77' lang='lat' dir='ltr'><strong>supra),</strong></span> <span class='ocrx_word' id='word_1_324' title='bbox 880 2261 940 2330; x_wconf 89' lang='lat' dir='ltr'><strong>qui-</strong></span> <span class='ocrx_word' id='word_1_325' title='bbox 993 2259 1028 2316; x_wconf 83' lang='lat' dir='ltr'><strong>1ae</strong></span> <span class='ocrx_word' id='word_1_326' title='bbox 1048 2261 1124 2331; x_wconf 82' lang='lat' dir='ltr'><strong>(Cap.</strong></span> <span class='ocrx_word' id='word_1_327' title='bbox 1145 2265 1190 2326; x_wconf 80' lang='grc'><strong>39)</strong></span> <span class='ocrx_word' id='word_1_328' title='bbox 1208 2260 1347 2328; x_wconf 89' lang='lat' dir='ltr'><strong>scriberis,</strong></span> <span class='ocrx_word' id='word_1_329' title='bbox 1370 2267 1432 2332; x_wconf 92' lang='lat' dir='ltr'><strong>post</strong></span> <span class='ocrx_word' id='word_1_330' title='bbox 1450 2259 1495 2315; x_wconf 88' lang='lat' dir='ltr'><strong>ilia</strong></span> <span class='ocrx_word' id='word_1_331' title='bbox 1516 2260 1598 2316; x_wconf 85' lang='lat' dir='ltr'><strong>rerba</strong></span> <span class='ocrx_word' id='word_1_332' title='bbox 1616 2261 1730 2331; x_wconf 73' lang='lat' dir='ltr'><strong>Regula</strong></span> <span class='ocrx_word' id='word_1_333' title='bbox 1755 2267 1792 2314; x_wconf 90' lang='lat' dir='ltr'><strong>rtn</strong></span> 
     </span>
     <span class='ocr_line' id='line_1_27' title="bbox 105 2325 1794 2400; baseline 0.002 -19"><span class='ocrx_word' id='word_1_334' title='bbox 105 2374 110 2381; x_wconf 92' lang='grc'><em>,</em></span> <span class='ocrx_word' id='word_1_335' title='bbox 139 2325 286 2380; x_wconf 87' lang='lat' dir='ltr'><strong>buscnusis</strong></span> <span class='ocrx_word' id='word_1_336' title='bbox 300 2328 360 2380; x_wconf 87' lang='lat' dir='ltr'><strong>uini</strong></span> <span class='ocrx_word' id='word_1_337' title='bbox 374 2329 450 2398; x_wconf 85' lang='lat' dir='ltr'><strong>potio</strong></span> <span class='ocrx_word' id='word_1_338' title='bbox 469 2329 643 2396; x_wconf 78' lang='lat' dir='ltr'><strong>concedatur3</strong></span> <span class='ocrx_word' id='word_1_339' title='bbox 657 2334 688 2386; x_wconf 92' lang='lat' dir='ltr'><strong>ut</strong></span> <span class='ocrx_word' id='word_1_340' title='bbox 704 2347 738 2384; x_wconf 81' lang='lat' dir='ltr'><strong>aar</strong></span> <span class='ocrx_word' id='word_1_341' title='bbox 753 2331 799 2385; x_wconf 84' lang='lat' dir='ltr'><strong>boc</strong></span> <span class='ocrx_word' id='word_1_342' title='bbox 812 2331 942 2385; x_wconf 85' lang='lat' dir='ltr'><strong>stomachi</strong></span> <span class='ocrx_word' id='word_1_343' title='bbox 993 2330 1088 2386; x_wconf 88' lang='lat' dir='ltr'><strong>subdit</strong></span> <span class='ocrx_word' id='word_1_344' title='bbox 1103 2351 1109 2387; x_wconf 92' lang='lat'>:</span> <span class='ocrx_word' id='word_1_345' title='bbox 1124 2335 1193 2389; x_wconf 89' lang='lat' dir='ltr'><strong>Hinc</strong></span> <span class='ocrx_word' id='word_1_346' title='bbox 1204 2333 1330 2388; x_wconf 84' lang='lat' dir='ltr'><strong>Aurelius</strong></span> <span class='ocrx_word' id='word_1_347' title='bbox 1343 2334 1384 2387; x_wconf 88' lang='grc'><strong>212</strong></span> <span class='ocrx_word' id='word_1_348' title='bbox 1399 2351 1406 2386; x_wconf 93' lang='lat'>:</span> <span class='ocrx_word' id='word_1_349' title='bbox 1421 2332 1517 2388; x_wconf 80' lang='grc'><strong>022222</strong></span> <span class='ocrx_word' id='word_1_350' title='bbox 1530 2334 1559 2384; x_wconf 89' lang='lat' dir='ltr'><strong>in</strong></span> <span class='ocrx_word' id='word_1_351' title='bbox 1573 2331 1631 2385; x_wconf 89' lang='lat' dir='ltr'><strong>cibo</strong></span> <span class='ocrx_word' id='word_1_352' title='bbox 1645 2345 1794 2400; x_wconf 79' lang='lat' dir='ltr'><strong>numquam</strong></span> 
     </span>
    </p>
   </div>
   <div class='ocr_carea' id='block_1_5' title="bbox 24 2385 1794 2469">
    <p class='ocr_par' dir='ltr' id='par_1_6' title="bbox 24 2385 1794 2469">
     <span class='ocr_line' id='line_1_28' title="bbox 24 2385 1794 2469; baseline 0.003 -21"><span class='ocrx_word' id='word_1_353' title='bbox 24 2385 41 2431; x_wconf 78' lang='lat'><strong>⁶,</strong></span> <span class='ocrx_word' id='word_1_354' title='bbox 138 2394 225 2456; x_wconf 79' lang='lat' dir='ltr'><strong>daim,</strong></span> <span class='ocrx_word' id='word_1_355' title='bbox 245 2401 271 2450; x_wconf 92' lang='lat' dir='ltr'><strong>et</strong></span> <span class='ocrx_word' id='word_1_356' title='bbox 288 2397 414 2466; x_wconf 70' lang='lat' dir='ltr'><strong>frequens</strong></span> <span class='ocrx_word' id='word_1_357' title='bbox 432 2398 573 2454; x_wconf 81' lang='lat' dir='ltr'><strong>medeatur</strong></span> <span class='ocrx_word' id='word_1_358' title='bbox 592 2401 746 2469; x_wconf 70' lang='grc'><strong>1222221222.</strong></span> <span class='ocrx_word' id='word_1_359' title='bbox 763 2403 798 2457; x_wconf 86' lang='lat' dir='ltr'><strong>Et</strong></span> <span class='ocrx_word' id='word_1_360' title='bbox 815 2416 849 2456; x_wconf 90' lang='lat' dir='ltr'><strong>ne</strong></span> <span class='ocrx_word' id='word_1_361' title='bbox 862 2401 940 2456; x_wconf 84' lang='lat' dir='ltr'><strong>nobis</strong></span> <span class='ocrx_word' id='word_1_362' title='bbox 992 2406 1144 2457; x_wconf 85' lang='lat' dir='ltr'><strong>sumantur.</strong></span> <span class='ocrx_word' id='word_1_363' title='bbox 1160 2405 1235 2459; x_wconf 85' lang='lat' dir='ltr'><strong>Pulli</strong></span> <span class='ocrx_word' id='word_1_364' title='bbox 1248 2418 1318 2466; x_wconf 85' lang='lat' dir='ltr'><strong>uero,</strong></span> <span class='ocrx_word' id='word_1_365' title='bbox 1341 2407 1366 2457; x_wconf 87' lang='lat' dir='ltr'><strong>et</strong></span> <span class='ocrx_word' id='word_1_366' title='bbox 1379 2403 1469 2456; x_wconf 86' lang='lat' dir='ltr'><strong>altilia</strong></span> <span class='ocrx_word' id='word_1_367' title='bbox 1487 2406 1580 2456; x_wconf 84' lang='lat' dir='ltr'><strong>cuncta</strong></span> <span class='ocrx_word' id='word_1_368' title='bbox 1600 2403 1629 2454; x_wconf 86' lang='lat' dir='ltr'><strong>in</strong></span> <span class='ocrx_word' id='word_1_369' title='bbox 1648 2414 1794 2469; x_wconf 73' lang='grc'><strong>22222222-</strong></span> 
     </span>
    </p>
   </div>
   <div class='ocr_carea' id='block_1_6' title="bbox 138 2466 1794 3107">
    <p class='ocr_par' dir='ltr' id='par_1_7' title="bbox 138 2466 1794 2823">
     <span class='ocr_line' id='line_1_29' title="bbox 138 2466 1793 2541; baseline 0.002 -20"><span class='ocrx_word' id='word_1_370' title='bbox 138 2466 256 2533; x_wconf 78' lang='grc'><strong>22221222</strong></span> <span class='ocrx_word' id='word_1_371' title='bbox 263 2469 296 2523; x_wconf 91' lang='lat' dir='ltr'><strong>de</strong></span> <span class='ocrx_word' id='word_1_372' title='bbox 305 2470 520 2536; x_wconf 72' lang='lat' dir='ltr'><strong>annotationibus</strong></span> <span class='ocrx_word' id='word_1_373' title='bbox 528 2471 721 2539; x_wconf 72' lang='lat' dir='ltr'><strong>blandiremur,</strong></span> <span class='ocrx_word' id='word_1_374' title='bbox 731 2473 863 2526; x_wconf 85' lang='lat' dir='ltr'><strong>modicum</strong></span> <span class='ocrx_word' id='word_1_375' title='bbox 870 2487 939 2541; x_wconf 76' lang='lat' dir='ltr'><strong>prm</strong></span> <span class='ocrx_word' id='word_1_376' title='bbox 993 2475 1066 2526; x_wconf 85' lang='lat' dir='ltr'><strong>tione</strong></span> <span class='ocrx_word' id='word_1_377' title='bbox 1078 2489 1130 2528; x_wconf 89' lang='lat' dir='ltr'><strong>non</strong></span> <span class='ocrx_word' id='word_1_378' title='bbox 1144 2476 1341 2528; x_wconf 77' lang='lat' dir='ltr'><strong>ministrentur.</strong></span> <span class='ocrx_word' id='word_1_379' title='bbox 1361 2473 1480 2541; x_wconf 73' lang='lat' dir='ltr'><strong>intimis</strong></span> <span class='ocrx_word' id='word_1_380' title='bbox 1497 2485 1556 2525; x_wconf 86' lang='lat' dir='ltr'><strong>uero</strong></span> <span class='ocrx_word' id='word_1_381' title='bbox 1575 2475 1680 2523; x_wconf 87' lang='lat' dir='ltr'><strong>tuntum</strong></span> <span class='ocrx_word' id='word_1_382' title='bbox 1695 2473 1793 2538; x_wconf 83' lang='lat' dir='ltr'><strong>provi-</strong></span> 
     </span>
     <span class='ocr_line' id='line_1_30' title="bbox 140 2538 1794 2612; baseline 0.003 -23"><span class='ocrx_word' id='word_1_383' title='bbox 140 2538 211 2605; x_wconf 87' lang='lat' dir='ltr'><strong>ccpit</strong></span> <span class='ocrx_word' id='word_1_384' title='bbox 229 2552 283 2593; x_wconf 85' lang='lat' dir='ltr'><strong>esse</strong></span> <span class='ocrx_word' id='word_1_385' title='bbox 301 2540 467 2603; x_wconf 86' lang='lat' dir='ltr'><strong>sumendum,</strong></span> <span class='ocrx_word' id='word_1_386' title='bbox 488 2541 587 2595; x_wconf 86' lang='lat' dir='ltr'><strong>medici</strong></span> <span class='ocrx_word' id='word_1_387' title='bbox 603 2545 695 2611; x_wconf 83' lang='lat' dir='ltr'><strong>potiris</strong></span> <span class='ocrx_word' id='word_1_388' title='bbox 716 2544 834 2604; x_wconf 83' lang='lat' dir='ltr'><strong>cmrsr&#39;lt‘o,</strong></span> <span class='ocrx_word' id='word_1_389' title='bbox 858 2557 939 2611; x_wconf 89' lang='lat' dir='ltr'><strong>qnam</strong></span> <span class='ocrx_word' id='word_1_390' title='bbox 992 2542 1115 2606; x_wconf 78' lang='grc'><strong>(1222222,</strong></span> <span class='ocrx_word' id='word_1_391' title='bbox 1132 2549 1157 2598; x_wconf 96' lang='grc'><strong>22</strong></span> <span class='ocrx_word' id='word_1_392' title='bbox 1168 2545 1286 2612; x_wconf 81' lang='lat' dir='ltr'><strong>accipere</strong></span> <span class='ocrx_word' id='word_1_393' title='bbox 1299 2543 1385 2596; x_wconf 87' lang='lat' dir='ltr'><strong>liceat.</strong></span> <span class='ocrx_word' id='word_1_394' title='bbox 1402 2543 1471 2596; x_wconf 83' lang='lat' dir='ltr'><strong>iiim</strong></span> <span class='ocrx_word' id='word_1_395' title='bbox 1480 2542 1640 2594; x_wconf 82' lang='lat' dir='ltr'><strong>Fructuosus</strong></span> <span class='ocrx_word' id='word_1_396' title='bbox 1651 2541 1712 2593; x_wconf 86' lang='lat' dir='ltr'><strong>ait:</strong></span> <span class='ocrx_word' id='word_1_397' title='bbox 1729 2539 1794 2594; x_wconf 79' lang='lat' dir='ltr'><strong>car-</strong></span> 
     </span>
     <span class='ocr_line' id='line_1_31' title="bbox 140 2608 1793 2684; baseline 0.002 -25"><span class='ocrx_word' id='word_1_398' title='bbox 140 2609 254 2675; x_wconf 88' lang='lat' dir='ltr'><strong>npostoli</strong></span> <span class='ocrx_word' id='word_1_399' title='bbox 270 2627 278 2662; x_wconf 76' lang='lat' dir='ltr'><strong>i</strong></span> <span class='ocrx_word' id='word_1_400' title='bbox 292 2611 351 2664; x_wconf 88' lang='lat' dir='ltr'><strong>lieet</strong></span> <span class='ocrx_word' id='word_1_401' title='bbox 364 2615 389 2664; x_wconf 92' lang='lat' dir='ltr'><strong>et</strong></span> <span class='ocrx_word' id='word_1_402' title='bbox 400 2612 544 2680; x_wconf 83' lang='lat' dir='ltr'><strong>Apostolus</strong></span> <span class='ocrx_word' id='word_1_403' title='bbox 556 2613 593 2666; x_wconf 90' lang='lat' dir='ltr'><strong>sit</strong></span> <span class='ocrx_word' id='word_1_404' title='bbox 603 2613 720 2667; x_wconf 77' lang='lat' dir='ltr'><strong>medicans</strong></span> <span class='ocrx_word' id='word_1_405' title='bbox 731 2612 893 2682; x_wconf 67' lang='lat' dir='ltr'><strong>mundialis,</strong></span> <span class='ocrx_word' id='word_1_406' title='bbox 905 2628 938 2666; x_wconf 91' lang='lat' dir='ltr'><strong>nc</strong></span> <span class='ocrx_word' id='word_1_407' title='bbox 991 2627 1051 2666; x_wconf 88' lang='lat' dir='ltr'><strong>nem</strong></span> <span class='ocrx_word' id='word_1_408' title='bbox 1065 2617 1189 2684; x_wconf 87' lang='lat' dir='ltr'><strong>cuiquam</strong></span> <span class='ocrx_word' id='word_1_409' title='bbox 1201 2613 1329 2667; x_wconf 85' lang='lat' dir='ltr'><strong>manacho</strong></span> <span class='ocrx_word' id='word_1_410' title='bbox 1341 2626 1388 2666; x_wconf 87' lang='lat' dir='ltr'><strong>nec</strong></span> <span class='ocrx_word' id='word_1_411' title='bbox 1399 2610 1531 2672; x_wconf 86' lang='lat' dir='ltr'><strong>sumendi,</strong></span> <span class='ocrx_word' id='word_1_412' title='bbox 1546 2624 1594 2664; x_wconf 87' lang='lat' dir='ltr'><strong>nec</strong></span> <span class='ocrx_word' id='word_1_413' title='bbox 1606 2608 1738 2678; x_wconf 76' lang='lat' dir='ltr'><strong>prestandi</strong></span> <span class='ocrx_word' id='word_1_414' title='bbox 1752 2613 1793 2663; x_wconf 88' lang='lat' dir='ltr'><strong>est</strong></span> 
     </span>
     <span class='ocr_line' id='line_1_32' title="bbox 141 2679 1793 2754; baseline 0.001 -23"><span class='ocrx_word' id='word_1_415' title='bbox 141 2680 938 2754; x_wconf 74' lang='lat' dir='ltr'><strong>minotheaimaeuttitntesupmatnssnanpetripmdimndi</strong></span> <span class='ocrx_word' id='word_1_416' title='bbox 992 2698 1109 2739; x_wconf 85' lang='lat' dir='ltr'><strong>caruessa</strong></span> <span class='ocrx_word' id='word_1_417' title='bbox 1122 2684 1231 2739; x_wconf 83' lang='grc'><strong>11222212</strong></span> <span class='ocrx_word' id='word_1_418' title='bbox 1246 2701 1254 2736; x_wconf 89' lang='lat'>:</span> <span class='ocrx_word' id='word_1_419' title='bbox 1269 2698 1321 2736; x_wconf 87' lang='grc'><strong>222</strong></span> <span class='ocrx_word' id='word_1_420' title='bbox 1334 2682 1406 2751; x_wconf 79' lang='lat' dir='ltr'><strong>qiud</strong></span> <span class='ocrx_word' id='word_1_421' title='bbox 1419 2685 1569 2736; x_wconf 82' lang='grc'><strong>2222222222</strong></span> <span class='ocrx_word' id='word_1_422' title='bbox 1583 2682 1632 2735; x_wconf 83' lang='lat' dir='ltr'><strong>Dei</strong></span> <span class='ocrx_word' id='word_1_423' title='bbox 1640 2679 1793 2748; x_wconf 75' lang='lat' dir='ltr'><strong>judicemus</strong></span> 
     </span>
     <span class='ocr_line' id='line_1_33' title="bbox 140 2750 1793 2823; baseline 0.001 -21"><span class='ocrx_word' id='word_1_424' title='bbox 140 2763 194 2803; x_wconf 90' lang='lat' dir='ltr'><strong>non</strong></span> <span class='ocrx_word' id='word_1_425' title='bbox 241 2756 293 2806; x_wconf 89' lang='lat' dir='ltr'><strong>sset</strong></span> <span class='ocrx_word' id='word_1_426' title='bbox 304 2753 414 2822; x_wconf 82' lang='lat' dir='ltr'><strong>implere</strong></span> <span class='ocrx_word' id='word_1_427' title='bbox 425 2752 569 2815; x_wconf 79' lang='lat' dir='ltr'><strong>dncrirsus,</strong></span> <span class='ocrx_word' id='word_1_428' title='bbox 584 2760 635 2808; x_wconf 90' lang='lat' dir='ltr'><strong>etc.</strong></span> <span class='ocrx_word' id='word_1_429' title='bbox 993 2753 1144 2823; x_wconf 83' lang='lat' dir='ltr'><strong>indiqnnm,</strong></span> <span class='ocrx_word' id='word_1_430' title='bbox 1159 2754 1205 2808; x_wconf 86' lang='lat' dir='ltr'><strong>seii</strong></span> <span class='ocrx_word' id='word_1_431' title='bbox 1219 2754 1290 2823; x_wconf 88' lang='lat' dir='ltr'><strong>quod</strong></span> <span class='ocrx_word' id='word_1_432' title='bbox 1304 2754 1394 2808; x_wconf 85' lang='lat' dir='ltr'><strong>curnis</strong></span> <span class='ocrx_word' id='word_1_433' title='bbox 1407 2753 1570 2806; x_wconf 88' lang='lat' dir='ltr'><strong>abstinentia</strong></span> <span class='ocrx_word' id='word_1_434' title='bbox 1591 2750 1668 2803; x_wconf 88' lang='lat' dir='ltr'><strong>utilis</strong></span> <span class='ocrx_word' id='word_1_435' title='bbox 1684 2753 1709 2803; x_wconf 87' lang='lat' dir='ltr'><strong>et</strong></span> <span class='ocrx_word' id='word_1_436' title='bbox 1727 2753 1793 2819; x_wconf 85' lang='lat' dir='ltr'><strong>apta</strong></span> 
     </span>
    </p>

    <p class='ocr_par' dir='ltr' id='par_1_8' title="bbox 138 2820 1793 3107">
     <span class='ocr_line' id='line_1_34' title="bbox 175 2820 1793 2895; baseline 0.001 -22"><span class='ocrx_word' id='word_1_437' title='bbox 175 2820 200 2873; x_wconf 93' lang='grc'><strong>11</strong></span> <span class='ocrx_word' id='word_1_438' title='bbox 217 2861 222 2872; x_wconf 94' lang='grc'><strong>.</strong></span> <span class='ocrx_word' id='word_1_439' title='bbox 241 2821 291 2877; x_wconf 84' lang='grc'><strong>1112</strong></span> <span class='ocrx_word' id='word_1_440' title='bbox 308 2822 441 2878; x_wconf 90' lang='lat' dir='ltr'><strong>accedunt</strong></span> <span class='ocrx_word' id='word_1_441' title='bbox 458 2824 581 2895; x_wconf 86' lang='lat' dir='ltr'><strong>exempla</strong></span> <span class='ocrx_word' id='word_1_442' title='bbox 594 2831 718 2880; x_wconf 81' lang='lat' dir='ltr'><strong>veterum</strong></span> <span class='ocrx_word' id='word_1_443' title='bbox 737 2822 937 2880; x_wconf 87' lang='lat' dir='ltr'><strong>monachorum</strong></span> <span class='ocrx_word' id='word_1_444' title='bbox 993 2826 1128 2880; x_wconf 84' lang='lat' dir='ltr'><strong>mminebis</strong></span> <span class='ocrx_word' id='word_1_445' title='bbox 1138 2827 1299 2888; x_wconf 66' lang='lat' dir='ltr'><strong>estimatum</strong></span> <span class='ocrx_word' id='word_1_446' title='bbox 1310 2827 1511 2877; x_wconf 86' lang='lat' dir='ltr'><strong>sematotamen</strong></span> <span class='ocrx_word' id='word_1_447' title='bbox 1519 2820 1793 2888; x_wconf 86' lang='lat' dir='ltr'><strong>moderaminepieta·</strong></span> 
     </span>
     <span class='ocr_line' id='line_1_35' title="bbox 139 2891 1793 2965; baseline 0.001 -21"><span class='ocrx_word' id='word_1_448' title='bbox 139 2896 166 2944; x_wconf 92' lang='lat' dir='ltr'><strong>et</strong></span> <span class='ocrx_word' id='word_1_449' title='bbox 186 2891 422 2948; x_wconf 88' lang='lat' dir='ltr'><strong>anachoretamm.</strong></span> <span class='ocrx_word' id='word_1_450' title='bbox 446 2893 586 2965; x_wconf 89' lang='lat' dir='ltr'><strong>Siquidem</strong></span> <span class='ocrx_word' id='word_1_451' title='bbox 609 2894 745 2952; x_wconf 83' lang='lat' dir='ltr'><strong>Eusebius</strong></span> <span class='ocrx_word' id='word_1_452' title='bbox 766 2909 798 2949; x_wconf 91' lang='lat' dir='ltr'><strong>ex</strong></span> <span class='ocrx_word' id='word_1_453' title='bbox 821 2894 938 2950; x_wconf 89' lang='lat' dir='ltr'><strong>Philone</strong></span> <span class='ocrx_word' id='word_1_454' title='bbox 994 2897 1029 2950; x_wconf 90' lang='lat' dir='ltr'><strong>tis</strong></span> <span class='ocrx_word' id='word_1_455' title='bbox 1044 2910 1106 2964; x_wconf 77' lang='lat' dir='ltr'><strong>erqo</strong></span> <span class='ocrx_word' id='word_1_456' title='bbox 1120 2899 1279 2964; x_wconf 81' lang='lat' dir='ltr'><strong>eprotmum</strong></span> <span class='ocrx_word' id='word_1_457' title='bbox 1293 2892 1509 2954; x_wconf 82' lang='lat' dir='ltr'><strong>necessitudines,</strong></span> <span class='ocrx_word' id='word_1_458' title='bbox 1525 2892 1567 2945; x_wconf 82' lang='lat' dir='ltr'><strong>rel</strong></span> <span class='ocrx_word' id='word_1_459' title='bbox 1581 2891 1658 2959; x_wconf 85' lang='lat' dir='ltr'><strong>lonqa</strong></span> <span class='ocrx_word' id='word_1_460' title='bbox 1669 2892 1793 2960; x_wconf 72' lang='grc'><strong>2222212-</strong></span> 
     </span>
     <span class='ocr_line' id='line_1_36' title="bbox 138 2958 1793 3038; baseline 0 -23"><span class='ocrx_word' id='word_1_461' title='bbox 138 2958 222 3017; x_wconf 85' lang='grc'><strong>222222</strong></span> <span class='ocrx_word' id='word_1_462' title='bbox 240 2963 343 3034; x_wconf 90' lang='lat' dir='ltr'><strong>primos</strong></span> <span class='ocrx_word' id='word_1_463' title='bbox 357 2963 542 3030; x_wconf 81' lang='lat' dir='ltr'><strong>Christianos,</strong></span> <span class='ocrx_word' id='word_1_464' title='bbox 559 2980 629 3038; x_wconf 94' lang='lat' dir='ltr'><strong>quos</strong></span> <span class='ocrx_word' id='word_1_465' title='bbox 645 2974 725 3020; x_wconf 84' lang='lat' dir='ltr'><strong>vocat</strong></span> <span class='ocrx_word' id='word_1_466' title='bbox 738 2965 826 3020; x_wconf 88' lang='lat' dir='ltr'><strong>Thera</strong></span> <span class='ocrx_word' id='word_1_467' title='bbox 863 2973 937 3033; x_wconf 86' lang='lat' dir='ltr'><strong>utns,</strong></span> <span class='ocrx_word' id='word_1_468' title='bbox 993 2967 1116 3028; x_wconf 88' lang='lat' dir='ltr'><strong>centium,</strong></span> <span class='ocrx_word' id='word_1_469' title='bbox 1127 2966 1319 3035; x_wconf 81' lang='lat' dir='ltr'><strong>qualiterutnt</strong></span> <span class='ocrx_word' id='word_1_470' title='bbox 1327 2964 1478 3017; x_wconf 68' lang='lat' dir='ltr'><strong>arelatinum</strong></span> <span class='ocrx_word' id='word_1_471' title='bbox 1486 2962 1575 3016; x_wconf 88' lang='lat' dir='ltr'><strong>esibus</strong></span> <span class='ocrx_word' id='word_1_472' title='bbox 1583 2963 1687 3029; x_wconf 73' lang='lat' dir='ltr'><strong>infiniti</strong></span> <span class='ocrx_word' id='word_1_473' title='bbox 1695 2963 1793 3015; x_wconf 85' lang='grc'><strong>222222-</strong></span> 
     </span>
     <span class='ocr_line' id='line_1_37' title="bbox 138 3029 1791 3107; baseline 0 -23"><span class='ocrx_word' id='word_1_474' title='bbox 138 3029 231 3100; x_wconf 90' lang='lat' dir='ltr'><strong>idest,</strong></span> <span class='ocrx_word' id='word_1_475' title='bbox 251 3033 381 3101; x_wconf 88' lang='lat' dir='ltr'><strong>cultores,</strong></span> <span class='ocrx_word' id='word_1_476' title='bbox 396 3049 444 3090; x_wconf 90' lang='lat' dir='ltr'><strong>seu</strong></span> <span class='ocrx_word' id='word_1_477' title='bbox 460 3045 612 3104; x_wconf 79' lang='lat' dir='ltr'><strong>curatores,</strong></span> <span class='ocrx_word' id='word_1_478' title='bbox 626 3034 700 3107; x_wconf 87' lang='lat' dir='ltr'><strong>apud</strong></span> <span class='ocrx_word' id='word_1_479' title='bbox 716 3035 820 3091; x_wconf 80' lang='lat' dir='ltr'><strong>Alexan</strong></span> <span class='ocrx_word' id='word_1_480' title='bbox 840 3035 938 3089; x_wconf 83' lang='grc'><strong>212222</strong></span> <span class='ocrx_word' id='word_1_481' title='bbox 993 3039 1093 3097; x_wconf 79' lang='lat' dir='ltr'><strong>teretur,</strong></span> <span class='ocrx_word' id='word_1_482' title='bbox 1105 3040 1131 3090; x_wconf 89' lang='grc'><strong>22</strong></span> <span class='ocrx_word' id='word_1_483' title='bbox 1140 3037 1282 3104; x_wconf 81' lang='lat' dir='ltr'><strong>lorrqmquo</strong></span> <span class='ocrx_word' id='word_1_484' title='bbox 1291 3036 1388 3088; x_wconf 88' lang='lat' dir='ltr'><strong>itinere</strong></span> <span class='ocrx_word' id='word_1_485' title='bbox 1397 3033 1535 3094; x_wconf 84' lang='lat' dir='ltr'><strong>destinati,</strong></span> <span class='ocrx_word' id='word_1_486' title='bbox 1547 3034 1573 3085; x_wconf 89' lang='lat' dir='ltr'><strong>si</strong></span> <span class='ocrx_word' id='word_1_487' title='bbox 1582 3033 1791 3101; x_wconf 81' lang='lat' dir='ltr'><strong>autapmncipe,</strong></span> 
     </span>
    </p>
   </div>
   <div class='ocr_carea' id='block_1_7' title="bbox 138 3101 1791 3231">
    <p class='ocr_par' dir='ltr' id='par_1_9' title="bbox 138 3101 1791 3231">
     <span class='ocr_line' id='line_1_38' title="bbox 138 3101 1791 3231; baseline 0 -76"><span class='ocrx_word' id='word_1_488' title='bbox 138 3101 167 3156; x_wconf 89' lang='lat' dir='ltr'><strong>S.</strong></span> <span class='ocrx_word' id='word_1_489' title='bbox 182 3105 275 3157; x_wconf 88' lang='grc'><strong>1112222</strong></span> <span class='ocrx_word' id='word_1_490' title='bbox 288 3105 453 3175; x_wconf 81' lang='lat' dir='ltr'><strong>evangelista</strong></span> <span class='ocrx_word' id='word_1_491' title='bbox 466 3106 615 3171; x_wconf 90' lang='lat' dir='ltr'><strong>institutos,</strong></span> <span class='ocrx_word' id='word_1_492' title='bbox 628 3105 663 3160; x_wconf 88' lang='lat' dir='ltr'><strong>ad</strong></span> <span class='ocrx_word' id='word_1_493' title='bbox 677 3119 815 3175; x_wconf 82' lang='lat' dir='ltr'><strong>vesperam</strong></span> <span class='ocrx_word' id='word_1_494' title='bbox 831 3112 937 3160; x_wconf 86' lang='lat' dir='ltr'><strong>tanturn</strong></span> <span class='ocrx_word' id='word_1_495' title='bbox 992 3107 1335 3231; x_wconf 51' lang='lat' dir='ltr'><strong>velepssffitsepmmur</strong></span> <span class='ocrx_word' id='word_1_496' title='bbox 1347 3104 1443 3174; x_wconf 82' lang='lat' dir='ltr'><strong>(idest,</strong></span> <span class='ocrx_word' id='word_1_497' title='bbox 1455 3106 1605 3165; x_wconf 81' lang='grc'><strong>2222222222,</strong></span> <span class='ocrx_word' id='word_1_498' title='bbox 1618 3104 1791 3169; x_wconf 85' lang='lat' dir='ltr'><strong>incitantur),</strong></span> 
     </span>
    </p>
   </div>
   <div class='ocr_carea' id='block_1_8' title="bbox 85 3170 1797 5790">
    <p class='ocr_par' dir='ltr' id='par_1_10' title="bbox 85 3170 1797 5790">
     <span class='ocr_line' id='line_1_39' title="bbox 138 3170 1791 3246; baseline 0 -21"><span class='ocrx_word' id='word_1_499' title='bbox 138 3170 232 3228; x_wconf 92' lang='lat' dir='ltr'><strong>cibum</strong></span> <span class='ocrx_word' id='word_1_500' title='bbox 251 3175 411 3243; x_wconf 82' lang='lat' dir='ltr'><strong>sumpsisse,</strong></span> <span class='ocrx_word' id='word_1_501' title='bbox 432 3183 459 3229; x_wconf 89' lang='lat' dir='ltr'><strong>et</strong></span> <span class='ocrx_word' id='word_1_502' title='bbox 476 3192 491 3230; x_wconf 92' lang='grc'><strong>2</strong></span> <span class='ocrx_word' id='word_1_503' title='bbox 506 3177 633 3231; x_wconf 85' lang='grc'><strong>22221222</strong></span> <span class='ocrx_word' id='word_1_504' title='bbox 646 3185 674 3230; x_wconf 88' lang='grc'><strong>22</strong></span> <span class='ocrx_word' id='word_1_505' title='bbox 688 3176 750 3229; x_wconf 87' lang='lat' dir='ltr'><strong>rino</strong></span> <span class='ocrx_word' id='word_1_506' title='bbox 763 3174 937 3231; x_wconf 90' lang='lat' dir='ltr'><strong>abstinuisse.</strong></span> <span class='ocrx_word' id='word_1_507' title='bbox 990 3191 1041 3246; x_wconf 86' lang='lat' dir='ltr'><strong>pro</strong></span> <span class='ocrx_word' id='word_1_508' title='bbox 1054 3177 1102 3231; x_wconf 89' lang='lat' dir='ltr'><strong>ben</strong></span> <span class='ocrx_word' id='word_1_509' title='bbox 1177 3179 1234 3231; x_wconf 87' lang='grc'><strong>1222</strong></span> <span class='ocrx_word' id='word_1_510' title='bbox 1245 3180 1270 3231; x_wconf 86' lang='grc'><strong>22</strong></span> <span class='ocrx_word' id='word_1_511' title='bbox 1283 3174 1432 3229; x_wconf 84' lang='lat' dir='ltr'><strong>obedientia</strong></span> <span class='ocrx_word' id='word_1_512' title='bbox 1446 3174 1586 3241; x_wconf 77' lang='grc'><strong>2122222222</strong></span> <span class='ocrx_word' id='word_1_513' title='bbox 1596 3188 1649 3227; x_wconf 89' lang='grc'><strong>222</strong></span> <span class='ocrx_word' id='word_1_514' title='bbox 1662 3176 1791 3236; x_wconf 87' lang='lat' dir='ltr'><strong>metuunt,</strong></span> 
     </span>
     <span class='ocr_line' id='line_1_40' title="bbox 138 3243 1789 3318; baseline 0.001 -22"><span class='ocrx_word' id='word_1_515' title='bbox 138 3243 217 3310; x_wconf 84' lang='lat' dir='ltr'><strong>Quod</strong></span> <span class='ocrx_word' id='word_1_516' title='bbox 232 3243 305 3299; x_wconf 91' lang='lat' dir='ltr'><strong>idem</strong></span> <span class='ocrx_word' id='word_1_517' title='bbox 319 3251 452 3299; x_wconf 86' lang='lat' dir='ltr'><strong>testantur</strong></span> <span class='ocrx_word' id='word_1_518' title='bbox 472 3247 501 3301; x_wconf 88' lang='lat' dir='ltr'><strong>S.</strong></span> <span class='ocrx_word' id='word_1_519' title='bbox 524 3245 689 3318; x_wconf 84' lang='lat' dir='ltr'><strong>Epiphanius</strong></span> <span class='ocrx_word' id='word_1_520' title='bbox 703 3245 799 3301; x_wconf 71' lang='lat' dir='ltr'><strong>haeresi</strong></span> <span class='ocrx_word' id='word_1_521' title='bbox 815 3251 861 3312; x_wconf 84' lang='grc'><strong>29,</strong></span> <span class='ocrx_word' id='word_1_522' title='bbox 876 3261 938 3317; x_wconf 80' lang='lat' dir='ltr'><strong>ques</strong></span> <span class='ocrx_word' id='word_1_523' title='bbox 992 3251 1125 3302; x_wconf 77' lang='lat' dir='ltr'><strong>sanantes</strong></span> <span class='ocrx_word' id='word_1_524' title='bbox 1140 3247 1216 3317; x_wconf 85' lang='lat' dir='ltr'><strong>apud</strong></span> <span class='ocrx_word' id='word_1_525' title='bbox 1229 3261 1257 3301; x_wconf 91' lang='lat' dir='ltr'><strong>se</strong></span> <span class='ocrx_word' id='word_1_526' title='bbox 1270 3246 1416 3313; x_wconf 75' lang='grc'><strong>2122211222</strong></span> <span class='ocrx_word' id='word_1_527' title='bbox 1429 3246 1617 3298; x_wconf 86' lang='lat' dir='ltr'><strong>continentiam</strong></span> <span class='ocrx_word' id='word_1_528' title='bbox 1631 3246 1789 3298; x_wconf 88' lang='lat' dir='ltr'><strong>consuetam.</strong></span> 
     </span>
     <span class='ocr_line' id='line_1_41' title="bbox 138 3314 1790 3388; baseline 0.001 -21"><span class='ocrx_word' id='word_1_529' title='bbox 138 3319 180 3367; x_wconf 90' lang='lat' dir='ltr'><strong>est</strong></span> <span class='ocrx_word' id='word_1_530' title='bbox 199 3314 406 3383; x_wconf 78' lang='lat' dir='ltr'><strong>Nazerinorum,</strong></span> <span class='ocrx_word' id='word_1_531' title='bbox 427 3323 454 3370; x_wconf 89' lang='lat' dir='ltr'><strong>et</strong></span> <span class='ocrx_word' id='word_1_532' title='bbox 468 3317 495 3372; x_wconf 90' lang='lat' dir='ltr'><strong>S.</strong></span> <span class='ocrx_word' id='word_1_533' title='bbox 515 3317 698 3388; x_wconf 84' lang='lat' dir='ltr'><strong>Hieronymus</strong></span> <span class='ocrx_word' id='word_1_534' title='bbox 719 3316 747 3371; x_wconf 93' lang='lat' dir='ltr'><strong>in</strong></span> <span class='ocrx_word' id='word_1_535' title='bbox 767 3316 813 3372; x_wconf 89' lang='grc'><strong>112.</strong></span> <span class='ocrx_word' id='word_1_536' title='bbox 830 3316 864 3372; x_wconf 91' lang='lat' dir='ltr'><strong>de</strong></span> <span class='ocrx_word' id='word_1_537' title='bbox 878 3317 936 3371; x_wconf 91' lang='grc'><strong>1112.</strong></span> <span class='ocrx_word' id='word_1_538' title='bbox 993 3318 1069 3384; x_wconf 82' lang='lat' dir='ltr'><strong>Oriod</strong></span> <span class='ocrx_word' id='word_1_539' title='bbox 1078 3320 1171 3388; x_wconf 87' lang='lat' dir='ltr'><strong>siquis</strong></span> <span class='ocrx_word' id='word_1_540' title='bbox 1180 3318 1323 3372; x_wconf 74' lang='lat' dir='ltr'><strong>inonachus</strong></span> <span class='ocrx_word' id='word_1_541' title='bbox 1334 3316 1482 3377; x_wconf 84' lang='lat' dir='ltr'><strong>uiolauerit,</strong></span> <span class='ocrx_word' id='word_1_542' title='bbox 1492 3319 1517 3368; x_wconf 91' lang='lat' dir='ltr'><strong>et</strong></span> <span class='ocrx_word' id='word_1_543' title='bbox 1527 3317 1618 3368; x_wconf 83' lang='lat' dir='ltr'><strong>contra</strong></span> <span class='ocrx_word' id='word_1_544' title='bbox 1627 3316 1790 3368; x_wconf 79' lang='lat' dir='ltr'><strong>sartationum</strong></span> 
     </span>
     <span class='ocr_line' id='line_1_42' title="bbox 141 3381 1793 3459; baseline 0.001 -22"><span class='ocrx_word' id='word_1_545' title='bbox 141 3381 240 3438; x_wconf 88' lang='grc'><strong>1112212.</strong></span> <span class='ocrx_word' id='word_1_546' title='bbox 252 3383 278 3438; x_wconf 95' lang='lat' dir='ltr'><strong>in</strong></span> <span class='ocrx_word' id='word_1_547' title='bbox 289 3384 403 3441; x_wconf 88' lang='lat' dir='ltr'><strong>Philone</strong></span> <span class='ocrx_word' id='word_1_548' title='bbox 415 3387 522 3450; x_wconf 86' lang='lat' dir='ltr'><strong>(Bellnr.</strong></span> <span class='ocrx_word' id='word_1_549' title='bbox 534 3388 581 3441; x_wconf 92' lang='lat' dir='ltr'><strong>lib.</strong></span> <span class='ocrx_word' id='word_1_550' title='bbox 593 3402 616 3443; x_wconf 90' lang='lat' dir='ltr'><strong>ix</strong></span> <span class='ocrx_word' id='word_1_551' title='bbox 628 3389 727 3443; x_wconf 89' lang='lat' dir='ltr'><strong>debon.</strong></span> <span class='ocrx_word' id='word_1_552' title='bbox 738 3387 816 3459; x_wconf 78' lang='lat' dir='ltr'><strong>Opes.</strong></span> <span class='ocrx_word' id='word_1_553' title='bbox 829 3403 888 3459; x_wconf 89' lang='lat' dir='ltr'><strong>cap.</strong></span> <span class='ocrx_word' id='word_1_554' title='bbox 897 3392 935 3454; x_wconf 82' lang='grc'><strong>5).</strong></span> <span class='ocrx_word' id='word_1_555' title='bbox 995 3390 1103 3457; x_wconf 79' lang='lat' dir='ltr'><strong>hepate</strong></span> <span class='ocrx_word' id='word_1_556' title='bbox 1115 3402 1245 3458; x_wconf 84' lang='lat' dir='ltr'><strong>usumque</strong></span> <span class='ocrx_word' id='word_1_557' title='bbox 1255 3391 1370 3441; x_wconf 85' lang='lat' dir='ltr'><strong>ueterum</strong></span> <span class='ocrx_word' id='word_1_558' title='bbox 1383 3384 1440 3453; x_wconf 83' lang='lat' dir='ltr'><strong>[Al.</strong></span> <span class='ocrx_word' id='word_1_559' title='bbox 1453 3387 1576 3452; x_wconf 81' lang='lat' dir='ltr'><strong>ueterem]</strong></span> <span class='ocrx_word' id='word_1_560' title='bbox 1586 3387 1656 3438; x_wconf 87' lang='lat' dir='ltr'><strong>uesci</strong></span> <span class='ocrx_word' id='word_1_561' title='bbox 1668 3385 1793 3439; x_wconf 73' lang='lat' dir='ltr'><strong>scurribus</strong></span> 
     </span>
     <span class='ocr_line' id='line_1_43' title="bbox 138 3445 1793 3535; baseline 0.001 -28"><span class='ocrx_word' id='word_1_562' title='bbox 138 3454 173 3507; x_wconf 88' lang='lat' dir='ltr'><strong>D.</strong></span> <span class='ocrx_word' id='word_1_563' title='bbox 189 3454 270 3509; x_wconf 85' lang='lat' dir='ltr'><strong>etiam</strong></span> <span class='ocrx_word' id='word_1_564' title='bbox 290 3455 454 3512; x_wconf 87' lang='lat' dir='ltr'><strong>Athrnasius</strong></span> <span class='ocrx_word' id='word_1_565' title='bbox 469 3456 570 3514; x_wconf 84' lang='lat' dir='ltr'><strong>latetur</strong></span> <span class='ocrx_word' id='word_1_566' title='bbox 581 3458 732 3515; x_wconf 87' lang='lat' dir='ltr'><strong>monachos</strong></span> <span class='ocrx_word' id='word_1_567' title='bbox 746 3460 786 3515; x_wconf 93' lang='lat' dir='ltr'><strong>sui</strong></span> <span class='ocrx_word' id='word_1_568' title='bbox 805 3459 938 3529; x_wconf 90' lang='lat' dir='ltr'><strong>temporis</strong></span> <span class='ocrx_word' id='word_1_569' title='bbox 956 3445 979 3509; x_wconf 87' lang='lat' dir='ltr'>C</span> <span class='ocrx_word' id='word_1_570' title='bbox 993 3462 1204 3528; x_wconf 76' lang='lat' dir='ltr'><strong>pommpseru,</strong></span> <span class='ocrx_word' id='word_1_571' title='bbox 1220 3473 1268 3512; x_wconf 86' lang='lat' dir='ltr'><strong>sear</strong></span> <span class='ocrx_word' id='word_1_572' title='bbox 1281 3459 1410 3512; x_wconf 84' lang='lat' dir='ltr'><strong>mensium</strong></span> <span class='ocrx_word' id='word_1_573' title='bbox 1422 3457 1510 3525; x_wconf 86' lang='lat' dir='ltr'><strong>spatio</strong></span> <span class='ocrx_word' id='word_1_574' title='bbox 1521 3455 1665 3535; x_wconf 72' lang='lat' dir='ltr'><strong>retrusioni</strong></span> <span class='ocrx_word' id='word_1_575' title='bbox 1679 3459 1704 3508; x_wconf 91' lang='lat' dir='ltr'><strong>et</strong></span> <span class='ocrx_word' id='word_1_576' title='bbox 1711 3457 1793 3524; x_wconf 77' lang='lat' dir='ltr'><strong>puni</strong></span> 
     </span>
     <span class='ocr_line' id='line_1_44' title="bbox 139 3521 1791 3599; baseline 0.001 -22"><span class='ocrx_word' id='word_1_577' title='bbox 139 3521 212 3578; x_wconf 92' lang='lat' dir='ltr'><strong>idem</strong></span> <span class='ocrx_word' id='word_1_578' title='bbox 227 3522 376 3582; x_wconf 85' lang='lat' dir='ltr'><strong>factitasse.</strong></span> <span class='ocrx_word' id='word_1_579' title='bbox 393 3528 437 3583; x_wconf 91' lang='lat' dir='ltr'><strong>Sic</strong></span> <span class='ocrx_word' id='word_1_580' title='bbox 450 3528 523 3584; x_wconf 92' lang='lat' dir='ltr'><strong>enim</strong></span> <span class='ocrx_word' id='word_1_581' title='bbox 539 3529 566 3585; x_wconf 94' lang='lat' dir='ltr'><strong>in</strong></span> <span class='ocrx_word' id='word_1_582' title='bbox 586 3529 648 3585; x_wconf 86' lang='lat' dir='ltr'><strong>Vita</strong></span> <span class='ocrx_word' id='word_1_583' title='bbox 663 3530 774 3585; x_wconf 91' lang='lat' dir='ltr'><strong>Antonii</strong></span> <span class='ocrx_word' id='word_1_584' title='bbox 792 3548 798 3583; x_wconf 93' lang='lat'>:</span> <span class='ocrx_word' id='word_1_585' title='bbox 814 3530 940 3586; x_wconf 81' lang='lat' dir='ltr'><strong>sumebat</strong></span> <span class='ocrx_word' id='word_1_586' title='bbox 994 3527 1374 3599; x_wconf 78' lang='lat' dir='ltr'><strong>teritiaesuby&#39;ncebitHaecibi.</strong></span> <span class='ocrx_word' id='word_1_587' title='bbox 1385 3524 1791 3598; x_wconf 84' lang='lat' dir='ltr'><strong>Atquehancconstrtutionem,</strong></span> 
     </span>
     <span class='ocr_line' id='line_1_45' title="bbox 136 3594 1793 3671; baseline 0.002 -23"><span class='ocrx_word' id='word_1_588' title='bbox 136 3610 236 3664; x_wconf 88' lang='lat' dir='ltr'><strong>panem</strong></span> <span class='ocrx_word' id='word_1_589' title='bbox 243 3601 269 3650; x_wconf 92' lang='lat' dir='ltr'><strong>et</strong></span> <span class='ocrx_word' id='word_1_590' title='bbox 280 3599 332 3661; x_wconf 86' lang='lat' dir='ltr'><strong>sal,</strong></span> <span class='ocrx_word' id='word_1_591' title='bbox 342 3602 487 3668; x_wconf 90' lang='lat' dir='ltr'><strong>potumque</strong></span> <span class='ocrx_word' id='word_1_592' title='bbox 495 3616 573 3670; x_wconf 80' lang='lat' dir='ltr'><strong>aquen</strong></span> <span class='ocrx_word' id='word_1_593' title='bbox 580 3615 754 3671; x_wconf 67' lang='lat' dir='ltr'><strong>per-prorsum.</strong></span> <span class='ocrx_word' id='word_1_594' title='bbox 765 3604 803 3655; x_wconf 86' lang='grc'><strong>112</strong></span> <span class='ocrx_word' id='word_1_595' title='bbox 814 3601 940 3655; x_wconf 85' lang='lat' dir='ltr'><strong>carnibus</strong></span> <span class='ocrx_word' id='word_1_596' title='bbox 993 3599 1056 3654; x_wconf 82' lang='lat' dir='ltr'><strong>iicet</strong></span> <span class='ocrx_word' id='word_1_597' title='bbox 1074 3606 1241 3667; x_wconf 89' lang='lat' dir='ltr'><strong>truncatam,</strong></span> <span class='ocrx_word' id='word_1_598' title='bbox 1260 3598 1332 3652; x_wconf 89' lang='lat' dir='ltr'><strong>inter</strong></span> <span class='ocrx_word' id='word_1_599' title='bbox 1350 3611 1468 3652; x_wconf 88' lang='lat' dir='ltr'><strong>canones</strong></span> <span class='ocrx_word' id='word_1_600' title='bbox 1486 3595 1577 3667; x_wconf 91' lang='lat' dir='ltr'><strong>posuit</strong></span> <span class='ocrx_word' id='word_1_601' title='bbox 1596 3594 1741 3650; x_wconf 88' lang='lat' dir='ltr'><strong>Gratianus</strong></span> <span class='ocrx_word' id='word_1_602' title='bbox 1758 3595 1793 3652; x_wconf 93' lang='lat' dir='ltr'><strong>de</strong></span> 
     </span>
     <span class='ocr_line' id='line_1_46' title="bbox 138 3664 1794 3740; baseline 0.002 -21"><span class='ocrx_word' id='word_1_603' title='bbox 138 3680 199 3720; x_wconf 82' lang='lat' dir='ltr'><strong>cero</strong></span> <span class='ocrx_word' id='word_1_604' title='bbox 208 3670 302 3720; x_wconf 82' lang='grc'><strong>222122</strong></span> <span class='ocrx_word' id='word_1_605' title='bbox 312 3670 580 3740; x_wconf 79' lang='lat' dir='ltr'><strong>tiieerumeliusputo,</strong></span> <span class='ocrx_word' id='word_1_606' title='bbox 590 3687 672 3740; x_wconf 86' lang='lat' dir='ltr'><strong>quem</strong></span> <span class='ocrx_word' id='word_1_607' title='bbox 682 3671 831 3739; x_wconf 87' lang='lat' dir='ltr'><strong>quidquam</strong></span> <span class='ocrx_word' id='word_1_608' title='bbox 841 3671 938 3733; x_wconf 77' lang='grc'><strong>2112222,</strong></span> <span class='ocrx_word' id='word_1_609' title='bbox 993 3678 1136 3725; x_wconf 87' lang='lat' dir='ltr'><strong>consecrat</strong></span> <span class='ocrx_word' id='word_1_610' title='bbox 1149 3669 1215 3725; x_wconf 89' lang='lat' dir='ltr'><strong>dist.</strong></span> <span class='ocrx_word' id='word_1_611' title='bbox 1232 3670 1337 3737; x_wconf 75' lang='grc'><strong>21022.</strong></span> <span class='ocrx_word' id='word_1_612' title='bbox 1354 3668 1487 3733; x_wconf 59' lang='lat' dir='ltr'><strong>carnemt,</strong></span> <span class='ocrx_word' id='word_1_613' title='bbox 1503 3680 1585 3738; x_wconf 88' lang='lat' dir='ltr'><strong>quarn</strong></span> <span class='ocrx_word' id='word_1_614' title='bbox 1602 3665 1735 3737; x_wconf 78' lang='lat' dir='ltr'><strong>integram</strong></span> <span class='ocrx_word' id='word_1_615' title='bbox 1748 3664 1794 3722; x_wconf 90' lang='lat' dir='ltr'><strong>hic</strong></span> 
     </span>
     <span class='ocr_line' id='line_1_47' title="bbox 139 3737 1455 3810; baseline 0.003 -21"><span class='ocrx_word' id='word_1_616' title='bbox 139 3739 267 3806; x_wconf 86' lang='lat' dir='ltr'><strong>quoniam</strong></span> <span class='ocrx_word' id='word_1_617' title='bbox 296 3754 342 3792; x_wconf 89' lang='lat' dir='ltr'><strong>nec</strong></span> <span class='ocrx_word' id='word_1_618' title='bbox 368 3740 442 3809; x_wconf 88' lang='lat' dir='ltr'><strong>apud</strong></span> <span class='ocrx_word' id='word_1_619' title='bbox 467 3742 598 3809; x_wconf 77' lang='lat' dir='ltr'><strong>plurimos</strong></span> <span class='ocrx_word' id='word_1_620' title='bbox 620 3741 728 3810; x_wconf 84' lang='lat' dir='ltr'><strong>quidem</strong></span> <span class='ocrx_word' id='word_1_621' title='bbox 751 3742 940 3795; x_wconf 78' lang='grc'><strong>2222222222</strong></span> <span class='ocrx_word' id='word_1_622' title='bbox 993 3741 1112 3797; x_wconf 80' lang='lat' dir='ltr'><strong>serravit</strong></span> <span class='ocrx_word' id='word_1_623' title='bbox 1125 3755 1158 3795; x_wconf 88' lang='grc'><strong>22</strong></span> <span class='ocrx_word' id='word_1_624' title='bbox 1172 3738 1265 3794; x_wconf 87' lang='lat' dir='ltr'><strong>retulit</strong></span> <span class='ocrx_word' id='word_1_625' title='bbox 1278 3737 1455 3808; x_wconf 79' lang='lat' dir='ltr'><strong>Smaragdos.</strong></span> 
     </span>
     <span class='ocr_line' id='line_1_48' title="bbox 138 3806 1794 3880; baseline 0.001 -19"><span class='ocrx_word' id='word_1_626' title='bbox 138 3808 291 3863; x_wconf 87' lang='lat' dir='ltr'><strong>istiusmodi</strong></span> <span class='ocrx_word' id='word_1_627' title='bbox 301 3824 365 3862; x_wconf 79' lang='lat' dir='ltr'><strong>esaie</strong></span> <span class='ocrx_word' id='word_1_628' title='bbox 377 3813 405 3864; x_wconf 86' lang='grc'><strong>12</strong></span> <span class='ocrx_word' id='word_1_629' title='bbox 418 3825 468 3865; x_wconf 87' lang='lat' dir='ltr'><strong>usu</strong></span> <span class='ocrx_word' id='word_1_630' title='bbox 478 3812 649 3866; x_wconf 83' lang='grc'><strong>1222222222.</strong></span> <span class='ocrx_word' id='word_1_631' title='bbox 664 3812 752 3880; x_wconf 86' lang='lat' dir='ltr'><strong>Quem</strong></span> <span class='ocrx_word' id='word_1_632' title='bbox 766 3811 887 3866; x_wconf 86' lang='lat' dir='ltr'><strong>imitatus</strong></span> <span class='ocrx_word' id='word_1_633' title='bbox 903 3814 937 3865; x_wconf 89' lang='lat' dir='ltr'><strong>D.</strong></span> <span class='ocrx_word' id='word_1_634' title='bbox 1029 3813 1064 3867; x_wconf 89' lang='lat' dir='ltr'><strong>V.</strong></span> <span class='ocrx_word' id='word_1_635' title='bbox 1087 3813 1174 3867; x_wconf 87' lang='lat' dir='ltr'><strong>Porro</strong></span> <span class='ocrx_word' id='word_1_636' title='bbox 1193 3807 1345 3865; x_wconf 88' lang='lat' dir='ltr'><strong>notandum</strong></span> <span class='ocrx_word' id='word_1_637' title='bbox 1367 3807 1494 3864; x_wconf 86' lang='lat' dir='ltr'><strong>eamdem</strong></span> <span class='ocrx_word' id='word_1_638' title='bbox 1516 3806 1739 3862; x_wconf 82' lang='lat' dir='ltr'><strong>constitutionem</strong></span> <span class='ocrx_word' id='word_1_639' title='bbox 1759 3806 1794 3863; x_wconf 89' lang='lat' dir='ltr'><strong>de</strong></span> 
     </span>
     <span class='ocr_line' id='line_1_49' title="bbox 139 3876 1794 3959; baseline 0 -27"><span class='ocrx_word' id='word_1_640' title='bbox 139 3877 325 3952; x_wconf 86' lang='lat' dir='ltr'><strong>Hieronymus</strong></span> <span class='ocrx_word' id='word_1_641' title='bbox 347 3880 372 3935; x_wconf 91' lang='lat' dir='ltr'><strong>ia</strong></span> <span class='ocrx_word' id='word_1_642' title='bbox 390 3880 435 3936; x_wconf 90' lang='lat' dir='ltr'><strong>illa</strong></span> <span class='ocrx_word' id='word_1_643' title='bbox 449 3880 562 3952; x_wconf 88' lang='lat' dir='ltr'><strong>epistola</strong></span> <span class='ocrx_word' id='word_1_644' title='bbox 577 3896 656 3937; x_wconf 88' lang='lat' dir='ltr'><strong>suam</strong></span> <span class='ocrx_word' id='word_1_645' title='bbox 672 3884 698 3937; x_wconf 93' lang='lat' dir='ltr'><strong>in</strong></span> <span class='ocrx_word' id='word_1_646' title='bbox 715 3896 809 3937; x_wconf 88' lang='lat' dir='ltr'><strong>eremo</strong></span> <span class='ocrx_word' id='word_1_647' title='bbox 823 3882 939 3937; x_wconf 88' lang='lat' dir='ltr'><strong>austeri·</strong></span> <span class='ocrx_word' id='word_1_648' title='bbox 993 3880 1157 3938; x_wconf 89' lang='lat' dir='ltr'><strong>abstinentia</strong></span> <span class='ocrx_word' id='word_1_649' title='bbox 1171 3880 1296 3936; x_wconf 84' lang='lat' dir='ltr'><strong>carnium</strong></span> <span class='ocrx_word' id='word_1_650' title='bbox 1310 3878 1450 3934; x_wconf 89' lang='lat' dir='ltr'><strong>monachis</strong></span> <span class='ocrx_word' id='word_1_651' title='bbox 1465 3878 1633 3959; x_wconf 68' lang='lat' dir='ltr'><strong>praescripta,</strong></span> <span class='ocrx_word' id='word_1_652' title='bbox 1648 3876 1733 3957; x_wconf 80' lang='lat' dir='ltr'><strong>fuisse</strong></span> <span class='ocrx_word' id='word_1_653' title='bbox 1747 3893 1794 3949; x_wconf 86' lang='lat' dir='ltr'><strong>ap·</strong></span> 
     </span>
     <span class='ocr_line' id='line_1_50' title="bbox 139 3946 1793 4023; baseline 0.001 -20"><span class='ocrx_word' id='word_1_654' title='bbox 139 3956 224 4005; x_wconf 88' lang='lat' dir='ltr'><strong>tatem</strong></span> <span class='ocrx_word' id='word_1_655' title='bbox 238 3965 366 4005; x_wconf 84' lang='lat' dir='ltr'><strong>enarrans</strong></span> <span class='ocrx_word' id='word_1_656' title='bbox 383 3968 390 4005; x_wconf 92' lang='lat'>:</span> <span class='ocrx_word' id='word_1_657' title='bbox 408 3955 444 4006; x_wconf 86' lang='grc'><strong>112</strong></span> <span class='ocrx_word' id='word_1_658' title='bbox 456 3954 531 4016; x_wconf 70' lang='lat' dir='ltr'><strong>cibis</strong></span> <span class='ocrx_word' id='word_1_659' title='bbox 547 3952 644 4023; x_wconf 89' lang='lat' dir='ltr'><strong>inquit,</strong></span> <span class='ocrx_word' id='word_1_660' title='bbox 658 3957 683 4007; x_wconf 90' lang='lat' dir='ltr'><strong>et</strong></span> <span class='ocrx_word' id='word_1_661' title='bbox 694 3956 761 4022; x_wconf 89' lang='lat' dir='ltr'><strong>potu</strong></span> <span class='ocrx_word' id='word_1_662' title='bbox 773 3953 870 4022; x_wconf 87' lang='lat' dir='ltr'><strong>quibus</strong></span> <span class='ocrx_word' id='word_1_663' title='bbox 882 3957 940 4007; x_wconf 89' lang='lat' dir='ltr'><strong>tum</strong></span> <span class='ocrx_word' id='word_1_664' title='bbox 994 3953 1137 4023; x_wconf 87' lang='lat' dir='ltr'><strong>probatam</strong></span> <span class='ocrx_word' id='word_1_665' title='bbox 1149 3960 1177 4007; x_wconf 90' lang='lat' dir='ltr'><strong>et</strong></span> <span class='ocrx_word' id='word_1_666' title='bbox 1185 3950 1374 4007; x_wconf 85' lang='lat' dir='ltr'><strong>confirmatam</strong></span> <span class='ocrx_word' id='word_1_667' title='bbox 1384 3948 1419 4004; x_wconf 92' lang='grc'><strong>22</strong></span> <span class='ocrx_word' id='word_1_668' title='bbox 1430 3951 1590 4004; x_wconf 81' lang='lat' dir='ltr'><strong>Innocentio</strong></span> <span class='ocrx_word' id='word_1_669' title='bbox 1602 3950 1640 4004; x_wconf 94' lang='grc'><strong>111</strong></span> <span class='ocrx_word' id='word_1_670' title='bbox 1652 3946 1793 4019; x_wconf 80' lang='lat' dir='ltr'><strong>ponhlios,</strong></span> 
     </span>
     <span class='ocr_line' id='line_1_51' title="bbox 139 4017 1792 4092; baseline -0.001 -17"><span class='ocrx_word' id='word_1_671' title='bbox 139 4017 264 4090; x_wconf 82' lang='lat' dir='ltr'><strong>temporis</strong></span> <span class='ocrx_word' id='word_1_672' title='bbox 277 4023 442 4085; x_wconf 79' lang='grc'><strong>2122122222,</strong></span> <span class='ocrx_word' id='word_1_673' title='bbox 457 4028 539 4091; x_wconf 89' lang='lat' dir='ltr'><strong>taceo,</strong></span> <span class='ocrx_word' id='word_1_674' title='bbox 550 4039 610 4078; x_wconf 89' lang='lat' dir='ltr'><strong>eum</strong></span> <span class='ocrx_word' id='word_1_675' title='bbox 621 4025 702 4078; x_wconf 87' lang='lat' dir='ltr'><strong>etium</strong></span> <span class='ocrx_word' id='word_1_676' title='bbox 715 4024 870 4092; x_wconf 70' lang='lat' dir='ltr'><strong>insequentes</strong></span> <span class='ocrx_word' id='word_1_677' title='bbox 886 4038 941 4077; x_wconf 79' lang='lat' dir='ltr'><strong>mo</strong></span> <span class='ocrx_word' id='word_1_678' title='bbox 994 4031 1069 4079; x_wconf 86' lang='lat' dir='ltr'><strong>extra</strong></span> <span class='ocrx_word' id='word_1_679' title='bbox 1082 4023 1116 4079; x_wconf 90' lang='lat' dir='ltr'><strong>de</strong></span> <span class='ocrx_word' id='word_1_680' title='bbox 1128 4030 1200 4079; x_wconf 86' lang='lat' dir='ltr'><strong>statu</strong></span> <span class='ocrx_word' id='word_1_681' title='bbox 1215 4021 1344 4078; x_wconf 85' lang='lat' dir='ltr'><strong>monach.</strong></span> <span class='ocrx_word' id='word_1_682' title='bbox 1360 4036 1385 4076; x_wconf 93' lang='lat' dir='ltr'><strong>c.</strong></span> <span class='ocrx_word' id='word_1_683' title='bbox 1402 4021 1467 4077; x_wconf 81' lang='lat' dir='ltr'><strong>Cum</strong></span> <span class='ocrx_word' id='word_1_684' title='bbox 1481 4019 1519 4073; x_wconf 85' lang='lat' dir='ltr'><strong>ml</strong></span> <span class='ocrx_word' id='word_1_685' title='bbox 1532 4021 1731 4081; x_wconf 82' lang='lat' dir='ltr'><strong>nrorrnsterium,</strong></span> <span class='ocrx_word' id='word_1_686' title='bbox 1745 4017 1792 4074; x_wconf 88' lang='lat' dir='ltr'><strong>ubi</strong></span> 
     </span>
     <span class='ocr_line' id='line_1_52' title="bbox 138 4089 1793 4164; baseline -0.001 -20"><span class='ocrx_word' id='word_1_687' title='bbox 138 4092 546 4163; x_wconf 72' lang='grc'><strong>2221212222221212122222222,</strong></span> <span class='ocrx_word' id='word_1_688' title='bbox 558 4095 941 4164; x_wconf 88' lang='lat' dir='ltr'><strong>etcoctumnliquidaccepisse</strong></span> <span class='ocrx_word' id='word_1_689' title='bbox 993 4094 1081 4149; x_wconf 89' lang='lat' dir='ltr'><strong>ninlta</strong></span> <span class='ocrx_word' id='word_1_690' title='bbox 1096 4094 1131 4150; x_wconf 91' lang='lat' dir='ltr'><strong>de</strong></span> <span class='ocrx_word' id='word_1_691' title='bbox 1150 4095 1200 4149; x_wconf 86' lang='lat' dir='ltr'><strong>hac</strong></span> <span class='ocrx_word' id='word_1_692' title='bbox 1216 4108 1247 4149; x_wconf 92' lang='lat' dir='ltr'><strong>re</strong></span> <span class='ocrx_word' id='word_1_693' title='bbox 1267 4092 1361 4148; x_wconf 87' lang='lat' dir='ltr'><strong>statuit</strong></span> <span class='ocrx_word' id='word_1_694' title='bbox 1381 4095 1436 4145; x_wconf 49' lang='lat'><strong>:11⁰</strong></span> <span class='ocrx_word' id='word_1_695' title='bbox 1454 4095 1485 4144; x_wconf 92' lang='lat' dir='ltr'><strong>ut</strong></span> <span class='ocrx_word' id='word_1_696' title='bbox 1500 4091 1528 4142; x_wconf 89' lang='lat' dir='ltr'><strong>in</strong></span> <span class='ocrx_word' id='word_1_697' title='bbox 1546 4091 1687 4158; x_wconf 70' lang='lat' dir='ltr'><strong>refectorio</strong></span> <span class='ocrx_word' id='word_1_698' title='bbox 1700 4089 1793 4143; x_wconf 88' lang='lat' dir='ltr'><strong>nullus</strong></span> 
     </span>
     <span class='ocr_line' id='line_1_53' title="bbox 139 4161 1793 4237; baseline -0.001 -23"><span class='ocrx_word' id='word_1_699' title='bbox 139 4161 251 4217; x_wconf 83' lang='grc'><strong>1222212</strong></span> <span class='ocrx_word' id='word_1_700' title='bbox 264 4166 309 4218; x_wconf 88' lang='grc'><strong>212.</strong></span> <span class='ocrx_word' id='word_1_701' title='bbox 325 4165 360 4217; x_wconf 85' lang='lat' dir='ltr'><strong>Et</strong></span> <span class='ocrx_word' id='word_1_702' title='bbox 374 4163 444 4219; x_wconf 77' lang='lat' dir='ltr'><strong>inhn</strong></span> <span class='ocrx_word' id='word_1_703' title='bbox 459 4165 492 4220; x_wconf 88' lang='lat' dir='ltr'><strong>dc</strong></span> <span class='ocrx_word' id='word_1_704' title='bbox 509 4163 653 4221; x_wconf 88' lang='lat' dir='ltr'><strong>coenobitis</strong></span> <span class='ocrx_word' id='word_1_705' title='bbox 669 4165 811 4237; x_wconf 76' lang='lat' dir='ltr'><strong>Aigyptiis,</strong></span> <span class='ocrx_word' id='word_1_706' title='bbox 829 4179 939 4221; x_wconf 91' lang='lat' dir='ltr'><strong>eorum·</strong></span> <span class='ocrx_word' id='word_1_707' title='bbox 994 4167 1100 4219; x_wconf 87' lang='lat' dir='ltr'><strong>omnino</strong></span> <span class='ocrx_word' id='word_1_708' title='bbox 1114 4168 1342 4227; x_wconf 67' lang='lat' dir='ltr'><strong>emmerammum</strong></span> <span class='ocrx_word' id='word_1_709' title='bbox 1355 4165 1387 4217; x_wconf 81' lang='lat'><strong>2⁰</strong></span> <span class='ocrx_word' id='word_1_710' title='bbox 1399 4163 1481 4216; x_wconf 84' lang='lat' dir='ltr'><strong>necta</strong></span> <span class='ocrx_word' id='word_1_711' title='bbox 1493 4161 1651 4229; x_wconf 87' lang='lat' dir='ltr'><strong>quibusdam</strong></span> <span class='ocrx_word' id='word_1_712' title='bbox 1665 4161 1793 4214; x_wconf 85' lang='lat' dir='ltr'><strong>solemni-</strong></span> 
     </span>
     <span class='ocr_line' id='line_1_54' title="bbox 138 4231 1793 4306; baseline -0.002 -19"><span class='ocrx_word' id='word_1_713' title='bbox 138 4246 191 4302; x_wconf 89' lang='lat' dir='ltr'><strong>que</strong></span> <span class='ocrx_word' id='word_1_714' title='bbox 208 4234 331 4290; x_wconf 92' lang='lat' dir='ltr'><strong>moribus</strong></span> <span class='ocrx_word' id='word_1_715' title='bbox 343 4249 427 4306; x_wconf 82' lang='lat' dir='ltr'><strong>egens</strong></span> <span class='ocrx_word' id='word_1_716' title='bbox 444 4255 450 4291; x_wconf 93' lang='lat'>:</span> <span class='ocrx_word' id='word_1_717' title='bbox 467 4237 585 4298; x_wconf 82' lang='lat' dir='ltr'><strong>Vivitur,</strong></span> <span class='ocrx_word' id='word_1_718' title='bbox 601 4236 651 4301; x_wconf 87' lang='lat' dir='ltr'><strong>ait,</strong></span> <span class='ocrx_word' id='word_1_719' title='bbox 664 4251 746 4306; x_wconf 86' lang='lat' dir='ltr'><strong>pane,</strong></span> <span class='ocrx_word' id='word_1_720' title='bbox 763 4236 941 4306; x_wconf 79' lang='lat' dir='ltr'><strong>leptiminibus</strong></span> <span class='ocrx_word' id='word_1_721' title='bbox 994 4237 1096 4290; x_wconf 84' lang='lat' dir='ltr'><strong>tntibirs</strong></span> <span class='ocrx_word' id='word_1_722' title='bbox 1112 4237 1195 4300; x_wconf 80' lang='grc'><strong>(21222</strong></span> <span class='ocrx_word' id='word_1_723' title='bbox 1205 4235 1352 4305; x_wconf 73' lang='lat' dir='ltr'><strong>aliqnando</strong></span> <span class='ocrx_word' id='word_1_724' title='bbox 1366 4235 1425 4302; x_wconf 71' lang='lat' dir='ltr'><strong>fieri</strong></span> <span class='ocrx_word' id='word_1_725' title='bbox 1437 4231 1551 4301; x_wconf 81' lang='grc'><strong>2212222)</strong></span> <span class='ocrx_word' id='word_1_726' title='bbox 1562 4235 1702 4286; x_wconf 73' lang='lat' dir='ltr'><strong>amarantus</strong></span> <span class='ocrx_word' id='word_1_727' title='bbox 1714 4235 1793 4285; x_wconf 81' lang='grc'><strong>22222</strong></span> 
     </span>
     <span class='ocr_line' id='line_1_55' title="bbox 139 4303 1795 4376; baseline -0.001 -20"><span class='ocrx_word' id='word_1_728' title='bbox 139 4307 164 4356; x_wconf 88' lang='grc'><strong>22</strong></span> <span class='ocrx_word' id='word_1_729' title='bbox 182 4304 296 4360; x_wconf 88' lang='lat' dir='ltr'><strong>oleribus</strong></span> <span class='ocrx_word' id='word_1_730' title='bbox 312 4321 372 4374; x_wconf 83' lang='lat' dir='ltr'><strong>qius</strong></span> <span class='ocrx_word' id='word_1_731' title='bbox 390 4307 446 4362; x_wconf 88' lang='lat' dir='ltr'><strong>sale</strong></span> <span class='ocrx_word' id='word_1_732' title='bbox 459 4309 513 4362; x_wconf 92' lang='lat' dir='ltr'><strong>solo</strong></span> <span class='ocrx_word' id='word_1_733' title='bbox 526 4308 688 4362; x_wconf 86' lang='lat' dir='ltr'><strong>condiuntur</strong></span> <span class='ocrx_word' id='word_1_734' title='bbox 703 4327 711 4362; x_wconf 78' lang='lat' dir='ltr'><strong>r</strong></span> <span class='ocrx_word' id='word_1_735' title='bbox 724 4310 817 4362; x_wconf 76' lang='lat' dir='ltr'><strong>cirrum</strong></span> <span class='ocrx_word' id='word_1_736' title='bbox 833 4311 940 4362; x_wconf 87' lang='lat' dir='ltr'><strong>tantum</strong></span> <span class='ocrx_word' id='word_1_737' title='bbox 994 4303 1750 4376; x_wconf 73' lang='grc'><strong>2222222221221112222222122221212222121212211212,</strong></span> <span class='ocrx_word' id='word_1_738' title='bbox 1763 4306 1795 4355; x_wconf 89' lang='lat' dir='ltr'><strong>nt</strong></span> 
     </span>
     <span class='ocr_line' id='line_1_56' title="bbox 137 4373 1794 4451; baseline 0.001 -26"><span class='ocrx_word' id='word_1_739' title='bbox 137 4386 210 4426; x_wconf 85' lang='lat' dir='ltr'><strong>senes</strong></span> <span class='ocrx_word' id='word_1_740' title='bbox 222 4377 277 4427; x_wconf 87' lang='lat' dir='ltr'><strong>acci</strong></span> <span class='ocrx_word' id='word_1_741' title='bbox 297 4378 365 4437; x_wconf 86' lang='grc'><strong>1222,</strong></span> <span class='ocrx_word' id='word_1_742' title='bbox 377 4385 430 4430; x_wconf 88' lang='lat' dir='ltr'><strong>eta.</strong></span> <span class='ocrx_word' id='word_1_743' title='bbox 446 4378 550 4433; x_wconf 88' lang='lat' dir='ltr'><strong>Similia</strong></span> <span class='ocrx_word' id='word_1_744' title='bbox 566 4378 649 4432; x_wconf 89' lang='lat' dir='ltr'><strong>tradit</strong></span> <span class='ocrx_word' id='word_1_745' title='bbox 663 4382 696 4433; x_wconf 90' lang='grc'><strong>1).</strong></span> <span class='ocrx_word' id='word_1_746' title='bbox 711 4378 879 4451; x_wconf 80' lang='lat' dir='ltr'><strong>Augustinus</strong></span> <span class='ocrx_word' id='word_1_747' title='bbox 893 4377 938 4433; x_wconf 89' lang='lat' dir='ltr'><strong>tib.</strong></span> <span class='ocrx_word' id='word_1_748' title='bbox 994 4377 1253 4441; x_wconf 74' lang='grc'><strong>2222222122221222</strong></span> <span class='ocrx_word' id='word_1_749' title='bbox 1267 4375 1347 4429; x_wconf 86' lang='lat' dir='ltr'><strong>edant</strong></span> <span class='ocrx_word' id='word_1_750' title='bbox 1359 4388 1466 4438; x_wconf 67' lang='lat' dir='ltr'><strong>carmem</strong></span> <span class='ocrx_word' id='word_1_751' title='bbox 1484 4389 1541 4427; x_wconf 81' lang='lat' dir='ltr'><strong>nim</strong></span> <span class='ocrx_word' id='word_1_752' title='bbox 1553 4374 1610 4427; x_wconf 89' lang='lat' dir='ltr'><strong>illis</strong></span> <span class='ocrx_word' id='word_1_753' title='bbox 1622 4373 1714 4426; x_wconf 89' lang='lat' dir='ltr'><strong>diebus</strong></span> <span class='ocrx_word' id='word_1_754' title='bbox 1722 4387 1794 4442; x_wconf 83' lang='lat' dir='ltr'><strong>pra-</strong></span> 
     </span>
     <span class='ocr_line' id='line_1_57' title="bbox 140 4391 1793 4522; baseline 0.002 -28"><span class='ocrx_word' id='word_1_755' title='bbox 140 4455 150 4494; x_wconf 89' lang='lat' dir='ltr'><strong>t</strong></span> <span class='ocrx_word' id='word_1_756' title='bbox 163 4441 197 4522; x_wconf 85' lang='lat' dir='ltr'><strong>de</strong></span> <span class='ocrx_word' id='word_1_757' title='bbox 212 4391 553 4516; x_wconf 63' lang='grc' dir='ltr'><strong>Μ22122Ε22122122,22ρ.</strong></span> <span class='ocrx_word' id='word_1_758' title='bbox 568 4454 611 4501; x_wconf 84' lang='grc'><strong>31.</strong></span> <span class='ocrx_word' id='word_1_759' title='bbox 625 4449 749 4519; x_wconf 86' lang='lat' dir='ltr'><strong>Denique</strong></span> <span class='ocrx_word' id='word_1_760' title='bbox 761 4449 783 4502; x_wconf 93' lang='lat' dir='ltr'><strong>si</strong></span> <span class='ocrx_word' id='word_1_761' title='bbox 796 4448 858 4519; x_wconf 91' lang='lat' dir='ltr'><strong>quis</strong></span> <span class='ocrx_word' id='word_1_762' title='bbox 869 4448 942 4519; x_wconf 83' lang='lat' dir='ltr'><strong>legat</strong></span> <span class='ocrx_word' id='word_1_763' title='bbox 994 4444 1364 4518; x_wconf 80' lang='lat' dir='ltr'><strong>eipuerequlnm&#39;sdisciplirrn</strong></span> <span class='ocrx_word' id='word_1_764' title='bbox 1373 4446 1409 4498; x_wconf 86' lang='lat' dir='ltr'><strong>sit</strong></span> <span class='ocrx_word' id='word_1_765' title='bbox 1418 4444 1564 4498; x_wconf 86' lang='lat' dir='ltr'><strong>studiosius</strong></span> <span class='ocrx_word' id='word_1_766' title='bbox 1573 4444 1751 4507; x_wconf 80' lang='lat' dir='ltr'><strong>obse-manda3</strong></span> <span class='ocrx_word' id='word_1_767' title='bbox 1763 4446 1793 4497; x_wconf 77' lang='lat'><strong>³⁰</strong></span> 
     </span>
     <span class='ocr_line' id='line_1_58' title="bbox 139 4513 1791 4584; baseline 0 -18"><span class='ocrx_word' id='word_1_768' title='bbox 139 4513 217 4566; x_wconf 86' lang='lat' dir='ltr'><strong>Vitas</strong></span> <span class='ocrx_word' id='word_1_769' title='bbox 239 4521 408 4577; x_wconf 87' lang='lat' dir='ltr'><strong>sanctorum,</strong></span> <span class='ocrx_word' id='word_1_770' title='bbox 432 4516 581 4584; x_wconf 69' lang='lat' dir='ltr'><strong>praesertim</strong></span> <span class='ocrx_word' id='word_1_771' title='bbox 604 4517 790 4582; x_wconf 88' lang='lat' dir='ltr'><strong>eremitarum,</strong></span> <span class='ocrx_word' id='word_1_772' title='bbox 814 4518 940 4584; x_wconf 90' lang='lat' dir='ltr'><strong>Antonii,</strong></span> <span class='ocrx_word' id='word_1_773' title='bbox 994 4517 1384 4582; x_wconf 73' lang='lat' dir='ltr'><strong>ricacctraresectoriumesum</strong></span> <span class='ocrx_word' id='word_1_774' title='bbox 1393 4515 1791 4569; x_wconf 78' lang='lat' dir='ltr'><strong>mmiiimstbiaertnntti&#39;eere.</strong></span> 
     </span>
     <span class='ocr_line' id='line_1_59' title="bbox 140 4581 1793 4667; baseline -0.001 -30"><span class='ocrx_word' id='word_1_775' title='bbox 140 4581 299 4648; x_wconf 83' lang='lat' dir='ltr'><strong>Hilarionis,</strong></span> <span class='ocrx_word' id='word_1_776' title='bbox 315 4585 479 4653; x_wconf 89' lang='lat' dir='ltr'><strong>Serapionis,</strong></span> <span class='ocrx_word' id='word_1_777' title='bbox 494 4585 620 4648; x_wconf 85' lang='lat' dir='ltr'><strong>aliorum,</strong></span> <span class='ocrx_word' id='word_1_778' title='bbox 639 4584 719 4640; x_wconf 85' lang='lat' dir='ltr'><strong>facile</strong></span> <span class='ocrx_word' id='word_1_779' title='bbox 736 4593 865 4667; x_wconf 70' lang='lat' dir='ltr'><strong>agnoscet</strong></span> <span class='ocrx_word' id='word_1_780' title='bbox 880 4602 940 4656; x_wconf 84' lang='lat' dir='ltr'><strong>per·</strong></span> <span class='ocrx_word' id='word_1_781' title='bbox 993 4588 1098 4643; x_wconf 85' lang='grc'><strong>11221122</strong></span> <span class='ocrx_word' id='word_1_782' title='bbox 1106 4589 1195 4639; x_wconf 86' lang='lat' dir='ltr'><strong>nutem</strong></span> <span class='ocrx_word' id='word_1_783' title='bbox 1202 4589 1228 4639; x_wconf 88' lang='lat' dir='ltr'><strong>et</strong></span> <span class='ocrx_word' id='word_1_784' title='bbox 1236 4587 1345 4655; x_wconf 74' lang='grc'><strong>12212221,</strong></span> <span class='ocrx_word' id='word_1_785' title='bbox 1352 4588 1400 4655; x_wconf 88' lang='lat' dir='ltr'><strong>qui</strong></span> <span class='ocrx_word' id='word_1_786' title='bbox 1407 4587 1553 4640; x_wconf 87' lang='lat' dir='ltr'><strong>minutione</strong></span> <span class='ocrx_word' id='word_1_787' title='bbox 1560 4584 1716 4657; x_wconf 84' lang='lat' dir='ltr'><strong>(sanguinis)</strong></span> <span class='ocrx_word' id='word_1_788' title='bbox 1724 4585 1793 4637; x_wconf 83' lang='lat' dir='ltr'><strong>iiidi-</strong></span> 
     </span>
     <span class='ocr_line' id='line_1_60' title="bbox 139 4652 1794 4734; baseline 0.002 -28"><span class='ocrx_word' id='word_1_789' title='bbox 139 4659 248 4734; x_wconf 87' lang='lat' dir='ltr'><strong>petuam</strong></span> <span class='ocrx_word' id='word_1_790' title='bbox 264 4652 297 4707; x_wconf 91' lang='lat' dir='ltr'><strong>ab</strong></span> <span class='ocrx_word' id='word_1_791' title='bbox 312 4668 359 4708; x_wconf 88' lang='lat' dir='ltr'><strong>esu</strong></span> <span class='ocrx_word' id='word_1_792' title='bbox 375 4655 500 4710; x_wconf 85' lang='lat' dir='ltr'><strong>carnium</strong></span> <span class='ocrx_word' id='word_1_793' title='bbox 510 4663 536 4710; x_wconf 87' lang='lat' dir='ltr'><strong>et</strong></span> <span class='ocrx_word' id='word_1_794' title='bbox 550 4664 618 4727; x_wconf 91' lang='lat' dir='ltr'><strong>potu</strong></span> <span class='ocrx_word' id='word_1_795' title='bbox 631 4655 684 4711; x_wconf 89' lang='lat' dir='ltr'><strong>riui</strong></span> <span class='ocrx_word' id='word_1_796' title='bbox 698 4655 890 4712; x_wconf 85' lang='lat' dir='ltr'><strong>abstinentiam</strong></span> <span class='ocrx_word' id='word_1_797' title='bbox 906 4656 940 4712; x_wconf 87' lang='grc'><strong>22</strong></span> <span class='ocrx_word' id='word_1_798' title='bbox 994 4662 1067 4725; x_wconf 88' lang='lat' dir='ltr'><strong>pent,</strong></span> <span class='ocrx_word' id='word_1_799' title='bbox 1077 4657 1118 4711; x_wconf 87' lang='lat' dir='ltr'><strong>uel</strong></span> <span class='ocrx_word' id='word_1_800' title='bbox 1128 4657 1221 4726; x_wconf 85' lang='lat' dir='ltr'><strong>aliqua</strong></span> <span class='ocrx_word' id='word_1_801' title='bbox 1230 4658 1373 4720; x_wconf 86' lang='lat' dir='ltr'><strong>medicina,</strong></span> <span class='ocrx_word' id='word_1_802' title='bbox 1385 4672 1438 4711; x_wconf 86' lang='lat' dir='ltr'><strong>narr</strong></span> <span class='ocrx_word' id='word_1_803' title='bbox 1448 4659 1558 4710; x_wconf 85' lang='lat' dir='ltr'><strong>seorsim</strong></span> <span class='ocrx_word' id='word_1_804' title='bbox 1571 4659 1599 4709; x_wconf 87' lang='lat' dir='ltr'><strong>in</strong></span> <span class='ocrx_word' id='word_1_805' title='bbox 1611 4658 1732 4716; x_wconf 79' lang='lat' dir='ltr'><strong>cummis,</strong></span> <span class='ocrx_word' id='word_1_806' title='bbox 1746 4655 1794 4709; x_wconf 83' lang='lat' dir='ltr'><strong>sed</strong></span> 
     </span>
     <span class='ocr_line' id='line_1_61' title="bbox 138 4722 1792 4797; baseline -0.001 -18"><span class='ocrx_word' id='word_1_807' title='bbox 138 4723 170 4780; x_wconf 90' lang='lat' dir='ltr'><strong>ris</strong></span> <span class='ocrx_word' id='word_1_808' title='bbox 184 4722 365 4779; x_wconf 84' lang='lat' dir='ltr'><strong>observatam.</strong></span> <span class='ocrx_word' id='word_1_809' title='bbox 994 4743 1081 4784; x_wconf 89' lang='lat' dir='ltr'><strong>omnes</strong></span> <span class='ocrx_word' id='word_1_810' title='bbox 1093 4730 1121 4781; x_wconf 87' lang='lat' dir='ltr'><strong>in</strong></span> <span class='ocrx_word' id='word_1_811' title='bbox 1135 4730 1315 4797; x_wconf 73' lang='lat' dir='ltr'><strong>urfinnitoria</strong></span> <span class='ocrx_word' id='word_1_812' title='bbox 1326 4743 1385 4797; x_wconf 82' lang='lat' dir='ltr'><strong>qua</strong></span> <span class='ocrx_word' id='word_1_813' title='bbox 1397 4729 1543 4782; x_wconf 75' lang='lat' dir='ltr'><strong>neccssaria</strong></span> <span class='ocrx_word' id='word_1_814' title='bbox 1555 4727 1658 4794; x_wconf 70' lang='lat' dir='ltr'><strong>firmini</strong></span> <span class='ocrx_word' id='word_1_815' title='bbox 1669 4727 1723 4779; x_wconf 88' lang='lat' dir='ltr'><strong>sibi</strong></span> <span class='ocrx_word' id='word_1_816' title='bbox 1735 4729 1792 4779; x_wconf 91' lang='lat' dir='ltr'><strong>tum</strong></span> 
     </span>
     <span class='ocr_line' id='line_1_62' title="bbox 85 4795 1792 4879; baseline 0 -29"><span class='ocrx_word' id='word_1_817' title='bbox 85 4863 87 4866; x_wconf 11' lang='lat' dir='ltr'><strong>y</strong></span> <span class='ocrx_word' id='word_1_818' title='bbox 174 4796 221 4850; x_wconf 73' lang='grc'><strong>111.</strong></span> <span class='ocrx_word' id='word_1_819' title='bbox 244 4796 323 4851; x_wconf 85' lang='grc' dir='ltr'><strong>Ν222</strong></span> <span class='ocrx_word' id='word_1_820' title='bbox 344 4802 374 4851; x_wconf 87' lang='grc'><strong>22</strong></span> <span class='ocrx_word' id='word_1_821' title='bbox 392 4795 427 4853; x_wconf 88' lang='lat' dir='ltr'><strong>ad</strong></span> <span class='ocrx_word' id='word_1_822' title='bbox 445 4798 471 4852; x_wconf 87' lang='lat' dir='ltr'><strong>lt</strong></span> <span class='ocrx_word' id='word_1_823' title='bbox 527 4796 1792 4879; x_wconf 69' lang='grc' dir='ltr'><strong>12288.112222222222122222,[)1222222111222222122122,2222122222222222;2ο</strong></span> 
     </span>
     <span class='ocr_line' id='line_1_63' title="bbox 139 4866 1793 4941; baseline 0 -20"><span class='ocrx_word' id='word_1_824' title='bbox 139 4866 243 4938; x_wconf 84' lang='lat' dir='ltr'><strong>Regula</strong></span> <span class='ocrx_word' id='word_1_825' title='bbox 263 4867 290 4921; x_wconf 92' lang='lat' dir='ltr'><strong>S.</strong></span> <span class='ocrx_word' id='word_1_826' title='bbox 319 4866 493 4924; x_wconf 87' lang='lat' dir='ltr'><strong>Pachomiia</strong></span> <span class='ocrx_word' id='word_1_827' title='bbox 532 4868 940 4941; x_wconf 68' lang='lat' dir='ltr'><strong>supereminentissin</strong></span> <span class='ocrx_word' id='word_1_828' title='bbox 993 4872 1080 4941; x_wconf 85' lang='lat' dir='ltr'><strong>possit</strong></span> <span class='ocrx_word' id='word_1_829' title='bbox 1098 4869 1283 4924; x_wconf 84' lang='lat' dir='ltr'><strong>trimennbbas</strong></span> <span class='ocrx_word' id='word_1_830' title='bbox 1298 4885 1332 4923; x_wconf 84' lang='grc'><strong>22</strong></span> <span class='ocrx_word' id='word_1_831' title='bbox 1349 4869 1519 4937; x_wconf 83' lang='lat' dir='ltr'><strong>indulqentin</strong></span> <span class='ocrx_word' id='word_1_832' title='bbox 1537 4870 1607 4921; x_wconf 87' lang='lat' dir='ltr'><strong>inter</strong></span> <span class='ocrx_word' id='word_1_833' title='bbox 1626 4883 1672 4921; x_wconf 89' lang='lat' dir='ltr'><strong>nm</strong></span> <span class='ocrx_word' id='word_1_834' title='bbox 1688 4868 1793 4936; x_wconf 85' lang='lat' dir='ltr'><strong>aliquos</strong></span> 
     </span>
     <span class='ocr_line' id='line_1_64' title="bbox 139 4937 1793 5011; baseline -0.001 -19"><span class='ocrx_word' id='word_1_835' title='bbox 139 4937 233 4992; x_wconf 83' lang='lat' dir='ltr'><strong>statuit</strong></span> <span class='ocrx_word' id='word_1_836' title='bbox 245 4957 250 4992; x_wconf 93' lang='lat'>:</span> <span class='ocrx_word' id='word_1_837' title='bbox 266 4940 364 4994; x_wconf 83' lang='lat' dir='ltr'><strong>Vinum</strong></span> <span class='ocrx_word' id='word_1_838' title='bbox 374 4945 398 4995; x_wconf 87' lang='lat' dir='ltr'><strong>et</strong></span> <span class='ocrx_word' id='word_1_839' title='bbox 409 4942 554 5011; x_wconf 77' lang='lat' dir='ltr'><strong>liquamen,</strong></span> <span class='ocrx_word' id='word_1_840' title='bbox 566 4943 665 5010; x_wconf 88' lang='lat' dir='ltr'><strong>ubsque</strong></span> <span class='ocrx_word' id='word_1_841' title='bbox 677 4942 731 4996; x_wconf 89' lang='lat' dir='ltr'><strong>loco</strong></span> <span class='ocrx_word' id='word_1_842' title='bbox 740 4941 938 5010; x_wconf 73' lang='lat' dir='ltr'><strong>inpietantium,</strong></span> <span class='ocrx_word' id='word_1_843' title='bbox 995 4944 1125 5009; x_wconf 69' lang='grc'><strong>12222222,</strong></span> <span class='ocrx_word' id='word_1_844' title='bbox 1136 4940 1270 5003; x_wconf 74' lang='lat' dir='ltr'><strong>nuncios,</strong></span> <span class='ocrx_word' id='word_1_845' title='bbox 1281 4955 1349 4994; x_wconf 87' lang='grc'><strong>2222</strong></span> <span class='ocrx_word' id='word_1_846' title='bbox 1359 4942 1417 4994; x_wconf 90' lang='grc'><strong>11122</strong></span> <span class='ocrx_word' id='word_1_847' title='bbox 1425 4940 1563 5001; x_wconf 86' lang='lat' dir='ltr'><strong>aduncare,</strong></span> <span class='ocrx_word' id='word_1_848' title='bbox 1575 4941 1696 5008; x_wconf 85' lang='lat' dir='ltr'><strong>ipsosque</strong></span> <span class='ocrx_word' id='word_1_849' title='bbox 1705 4952 1793 4991; x_wconf 81' lang='lat' dir='ltr'><strong>seorim</strong></span> 
     </span>
     <span class='ocr_line' id='line_1_65' title="bbox 138 5007 1790 5081; baseline -0.001 -18"><span class='ocrx_word' id='word_1_850' title='bbox 138 5010 229 5063; x_wconf 88' lang='lat' dir='ltr'><strong>nullus</strong></span> <span class='ocrx_word' id='word_1_851' title='bbox 243 5012 362 5079; x_wconf 86' lang='lat' dir='ltr'><strong>attinqnt</strong></span> <span class='ocrx_word' id='word_1_852' title='bbox 375 5012 453 5080; x_wconf 76' lang='grc'><strong>(11212</strong></span> <span class='ocrx_word' id='word_1_853' title='bbox 467 5012 564 5067; x_wconf 86' lang='lat' dir='ltr'><strong>ibidem</strong></span> <span class='ocrx_word' id='word_1_854' title='bbox 573 5012 689 5068; x_wconf 72' lang='lat' dir='ltr'><strong>scholiam</strong></span> <span class='ocrx_word' id='word_1_855' title='bbox 703 5017 843 5079; x_wconf 87' lang='lat' dir='ltr'><strong>nostrum).</strong></span> <span class='ocrx_word' id='word_1_856' title='bbox 859 5011 940 5081; x_wconf 84' lang='lat' dir='ltr'><strong>Quod</strong></span> <span class='ocrx_word' id='word_1_857' title='bbox 994 5015 1024 5067; x_wconf 89' lang='lat' dir='ltr'><strong>in</strong></span> <span class='ocrx_word' id='word_1_858' title='bbox 1039 5028 1144 5067; x_wconf 87' lang='lat' dir='ltr'><strong>camera</strong></span> <span class='ocrx_word' id='word_1_859' title='bbox 1160 5027 1211 5066; x_wconf 88' lang='lat' dir='ltr'><strong>sua</strong></span> <span class='ocrx_word' id='word_1_860' title='bbox 1229 5013 1324 5066; x_wconf 86' lang='lat' dir='ltr'><strong>melius</strong></span> <span class='ocrx_word' id='word_1_861' title='bbox 1344 5015 1369 5065; x_wconf 89' lang='lat' dir='ltr'><strong>ct</strong></span> <span class='ocrx_word' id='word_1_862' title='bbox 1387 5011 1492 5081; x_wconf 86' lang='lat' dir='ltr'><strong>plenius</strong></span> <span class='ocrx_word' id='word_1_863' title='bbox 1506 5010 1642 5064; x_wconf 83' lang='grc'><strong>22212222.</strong></span> <span class='ocrx_word' id='word_1_864' title='bbox 1659 5009 1725 5063; x_wconf 78' lang='lat' dir='ltr'><strong>Hmc</strong></span> <span class='ocrx_word' id='word_1_865' title='bbox 1744 5007 1790 5063; x_wconf 89' lang='grc'><strong>121.</strong></span> 
     </span>
     <span class='ocr_line' id='line_1_66' title="bbox 139 5076 1793 5164; baseline 0 -31"><span class='ocrx_word' id='word_1_866' title='bbox 139 5079 161 5133; x_wconf 88' lang='grc'><strong>21</strong></span> <span class='ocrx_word' id='word_1_867' title='bbox 177 5079 312 5149; x_wconf 86' lang='lat' dir='ltr'><strong>liquamen</strong></span> <span class='ocrx_word' id='word_1_868' title='bbox 325 5082 408 5137; x_wconf 89' lang='lat' dir='ltr'><strong>etiam</strong></span> <span class='ocrx_word' id='word_1_869' title='bbox 423 5084 535 5154; x_wconf 89' lang='lat' dir='ltr'><strong>piscium</strong></span> <span class='ocrx_word' id='word_1_870' title='bbox 550 5082 738 5149; x_wconf 85' lang='lat' dir='ltr'><strong>illisvetitum,</strong></span> <span class='ocrx_word' id='word_1_871' title='bbox 751 5083 941 5155; x_wconf 82' lang='lat' dir='ltr'><strong>multomagis</strong></span> <span class='ocrx_word' id='word_1_872' title='bbox 993 5085 1096 5139; x_wconf 91' lang='lat' dir='ltr'><strong>Verum</strong></span> <span class='ocrx_word' id='word_1_873' title='bbox 1111 5083 1176 5138; x_wconf 88' lang='lat' dir='ltr'><strong>iilud</strong></span> <span class='ocrx_word' id='word_1_874' title='bbox 1191 5096 1300 5164; x_wconf 85' lang='lat' dir='ltr'><strong>quoque</strong></span> <span class='ocrx_word' id='word_1_875' title='bbox 1315 5080 1455 5136; x_wconf 91' lang='lat' dir='ltr'><strong>sciendum</strong></span> <span class='ocrx_word' id='word_1_876' title='bbox 1471 5087 1522 5145; x_wconf 89' lang='lat' dir='ltr'><strong>est,</strong></span> <span class='ocrx_word' id='word_1_877' title='bbox 1539 5078 1612 5150; x_wconf 88' lang='lat' dir='ltr'><strong>quod</strong></span> <span class='ocrx_word' id='word_1_878' title='bbox 1631 5076 1793 5135; x_wconf 85' lang='lat' dir='ltr'><strong>Benedictus</strong></span> 
     </span>
     <span class='ocr_line' id='line_1_67' title="bbox 140 5148 1792 5226; baseline -0.001 -22"><span class='ocrx_word' id='word_1_879' title='bbox 140 5163 244 5204; x_wconf 87' lang='lat' dir='ltr'><strong>carries.</strong></span> <span class='ocrx_word' id='word_1_880' title='bbox 260 5150 288 5203; x_wconf 90' lang='grc'><strong>8.</strong></span> <span class='ocrx_word' id='word_1_881' title='bbox 303 5152 421 5207; x_wconf 86' lang='lat' dir='ltr'><strong>Basilius</strong></span> <span class='ocrx_word' id='word_1_882' title='bbox 432 5155 457 5207; x_wconf 93' lang='lat' dir='ltr'><strong>in</strong></span> <span class='ocrx_word' id='word_1_883' title='bbox 473 5153 721 5210; x_wconf 91' lang='lat' dir='ltr'><strong>Constitutionibus</strong></span> <span class='ocrx_word' id='word_1_884' title='bbox 733 5162 851 5211; x_wconf 88' lang='lat' dir='ltr'><strong>monast.</strong></span> <span class='ocrx_word' id='word_1_885' title='bbox 866 5170 891 5211; x_wconf 92' lang='lat' dir='ltr'><strong>c.</strong></span> <span class='ocrx_word' id='word_1_886' title='bbox 906 5158 941 5210; x_wconf 85' lang='grc'><strong>22</strong></span> <span class='ocrx_word' id='word_1_887' title='bbox 995 5155 1051 5211; x_wconf 83' lang='grc'><strong>1111</strong></span> <span class='ocrx_word' id='word_1_888' title='bbox 1068 5153 1188 5226; x_wconf 84' lang='lat' dir='ltr'><strong>pontifex</strong></span> <span class='ocrx_word' id='word_1_889' title='bbox 1204 5169 1232 5208; x_wconf 91' lang='lat' dir='ltr'><strong>iii</strong></span> <span class='ocrx_word' id='word_1_890' title='bbox 1246 5168 1294 5208; x_wconf 92' lang='lat' dir='ltr'><strong>sua</strong></span> <span class='ocrx_word' id='word_1_891' title='bbox 1314 5150 1506 5207; x_wconf 86' lang='lat' dir='ltr'><strong>constitutione</strong></span> <span class='ocrx_word' id='word_1_892' title='bbox 1523 5148 1696 5205; x_wconf 80' lang='lat' dir='ltr'><strong>benedictina</strong></span> <span class='ocrx_word' id='word_1_893' title='bbox 1711 5150 1792 5219; x_wconf 82' lang='lat' dir='ltr'><strong>(Cap.</strong></span> 
     </span>
     <span class='ocr_line' id='line_1_68' title="bbox 140 5217 1797 5292; baseline -0.001 -17"><span class='ocrx_word' id='word_1_894' title='bbox 140 5217 206 5275; x_wconf 90' lang='lat' dir='ltr'><strong>satis</strong></span> <span class='ocrx_word' id='word_1_895' title='bbox 218 5227 311 5291; x_wconf 88' lang='lat' dir='ltr'><strong>aperte</strong></span> <span class='ocrx_word' id='word_1_896' title='bbox 325 5221 429 5277; x_wconf 85' lang='lat' dir='ltr'><strong>indicat</strong></span> <span class='ocrx_word' id='word_1_897' title='bbox 442 5225 566 5279; x_wconf 89' lang='lat' dir='ltr'><strong>carnium</strong></span> <span class='ocrx_word' id='word_1_898' title='bbox 581 5239 660 5280; x_wconf 91' lang='lat' dir='ltr'><strong>esum</strong></span> <span class='ocrx_word' id='word_1_899' title='bbox 671 5225 729 5281; x_wconf 92' lang='lat' dir='ltr'><strong>suis</strong></span> <span class='ocrx_word' id='word_1_900' title='bbox 740 5224 882 5281; x_wconf 90' lang='lat' dir='ltr'><strong>monachis</strong></span> <span class='ocrx_word' id='word_1_901' title='bbox 896 5241 941 5282; x_wconf 91' lang='lat' dir='ltr'><strong>or·</strong></span> <span class='ocrx_word' id='word_1_902' title='bbox 996 5229 1063 5292; x_wconf 83' lang='grc'><strong>22).</strong></span> <span class='ocrx_word' id='word_1_903' title='bbox 1082 5225 1153 5280; x_wconf 88' lang='lat' dir='ltr'><strong>circa</strong></span> <span class='ocrx_word' id='word_1_904' title='bbox 1169 5225 1240 5279; x_wconf 90' lang='lat' dir='ltr'><strong>hanc</strong></span> <span class='ocrx_word' id='word_1_905' title='bbox 1260 5221 1383 5278; x_wconf 88' lang='lat' dir='ltr'><strong>carnium</strong></span> <span class='ocrx_word' id='word_1_906' title='bbox 1400 5220 1593 5276; x_wconf 88' lang='lat' dir='ltr'><strong>abstinentiam</strong></span> <span class='ocrx_word' id='word_1_907' title='bbox 1616 5234 1715 5292; x_wconf 83' lang='lat' dir='ltr'><strong>magna</strong></span> <span class='ocrx_word' id='word_1_908' title='bbox 1735 5233 1797 5275; x_wconf 87' lang='lat' dir='ltr'><strong>mo·</strong></span> 
     </span>
     <span class='ocr_line' id='line_1_69' title="bbox 141 5288 1795 5364; baseline 0.001 -20"><span class='ocrx_word' id='word_1_909' title='bbox 141 5288 248 5345; x_wconf 75' lang='lat' dir='ltr'><strong>(linaria</strong></span> <span class='ocrx_word' id='word_1_910' title='bbox 269 5289 349 5346; x_wconf 90' lang='lat' dir='ltr'><strong>luisse</strong></span> <span class='ocrx_word' id='word_1_911' title='bbox 372 5291 495 5347; x_wconf 90' lang='lat' dir='ltr'><strong>illicitum</strong></span> <span class='ocrx_word' id='word_1_912' title='bbox 522 5311 530 5348; x_wconf 72' lang='grc' dir='ltr'>ε</span> <span class='ocrx_word' id='word_1_913' title='bbox 556 5294 663 5351; x_wconf 90' lang='lat' dir='ltr'><strong>licuisse</strong></span> <span class='ocrx_word' id='word_1_914' title='bbox 685 5303 776 5351; x_wconf 88' lang='lat' dir='ltr'><strong>tamen</strong></span> <span class='ocrx_word' id='word_1_915' title='bbox 802 5295 941 5351; x_wconf 91' lang='lat' dir='ltr'><strong>interdum</strong></span> <span class='ocrx_word' id='word_1_916' title='bbox 996 5295 1136 5351; x_wconf 72' lang='lat' dir='ltr'><strong>duratione</strong></span> <span class='ocrx_word' id='word_1_917' title='bbox 1155 5309 1220 5350; x_wconf 93' lang='lat' dir='ltr'><strong>usus</strong></span> <span class='ocrx_word' id='word_1_918' title='bbox 1237 5308 1308 5360; x_wconf 89' lang='lat' dir='ltr'><strong>esse,</strong></span> <span class='ocrx_word' id='word_1_919' title='bbox 1324 5307 1439 5364; x_wconf 90' lang='lat' dir='ltr'><strong>eamque</strong></span> <span class='ocrx_word' id='word_1_920' title='bbox 1452 5291 1529 5347; x_wconf 83' lang='lat' dir='ltr'><strong>valde</strong></span> <span class='ocrx_word' id='word_1_921' title='bbox 1544 5290 1605 5346; x_wconf 90' lang='lat' dir='ltr'><strong>miti</strong></span> <span class='ocrx_word' id='word_1_922' title='bbox 1624 5306 1683 5347; x_wconf 88' lang='lat' dir='ltr'><strong>asse</strong></span> <span class='ocrx_word' id='word_1_923' title='bbox 1699 5305 1731 5346; x_wconf 88' lang='lat' dir='ltr'><strong>ac</strong></span> <span class='ocrx_word' id='word_1_924' title='bbox 1748 5305 1795 5345; x_wconf 92' lang='lat' dir='ltr'><strong>re·</strong></span> 
     </span>
     <span class='ocr_line' id='line_1_70' title="bbox 142 5308 1795 5447; baseline 0.001 -32"><span class='ocrx_word' id='word_1_925' title='bbox 142 5359 292 5416; x_wconf 86' lang='lat' dir='ltr'><strong>buccellam</strong></span> <span class='ocrx_word' id='word_1_926' title='bbox 311 5362 387 5430; x_wconf 88' lang='lat' dir='ltr'><strong>panis</strong></span> <span class='ocrx_word' id='word_1_927' title='bbox 404 5362 432 5417; x_wconf 91' lang='lat' dir='ltr'><strong>in</strong></span> <span class='ocrx_word' id='word_1_928' title='bbox 445 5362 506 5447; x_wconf 77' lang='lat' dir='ltr'><strong>jure</strong></span> <span class='ocrx_word' id='word_1_929' title='bbox 522 5365 612 5421; x_wconf 86' lang='lat' dir='ltr'><strong>carnis</strong></span> <span class='ocrx_word' id='word_1_930' title='bbox 627 5365 713 5421; x_wconf 77' lang='grc'><strong>221112</strong></span> <span class='ocrx_word' id='word_1_931' title='bbox 735 5366 879 5437; x_wconf 75' lang='lat' dir='ltr'><strong>intingere,</strong></span> <span class='ocrx_word' id='word_1_932' title='bbox 894 5373 942 5421; x_wconf 90' lang='lat' dir='ltr'><strong>aut</strong></span> <span class='ocrx_word' id='word_1_933' title='bbox 996 5365 1222 5430; x_wconf 87' lang='lat' dir='ltr'><strong>laxasseridetur,</strong></span> <span class='ocrx_word' id='word_1_934' title='bbox 1236 5364 1282 5421; x_wconf 92' lang='lat' dir='ltr'><strong>ubi</strong></span> <span class='ocrx_word' id='word_1_935' title='bbox 1295 5364 1467 5436; x_wconf 77' lang='lat' dir='ltr'><strong>etliegiiiam</strong></span> <span class='ocrx_word' id='word_1_936' title='bbox 1477 5364 1512 5444; x_wconf 82' lang='grc'><strong>11.</strong></span> <span class='ocrx_word' id='word_1_937' title='bbox 1525 5308 1677 5443; x_wconf 51' lang='lat' dir='ltr'><strong>beneficti,</strong></span> <span class='ocrx_word' id='word_1_938' title='bbox 1688 5369 1714 5416; x_wconf 87' lang='lat' dir='ltr'><strong>et</strong></span> <span class='ocrx_word' id='word_1_939' title='bbox 1725 5375 1795 5444; x_wconf 66' lang='lat' dir='ltr'><strong>pree·</strong></span> 
     </span>
     <span class='ocr_line' id='line_1_71' title="bbox 110 5430 1795 5508; baseline 0.001 -24"><span class='ocrx_word' id='word_1_940' title='bbox 110 5490 115 5503; x_wconf 88' lang='lat'><strong>.</strong></span> <span class='ocrx_word' id='word_1_941' title='bbox 140 5430 310 5501; x_wconf 88' lang='lat' dir='ltr'><strong>pulmentum</strong></span> <span class='ocrx_word' id='word_1_942' title='bbox 324 5431 385 5489; x_wconf 89' lang='lat' dir='ltr'><strong>inde</strong></span> <span class='ocrx_word' id='word_1_943' title='bbox 399 5449 531 5505; x_wconf 87' lang='lat' dir='ltr'><strong>accipere.</strong></span> <span class='ocrx_word' id='word_1_944' title='bbox 545 5437 693 5505; x_wconf 77' lang='lat' dir='ltr'><strong>Siquidem,</strong></span> <span class='ocrx_word' id='word_1_945' title='bbox 709 5436 809 5508; x_wconf 91' lang='lat' dir='ltr'><strong>inquit,</strong></span> <span class='ocrx_word' id='word_1_946' title='bbox 818 5438 941 5491; x_wconf 89' lang='lat' dir='ltr'><strong>minutis·</strong></span> <span class='ocrx_word' id='word_1_947' title='bbox 996 5437 1097 5493; x_wconf 90' lang='lat' dir='ltr'><strong>dictam</strong></span> <span class='ocrx_word' id='word_1_948' title='bbox 1111 5436 1337 5492; x_wconf 88' lang='lat' dir='ltr'><strong>constitutionem</strong></span> <span class='ocrx_word' id='word_1_949' title='bbox 1350 5433 1500 5490; x_wconf 83' lang='lat' dir='ltr'><strong>Innocentii</strong></span> <span class='ocrx_word' id='word_1_950' title='bbox 1512 5435 1551 5488; x_wconf 93' lang='grc'><strong>111</strong></span> <span class='ocrx_word' id='word_1_951' title='bbox 1565 5440 1746 5504; x_wconf 85' lang='lat' dir='ltr'><strong>interpretans</strong></span> <span class='ocrx_word' id='word_1_952' title='bbox 1755 5438 1795 5486; x_wconf 89' lang='lat' dir='ltr'><strong>rta</strong></span> 
     </span>
     <span class='ocr_line' id='line_1_72' title="bbox 139 5501 1796 5576; baseline 0.001 -21"><span class='ocrx_word' id='word_1_953' title='bbox 139 5503 238 5556; x_wconf 90' lang='lat' dir='ltr'><strong>simum</strong></span> <span class='ocrx_word' id='word_1_954' title='bbox 250 5503 400 5567; x_wconf 74' lang='grc'><strong>1222221222</strong></span> <span class='ocrx_word' id='word_1_955' title='bbox 415 5505 485 5559; x_wconf 84' lang='lat' dir='ltr'><strong>illud</strong></span> <span class='ocrx_word' id='word_1_956' title='bbox 498 5508 526 5560; x_wconf 89' lang='lat' dir='ltr'><strong>in</strong></span> <span class='ocrx_word' id='word_1_957' title='bbox 540 5512 595 5560; x_wconf 90' lang='lat' dir='ltr'><strong>tam</strong></span> <span class='ocrx_word' id='word_1_958' title='bbox 607 5523 734 5576; x_wconf 87' lang='lat' dir='ltr'><strong>mnqnnm</strong></span> <span class='ocrx_word' id='word_1_959' title='bbox 748 5522 831 5576; x_wconf 62' lang='lat' dir='ltr'><strong>aquia,</strong></span> <span class='ocrx_word' id='word_1_960' title='bbox 840 5508 942 5575; x_wconf 78' lang='lat' dir='ltr'><strong>copiam</strong></span> <span class='ocrx_word' id='word_1_961' title='bbox 996 5508 1091 5563; x_wconf 86' lang='lat' dir='ltr'><strong>statuit</strong></span> <span class='ocrx_word' id='word_1_962' title='bbox 1103 5525 1109 5561; x_wconf 91' lang='lat'>:</span> <span class='ocrx_word' id='word_1_963' title='bbox 1122 5509 1190 5574; x_wconf 77' lang='grc'><strong>0212</strong></span> <span class='ocrx_word' id='word_1_964' title='bbox 1204 5507 1241 5561; x_wconf 90' lang='lat' dir='ltr'><strong>nd</strong></span> <span class='ocrx_word' id='word_1_965' title='bbox 1254 5507 1351 5561; x_wconf 90' lang='lat' dir='ltr'><strong>salutis</strong></span> <span class='ocrx_word' id='word_1_966' title='bbox 1363 5506 1513 5576; x_wconf 78' lang='lat' dir='ltr'><strong>profectum</strong></span> <span class='ocrx_word' id='word_1_967' title='bbox 1528 5501 1656 5567; x_wconf 86' lang='lat' dir='ltr'><strong>temlitur,</strong></span> <span class='ocrx_word' id='word_1_968' title='bbox 1671 5506 1697 5558; x_wconf 92' lang='lat' dir='ltr'><strong>si</strong></span> <span class='ocrx_word' id='word_1_969' title='bbox 1706 5503 1796 5557; x_wconf 88' lang='lat' dir='ltr'><strong>mode-</strong></span> 
     </span>
     <span class='ocr_line' id='line_1_73' title="bbox 140 5574 1796 5648; baseline 0 -22"><span class='ocrx_word' id='word_1_970' title='bbox 140 5577 189 5626; x_wconf 92' lang='lat' dir='ltr'><strong>nut</strong></span> <span class='ocrx_word' id='word_1_971' title='bbox 200 5574 363 5642; x_wconf 85' lang='lat' dir='ltr'><strong>lequmr&#39;mim</strong></span> <span class='ocrx_word' id='word_1_972' title='bbox 372 5578 408 5641; x_wconf 89' lang='lat' dir='ltr'><strong>(si</strong></span> <span class='ocrx_word' id='word_1_973' title='bbox 414 5578 453 5630; x_wconf 89' lang='lat' dir='ltr'><strong>ita</strong></span> <span class='ocrx_word' id='word_1_974' title='bbox 462 5591 518 5631; x_wconf 87' lang='lat' dir='ltr'><strong>sors</strong></span> <span class='ocrx_word' id='word_1_975' title='bbox 527 5578 609 5647; x_wconf 75' lang='lat' dir='ltr'><strong>ferat]</strong></span> <span class='ocrx_word' id='word_1_976' title='bbox 618 5578 761 5648; x_wconf 78' lang='lat' dir='ltr'><strong>conjectum</strong></span> <span class='ocrx_word' id='word_1_977' title='bbox 771 5593 943 5647; x_wconf 88' lang='lat' dir='ltr'><strong>nequaquam</strong></span> <span class='ocrx_word' id='word_1_978' title='bbox 995 5580 1108 5633; x_wconf 85' lang='grc'><strong>22212212</strong></span> <span class='ocrx_word' id='word_1_979' title='bbox 1119 5579 1247 5632; x_wconf 81' lang='lat' dir='ltr'><strong>sobrietas</strong></span> <span class='ocrx_word' id='word_1_980' title='bbox 1257 5581 1281 5632; x_wconf 92' lang='lat' dir='ltr'><strong>ct</strong></span> <span class='ocrx_word' id='word_1_981' title='bbox 1295 5577 1424 5631; x_wconf 83' lang='lat' dir='ltr'><strong>modestia</strong></span> <span class='ocrx_word' id='word_1_982' title='bbox 1435 5576 1607 5631; x_wconf 75' lang='lat' dir='ltr'><strong>obseremus·</strong></span> <span class='ocrx_word' id='word_1_983' title='bbox 1622 5594 1630 5629; x_wconf 75' lang='grc' dir='ltr'><strong><em>ε</em></strong></span> <span class='ocrx_word' id='word_1_984' title='bbox 1640 5575 1753 5629; x_wconf 74' lang='lat' dir='ltr'><strong>solertes</strong></span> <span class='ocrx_word' id='word_1_985' title='bbox 1765 5589 1796 5628; x_wconf 89' lang='grc'><strong>22</strong></span> 
     </span>
     <span class='ocr_line' id='line_1_74' title="bbox 138 5644 1797 5719; baseline 0.001 -22"><span class='ocrx_word' id='word_1_986' title='bbox 138 5644 268 5699; x_wconf 87' lang='lat' dir='ltr'><strong>indicium</strong></span> <span class='ocrx_word' id='word_1_987' title='bbox 279 5646 398 5716; x_wconf 76' lang='lat' dir='ltr'><strong>cupedia</strong></span> <span class='ocrx_word' id='word_1_988' title='bbox 409 5652 462 5711; x_wconf 87' lang='lat' dir='ltr'><strong>est;</strong></span> <span class='ocrx_word' id='word_1_989' title='bbox 473 5648 520 5702; x_wconf 88' lang='lat' dir='ltr'><strong>sed</strong></span> <span class='ocrx_word' id='word_1_990' title='bbox 531 5652 697 5705; x_wconf 82' lang='lat' dir='ltr'><strong>seuerissima</strong></span> <span class='ocrx_word' id='word_1_991' title='bbox 711 5653 736 5703; x_wconf 92' lang='lat' dir='ltr'><strong>et</strong></span> <span class='ocrx_word' id='word_1_992' title='bbox 747 5664 809 5704; x_wconf 87' lang='lat' dir='ltr'><strong>uere</strong></span> <span class='ocrx_word' id='word_1_993' title='bbox 818 5649 944 5703; x_wconf 75' lang='lat' dir='ltr'><strong>diuitissi-</strong></span> <span class='ocrx_word' id='word_1_994' title='bbox 996 5664 1056 5719; x_wconf 79' lang='lat' dir='ltr'><strong>quar</strong></span> <span class='ocrx_word' id='word_1_995' title='bbox 1069 5650 1221 5702; x_wconf 81' lang='grc'><strong>2122222222</strong></span> <span class='ocrx_word' id='word_1_996' title='bbox 1235 5652 1261 5702; x_wconf 91' lang='lat' dir='ltr'><strong>et</strong></span> <span class='ocrx_word' id='word_1_997' title='bbox 1272 5649 1464 5702; x_wconf 86' lang='lat' dir='ltr'><strong>abstinentiam</strong></span> <span class='ocrx_word' id='word_1_998' title='bbox 1479 5649 1599 5701; x_wconf 85' lang='lat' dir='ltr'><strong>carrrium</strong></span> <span class='ocrx_word' id='word_1_999' title='bbox 1615 5648 1645 5700; x_wconf 86' lang='grc'><strong>11.</strong></span> <span class='ocrx_word' id='word_1_1000' title='bbox 1658 5645 1797 5700; x_wconf 63' lang='lat' dir='ltr'><strong>&amp;aedisti</strong></span> 
     </span>
     <span class='ocr_line' id='line_1_75' title="bbox 139 5717 1796 5790; baseline 0.001 -22"><span class='ocrx_word' id='word_1_1001' title='bbox 139 5730 183 5769; x_wconf 88' lang='lat' dir='ltr'><strong>rna</strong></span> <span class='ocrx_word' id='word_1_1002' title='bbox 195 5717 306 5785; x_wconf 86' lang='lat' dir='ltr'><strong>pietatis</strong></span> <span class='ocrx_word' id='word_1_1003' title='bbox 320 5719 449 5773; x_wconf 88' lang='lat' dir='ltr'><strong>cultorum</strong></span> <span class='ocrx_word' id='word_1_1004' title='bbox 458 5720 627 5774; x_wconf 88' lang='lat' dir='ltr'><strong>continentia.</strong></span> <span class='ocrx_word' id='word_1_1005' title='bbox 641 5722 681 5774; x_wconf 86' lang='lat' dir='ltr'><strong>ita</strong></span> <span class='ocrx_word' id='word_1_1006' title='bbox 695 5719 823 5774; x_wconf 80' lang='lat' dir='ltr'><strong>Basilius.</strong></span> <span class='ocrx_word' id='word_1_1007' title='bbox 838 5719 942 5790; x_wconf 78' lang='lat' dir='ltr'><strong>Regula</strong></span> <span class='ocrx_word' id='word_1_1008' title='bbox 996 5720 1129 5789; x_wconf 73' lang='lat' dir='ltr'><strong>reprilmis</strong></span> <span class='ocrx_word' id='word_1_1009' title='bbox 1139 5721 1273 5773; x_wconf 83' lang='lat' dir='ltr'><strong>institutio</strong></span> <span class='ocrx_word' id='word_1_1010' title='bbox 1280 5718 1408 5780; x_wconf 78' lang='grc'><strong>2222112112,</strong></span> <span class='ocrx_word' id='word_1_1011' title='bbox 1416 5722 1442 5774; x_wconf 87' lang='grc'><strong>22</strong></span> <span class='ocrx_word' id='word_1_1012' title='bbox 1450 5720 1478 5771; x_wconf 89' lang='lat' dir='ltr'><strong>in</strong></span> <span class='ocrx_word' id='word_1_1013' title='bbox 1486 5718 1732 5786; x_wconf 79' lang='lat' dir='ltr'><strong>contuntunepm</strong></span> <span class='ocrx_word' id='word_1_1014' title='bbox 1741 5730 1796 5770; x_wconf 90' lang='lat' dir='ltr'><strong>me-</strong></span> 
     </span>
    </p>
   </div>
   <div class='ocr_carea' id='block_1_9' title="bbox 41 5786 1796 5862">
    <p class='ocr_par' dir='ltr' id='par_1_11' title="bbox 41 5786 1796 5862">
     <span class='ocr_line' id='line_1_76' title="bbox 41 5786 1796 5862; baseline -0.001 -22"><span class='ocrx_word' id='word_1_1015' title='bbox 41 5799 44 5806; x_wconf 84' lang='lat'><strong>·</strong></span> <span class='ocrx_word' id='word_1_1016' title='bbox 141 5786 340 5843; x_wconf 88' lang='lat' dir='ltr'><strong>inonachorum</strong></span> <span class='ocrx_word' id='word_1_1017' title='bbox 354 5787 426 5860; x_wconf 90' lang='lat' dir='ltr'><strong>apud</strong></span> <span class='ocrx_word' id='word_1_1018' title='bbox 437 5789 466 5844; x_wconf 89' lang='lat' dir='ltr'><strong>S.</strong></span> <span class='ocrx_word' id='word_1_1019' title='bbox 480 5789 680 5862; x_wconf 76' lang='lat' dir='ltr'><strong>Hieronymum</strong></span> <span class='ocrx_word' id='word_1_1020' title='bbox 693 5788 769 5860; x_wconf 86' lang='lat' dir='ltr'><strong>(quie</strong></span> <span class='ocrx_word' id='word_1_1021' title='bbox 780 5797 874 5846; x_wconf 84' lang='lat' dir='ltr'><strong>tamen</strong></span> <span class='ocrx_word' id='word_1_1022' title='bbox 887 5805 942 5846; x_wconf 91' lang='lat' dir='ltr'><strong>nan</strong></span> <span class='ocrx_word' id='word_1_1023' title='bbox 996 5791 1089 5846; x_wconf 81' lang='lat' dir='ltr'><strong>moria</strong></span> <span class='ocrx_word' id='word_1_1024' title='bbox 1097 5791 1245 5844; x_wconf 85' lang='lat' dir='ltr'><strong>innocentii</strong></span> <span class='ocrx_word' id='word_1_1025' title='bbox 1253 5804 1343 5860; x_wconf 80' lang='lat' dir='ltr'><strong>papie,</strong></span> <span class='ocrx_word' id='word_1_1026' title='bbox 1354 5791 1441 5851; x_wconf 85' lang='lat' dir='ltr'><strong>tertii,</strong></span> <span class='ocrx_word' id='word_1_1027' title='bbox 1449 5788 1604 5859; x_wconf 80' lang='lat' dir='ltr'><strong>predecess.</strong></span> <span class='ocrx_word' id='word_1_1028' title='bbox 1619 5787 1796 5853; x_wconf 67' lang='lat' dir='ltr'><strong>nostrimet</strong></span> 
     </span>
    </p>
   </div>
   <div class='ocr_carea' id='block_1_10' title="bbox 139 5856 1793 5934">
    <p class='ocr_par' dir='ltr' id='par_1_12' title="bbox 139 5856 1793 5934">
     <span class='ocr_line' id='line_1_77' title="bbox 139 5856 1793 5934; baseline -0.002 -19"><span class='ocrx_word' id='word_1_1029' title='bbox 139 5866 180 5915; x_wconf 83' lang='lat' dir='ltr'><strong>est</strong></span> <span class='ocrx_word' id='word_1_1030' title='bbox 194 5857 365 5933; x_wconf 85' lang='lat' dir='ltr'><strong>Hieronymi,</strong></span> <span class='ocrx_word' id='word_1_1031' title='bbox 386 5857 621 5932; x_wconf 77' lang='grc'><strong>221222122122</strong></span> <span class='ocrx_word' id='word_1_1032' title='bbox 639 5859 782 5917; x_wconf 88' lang='lat' dir='ltr'><strong>sententiis</strong></span> <span class='ocrx_word' id='word_1_1033' title='bbox 795 5861 831 5917; x_wconf 86' lang='lat' dir='ltr'><strong>ab</strong></span> <span class='ocrx_word' id='word_1_1034' title='bbox 849 5859 943 5934; x_wconf 89' lang='lat' dir='ltr'><strong>aliquo</strong></span> <span class='ocrx_word' id='word_1_1035' title='bbox 995 5863 1112 5929; x_wconf 83' lang='lat' dir='ltr'><strong>statuta,</strong></span> <span class='ocrx_word' id='word_1_1036' title='bbox 1129 5861 1242 5930; x_wconf 76' lang='lat' dir='ltr'><strong>tirmiter</strong></span> <span class='ocrx_word' id='word_1_1037' title='bbox 1255 5859 1398 5923; x_wconf 82' lang='lat' dir='ltr'><strong>obeam-ari,</strong></span> <span class='ocrx_word' id='word_1_1038' title='bbox 1414 5860 1569 5921; x_wconf 79' lang='lat' dir='ltr'><strong>smndmus,</strong></span> <span class='ocrx_word' id='word_1_1039' title='bbox 1584 5861 1611 5914; x_wconf 87' lang='lat' dir='ltr'><strong>et</strong></span> <span class='ocrx_word' id='word_1_1040' title='bbox 1625 5856 1793 5922; x_wconf 84' lang='lat' dir='ltr'><strong>ordinamus,</strong></span> 
     </span>
    </p>
   </div>
   <div class='ocr_carea' id='block_1_11' title="bbox 0 0 1928 6148">
    <p class='ocr_par' dir='ltr' id='par_1_13' title="bbox 0 0 1928 6148">
     <span class='ocr_line' id='line_1_78' title="bbox 0 0 1928 6148; baseline 0 0"><span class='ocrx_word' id='word_1_1041' title='bbox 0 0 1928 6148; x_wconf 95' lang='lat' dir='ltr'><strong> </strong></span> 
     </span>
    </p>
   </div>
  </div>
 </body>
</html>
