3848 6158
168 292 220 349 399
835 284 974 342 JOANNIS
991 283 1141 341 CASSthi
1294 306 1298 311 ·
1766 280 1818 335 slis

169 421 336 489 'possumus
349 415 492 490 appellare)
506 408 519 448 ¹¹
539 411 750 479 multiformem,
771 411 874 467 sarium
888 419 970 481 atque
981 416 1008 480 A
1334 406 1455 464 CAPUT
1473 407 1509 462 ll.

169 510 311 578 subtilem
330 510 367 566 ita
391 517 421 564 ut
440 506 607 580 quibuslibet
620 504 860 577 perspicacissimis
882 504 967 560 oculis
1022 510 1098 578 Quod
1106 511 1252 567 cmodomia
1265 526 1318 566 non
1330 512 1416 566 solnm
1424 513 1538 580 inparti
1548 510 1663 572 carnali,
1675 509 1721 565 sed
1736 511 1821 565 etiam

128 578 130 583 .
169 620 225 661 non
245 605 336 662 dicam
359 602 449 659 careri
465 602 514 659 sed
536 600 668 672 pervideri
689 598 908 672 deprehendique
923 599 968 653 vix
1196 585 1225 638 ¹³²
1239 584 1525 653 ιιιίιῑῑαῑιιιθιῑαθιιιι
1537 583 1637 654 Plisti-

169 698 265 770 possit.
1057 698 1067 724 ι
1085 690 1148 744 Non
1161 687 1253 745 solum
1267 689 1353 760 enim,
1372 698 1404 747 nt
1422 697 1520 747 catera
1535 688 1609 757 vitia,
1623 688 1651 744 iti
1668 695 1744 761 parte
1758 704 1824 745 car-

716 835 843 891 stanni
862 834 974 890 GhZAEl
993 830 1273 889 consentanius.

168 962 381 1034 Quamvisenim
396 961 518 1035 eiusdem
532 960 650 1018 nominis
661 960 810 1033 Gregorius
820 959 966 1029 Nazianze·
1019 956 1141 1023 letitiam,
1153 954 1303 1013 cenodoxia
1313 957 1416 1028 appetit
1427 954 1679 1012 manifestationem
1689 955 1765 1038 illius
1775 973 1824 1014 ex-

166 1053 218 1092 nus
233 1037 322 1092 dictus
336 1035 471 1101 Gregorio
485 1035 613 1089 Romano
627 1034 715 1087 multo
725 1029 905 1102 antiquiorob
916 1031 966 1085 sin·
1019 1027 1151 1083 cellentiae
1172 1026 1243 1100 apud
1258 1027 1337 1083 alios.
1355 1027 1399 1083 Ab
1413 1027 1563 1083 ambitione
1582 1042 1646 1108 roro
1668 1024 1776 1096 diflert,
1791 1037 1824 1084 ut

167 1110 289 1179 giilarem
304 1100 561 1161 rerum'ditinarum
571 1102 722 1159 doctrinam
734 1101 859 1172 peculiari
870 1115 967 1173 cogno
1020 1098 1104 1170 gloria
1123 1098 1156 1154 ab
1169 1098 1283 1155 honore.
1302 1098 1397 1155 Gloria
1419 1099 1493 1154 enini
1509 1099 1535 1153 in
1551 1098 1675 1179 claritate
1697 1100 1823 1157 nominis

171 1188 265 1233 mento
286 1176 357 1249 apud
374 1183 479 1230 veteres
492 1174 648 1247 Theologus
663 1174 789 1254 appellari
809 1171 964 1237 consuevit,
1020 1177 1049 1225 et
1069 1170 1185 1225 aliorum
1200 1169 1329 1240 opinione
1343 1177 1371 1224 et
1390 1168 1469 1251 laude
1491 1177 1630 1252 copsistit3
1651 1168 1742 1252 honor
1757 1186 1823 1226 vero

171 1248 244 1303 nulla
256 1257 348 1302 tamen
357 1246 435 1302 istius
444 1245 598 1317 partitionis
609 1242 827 1301 aedistinctionis
837 1243 967 1298 vitiorum
1022 1241 1049 1296 iri
1065 1239 1171 1309 officiis,
1184 1239 1374 1312 dignitatibus,
1388 1242 1471 1310 signis
1482 1247 1644 1296 reverentiae
1654 1239 1769 1312 aliisque
1783 1249 1825 1298 te-

172 1319 331 1391 rapitalium
350 1318 453 1374 mentio
474 1315 540 1387 ipud
558 1315 648 1389 ipsum
668 1318 813 1387 reperitur,
828 1322 859 1370 ut
877 1314 967 1384 ipsum
1021 1310 1159 1367 stimoniis
1172 1311 1339 1367 excellentiae
1363 1311 1400 1382 (S.
1418 1313 1509 1366 Thom.
1529 1328 1556 1382 q.
1573 1315 1634 1393 llis,
1656 1327 1683 1366 ι.
1700 1314 1732 1382 8;
1747 1316 1820 1384 Auo.

173 1391 255 1461 hujus
267 1393 409 1446 sententias
426 1396 566 1444 auctorem
585 1387 690 1459 opinari
703 1387 766 1458 quis
780 1385 874 1456 possit.
887 1385 969 1440 Unde
1022 1383 1069 1437 lib.
1081 1383 1144 1438 vde
1156 1383 1249 1464 cant,
1269 1398 1291 1437 c.
1313 1381 1373 1452 ts).
1385 1383 1586 1465 caeterumoetsi
1599 1382 1658 1464 haec
1667 1385 1822 1465 secundum

171 1462 256 1518 etiam
267 1469 341 1532 patet
353 1459 409 1516 falli
425 1459 526 1531 eosqui
539 1463 674 1514 loannem
688 1458 838 1512 climacum
849 1457 885 1509 D.
900 1456 970 1511 Gre-
1021 1453 1222 1579 philosophiam
1239 1461 1266 1508 et
1278 1453 1428 1536 secundum
1442 1468 1566 1524 proprias
1587 1462 1709 1509 rationes
1733 1463 1771 1511 ita
1791 1471 1823 1513 sc

172 1533 247 1604 gorio
262 1534 361 1603 Magno
372 1530 539 1586 anteriorem
550 1536 666 1601 ponunt,
675 1543 737 1583 cum
751 1527 795 1582 liic
804 1527 968 1597 Gregorium
1042 1525 1148 1589 abeant,
1167 1524 1195 1579 in
1209 1539 1349 1602 communi
1369 1532 1462 1581 tamen
1480 1539 1562 1580 sensu
1574 1531 1603 1599 et
1613 1539 1744 1581 sermone
1757 1540 1821 1584 cuin

172 1603 234 1658 citet
246 1603 391 1668 climacus,
415 1602 473 1672 ejus
496 1616 528 1656 ue
548 1600 709 1655 sententiam
724 1597 910 1670 potiusquam
925 1596 970 1652 di·
1023 1612 1090 1651 vana
1104 1594 1190 1678 gloria
1211 1596 1345 1678 statuitur
1360 1595 1456 1651 vitium
1470 1595 1594 1667 capitale,
1607 1596 1690 1652 etiam
1704 1596 1821 1681 ambitio

172 1688 290 1738 versam,
304 1672 425 1728 cassiani
439 1617 541 1727 solimet
553 1679 580 1726 et
598 1670 727 1734 aliorum,
744 1668 778 1724 de
792 1682 908 1723 numero
929 1667 970 1721 vi·
1023 1664 1074 1722 hoc
1095 1681 1208 1723 nomine
1233 1667 1400 1738 intelligitur.
1426 1669 1531 1738 Quarto
1554 1675 1715 1723 numeratur
1731 1684 1823 1726 inanis

172 1745 276 1799 tiorum
291 1742 447 1814 capitalium
457 1742 532 1824 sequi
542 1756 576 1814 se.
583 1739 753 1813 profiteatur.
766 1743 803 1794 nt
812 1737 871 1794 haec
880 1738 969 1795 obiter
984 1776 1008 1838 B
1023 1738 1109 1807 gloria
1133 1738 1203 1793 inter
1225 1737 1290 1793 vitia
1311 1737 1436 1820 capitalia
1454 1752 1502 1793 seu
1525 1737 1692 1810 principalia,
1706 1739 1821 1796 etiams

172 1832 203 1870 ex
219 1815 362 1870 occasione
377 1814 502 1884 Gregorii
512 1812 556 1868 hic
565 1810 701 1868 nominati
714 1809 860 1867 dictasint.
1023 1811 1059 1864 D.
1071 1809 1215 1880 Gregorio,
1228 1817 1260 1864 ut
1269 1824 1394 1879 superius
1403 1823 1490 1864 risum
1497 1808 1620 1881 est(cup.
1632 1810 1669 1880 ι),
1680 1825 1736 1865 non
1745 1810 1822 1882 quod

208 1889 220 1917 ι
236 1889 349 1940 inanem
363 1884 488 1957 gloriam,
503 1899 587 1954 quam
597 1883 688 1939 Graeci
708 1879 846 1942 κενοδοξίαν
863 1887 969 1946 vocant,
1024 1895 1134 1951 semper
1148 1878 1271 1935 mortalis
1282 1879 1319 1935 sit
1327 1880 1416 1950 culpa,
1432 1884 1461 1935 ut
1475 1878 1678 1948 interdicetur,
1692 1880 1820 1952 sedquia

172 1971 222 2027 pro
245 1971 323 2012 ranae
338 1955 431 2026 gloria
451 1955 600 2024 cupiditate
621 1952 666 2009 hic
679 1953 769 2023 accepi
790 1960 895 2007 certum
917 1959 968 2006 est.
1024 1958 1113 2007 mater
1121 1957 1162 2006 est
1170 1959 1198 2005 et
1207 1965 1303 2023 parens
1315 1951 1469 2006 multorum
1480 1951 1597 2007 aliorum
1610 1951 1748 2021 vitiorum,
1758 1967 1822 2024 quar

174 2031 241 2082 llam
252 2027 337 2098 gloria
348 2025 405 2096 ipsa
418 2025 525 2097 proprie
534 2040 590 2079 nou
602 2030 644 2079 est
658 2023 753 2078 vitium
764 2023 805 2078 rel
816 2030 968 2094 peccatum,
1025 2037 1058 2079 ex
1082 2021 1137 2092 ipsa
1153 2030 1294 2094 tamquam
1312 2021 1447 2077 virulenta
1466 2021 1558 2078 radice
1576 2031 1738 2091 nascuntur,
1750 2038 1821 2150 lqnia

171 2096 220 2152 sed
243 2097 346 2166 peccati
364 2096 513 2169 objectum.
529 2096 605 2152 Usus
625 2094 720 2150 Graeca
741 2109 806 2149 voce
822 2093 971 2165 Apostolus
1025 2101 1116 2148 tamen
1134 2093 1169 2149 ad
1186 2108 1215 2149 se
1236 2093 1370 2149 tenacium
1384 2108 1530 2149 numerum
1551 2093 1730 2151 reducuntur.
1776 2109 1822 2151 am

171 2164 206 2222 ad
222 2167 409 2238 Philippenses
425 2181 460 2231 ιι,
475 2166 523 2222 ubi
542 2166 600 2220 ait:
619 2166 694 2223 Nihil
706 2180 756 2235 per
769 2166 969 2228 contentionem,
1024 2171 1128 2237 septem
1138 2164 1197 2236 ejus
1208 2108 1271 2220 iiia
1283 2168 1342 2245 al).
1356 2165 1489 2247 Gregorio
1502 2165 1565 2234 (Ubi
1576 2165 1670 2248 supra)
1684 2167 1824 2239 assignan-

173 2253 257 2307 neque
265 2254 314 2309 per
325 2241 433 2292 inanem
448 2238 562 2306 gloriam
578 2235 748 2306 (κενοδοξίαν),
760 2236 844 2291 sedin
858 2236 971 2291 humili·
1025 2243 1070 2291 tur
1083 2236 1272 2300 inobedientia,
1288 2240 1435 2305 jactant-ia,
1457 2238 1614 2306 hypocrisis,
1633 2239 1821 2302 mntaitiette's,

173 2313 238 2371 tale,
258 2318 311 2364 etc.
329 2311 363 2364 Et
373 2308 408 2364 ad
421 2308 484 2365 Gal.
497 2323 512 2361 r
525 2326 532 2362 :
545 2310 604 2365 Non
616 2309 769 2378 efficiamur
777 2309 867 2361 manis
877 2307 971 2375 gloria
1021 2306 1345 2377 'pertinacimdiscordim
1353 2309 1694 2378 nacituttimproestimpttes
1703 2324 1823 2380 quarum

171 2380 273 2450 cupidi.
290 2380 345 2435 Ubi
361 2382 395 2434 D.
419 2379 606 2451 Hieronymus
618 2379 667 2445 (be
685 2379 805 2441 sacerd,
824 2382 849 2432 et
861 2379 971 2432 homilia
1024 2378 1157 2432 rationem
1174 2377 1263 2432 reddit
1273 2378 1301 2434 S.
1314 2378 1445 2433 Thomas.
1462 2381 1503 2434 De
1511 2377 1657 2434 cenodoxia
1668 2380 1724 2452 agit
1736 2379 1824 2436 etiam

172 2457 206 2505 43
217 2451 249 2505 de
259 2453 342 2506 Inani
351 2452 443 2508 Gloria
458 2455 483 2506 ιι
496 2449 658 2519 Ambitione)
670 2465 677 2502 ι
695 2451 782 2505 Urium
793 2449 914 2511 verbim,
926 2448 970 2502 iii-
1024 2447 1185 2504 Aristoteles
1198 2446 1243 2503 lib.
1260 2463 1293 2504 iv
1307 2448 1477 2517 Ethicorum,
1488 2465 1548 2521 cap.
1560 2448 1653 2520 lilim.
1662 2450 1701 2521 h),
1712 2448 1824 2507 abitria

173 2522 243 2593 quit,
254 2522 329 2593 apud
337 2523 451 2585 Grecos,
459 2519 609 2588 κειόοδοξοι,
620 2521 972 2575 ιιιιιιιιιιοιιηιιινιιιιιι
1024 2519 1088 2574 vitia
1113 2519 1163 2574 sibi
1179 2518 1265 2574 vicina
1286 2528 1313 2575 et
1325 2518 1383 2575 fere
1403 2535 1525 2576 connexa
1548 2519 1661 2592 opponit
1672 2522 1824 2594 magnani-

173 2595 304 2674 interpres
317 2595 576 2663 Lutinnsecpre'ssit.
588 2591 775 2647 lodeverbum
784 2589 932 2654 recoluisti,
943 2589 971 2646 id
1025 2589 1128 2647 mitati:
1146 2604 1267 2661 praesum
1288 2591 1403 2657 tionem,
1420 2583 1609 2657 ambitionem,
1629 2592 1825 2649 cenodoxiam.

175 2671 225 2726 est,
246 2665 321 2719 inani
336 2663 423 2737 gloria
441 2663 514 2730 duci,
530 2661 603 2735 apud
617 2662 856 2734 chrysostomum.
879 2662 972 2718 Minus
1060 2655 1184 2717 llMultas
1199 2607 1357 2718 oeooioxiae
1369 2662 1546 2788 proprietates
1561 2669 1685 2745 recenset
1694 2667 1823 2745 ‚pacton

174 2734 252 2806 plene
272 2743 300 2790 et
315 2742 442 2791 accurate
463 2734 578 2790 Suidas:
604 2734 745 2797 Ιιενιδοξια,
768 2734 866 2806 inquit,
882 2735 972 2789 inanis
1025 2740 1052 2788 et
1066 2733 1203 2804 eleganter
1216 2731 1350 2800 edisserit,
1372 2749 1420 2805 qui
1442 2749 1473 2789 us
1486 2733 1530 2787 illa
1544 2733 1579 2789 ab
1601 2733 1661 2789 aliis
1675 2741 1746 2790 vittis
1763 2733 1825 2791 dis·

173 2809 297 2875 quiedam
309 2807 342 2861 de
353 2822 381 2861 se
394 2808 492 2876 opinio.
508 2808 570 2862 Non
583 2806 658 2860 enim
669 2806 706 2861 ab
721 2805 858 2875 opinione,
871 2803 917 2859 sed
933 2804 968 2860 ab
1024 2804 1167 2875 tinguitur,
1188 2811 1216 2859 et
1230 2819 1285 2875 prae
1299 2804 1350 2859 illis
1359 2804 1526 2932 peculiarem
1547 2804 1630 2860 habet
1644 2802 1758 2862 malitlae
1771 2821 1824 2862 no·

173 2877 275 2932 affectu
286 2893 333 2932 seu
351 2877 472 2949 appetitu
491 2875 585 2947 gloriae
605 2875 756 2931 cenodoxia
770 2874 880 2931 dicitur.
892 2874 969 2929 Unde
1022 2882 1090 2940 tam,
1105 2889 1174 2941 quas
1184 2872 1228 2928 hic
1241 2890 1356 2946 compen
1376 2876 1402 2930 io
1414 2875 1540 2931 collectas
1552 2876 1645 2932 lectori
1659 2891 1821 2948 proponam,

174 2946 582 3016 etdefiuiturappetitusylorita
595 2944 969 3014 inordiiiatns.Uhiprimum
1022 2945 1124 3000 notatis
1138 2945 1203 3000 locis
1222 2945 1321 3016 quibus
1340 2946 1454 3018 singulae
1470 2946 1625 3003 indicantur
1644 2954 1672 3003 et
1684 2947 1824 3018 explican-

174 3016 292 3071 notanda
302 3016 377 3070 venit
388 3016 539 3071 differentia
552 3017 622 3069 inter
637 3015 695 3071 haec
704 3023 824 3087 quatuor
836 3015 907 3070 hona
922 3015 971 3071 ho-
1023 3024 1077 3071 tur.
1091 3015 1185 3071 Prima
1200 3024 1241 3071 est
1256 3017 1314 3089 ejus
1328 3016 1464 3073 subtilitas
1482 3027 1510 3072 et
1523 3017 1635 3083 fallacia,
1653 3020 1719 3089 quia
1732 3018 1825 3075 cirtu-

175 3086 282 3140 noraria
299 3087 370 3140 iuter
388 3101 418 3141 se
432 3087 554 3142 multum
575 3085 679 3152 affinia,
699 3094 726 3140 et
745 3087 890 3156 vulgatore
904 3103 969 3157 pro·
1023 3087 1095 3143 tibus
1116 3087 1256 3158 permixta,
1278 3087 1425 3144 difficulter
1444 3089 1527 3143 etiarn
1546 3104 1560 3144 a
1583 3089 1824 3160 perspicacissimis

175 3157 296 3211 miscua:
311 3157 413 3213 famam
428 3156 500 3222 dico,
516 3156 633 3222 laudem,
649 3157 783 3214 bonorem
800 3167 828 3213 ct
839 3157 967 3230 gloriam.
985 3160 1007 3223 C
1024 3160 1180 3230 agnoscitur
1195 3167 1221 3213 ιι
1231 3168 1349 3215 caretur.
1366 3164 1430 3232 cap.
1450 3164 1460 3213 l
1478 3168 1504 3215 et
1518 3167 1545 3216 ⁹.
1559 3160 1694 3242 Secunda,
1708 3161 1824 3218 varietas

176 3229 258 3283 Fama
273 3229 347 3284 enim
362 3236 403 3285 est
423 3229 577 3284 multorum
593 3229 769 3294 existimatio,
784 3237 811 3284 et
826 3243 921 3285 rumor
934 3227 969 3284 de
1024 3238 1051 3284 et
1072 3229 1249 3285 multiformis
1270 3231 1395 3294 tentatio,
1411 3238 1503 3301 utpote
1523 3235 1551 3285 in
1565 3246 1641 3286 omni
1654 3247 1753 3302 genere
1767 3232 1821 3288 iii·-

175 3298 288 3370 alieiijus
307 3300 360 3354 vita
382 3309 409 3355 et
431 3301 568 3357 moribus.
592 3304 700 3372 Estque.
716 3300 825 3371 duplex,
847 3300 927 3366 bona,
943 3307 971 3355 et
1024 3307 1126 3367 tutum,
1141 3301 1289 3367 actionum,
1303 3301 1468 3363 studiorum,
1484 3302 1689 3358 exercitiorum.
1703 3303 1771 3375 cap.
1793 3309 1820 3370 ι,

176 3370 247 3424 iiiala
259 3390 267 3436 ς
278 3373 325 3425 sed
338 3373 409 3426 mala
422 3371 504 3440 fama,
515 3387 570 3427 non
582 3371 666 3438 fania,
677 3372 724 3427 sed
737 3369 851 3427 infamia
863 3371 916 3427 dici
927 3385 971 3426 so·
1024 3377 1041 3426 t
1055 3381 1082 3427 et
1097 3377 1124 3427 5.
1140 3373 1240 3434 Tertia,
1253 3372 1458 3444 importunitas,
1478 3389 1529 3442 qua
1548 3374 1631 3428 etiam
1646 3371 1781 3446 fugientes
1794 3377 1821 3431 iii

177 3441 214 3494 let
230 3442 271 3510 (S.
289 3443 379 3496 Thon.
395 3447 456 3509 2-2,
472 3460 499 3512 q.
518 3447 579 3504 los,
591 3460 617 3497 a.
637 3447 647 3496 l
663 3444 701 3498 nd
713 3441 749 3509 a).
764 3445 861 3497 Houor
874 3451 915 3497 est
927 3449 969 3497 te·
1024 3442 1172 3498 solitudine
1196 3444 1375 3514 persequitur.
1396 3446 1462 3514 cap.
1479 3449 1496 3498 6
1510 3453 1537 3500 ιι
1553 3453 1580 3498 ιι.
1594 3447 1710 3517 Quarta,
1725 3461 1821 3516 proca·

175 3510 305 3565 stificatio
315 3512 442 3582 quaedam
454 3513 617 3568 excellentiae
627 3513 654 3567 in
667 3513 767 3583 aliquo,
777 3528 827 3568 seu
836 3512 970 3568 exhibitio
1025 3513 1103 3579 citas,
1123 3514 1184 3585 quia
1204 3515 1288 3569 etiam
1311 3515 1429 3570 victores
1452 3530 1517 3570 suos
1541 3517 1630 3571 acrius
1655 3518 1817 3574 insectatur.

176 3581 332 3637 reverentia
351 3583 380 3637 in
400 3582 587 3656 testimonium
602 3582 767 3638 excellentiae
789 3582 884 3655 ipsius,
899 3597 970 3654 pra·-
1024 3585 1089 3654 cap.
1111 3589 1138 3637 7.
1167 3585 1279 3652 Quinta,
1300 3584 1468 3653 longaeiitas,
1492 3601 1540 3643 seu
1562 3588 1738 3659 perpetuitas,
1756 3588 1820 3660 quia

175 3652 271 3708 sertim
284 3653 390 3737 virtuq's
404 3662 432 3710 et
442 3654 589 3724 sapientiae.
604 3656 677 3709 Laus
689 3668 781 3709 sermo
795 3653 971 3710 manifestans
1024 3670 1074 3710 nec
1087 3662 1168 3710 aetate
1186 3670 1236 3710 neo
1247 3656 1323 3712 senio
1337 3654 1504 3712 defervescit.
1521 3659 1586 3741 cap.
1603 3666 1628 3715 8.
1645 3660 1739 3727 Sexta,
1759 3659 1821 3715 irio-

176 3723 291 3794 alicujus
307 3724 370 3779 boni
391 3724 576 3780 excellentiam
590 3733 618 3780 et
633 3722 829 3795 perfectionem
844 3743 850 3778 ε
874 3724 970 3781 lauda·
1023 3723 1114 3790 lentia,
1130 3741 1182 3796 qua
1195 3725 1276 3781 etiam
1286 3724 1465 3794 fortissimos,
1478 3729 1663 3785 sanctissimos
1674 3728 1823 3786 virossub-

177 3809 239 3849 mus
254 3794 339 3862 onim,
354 3811 416 3850 curri
436 3795 550 3868 alicujus
570 3794 698 3851 virtutem
711 3804 759 3852 aut
773 3794 972 3867 perfectionem
1024 3795 1087 3852 inde
1096 3797 1251 3868 supplantat
1263 3808 1291 3854 et
1301 3798 1387 3854 elidit.
1401 3803 1466 3871 cap.
1484 3807 1515 3855 iti
1527 3809 1555 3855 et
1568 3807 1607 3856 tt.
1620 3802 1681 3856 fluo
1695 3809 1824 3871 spectant

176 3865 266 3920 verbis
279 3865 499 3922 manifestamus.
517 3868 619 3929 clema,
636 3867 672 3922 ait
688 3868 783 3922 Cicero
800 3868 868 3932 (Lib.
891 3882 915 3923 ir
937 3866 971 3923 de
1023 3865 1083 3923 liaec
1096 3868 1129 3921 D.
1144 3868 1235 3924 Basilii
1249 3867 1390 3926 denatura
1402 3879 1428 3925 ιι
1440 3872 1650 3941 proprietatibus
1661 3871 1823 3929 cenodoxia

176 3938 300 4003 lacerati,
315 3939 438 3992 estclurc
449 3954 508 3992 enm
523 3938 603 3993 laude
616 3940 724 4001 notitia,
739 3938 780 3993 vel
791 3935 920 4009 frequens
936 3938 971 3995 de
1024 3941 1153 4011 praeclara
1169 3941 1270 3996 monita
1286 3941 1313 3997 in
1325 3942 1519 3997 constitution.
1533 3944 1649 3998 Monost.
1666 3942 1743 4012 (cap.
1755 3944 1818 4011 ²1):

175 4008 266 4079 aliquo
281 4007 351 4063 lania
365 4024 428 4064 crint
441 4008 532 4064 laude.
553 4014 647 4081 ltaque
659 4009 850 4080 complectitur
861 4008 971 4081 opinio·
1023 4012 1169 4084 fugiamus
1183 4014 1290 4068 triaiiem
1302 4014 1424 4082 gloriam,
1440 4013 1543 4067 dulcem
1556 4013 1741 4084 spiritamiam
1757 4030 1822 4084 opo-

175 4095 239 4133 uem
253 4087 281 4133 et
294 4079 411 4144 laudem,
427 4088 455 4135 et
468 4090 665 4162 consequenter
678 4081 760 4137 etiani
772 4079 891 4147 famam;
906 4081 970 4152 quia
1023 4097 1084 4136 rum
1098 4084 1286 4152 spoliatricem,
1293 4084 1442 4152 iunindum
1451 4087 1603 4138 ariimnmm
1609 4089 1761 4139 machamim
1772 4085 1822 4139 ho·

177 4148 246 4203 bona
254 4148 363 4205 fainain
374 4151 591 4207 laudeconsistit.
602 4153 728 4208 Secundo
737 4148 889 4208 notandum
897 4151 971 4222 quod
1023 4158 1099 4214 stem,
1110 4156 1210 4207 tineam
1219 4157 1361 4216 virtutum,
1373 4155 1574 4209 blandissimam
1587 4156 1713 4210 bonorum
1721 4161 1823 4211 nostro

176 4220 326 4273 cenodoxia
345 4235 401 4274 non
421 4222 521 4278 dicitur
539 4223 676 4293 appetitus
695 4222 789 4296 gloriae
813 4222 972 4294 simpliciter
1023 4239 1084 4277 irim
1098 4224 1327 4293 dqrraedatricem,
1341 4226 1511 4296 eamdemque
1524 4225 1612 4281 mellis
1625 4228 1697 4281 illitu
1708 4227 1823 4293 fraudis

175 4292 251 4349 (nam
263 4297 388 4358 appetere
402 4290 514 4360 gloriam
527 4307 582 4345 non
594 4302 636 4347 est
648 4309 681 4349 cx
695 4308 725 4348 se
741 4294 855 4361 malum,
867 4293 916 4349 sed
930 4293 971 4349 in·
1023 4296 1166 4347 stitieneiti
1174 4295 1363 4363 coloratricem,
1372 4299 1682 4366 etmorliferihominttm
1688 4299 1822 4354 menhbtts

175 4357 316 4419 differens,
326 4358 398 4413 siout
413 4368 540 4428 appetere
560 4361 690 4431 divitias),
702 4363 748 4418 sed
761 4366 895 4434 appetitus
908 4363 970 4434 glo·
1021 4364 1113 4432 poculi
1123 4369 1319 4433 pomectricem.
1333 4368 1419 4435 Quod,
1439 4371 1541 4438 opiam,
1558 4369 1591 4423 de
1606 4370 1822 4436 maculositas

175 4426 223 4481 riae
244 4426 424 4494 inordinatus,
439 4428 493 4485 hoc
505 4437 557 4495 est,
578 4440 681 4487 areola
701 4433 805 4489 ratione
819 4434 933 4501 alienus,
953 4449 969 4491 a
1022 4436 1683 4508 cilioseilliciiidiasingurgitent,neciillaillius
1693 4441 1824 4511 captenn-

176 4497 288 4553 ratimiis
302 4497 397 4554 ordine
416 4507 444 4554 et
458 4500 614 4570 praescripto
627 4503 721 4558 devius
733 4511 761 4558 et
772 4503 968 4570 dissentaneus,
983 4533 1009 4596 D
1024 4509 1070 4560 tur
1085 4509 1220 4562 satietate.
1232 4510 1351 4580 ltemque
1364 4510 1477 4566 loannis
1495 4510 1550 4566 chr
1569 4511 1686 4566 sostomi
1704 4513 1739 4576 ad
1755 4527 1821 4583 pop.

174 4569 325 4641 seu,.quod
341 4570 368 4624 in
380 4569 452 4626 idem
471 4570 578 4634 recidit,
594 4572 731 4644 appetitus
745 4573 835 4629 inanis
852 4583 880 4629 et
895 4591 970 4633 ranae
1024 4577 1187 4633 Antiochen.
1205 4579 1289 4649 (Hom.
1305 4585 1366 4646 llll:
1378 4583 1412 4637 Ut
1422 4584 1487 4636 soeoi
1496 4527 1609 4652 quitiam
1622 4584 1696 4637 uenti
1706 4584 1737 4636 in
1747 4588 1824 4638 mcii·
1876 4647 1879 4653 .

174 4641 270 4712 gloriae
285 4641 410 4712 timisi.
423 4643 470 4697 lib.
484 4657 503 4698 v
517 4643 550 4698 de
567 4644 644 4698 civit.
658 4659 717 4715 cup.
735 4650 790 4709 tl).
804 4646 899 4701 Potest
918 4663 971 4704 au·
1023 4649 1138 4718 cirillum
1146 4665 1221 4705 mure
1228 4652 1400 4707 delutitolum
1408 4655 1442 4706 ab
1449 4656 1503 4707 imo
1509 4653 1654 4715 suberrant,
1665 4657 1823 4710 uletnretiu

174 4722 231 4768 tem
247 4713 332 4783 gloria
353 4712 407 4771 dici
422 4729 489 4770 rana
505 4713 601 4784 triplici
614 4716 729 4780 ratione,
741 4715 891 4772 secundum
906 4733 970 4775 san-
1023 4735 1082 4774 cum
1093 4721 1174 4776 undis
1182 4724 1341 4785 misceaturr
1351 4725 1823 4795 siceucaeoatmentisimpclamylo-

173 4794 248 4840 ctum
259 4785 397 4842 Thomam
409 4790 482 4850 (2-2,
504 4802 531 4856 q.
548 4789 593 4848 32,
613 4804 640 4842 a.
657 4791 692 4852 l).
708 4789 807 4855 Primo,
823 4787 921 4859 inquit,
934 4807 970 4846 ιι
1024 4793 1072 4846 ria
1085 4794 1182 4859 hiron:
1194 4809 1259 4847 nam
1277 4797 1404 4864 pecunias
1419 4796 1528 4866 quidem
1549 4800 1711 4850 contemnere
1721 4796 1825 4853 solstiti

171 4860 298 4924 partera·
308 4858 341 4911 de
354 4875 409 4926 qua
416 4860 475 4928 quis
488 4858 603 4926 gloriam
612 4861 719 4929 putarit,
729 4864 797 4929 putu
812 4862 838 4914 si
845 4863 905 4930 quis
914 4863 971 4931 ylo-
1023 4866 1089 4918 satis
1099 4868 1137 4919 est
1151 4864 1240 4930 facile,
1260 4865 1385 4920 honorem
1395 4873 1511 4921 autema
1525 4867 1618 4921 multis
1630 4867 1759 4921 collatum
1770 4867 1820 4923 do·

172 4929 501 4998 riomquoerildeeoqnod
509 4944 561 4983 non
572 4931 710 4993 habetest
717 4931 845 5000 maiorem
854 4932 969 5001 gloriam
1022 4934 1773 5008 spiceremiiltilcborisindicet,mnanoesnpieritioe.llon
1781 4942 1822 4994 cst

173 5013 254 5066 quam
269 5001 393 5059 meretur,
406 5000 448 5052 ιιι
461 5000 494 5052 ιιι
507 5015 536 5054 eo
547 5002 619 5069 qnod
631 5018 683 5056 nort
694 5006 733 5057 est
745 5003 832 5071 yloiin
844 5003 967 5072 dignum,
1022 5021 1093 5059 enim
1099 5008 1195 5059 uitium
1200 5007 1241 5060 ita
1250 5010 1420 5075 tyrannicum
1427 5014 1453 5063 et
1460 5009 1556 5079 ubique
1564 5010 1717 5071 dominans,
1724 5025 1821 5064 eamu-

170 5073 239 5136 puta
248 5069 316 5122 dere
327 5069 422 5137 aliqua
429 5070 528 5136 [capili
538 5073 578 5125 ιιι
590 5073 705 5140 cadncm
718 5074 829 5128 sectariis
844 5091 878 5130 ea
887 5081 969 5146 parte
1016 5075 1075 5145 jori
1081 5076 1199 5145 quidem,
1210 5079 1500 5149 siaeenminoripnrtc,
1513 5085 1633 5136 attamen
1642 5081 1753 5150 ubique.
1768 5080 1820 5137 llic

171 5140 257 5217 ejusa
277 5153 329 5208 qno
343 5140 405 5207 quis
425 5140 540 5207 plotium
554 5146 661 5210 quierit
678 5149 747 5213 puta
765 5145 877 5201 hominis
890 5147 966 5216 cujus
1021 5146 1124 5202 ridetur
1143 5147 1354 5221 chrysostomus
1377 5150 1475 5207 dixisse
1497 5167 1531 5206 ec
1551 5151 1652 5221 majori
1675 5157 1700 5206 ιι
1720 5153 1821 5207 mitiori

165 5209 300 5277 ymlin'nm
314 5212 534 5273 nonmtcertum,
544 5215 730 5281 prasertimsi
739 5215 814 5282 opud
824 5231 866 5270 eos
877 5218 967 5285 quide
1016 5224 1105 5288 porte,
1120 5234 1170 5291 pro
1187 5234 1220 5275 eo
1234 5221 1308 5291 quod
1326 5230 1420 5278 noster
1435 5222 1581 5279 cassianus
1600 5221 1671 5279 infra
1694 5221 1773 5287 dicit,
1788 5224 1818 5277 in

169 5280 246 5334 nebris
258 5295 312 5333 non
318 5283 652 5351 possuntrectejndicaees
666 5286 783 5340 tertiora
792 5290 870 5353 parte
881 5289 965 5356 ipsias
1015 5295 1097 5358 porte
1108 5291 1215 5344 camuli
1232 5296 1257 5347 ιι
1268 5294 1398 5362 spiritali.
1414 5294 1485 5348 Nam
1505 5309 1568 5365 pars
1580 5295 1698 5349 carnalis
1716 5294 1818 5359 minor,

170 5352 219 5420 qni
227 5350 341 5419 gloriam
350 5355 462 5422 appetit,
471 5354 803 5425 quividelicetuppetilum
810 5355 965 5425 gloriamur
1020 5375 1084 5429 pars
1095 5360 1225 5431 spiritalis
1237 5366 1327 5418 ma'or
1339 5364 1395 5420 sive
1403 5364 1528 5437 superior
1538 5364 1707 5438 intelligitur.

169 5438 222 5476 non
230 5424 315 5506 refert
325 5425 355 5477 iri
363 5424 482 5478 debitum
493 5426 582 5494 hiem,
595 5431 663 5496 puta
675 5426 712 5480 ad
724 5425 848 5506 honorem
856 5431 913 5491 liei,
922 5431 964 5486 ιιι
1052 5433 1064 5462 ⁰
1077 5432 1187 5487 Partem
1200 5448 1281 5488 carna
1292 5449 1336 5489 eni
1349 5435 1466 5507 exponit
1480 5436 1627 5507 Dionysius
1639 5444 1749 5508 partem
1761 5451 1820 5492 sen·

165 5495 420 5562 prosimisalntcm.
436 5497 473 5549 lta
486 5497 515 5551 S.
534 5497 665 5552 Thomas.
684 5498 778 5551 Tertio
791 5512 823 5552 ex
840 5497 880 5553 liis
895 5516 963 5556 con-
1016 5500 1211 5574 altinumque
1231 5504 1298 5561 alias
1316 5507 1548 5577 concupiscentia,
1565 5507 1740 5576 sensualitas,
1755 5521 1818 5564 caro

167 5566 292 5636 sequitur
304 5564 499 5633 cenodoxiam,
513 5582 560 5622 seu
573 5581 651 5622 ranas
666 5565 762 5638 gloriar
776 5569 961 5641 cupiditatem,
1016 5582 1206 5645 nuncupatur,
1229 5576 1301 5632 unde
1319 5585 1519 5648 consequenter
1537 5578 1688 5649 spiritalem
1708 5587 1817 5650 partein

164 5637 276 5718 proprie
291 5635 572 5720 acceptam,·dilferre
586 5645 646 5694 tum
660 5653 676 5693 a
691 5639 830 5720 superbis,
851 5648 913 5697 tum
926 5643 962 5700 ab
1013 5642 1061 5700 dat
1074 5643 1186 5719 intelligi
1201 5663 1232 5703 su
1252 5647 1378 5717 criorem,
1391 5664 1438 5704 seu
1451 5649 1615 5705 rationalem
1630 5650 1734 5706 animas
1753 5664 1817 5722 par·

153 5706 322 5784 ambitione,
338 5707 766 5792 qoamrrscisdemvaldeaflinis
780 5712 961 5783 etconjuncta
1014 5722 1080 5771 tem.
1105 5719 1208 5773 Verum
1232 5663 1290 5775 iaeo
1311 5719 1429 5790 procula
1455 5728 1548 5776 mente
1572 5721 1712 5788 Auctoris,
1733 5735 1818 5793 quant

34 5828 38 5833 ,
143 5774 281 5833 adeatur.
297 5783 322 5859 ιι
339 5778 474 5851 superbia
491 5780 583 5854 (ocyus
594 5797 685 5856 prima
703 5781 814 5840 soboles
833 5791 862 5841 et
875 5782 960 5843 illias
1013 5786 1130 5858 ipsemet
1149 5787 1187 5844 ita
1209 5787 1326 5846 dilucide
1347 5790 1473 5863 exposuit
1493 5789 1586 5847 collat.
1601 5798 1630 5861 s,
1648 5807 1709 5864 cap.
1725 5799 1771 5860 tt,
1786 5797 1818 5848 ut

122 5842 159 5896 l)-
175 5846 320 5920 Gregorio
339 5855 577 5932 cessatumque
598 5855 731 5934 superbia
745 5856 853 5935 appetit
869 5857 964 5919 excel-
1016 5856 1197 5919 bicalionon
1210 5859 1487 5934 sitopusiuterpcetc.
1503 5861 1549 5919 Sic
1562 5863 1639 5920 enim
1649 5862 1708 5923 ait:
1729 5862 1816 5924 certo-
