3848 6158
130 251 181 309 alti
452 253 496 308 DE
515 252 755 312 COEhosstotttitl
773 255 896 313 instit.
916 255 980 312 titt.
1001 258 1034 313 ll.
1054 287 1090 324 -ε
1108 260 1152 315 DE
1170 260 1304 318 scilliti]
1324 264 1470 321 thhlAE.

685 427 812 485 inlabi
831 430 945 486 GAZAEI
964 428 1242 489 COMMENTARIUS.

128 564 230 650 Groeco
240 574 300 649 est,
319 563 360 620 ἀπ’
379 565 495 649 lapelee,
522 582 537 622 a
560 582 614 650 quo
635 569 788 651 derivatum
804 570 930 654 'verbum
944 576 971 639 Α
984 574 1025 627 Ex
1040 572 1139 644 quibus
1153 582 1228 656 patet
1238 574 1327 644 primo
1339 575 1404 658 quid
1414 577 1450 634 sit
1460 577 1551 639 anta
1562 580 1658 640 stricte
1666 593 1786 659 accepta,

127 637 262 706 acediari,
278 639 373 706 idest,
397 639 479 695 taeilio
501 637 589 720 allici,
604 641 750 711 scriptura
774 650 857 698 etiarn
873 658 931 700 usi-
985 648 1016 699 ot
1041 644 1237 703 ascholasticis
1261 646 1317 703 acci
1339 655 1404 712 itur,
1428 650 1541 722 etquid
1565 655 1717 725 generalius
1743 673 1787 716 ac·

127 715 227 765 tatum.
254 707 361 765 Eccles.
386 724 418 765 vi
448 728 455 763 :
483 710 589 780 Sulpico
610 713 749 768 hammam
775 717 851 768 turim
888 728 932 770 aa·
985 722 1072 786 cepta,
1085 723 1114 771 ut
1128 716 1195 772 solet
1215 663 1373 775 aPatrissus
1392 720 1486 792 accipi,
1500 721 1546 792 qui
1561 725 1672 782 nornine
1686 728 1786 787 acediae

123 783 247 851 pientiae,
259 784 284 835 et
291 784 372 852 porta
385 782 477 848 illam;
490 785 515 836 el
524 798 557 836 ae
567 784 852 841 aceilierisinoincnlis
861 785 929 855 aas.
984 784 1137 859 intelligunt
1146 789 1258 847 taedium
1268 805 1299 845 ao
1312 799 1452 860 torporem
1462 793 1547 849 animi
1561 794 1648 921 inpiis
1658 799 1788 871 operibus

127 855 163 908 Et
177 868 237 922 cap.
252 866 331 908 iiiiii.
350 853 456 907 llhcedc
474 854 607 918 astulto,
621 859 647 909 et
660 871 713 910 non
727 856 891 912 acediaberis
901 859 931 912 in
985 857 1241 931 exercendis,qiiod
1278 861 1368 918 uidem
1380 863 1492 918 taedium
1511 881 1544 921 eii
1557 866 1590 922 de
1604 875 1665 923 ectu
1683 872 1785 928 amoris

124 924 246 979 stultitia
258 922 326 992 eliis,
340 920 386 976 ubi
400 923 497 980 Graece
509 923 642 981 babetur:
659 926 701 978 καὶ
714 925 743 979 oli
753 924 786 996 μὴ
798 925 932 1008 ᾷιηδιάσῃς
985 925 1069 985 divini
1090 939 1119 986 et
1130 931 1221 1003 gaudii
1247 877 1320 988 istius
1333 932 1480 1003 spiritualis
1503 937 1631 993 nascitur.
1652 938 1735 996 Unde
1747 944 1783 998 D.

125 991 153 1047 li
168 997 202 1065 τῇ
214 992 320 1065 ἀπονοίᾳ
329 991 415 1046 αὐτοῦ.
430 993 510 1066 Quod
523 1001 614 1051 aulem
625 993 660 1051 ad
681 1012 740 1053 rein
758 1004 864 1064 attinet,
877 1014 932 1055 no·
986 1000 1043 1057 Gre
1060 1000 1135 1056 orius
1150 1005 1218 1067 (hil
1232 1007 1298 1072 hep.
1310 1005 1358 1059 lib.
1376 1019 1387 1060 i
1402 1021 1424 1059 c.
1444 1006 1489 1075 lt)
1505 1021 1566 1061 eam
1579 1008 1614 1063 ita
1629 1008 1778 1069 describit:

125 1065 243 1122 taudmn
257 1065 346 1136 primo
360 1064 493 1134 acediam,
508 1066 579 1121 sicut
589 1067 714 1137 superius
727 1066 761 1122 de
776 1067 815 1123 ira
838 1077 866 1125 et
881 1068 929 1125 tri·
985 1072 1010 1126 d
1058 1073 1786 1151 ioealdclaudnbllioi'rtntnmexercitiautiinsqnelio·

125 1137 199 1193 stitia
216 1135 322 1193 dietum
335 1143 387 1203 est,
400 1135 639 1218 dupliciterusumi,
652 1137 741 1210 primo
752 1146 782 1194 ut
794 1139 829 1195 sit
838 1139 930 1212 passio
984 1144 1065 1196 minis
1079 1144 1211 1212 lonpniiln
1226 1145 1347 1225 dejectio.
1364 1146 1516 1217 Utriusque
1528 1147 1782 1219 hominiaacilicet,

113 1205 254 1280 quamdam
269 1207 297 1262 in
319 1214 440 1278 appetitu
460 1216 590 1290 sensitivo
608 1207 676 1265 adeo
690 1209 814 1265 animuin
837 1211 930 1284 opprl·
984 1211 1122 1269 interioris
1133 1222 1161 1268 et
1178 1216 1339 1281 exterioris,
1358 1215 1454 1284 idest,
1472 1216 1554 1272 animi
1572 1226 1599 1272 et
1608 1223 1739 1292 corporis.
1748 1227 1785 1283 Et

126 1293 208 1336 mens
224 1285 254 1334 ut
264 1277 363 1335 alterat
384 1286 526 1349 torporem
540 1288 623 1335 ctiam
644 1278 787 1347 membris,
802 1289 830 1338 et
841 1282 929 1355 negli-
984 1285 1019 1338 D.
1030 1284 1195 1341 bernardus:
1211 1287 1314 1343 Anaia
1323 1290 1558 1356 estiomormcntis
1568 1289 1635 1343 bona
1647 1307 1680 1345 ne
1699 1295 1784 1361 lipen-

126 1349 249 1424 gentiam
264 1364 321 1432 seo·
330 1347 470 1405 fastidium
487 1350 578 1422 operis
591 1368 598 1402 ε
611 1349 668 1406 sire
680 1365 711 1406 ea
725 1352 834 1407 tristitia
845 1353 883 1409 sit
895 1353 930 1410 de
984 1355 1020 1408 tis
1030 1357 1165 1418 inchoare,
1176 1362 1224 1412 ant
1235 1359 1360 1413 irmhoatc
1367 1362 1503 1439 perlicere.
1516 1310 1785 1433 SecundocoYligitur

126 1420 285 1486 malorem,
297 1428 517 1504 sireapparente.
536 1423 570 1476 lit
583 1419 636 1503 hoe
650 1422 733 1504 modo
743 1424 931 1506 llamascenus
983 1434 1124 1550 Reccalam
1139 1428 1239 1485 acodiae
1257 1439 1426 1485 contrariom
1443 1444 1502 1485 esse
1525 1428 1615 1485 virtuti
1627 1430 1778 1492 charitatis

127 1492 210 1561 (bib.
220 1506 247 1548 11
264 1492 370 1574 maia.
386 1507 444 1562 cap.
470 1497 517 1572 it.
524 1493 543 1573 l·
550 1506 667 1562 primam
679 1499 797 1576 tristitiae
808 1510 930 1566 speciem
1009 1512 1053 1552 am
1066 1497 1169 1554 directe
1179 1499 1325 1582 opponitur
1340 1500 1440 1571 gaudio
1451 1499 1583 1571 spirituali
1605 1501 1639 1557 de
1659 1502 1734 1561 bono
1747 1504 1783 1562 di·

127 1562 345 1635 ponitaoediam,
360 1576 478 1644 eamque
491 1561 557 1618 dicit
570 1577 630 1619 esse
644 1567 796 1628 tristitiam,
884 1572 930 1622 ta·
985 1567 1102 1634 iino,ut
1116 1570 1219 1626 anobis
1231 1569 1656 1643 possidetorquodammoiloper
1687 1575 1785 1634 retiam

127 1636 324 1717 citnmi‘totcm,
337 1634 563 1716 &scaenamque
572 1637 639 1690 noas
652 1636 757 1718 inducit
771 1634 870 1718 itinn,
885 1639 930 1720 in·
983 1645 1115 1719 etspern,
1129 1641 1204 1712 qnod
1216 1642 1344 1714 gaudium
1357 1650 1398 1697 est
1409 1650 1485 1698 actus
1496 1651 1523 1698 ct
1537 1641 1652 1701 allectus
1661 1590 1781 1703 cqiarita-

126 1713 199 1833 giitt,
210 1705 316 1775 lponm
335 1704 481 1774 lpnoiotaa.
500 1705 606 1774 Quibus
618 1705 706 1762 verbis
723 1707 876 1779 significare
891 1724 928 1764 vi·
983 1715 1028 1764 tis.
1043 1710 1125 1767 Unde
1141 1714 1289 1782 Apostolus
1302 1711 1336 1768 ad
1351 1714 1434 1768 Rom.
1450 1728 1507 1770 xiv
1522 1713 1720 1784 diotrephem
1734 1722 1785 1775 Dei

145 1784 208 1832 etur
220 1791 254 1833 ex
267 1775 360 1831 acedia
371 1775 449 1847 sequi
461 1776 683 1846 taciturnitatem,
695 1776 930 1852 deiectionemque
983 1794 1038 1835 esse
1050 1782 1183 1851 pendium
1202 1786 1231 1837 in
1243 1785 1347 1854 spiritu
1361 1788 1460 1839 sancto.
1480 1787 1512 1838 Et
1527 1782 1561 1840 ad
1576 1785 1686 1842 Galatas
1698 1803 1716 1843 v
1731 1804 1783 1845 nu-

126 1847 213 1917 rocis,
226 1846 300 1919 quod
314 1845 384 1929 adeo
402 1846 584 1904 absorbeatur
595 1848 704 1905 animus
718 1890 725 1917 ,
738 1856 766 1905 et
780 1862 930 1921 occupetur
984 1861 1073 1907 marat
1084 1851 1157 1909 istud
1185 1853 1296 1910 audiam
1309 1853 1381 1911 inter
1393 1854 1496 1911 fructus
1504 1854 1620 1925 Spiritus
1626 1858 1720 1921 sancti,
1737 1860 1782 1931 qui

126 1917 254 1991 languida
273 1916 439 1983 delectione,
456 1925 594 1999 atrocem
610 1917 775 1991 depromere
793 1930 926 1993 nequeat3
944 1962 969 2025 B
985 1923 1085 1978 scilieet
1105 1939 1138 1979 eii
1156 1869 1290 1981 cffiaritatc
1311 1924 1455 1995 prodeunt.
1473 1926 1565 1981 Tertio
1580 1928 1703 1998 sequitur
1717 1946 1783 2011 pee-

125 1988 175 2046 sed
188 1989 231 2045 sai
250 1989 338 2060 ipsius
363 1986 524 2046 contusione
539 1998 568 2046 et
584 1989 787 2048 obnubilatione
807 1993 926 2065 quadam
982 2001 1073 2050 cotum
1085 1993 1157 2051 istud
1172 2011 1204 2051 en
1223 2011 1322 2067 genere
1341 2011 1392 2053 suo
1408 2011 1467 2051 csse
1481 1995 1665 2065 morularum,
1677 2000 1728 2056 nisi
1739 2018 1783 2059 re·

125 2059 302 2132 impediatur,
313 2059 517 2132 detineaturque
531 2060 708 2130 constrictus,
723 2078 757 2119 ne
770 2078 927 2121 sermonem
980 2064 1051 2121 niale
1065 2064 1113 2120 llat
1124 2065 1161 2121 oli
1175 2066 1409 2149 imperfectionem
1428 2075 1504 2122 actus
1518 2082 1573 2122 non
1587 2068 1665 2138 piene
1679 2071 1782 2129 delibe-

126 2131 200 2188 edat.
213 2136 259 2186 At.
269 2134 305 2187 D.
317 2131 438 2187 Thomas
449 2131 575 2188 subtilius
587 2131 615 2188 id
627 2147 765 2205 exponens
778 2139 787 2201 l
798 2140 842 2202 tt,
852 2153 879 2206 q.
892 2141 925 2193 ³5
980 2135 1032 2192 rati
1046 2156 1052 2168 ·
1065 2152 1118 2209 qua
1130 2137 1164 2192 dc
1175 2153 1204 2193 rc
1217 2148 1254 2192 ita
1265 2152 1360 2192 rursus
1372 2139 1404 2192 D.
1420 2137 1539 2192 Thomas
1553 2140 1631 2202 (Art.
1646 2142 1677 2210 t)
1690 2159 1696 2194 :
1715 2144 1782 2197 Pec-

128 2209 185 2256 nrt.
199 2207 231 2265 8)
247 2221 254 2256 :
268 2202 339 2265 raa,
352 2203 446 2275 inquit,
458 2204 612 2273 specialiter
625 2205 718 2259 acedia
728 2207 830 2261 dicitnr
840 2223 926 2263 uocem
979 2212 1070 2262 catum
1082 2210 1194 2263 mortale
1209 2209 1320 2271 aanor,
1336 2204 1410 2278 qnod
1419 2207 1592 2277 spriritualem
1602 2212 1686 2265 ritem
1700 2213 1780 2276 tollit,

130 2276 284 2342 amputare,
295 2275 360 2342 qnia
368 2276 737 2331 ootcmtemmiiescoteitores
746 2283 832 2332 motato
839 2281 926 2348 mepta
998 2294 1040 2332 uie
1053 2284 1093 2333 est
1101 2295 1152 2349 per
1163 2280 1333 2344 charitatem,
1348 2278 1494 2333 secundnm
1507 2294 1591 2349 quom
1600 2281 1669 2335 licio
1681 2297 1728 2336 nos
1738 2285 1781 2337 in-

126 2345 925 2475 titilllthltllitttt‘lllllllllalilith
979 2350 1783 2491 ...hillillittllllhllthilllllilith

126 2486 156 2539 ia
162 2486 492 2556 primoPotittcanmlta
502 2489 529 2543 S.
540 2488 672 2544 Thomas.
682 2460 776 2562 ltaque
785 2490 837 2545 sub
847 2506 922 2559 voce,
979 2463 1316 2548 contrariotnr'choritati.
1333 2492 1494 2562 llojnsmocli
1509 2497 1600 2546 antem
1622 2499 1661 2548 eat
1676 2495 1779 2551 acedia.

126 2570 160 2612 ex
175 2557 363 2628 consequenti,
381 2558 568 2630 intelliguntur
580 2574 677 2616 omnes
691 2569 786 2617 motus
804 2561 925 2618 exterio·
978 2564 1048 2620 illam
1060 2565 1187 2633 proprius
1200 2564 1309 2633 effectus
1318 2565 1460 2617 atrocitatis
1476 2568 1515 2616 cst
1525 2565 1657 2631 pendium
1669 2565 1779 2634 echeo3

125 2641 180 2695 res,
194 2625 229 2683 ad
238 2642 307 2708 quos
319 2627 413 2685 itidem
428 2629 521 2686 acedia
530 2629 669 2687 hominem
681 2631 787 2758 pffirum
797 2632 925 2689 tardum-
979 2634 1169 2688 coadunantem
1178 2634 1603 2702 esttristitiodebonospiri’tnali,
1613 2637 1781 2704 inquantum

125 2712 179 2769 que
197 2698 296 2755 reddit.
312 2698 389 2755 Alias
411 2715 475 2756 vero
489 2700 649 2773 intelligitur
663 2717 694 2757 ae
729 2703 765 2767 ia,
778 2702 925 2759 utcsttri-
979 2704 1265 2758 estlionnmilioinnm.
1280 2703 1781 2774 Uridesccundnmsuomqenasocedio

122 2767 206 2835 stitia,
219 2768 373 2838 fastidium,
388 2785 436 2827 seo
449 2772 553 2847 aversio
567 2772 724 2841 uoluntatis,
738 2774 794 2830 sice
817 2774 924 2846 appeti-
979 2779 1163 2845 estpeccatnm
1174 2777 1300 2839 mortale3
1311 2775 1357 2830 seii
1369 2775 1592 2831 considerandam
1606 2779 1684 2831 estin
1699 2780 1781 2834 omm-

124 2846 170 2896 tus
182 2840 334 2908 rationalis,
347 2849 375 2897 et
388 2857 451 2924 quae
464 2841 521 2899 iere
532 2843 676 2915 conjuncta
686 2853 728 2900 est
739 2861 801 2901 cum
814 2845 923 2904 tristitia
979 2845 1028 2900 bus
1034 2848 1161 2915 peccatis,
1174 2846 1452 2917 qnasnntscmndum
1462 2861 1539 2900 snum
1548 2862 1632 2915 penna
1641 2849 1779 2917 mortalia,

122 2913 259 2983 appetitus
282 2912 414 2969 sensitivi.
432 2916 465 2969 Et
483 2912 536 2970 hoc
556 2915 640 2972 modo
653 2915 793 2986 accipitur,
808 2931 872 2972 com
888 2916 924 2974 de
978 2917 1051 2985 quod
1058 2932 1109 2971 non
1116 2922 1179 2972 sarit
1187 2919 1324 2978 mortalia,
1336 2917 1583 2986 iiisi’qnandosnam
1590 2920 1781 2987 perfectiorem

123 2983 243 3051 peccatis
256 2999 286 3039 ca
307 2983 523 3067 italibusagitur,
535 2987 635 3058 quibos
644 2985 702 3059 ipsa
715 2995 921 3044 annumeratur.
977 2993 1183 3058 mnseqnnntnr.
1208 2991 1257 3043 list
1268 2991 1338 3042 enirn
1351 2991 1542 3042 consiimmnti'o
1555 2990 1660 3056 peccati
1672 2990 1702 3043 in
1716 3005 1779 3044 oon-

123 3052 206 3109 Unde
230 3061 257 3109 et
293 3055 421 3112 'asianus
441 3072 469 3112 in
492 3055 544 3113 hoc
556 3057 644 3124 libro,
666 3066 693 3113 et
716 3060 746 3115 S.
761 3059 882 3115 Thomas
896 3060 923 3114 in
977 3072 1057 3113 saian
1079 3061 1202 3113 rationis.
1220 3059 1296 3114 Unde
1310 3060 1335 3114 si
1352 3060 1389 3112 sit
1403 3059 1535 3112 inchoatio
1547 3060 1651 3126 pcccati
1677 3061 1705 3113 in
1722 3059 1780 3115 sola

124 3124 239 3180 Summa
253 3129 298 3194 (²,
311 3143 339 3196 q.
355 3132 400 3196 at,
414 3144 441 3182 a.
457 3132 484 3194 t,
495 3133 521 3183 ct
536 3133 574 3196 5),
589 3130 773 3185 communiter
790 3138 876 3202 agunt
889 3128 924 3186 de
976 3131 1160 3192 seinnolitatc,
1173 3134 1200 3185 et
1213 3146 1265 3184 noa
1276 3131 1417 3199 pertingat
1428 3143 1512 3197 usquc
1526 3128 1564 3181 aii
1575 3143 1728 3184 consensum
1737 3146 1780 3187 ro·

123 3195 218 3251 acedia
230 3236 238 3263 ,
250 3205 332 3252 otest
345 3198 444 3269 partim
456 3199 484 3253 in
495 3199 645 3265 voluntate,
657 3200 754 3269 partim
765 3200 793 3255 in
802 3200 923 3272 appetitu
976 3202 1058 3254 tiociis
1068 3205 1180 3270 propter·
1191 3202 1419 3270 imperfectionem
1436 3204 1522 3261 actas,
1536 3203 1575 3253 est
1581 3205 1721 3268 peccatum
1734 3217 1779 3257 ec-

125 3266 268 3322 sensitivo.
282 3269 405 3325 Secundo
414 3269 570 3325 notandum
583 3269 705 3325 acediam
718 3270 746 3326 iii
760 3270 812 3326 hoc
821 3286 922 3339 sensu,
976 3272 1059 3325 niolc.
1075 3273 1150 3327 Sicut
1173 3274 1201 3326 iii
1223 3287 1315 3339 periere
1329 3271 1461 3325 adulteiii
1480 3271 1703 3339 coinupnscentio,
1718 3288 1780 3341 qua

125 3344 156 3393 et
172 3345 257 3419 prout
278 3338 361 3395 habet
379 3341 513 3398 rationem
538 3340 652 3410 peccati,
667 3339 759 3397 adhuc
780 3341 924 3413 dupliciter
942 3346 965 3410 c
979 3343 1100 3396 consinii
1114 3344 1143 3396 in
1154 3343 1212 3396 solu
1225 3343 1409 3403 annualitate,
1425 3345 1609 3410 cstpeccotnm
1623 3343 1726 3397 reniale
1737 3346 1784 3402 :si

123 3409 213 3480 accipi
226 3426 233 3462 :
252 3412 280 3464 t⁰
294 3411 479 3466 communiter
491 3418 519 3467 et
533 3412 701 3484 generatim,
714 3420 744 3468 ut
756 3419 797 3468 est
814 3411 923 3469 tristitia
979 3415 1071 3466 auton
1077 3415 1328 3482 pemanitnrnsque
1337 3412 1374 3467 od
1383 3413 1665 3474 commorationis,
1676 3418 1715 3468 est
1721 3428 1779 3483 pec·

122 3477 161 3536 de
172 3479 300 3551 spirituali
314 3482 401 3548 hono,
423 3488 555 3554 quatenus
568 3483 646 3540 nobis
665 3483 813 3540 molestum
833 3492 875 3540 est
894 3500 926 3541 ac
979 3487 1069 3537 cotum
1084 3484 1204 3539 mortale.
1220 3486 1262 3541 lta
1277 3485 1359 3538 ctiam
1372 3487 1398 3538 et
1409 3487 1496 3537 motos
1509 3482 1608 3537 acedia
1619 3485 1647 3538 ia
1655 3484 1712 3537 sola
1724 3499 1780 3540 sen·

121 3548 303 3622 laboriosum,
314 3561 342 3609 et
356 3552 409 3609 hoe
421 3554 507 3610 modo
516 3569 572 3610 non
584 3563 626 3611 est
641 3554 758 3627 speciale
774 3555 869 3611 vitium
878 3564 926 3613 aut
978 3554 1107 3610 melilota
1117 3556 1279 3625 quandoque
1289 3559 1328 3609 est
1345 3558 1454 3626 propter
1466 3556 1674 3623 repnpnantiam
1689 3558 1779 3611 cornis

123 3631 276 3692 peccatum,
295 3625 342 3680 sed
355 3623 475 3681 conditio
487 3625 615 3699 quaedam
629 3634 656 3682 et
669 3626 784 3698 pravitas
795 3627 926 3685 omnibus
978 3626 1017 3681 eil
1032 3629 1168 3696 mmmm,
1181 3632 1207 3682 et
1215 3631 1279 3681 tanc
1288 3629 1326 3681 est
1337 3629 1476 3697 peccatum
1488 3626 1601 3679 oeninlc.
1613 3626 1779 3696 Quoiimqne

122 3692 285 3750 sitiisinsita
302 3704 329 3751 et
341 3697 515 3764 communis}
523 3702 554 3752 ²⁰
567 3698 702 3780 accipitur
714 3697 805 3755 acedia
815 3699 925 3770 proprie
977 3700 1175 3768 ocropertinpit
1184 3714 1268 3767 usqne
1277 3697 1314 3752 ad
1326 3700 1468 3758 rotmnem,
1479 3712 1539 3765 qua
1548 3699 1678 3751 coiiseiitit
1690 3699 1720 3751 iii
1731 3699 1779 3765 (a-

124 3764 357 3834 crastinantem
370 3769 480 3824 tristitia
500 3769 647 3825 rotuntaus
656 3768 691 3826 de
704 3769 778 3826 bono
792 3769 924 3841 spirituali
977 3784 1050 3837 pam,
1061 3773 1087 3823 et
1098 3769 1243 3836 torrorem,
1259 3774 1285 3824 er
1300 3768 1572 3824 detestationemham
1586 3768 1777 3829 dimitientem

124 3831 215 3891 duno
234 3836 269 3893 ad
294 3837 452 3895 charitatem
477 3839 645 3922 pertinente3
669 3847 697 3896 ct
713 3839 752 3896 sio
773 3849 816 3896 est
830 3841 924 3898 vitium
977 3845 1071 3895 contra
1083 3843 1212 3910 spiritam
1225 3841 1332 3895 ominno
1344 3839 1523 3910 praeclaram
1539 3842 1564 3891 et
1584 3843 1647 3892 tnnc
1658 3840 1778 3905 mortife-

122 3907 283 3977 particulare
296 3909 330 3963 ab
344 3908 402 3963 aliis
422 3909 593 3976 distinctum,
605 3910 769 3980 poniturque
782 3910 924 3993 interper-
977 3915 1104 3975 stnmcst,
1113 3913 1185 3980 quod
1196 3911 1290 3966 acedia
1296 3914 1334 3966 est
1346 3913 1485 3982 peccatam
1493 3909 1615 3988 mortale.
1626 3908 1778 3977 Hucusque

124 3984 187 4033 eata
202 3980 327 4050 capitalia
342 3988 401 4034 tum
415 3995 430 4034 a
444 3978 575 4033 Cassiano
596 3986 658 4058 tuin
670 3993 686 4031 a
700 3981 737 4033 D.
753 3980 887 4104 Qffmo
897 3991 925 4039 et
978 3981 1007 4036 S.
1019 3980 1149 4038 Thomas.
1164 3983 1233 4038 Cum
1246 3996 1311 4053 ergo
1329 3980 1428 4037 dicitur
1447 3977 1539 4035 acedia
1557 3992 1616 4058 esse
1634 3985 1778 4060 peccatum

122 4047 194 4104 aliis.
211 4051 264 4107 Sed
276 4049 310 4105 ad
333 4050 466 4119 maJorem
486 4047 697 4104 declarationem
712 4046 810 4103 audien
830 4064 862 4106 us
880 4049 925 4108 liic
977 4052 1092 4106 mortale
1105 4068 1138 4108 eir
1153 4068 1203 4109 suo
1218 4067 1326 4122 genere,
1340 4050 1422 4107 intelli
1443 4049 1497 4105 'tur
1519 4057 1606 4120 posita
1627 4047 1778 4106 haccondi·

122 4118 204 4175 latius
213 4125 249 4176 D.
267 4121 388 4175 Thoinas
401 4118 536 4175 subtiliter
547 4125 575 4175 et
586 4127 712 4176 accurate
726 4118 868 4191 utriusque
879 4137 924 4179 ra·
977 4120 1063 4186 tione,
1073 4121 1097 4176 si
1113 4123 1149 4179 sit
1160 4121 1279 4203 perlecta
1289 4120 1393 4187 acedia,
1407 4120 1416 4174 i
1450 4126 1501 4182 est,
1515 4127 1545 4174 ut
1554 4116 1778 4199 quisndeliberate

120 4190 228 4246 tionem
241 4199 268 4246 et
281 4191 465 4245 diversitatem
484 4189 622 4261 explicans
641 4190 685 4247 his
698 4187 788 4246 verbis
803 4191 878 4261 (Art.
894 4199 922 4261 2,
977 4198 1006 4245 et
1026 4190 1106 4273 pleno
1116 4192 1228 4249 rationis
1237 4191 1340 4264 judicio
1354 4189 1494 4247 honestat
1503 4198 1531 4245 et
1541 4187 1662 4245 fastidiat
1673 4189 1777 4247 bonum

119 4267 228 4344 snpra.)
243 4279 249 4311 ι
265 4262 432 4344 Crimaccclta
443 4264 479 4317 sit
490 4262 647 4318 instituatis
659 4263 801 4334 spirituali
811 4263 886 4327 bono,
899 4265 926 4320 si
976 4259 1122 4345 divinum,
1146 4269 1179 4345 et·
1193 4277 1251 4318 non
1269 4269 1376 4344 tantuin
1391 4277 1424 4317 cii
1446 4268 1521 4332 parte
1542 4260 1731 4343 sensualitatis·
1750 4270 1777 4318 et

118 4334 925 4476 illiti?lltttltlltlllhlhllllhthhlhf
976 4330 1777 4487 ltililitttthltlttlttilht,lilt‘ititt

120 4476 920 4550 ornaevitiiimresiipitspr'ritnalebmnmvirtutisopposita.
975 4473 1071 4544 lectis,
1084 4492 1176 4550 quaes
1193 4476 1231 4533 illi
1255 4475 1426 4533 anachoretae
1440 4484 1467 4532 ct
1486 4483 1607 4532 eremita
1621 4473 1655 4531 de
1678 4475 1776 4546 quihus

120 4545 563 4618 &mititcretiamnoapotcstdici
576 4549 648 4618 qnod
656 4551 922 4619 sitspeciolcoitium
975 4544 1774 4631 hicagitur,aliquosimperlectosmotusaoediaealiquando

110 4617 226 4679 -accdai,
235 4620 264 4671 in
276 4623 407 4687 quantam
415 4623 518 4688 rescipit
527 4621 670 4690 spirituale
679 4621 786 4684 bonnm
793 4624 922 4690 prontest
975 4617 1109 4690 suboriri,
1129 4636 1175 4693 qui
1194 4628 1287 4676 tamen
1305 4634 1363 4676 non
1381 4620 1539 4691 pertingunt
1556 4618 1691 4690 usquead
1706 4632 1774 4672 con·

120 4687 292 4752 laboriosnm,
301 4690 342 4744 cel
350 4691 488 4745 molestum
496 4692 609 4760 corpori,
618 4691 660 4745 uel
669 4691 851 4747 delectationis
862 4692 920 4762 qus
936 4704 1086 4786 Dscnsum
1098 4691 1230 4758 rationis,
1250 4707 1282 4747 ac
1296 4692 1409 4762 proinde
1428 4705 1482 4745 non
1495 4696 1559 4769 sunt
1577 4695 1686 4766 peccata
1701 4701 1775 4742 mor·

120 4760 319 4827 impeditioom,
336 4764 401 4830 qnia
412 4763 460 4817 hoo
471 4763 553 4817 ctiam
564 4777 616 4816 non
627 4766 765 4832 amorerat
775 4763 894 4818 acediam
903 4780 922 4819 a
976 4762 1049 4831 talia,
1063 4761 1112 4819 sed
1123 4764 1235 4818 venialia
1247 4761 1399 4818 dumtaxat.
1422 4759 1520 4815 Subdit
1531 4771 1613 4826 porro
1633 4764 1715 4810 etiam
1734 4755 1774 4811 al-

120 4831 201 4883 aitis's
215 4832 378 4895 caniclinus,
393 4833 539 4902 qnibnsali
557 4834 600 4888 ais
611 4834 727 4902 quietem
736 4836 762 4887 et
775 4833 921 4890 delectatio
975 4839 1062 4890 terain
1072 4833 1258 4912 conditionem
1267 4833 1354 4894 (ibid.
1368 4828 1531 4910 incoeperiti-
1541 4826 1773 4909 adohquaesup·

118 4916 183 4955 aen
197 4904 311 4972 corporis
334 4906 443 4972 quatit.
465 4906 501 4959 Et
518 4849 578 4958 iffae
596 4903 740 4959 dicendum
753 4907 791 4958 cst
805 4905 877 4972 qnod
892 4907 922 4960 in
975 4906 1088 4975 ponitur
1108 4912 1138 4960 at
1154 4902 1245 4958 acedia
1264 4902 1301 4957 sit
1312 4899 1453 4967 mortalis,
1466 4911 1574 4968 nempe,
1590 4893 1726 4978 utacedia
1739 4906 1775 4955 sit

118 4973 310 5042 spiritualitas
319 4974 393 5030 lionis
404 4979 443 5029 cst
456 4975 570 5044 qnidam
579 4974 653 5030 ordo.
665 4976 832 5032 Nomomnm
841 4977 925 5045 spiri*
975 4973 1010 5029 de
1024 4974 1098 5030 bono
1109 4973 1211 5041 divino,
1232 4971 1277 5026 cui
1290 4987 1322 5027 eii
1336 4976 1471 5042 praecepto
1495 4975 1601 5050 tenetiir
1623 4966 1773 5036 inhaerere,

119 5044 208 5099 naalia
220 5045 473 5115 bona,qiiiesantin
482 5046 921 5114 octibnssiapnlam'nmoirtnhtm,
975 5042 1030 5099 hoc
1043 5052 1102 5112 est,
1113 5044 1135 5099 si
1148 5041 1305 5116 hujusmodi
1320 5040 1435 5099 taedium
1446 5055 1494 5096 seu
1512 5038 1654 5097 fastidium
1669 5038 1774 5124 acedia

118 5115 326 5171 ordiriantarnd
335 5133 418 5171 annm
427 5117 573 5187 spirituale
581 5118 687 5185 bonum,
696 5117 767 5188 quod
777 5121 816 5172 est
825 5117 922 5173 mum
975 5114 1011 5172 sit
1024 5114 1059 5171 dc
1072 5117 1154 5172 rebus
1167 5113 1310 5196 praeceptis
1323 5121 1351 5170 ct
1361 5110 1531 5195 adsalutem
1541 5126 1714 5193 necessariis,
1728 5111 1773 5169 id-

118 5185 254 5258 diotnnm,
263 5190 332 5243 circa
346 5188 701 5258 qnodcstepeciolism'rtus,
714 5189 921 5258 qaaestchart·
974 5202 1027 5259 que
1040 5184 1093 5243 sub
1110 5193 1187 5243 reatu
1202 5185 1309 5241 mortali
1323 5204 1330 5242 :
1344 5194 1375 5241 ut
1387 5200 1411 5241 si
1423 5184 1537 5241 clericus
1547 5199 1580 5241 en
1592 5185 1676 5240 taedio
1693 5182 1773 5248 hora·

118 5260 173 5311 toa.
193 5259 268 5314 Unde
281 5261 319 5314 od
331 5261 478 5330 quamlibet
490 5261 619 5315 virtutem
628 5262 746 5331 pertinet
758 5259 876 5329 paudere
887 5260 921 5316 ale
973 5258 1249 5329 rum,canonicarum
1258 5257 1400 5314 lectionem
1410 5253 1773 5323 omittat,mouachustaedio

114 5330 920 5475 a...
971 5395 1517 5472 i..

24 5463 36 5485 '
118 5471 272 5540 spirituale,
283 5490 335 5544 quo
343 5477 405 5545 quis
414 5419 562 5545 prumiae
566 5475 738 5531 bonodioino.
750 5418 920 5531 ht⁰rimtliter
972 5488 1053 5544 opicra
1067 5419 1229 5530 iirecellend
1241 5441 1573 5554 qnenonteaetnrjtai
1592 5471 1641 5554 snb
1658 5470 1771 5532 veniali,

118 5538 300 5623 illatristiti'a,
310 5549 431 5616 qunquis
441 5546 919 5617 tristatordebonospiittunli,quod
972 5549 1079 5600 tanturn
1096 5545 1221 5602 obediens
1235 5545 1383 5626 oblipctur,
1395 5558 1448 5598 non
1462 5547 1513 5625 erat
1526 5542 1619 5622 acedia
1626 5540 1772 5611 plusquam

118 5614 161 5695 est
173 5627 201 5666 aa
214 5618 315 5672 actibus
328 5618 659 5688 siripnlnrummrliitnm,
678 5634 732 5674 non
743 5620 863 5690 pertinet
881 5617 919 5673 all
971 5618 1095 5672 venialis.
1119 5618 1223 5687 Quarto
1251 5615 1384 5689 oolbgitur
1410 5614 1509 5696 acediae
1534 5627 1648 5695 nomine
1677 5609 1772 5735 duplos

117 5680 332 5753 oliqitodoitium
341 5691 517 5760 speciale,sed
523 5691 659 5746 adomnia
666 5689 919 5758 aitio3seiltristori'
971 5687 1112 5759 quoddam
1121 5689 1226 5745 maloin
1240 5702 1288 5745 scu
1299 5695 1439 5760 peccatum
1456 5683 1580 5766 intelligi,
1594 5697 1649 5764 siye
1659 5679 1714 5738 duo
1734 5693 1773 5735 int

115 5754 440 5831 aemulationeque
451 5761 919 5833 ctantarpauitetpernnetaitspe
971 5758 1063 5817 modis
1077 5774 1126 5832 per
1138 5759 1261 5817 acediam
1274 5758 1390 5832 peccari.
1404 5759 1452 5813 Est
1465 5752 1644 5835 enimuacedia
1661 5751 1702 5805 vel
1711 5757 1772 5804 tor-

114 5828 183 5884 alite
194 5831 303 5895 ailiam,
317 5832 390 5901 qnod
408 5832 504 5890 acedia
518 5837 638 5893 amatr.
660 5834 728 5891 ttae
739 5834 769 5891 S.
783 5830 916 5890 Thomas.
970 5846 1023 5905 por
1034 5830 1181 5905 etpigritia
1192 5830 1221 5888 iii
1233 5827 1416 5905 aggrediendo
1429 5834 1458 5883 et
1469 5822 1637 5897 auspicando
1654 5820 1769 5882 bonum.

223 5920 354 5978 Parnoi..
374 5920 480 5978 xllx.
1597 5912 1631 5963 ¹²
