<?xml version="1.0" encoding="UTF-8"?>
<!DOCTYPE html PUBLIC "-//W3C//DTD XHTML 1.0 Transitional//EN"
    "http://www.w3.org/TR/xhtml1/DTD/xhtml1-transitional.dtd">
<html xmlns="http://www.w3.org/1999/xhtml" xml:lang="en" lang="en">
 <head>
  <title>
</title>
<meta http-equiv="Content-Type" content="text/html;charset=utf-8" />
  <meta name='ocr-system' content='tesseract 3.04.00' />
  <meta name='ocr-capabilities' content='ocr_page ocr_carea ocr_par ocr_line ocrx_word'/>
</head>
<body>
  <div class='ocr_page' id='page_1' title='image "./patrologiaecurs29unkngoog_0459.png"; bbox 0 0 3848 6158; ppageno 0'>
   <div class='ocr_carea' id='block_1_1' title="bbox 130 240 1790 327">
    <p class='ocr_par' dir='ltr' id='par_1_1' title="bbox 130 240 1790 327">
     <span class='ocr_line' id='line_1_1' title="bbox 130 240 1790 327; baseline -0.015 -5"><span class='ocrx_word' id='word_1_1' title='bbox 130 264 182 322; x_wconf 84' lang='lat' dir='ltr'><strong><em>toa</em></strong></span> <span class='ocrx_word' id='word_1_2' title='bbox 662 252 811 327; x_wconf 68' lang='lat' dir='ltr'><strong><em>{rosbais</em></strong></span> <span class='ocrx_word' id='word_1_3' title='bbox 827 254 981 313; x_wconf 73' lang='lat' dir='ltr'><strong><em>cassiam</em></strong></span> <span class='ocrx_word' id='word_1_4' title='bbox 998 248 1247 313; x_wconf 66' lang='lat' dir='ltr'><strong><em>contineres.</em></strong></span> <span class='ocrx_word' id='word_1_5' title='bbox 1736 240 1790 297; x_wconf 77' lang='lat' dir='ltr'><strong><em>bol</em></strong></span> 
     </span>
    </p>
   </div>
   <div class='ocr_carea' id='block_1_2' title="bbox 125 361 1792 743">
    <p class='ocr_par' dir='ltr' id='par_1_2' title="bbox 125 361 1792 551">
     <span class='ocr_line' id='line_1_2' title="bbox 130 361 1792 455; baseline -0.016 -8"><span class='ocrx_word' id='word_1_6' title='bbox 130 392 182 447; x_wconf 91' lang='lat' dir='ltr'><strong><em>dat</em></strong></span> <span class='ocrx_word' id='word_1_7' title='bbox 190 402 279 446; x_wconf 85' lang='lat' dir='ltr'><strong><em>icmca</em></strong></span> <span class='ocrx_word' id='word_1_8' title='bbox 289 386 445 449; x_wconf 82' lang='lat' dir='ltr'><strong><em>smainaati&#39;,</em></strong></span> <span class='ocrx_word' id='word_1_9' title='bbox 455 388 586 455; x_wconf 83' lang='lat' dir='ltr'><strong><em>atpancm</em></strong></span> <span class='ocrx_word' id='word_1_10' title='bbox 595 382 856 439; x_wconf 74' lang='lat' dir='ltr'><strong><em>admanducandum</em></strong></span> <span class='ocrx_word' id='word_1_11' title='bbox 863 398 933 453; x_wconf 80' lang='lat' dir='ltr'><strong><em>pra-</em></strong></span> <span class='ocrx_word' id='word_1_12' title='bbox 945 386 974 451; x_wconf 76' lang='grc' dir='ltr'>Α</span> <span class='ocrx_word' id='word_1_13' title='bbox 985 396 1125 440; x_wconf 88' lang='lat' dir='ltr'><strong><em>summam</em></strong></span> <span class='ocrx_word' id='word_1_14' title='bbox 1137 374 1307 437; x_wconf 82' lang='lat' dir='ltr'><strong><em>mstimoaim</em></strong></span> <span class='ocrx_word' id='word_1_15' title='bbox 1327 370 1488 445; x_wconf 85' lang='lat' dir='ltr'><strong><em>paritatem,</em></strong></span> <span class='ocrx_word' id='word_1_16' title='bbox 1502 363 1609 441; x_wconf 89' lang='lat' dir='ltr'><strong><em>proprii</em></strong></span> <span class='ocrx_word' id='word_1_17' title='bbox 1624 361 1730 423; x_wconf 81' lang='lat' dir='ltr'><strong><em>laboris</em></strong></span> <span class='ocrx_word' id='word_1_18' title='bbox 1744 365 1792 423; x_wconf 91' lang='lat' dir='ltr'><strong><em>in-</em></strong></span> 
     </span>
     <span class='ocr_line' id='line_1_3' title="bbox 125 468 1413 551; baseline -0.016 -10"><span class='ocrx_word' id='word_1_19' title='bbox 125 484 221 551; x_wconf 88' lang='lat' dir='ltr'><strong><em>stabit,</em></strong></span> <span class='ocrx_word' id='word_1_20' title='bbox 233 488 260 540; x_wconf 89' lang='lat' dir='ltr'><strong><em>ct</em></strong></span> <span class='ocrx_word' id='word_1_21' title='bbox 270 480 463 551; x_wconf 78' lang='lat' dir='ltr'><strong><em>multiplicabit</em></strong></span> <span class='ocrx_word' id='word_1_22' title='bbox 473 493 563 534; x_wconf 86' lang='lat' dir='ltr'><strong><em>semen</em></strong></span> <span class='ocrx_word' id='word_1_23' title='bbox 575 480 706 545; x_wconf 82' lang='lat' dir='ltr'><strong><em>cestium,</em></strong></span> <span class='ocrx_word' id='word_1_24' title='bbox 719 482 746 533; x_wconf 90' lang='lat' dir='ltr'><strong><em>ct</em></strong></span> <span class='ocrx_word' id='word_1_25' title='bbox 755 492 871 533; x_wconf 87' lang='lat' dir='ltr'><strong><em>cresccre</em></strong></span> <span class='ocrx_word' id='word_1_26' title='bbox 884 479 927 544; x_wconf 77' lang='lat' dir='ltr'><strong><em>su·</em></strong></span> <span class='ocrx_word' id='word_1_27' title='bbox 983 476 1088 535; x_wconf 77' lang='lat' dir='ltr'><strong><em>duania</em></strong></span> <span class='ocrx_word' id='word_1_28' title='bbox 1102 472 1255 549; x_wconf 73' lang='lat' dir='ltr'><strong><em>possedisse</em></strong></span> <span class='ocrx_word' id='word_1_29' title='bbox 1265 468 1413 527; x_wconf 76' lang='lat' dir='ltr'><strong><em>dieantur?</em></strong></span> 
     </span>
    </p>

    <p class='ocr_par' dir='ltr' id='par_1_3' title="bbox 127 571 1474 661">
     <span class='ocr_line' id='line_1_4' title="bbox 127 571 1474 661; baseline -0.009 -27"><span class='ocrx_word' id='word_1_30' title='bbox 127 581 179 634; x_wconf 84' lang='lat' dir='ltr'><strong><em>ciet</em></strong></span> <span class='ocrx_word' id='word_1_31' title='bbox 190 576 419 647; x_wconf 72' lang='lat' dir='ltr'><strong><em>tructuijustitia</em></strong></span> <span class='ocrx_word' id='word_1_32' title='bbox 431 572 640 644; x_wconf 77' lang='lat' dir='ltr'><strong><em>cairaeplccr.</em></strong></span> <span class='ocrx_word' id='word_1_33' title='bbox 655 571 709 641; x_wconf 78' lang='lat' dir='ltr'><strong><em>ixl·</em></strong></span> <span class='ocrx_word' id='word_1_34' title='bbox 720 572 855 629; x_wconf 83' lang='lat' dir='ltr'><strong><em>Nostrum</em></strong></span> <span class='ocrx_word' id='word_1_35' title='bbox 866 586 931 628; x_wconf 83' lang='lat' dir='ltr'><strong><em>vero</em></strong></span> <span class='ocrx_word' id='word_1_36' title='bbox 1301 600 1421 661; x_wconf 64' lang='lat' dir='ltr'>CAPUT</span> <span class='ocrx_word' id='word_1_37' title='bbox 1438 598 1474 655; x_wconf 46' lang='lat' dir='ltr'><strong><em>v·</em></strong></span> 
     </span>
    </p>

    <p class='ocr_par' dir='ltr' id='par_1_4' title="bbox 127 664 931 743">
     <span class='ocr_line' id='line_1_5' title="bbox 127 664 931 743; baseline -0.011 -15"><span class='ocrx_word' id='word_1_38' title='bbox 127 680 180 740; x_wconf 87' lang='lat' dir='ltr'><strong><em>est,</em></strong></span> <span class='ocrx_word' id='word_1_39' title='bbox 194 679 226 728; x_wconf 92' lang='lat' dir='ltr'><strong><em>ut</em></strong></span> <span class='ocrx_word' id='word_1_40' title='bbox 235 667 358 743; x_wconf 85' lang='lat' dir='ltr'><strong><em>qnotidie</em></strong></span> <span class='ocrx_word' id='word_1_41' title='bbox 369 665 555 725; x_wconf 72' lang='lat' dir='ltr'><strong><em>attrahentem</em></strong></span> <span class='ocrx_word' id='word_1_42' title='bbox 571 680 624 723; x_wconf 87' lang='lat' dir='ltr'><strong><em>nos</em></strong></span> <span class='ocrx_word' id='word_1_43' title='bbox 635 664 753 739; x_wconf 86' lang='lat' dir='ltr'><strong><em>gratiam</em></strong></span> <span class='ocrx_word' id='word_1_44' title='bbox 768 664 820 721; x_wconf 87' lang='lat' dir='ltr'><strong><em>Dei</em></strong></span> <span class='ocrx_word' id='word_1_45' title='bbox 838 664 931 721; x_wconf 90' lang='lat' dir='ltr'><strong><em>bami-</em></strong></span> 
     </span>
    </p>
   </div>
   <div class='ocr_carea' id='block_1_3' title="bbox 128 757 1793 1486">
    <p class='ocr_par' dir='ltr' id='par_1_5' title="bbox 128 757 1793 1392">
     <span class='ocr_line' id='line_1_6' title="bbox 128 757 933 834; baseline -0.01 -13"><span class='ocrx_word' id='word_1_46' title='bbox 128 764 190 821; x_wconf 90' lang='lat' dir='ltr'><strong><em>liter</em></strong></span> <span class='ocrx_word' id='word_1_47' title='bbox 210 763 419 834; x_wconf 79' lang='lat' dir='ltr'><strong><em>subsequamur,</em></strong></span> <span class='ocrx_word' id='word_1_48' title='bbox 439 760 482 819; x_wconf 84' lang='lat' dir='ltr'><strong><em>rol</em></strong></span> <span class='ocrx_word' id='word_1_49' title='bbox 496 768 570 818; x_wconf 89' lang='lat' dir='ltr'><strong><em>certe</em></strong></span> <span class='ocrx_word' id='word_1_50' title='bbox 587 758 655 817; x_wconf 85' lang='lat' dir='ltr'><strong><em>dare</em></strong></span> <span class='ocrx_word' id='word_1_51' title='bbox 675 757 780 816; x_wconf 77' lang='lat' dir='ltr'><strong><em>cerviae</em></strong></span> <span class='ocrx_word' id='word_1_52' title='bbox 796 766 823 815; x_wconf 89' lang='lat' dir='ltr'><strong><em>et</em></strong></span> <span class='ocrx_word' id='word_1_53' title='bbox 846 758 933 815; x_wconf 88' lang='lat' dir='ltr'><strong><em>incir-</em></strong></span> 
     </span>
     <span class='ocr_line' id='line_1_7' title="bbox 128 838 1792 928; baseline -0.012 -14"><span class='ocrx_word' id='word_1_54' title='bbox 128 857 269 926; x_wconf 79' lang='lat' dir='ltr'><strong><em>cumcisis,</em></strong></span> <span class='ocrx_word' id='word_1_55' title='bbox 282 862 313 913; x_wconf 88' lang='lat' dir='ltr'><strong><em>nt</em></strong></span> <span class='ocrx_word' id='word_1_56' title='bbox 326 855 458 928; x_wconf 84' lang='lat' dir='ltr'><strong><em>scriptum</em></strong></span> <span class='ocrx_word' id='word_1_57' title='bbox 471 862 514 913; x_wconf 86' lang='lat' dir='ltr'><strong><em>est</em></strong></span> <span class='ocrx_word' id='word_1_58' title='bbox 529 854 632 927; x_wconf 79' lang='lat' dir='ltr'><strong><em>(Actor.</em></strong></span> <span class='ocrx_word' id='word_1_59' title='bbox 645 858 715 923; x_wconf 84' lang='lat' dir='ltr'><strong><em>vir),</em></strong></span> <span class='ocrx_word' id='word_1_60' title='bbox 724 852 835 911; x_wconf 87' lang='lat' dir='ltr'><strong><em>auribus</em></strong></span> <span class='ocrx_word' id='word_1_61' title='bbox 844 851 933 909; x_wconf 89' lang='lat' dir='ltr'><strong><em>eidem</em></strong></span> <span class='ocrx_word' id='word_1_62' title='bbox 1020 849 1204 907; x_wconf 74' lang='lat' dir='ltr'><strong><em>chaeremon:</em></strong></span> <span class='ocrx_word' id='word_1_63' title='bbox 1219 847 1337 905; x_wconf 82' lang='lat' dir='ltr'><strong><em>Gratum</em></strong></span> <span class='ocrx_word' id='word_1_64' title='bbox 1349 842 1418 901; x_wconf 89' lang='lat' dir='ltr'><strong><em>mibi</em></strong></span> <span class='ocrx_word' id='word_1_65' title='bbox 1431 848 1484 911; x_wconf 83' lang='lat' dir='ltr'><strong><em>est,</em></strong></span> <span class='ocrx_word' id='word_1_66' title='bbox 1496 838 1572 913; x_wconf 78' lang='lat' dir='ltr'><strong><em>qnod</em></strong></span> <span class='ocrx_word' id='word_1_67' title='bbox 1592 838 1664 897; x_wconf 92' lang='lat' dir='ltr'><strong><em>dnm</em></strong></span> <span class='ocrx_word' id='word_1_68' title='bbox 1678 853 1792 901; x_wconf 76' lang='lat' dir='ltr'><strong><em>marma</em></strong></span> 
     </span>
     <span class='ocr_line' id='line_1_8' title="bbox 128 932 1791 1023; baseline -0.009 -14"><span class='ocrx_word' id='word_1_69' title='bbox 128 951 295 1019; x_wconf 86' lang='lat' dir='ltr'><strong><em>resistentes,</em></strong></span> <span class='ocrx_word' id='word_1_70' title='bbox 311 964 359 1023; x_wconf 85' lang='lat' dir='ltr'><strong><em>per</em></strong></span> <span class='ocrx_word' id='word_1_71' title='bbox 377 949 526 1008; x_wconf 73' lang='lat' dir='ltr'><strong><em>daramium</em></strong></span> <span class='ocrx_word' id='word_1_72' title='bbox 548 964 705 1007; x_wconf 85' lang='lat' dir='ltr'><strong><em>mereamur</em></strong></span> <span class='ocrx_word' id='word_1_73' title='bbox 724 947 829 1018; x_wconf 90' lang='lat' dir='ltr'><strong><em>andire,</em></strong></span> <span class='ocrx_word' id='word_1_74' title='bbox 849 950 934 1007; x_wconf 79' lang='lat' dir='ltr'><strong><em>a&#39;um</em></strong></span> <span class='ocrx_word' id='word_1_75' title='bbox 986 942 1167 1016; x_wconf 83' lang='lat' dir='ltr'><strong><em>agnoscendae</em></strong></span> <span class='ocrx_word' id='word_1_76' title='bbox 1189 940 1309 998; x_wconf 82' lang='lat' dir='ltr'><strong><em>veritatis</em></strong></span> <span class='ocrx_word' id='word_1_77' title='bbox 1327 952 1422 996; x_wconf 88' lang='lat' dir='ltr'><strong><em>amore</em></strong></span> <span class='ocrx_word' id='word_1_78' title='bbox 1441 933 1641 1005; x_wconf 86' lang='lat' dir='ltr'><strong><em>flammamini,</em></strong></span> <span class='ocrx_word' id='word_1_79' title='bbox 1661 932 1791 1008; x_wconf 76' lang='lat' dir='ltr'><strong><em>qaedam</em></strong></span> 
     </span>
     <span class='ocr_line' id='line_1_9' title="bbox 129 1029 1791 1119; baseline -0.01 -16"><span class='ocrx_word' id='word_1_80' title='bbox 129 1046 199 1119; x_wconf 78' lang='lat' dir='ltr'><strong><em>quid</em></strong></span> <span class='ocrx_word' id='word_1_81' title='bbox 209 1047 260 1117; x_wconf 76' lang='lat' dir='ltr'><strong><em>put</em></strong></span> <span class='ocrx_word' id='word_1_82' title='bbox 271 1044 344 1101; x_wconf 89' lang='lat' dir='ltr'><strong><em>cudit</em></strong></span> <span class='ocrx_word' id='word_1_83' title='bbox 352 1059 405 1099; x_wconf 86' lang='lat' dir='ltr'><strong><em>iton</em></strong></span> <span class='ocrx_word' id='word_1_84' title='bbox 414 1043 664 1113; x_wconf 58' lang='lat' dir='ltr'><strong><em>commorantem</em></strong></span> <span class='ocrx_word' id='word_1_85' title='bbox 670 1056 779 1097; x_wconf 82' lang='lat' dir='ltr'><strong><em>numius</em></strong></span> <span class='ocrx_word' id='word_1_86' title='bbox 787 1047 824 1097; x_wconf 85' lang='lat' dir='ltr'><strong><em>cst</em></strong></span> <span class='ocrx_word' id='word_1_87' title='bbox 833 1056 887 1097; x_wconf 88' lang='lat' dir='ltr'><strong><em>non</em></strong></span> <span class='ocrx_word' id='word_1_88' title='bbox 895 1056 933 1097; x_wconf 83' lang='lat' dir='ltr'><strong><em>rc·</em></strong></span> <span class='ocrx_word' id='word_1_89' title='bbox 987 1039 1071 1095; x_wconf 89' lang='lat' dir='ltr'><strong><em>etiem</em></strong></span> <span class='ocrx_word' id='word_1_90' title='bbox 1085 1036 1175 1110; x_wconf 88' lang='lat' dir='ltr'><strong><em>inepta</em></strong></span> <span class='ocrx_word' id='word_1_91' title='bbox 1196 1034 1359 1109; x_wconf 80' lang='lat' dir='ltr'>proponitis,</span> <span class='ocrx_word' id='word_1_92' title='bbox 1379 1046 1497 1105; x_wconf 88' lang='lat' dir='ltr'><strong><em>quornm</em></strong></span> <span class='ocrx_word' id='word_1_93' title='bbox 1511 1029 1670 1103; x_wconf 85' lang='lat' dir='ltr'><strong><em>objectione</em></strong></span> <span class='ocrx_word' id='word_1_94' title='bbox 1693 1030 1791 1103; x_wconf 74' lang='lat' dir='ltr'><strong><em>mcta-</em></strong></span> 
     </span>
     <span class='ocr_line' id='line_1_10' title="bbox 128 1123 1793 1211; baseline -0.009 -13"><span class='ocrx_word' id='word_1_95' title='bbox 128 1145 249 1199; x_wconf 84' lang='lat' dir='ltr'><strong><em>nertctur</em></strong></span> <span class='ocrx_word' id='word_1_96' title='bbox 263 1140 367 1211; x_wconf 86' lang='lat' dir='ltr'><strong><em>(ieram.</em></strong></span> <span class='ocrx_word' id='word_1_97' title='bbox 382 1138 446 1209; x_wconf 85' lang='lat' dir='ltr'><strong><em>viii)</em></strong></span> <span class='ocrx_word' id='word_1_98' title='bbox 458 1138 473 1191; x_wconf 81' lang='lat' dir='ltr'><strong><em>i</em></strong></span> <span class='ocrx_word' id='word_1_99' title='bbox 483 1140 574 1209; x_wconf 80' lang='lat' dir='ltr'><strong><em>Quare</em></strong></span> <span class='ocrx_word' id='word_1_100' title='bbox 587 1152 653 1208; x_wconf 90' lang='lat' dir='ltr'><strong><em>ergo</em></strong></span> <span class='ocrx_word' id='word_1_101' title='bbox 667 1150 780 1193; x_wconf 82' lang='lat' dir='ltr'><strong><em>aversus</em></strong></span> <span class='ocrx_word' id='word_1_102' title='bbox 792 1144 833 1192; x_wconf 87' lang='lat' dir='ltr'><strong><em>est</em></strong></span> <span class='ocrx_word' id='word_1_103' title='bbox 843 1151 932 1207; x_wconf 91' lang='lat' dir='ltr'><strong><em>popu·</em></strong></span> <span class='ocrx_word' id='word_1_104' title='bbox 986 1131 1051 1201; x_wconf 88' lang='lat' dir='ltr'><strong><em>tior,</em></strong></span> <span class='ocrx_word' id='word_1_105' title='bbox 1068 1140 1151 1203; x_wconf 84' lang='lat' dir='ltr'><strong><em>atquo</em></strong></span> <span class='ocrx_word' id='word_1_106' title='bbox 1174 1130 1215 1202; x_wconf 88' lang='lat' dir='ltr'><strong><em>(ut</em></strong></span> <span class='ocrx_word' id='word_1_107' title='bbox 1235 1130 1272 1187; x_wconf 89' lang='lat' dir='ltr'><strong><em>ita</em></strong></span> <span class='ocrx_word' id='word_1_108' title='bbox 1294 1125 1423 1199; x_wconf 73' lang='lat' dir='ltr'><strong><em>dixerim)</em></strong></span> <span class='ocrx_word' id='word_1_109' title='bbox 1448 1123 1622 1198; x_wconf 77' lang='lat' dir='ltr'><strong><em>exploratior</em></strong></span> <span class='ocrx_word' id='word_1_110' title='bbox 1648 1124 1793 1184; x_wconf 74' lang='lat' dir='ltr'><strong><em>catboboe</em></strong></span> 
     </span>
     <span class='ocr_line' id='line_1_11' title="bbox 129 1218 1792 1297; baseline -0.006 -10"><span class='ocrx_word' id='word_1_111' title='bbox 129 1234 173 1290; x_wconf 87' lang='lat' dir='ltr'><strong><em>las</em></strong></span> <span class='ocrx_word' id='word_1_112' title='bbox 184 1234 236 1289; x_wconf 82' lang='lat' dir='ltr'><strong><em>isto</em></strong></span> <span class='ocrx_word' id='word_1_113' title='bbox 258 1232 286 1287; x_wconf 95' lang='lat' dir='ltr'><strong><em>in</em></strong></span> <span class='ocrx_word' id='word_1_114' title='bbox 300 1230 450 1287; x_wconf 78' lang='lat' dir='ltr'><strong><em>Jerusalem</em></strong></span> <span class='ocrx_word' id='word_1_115' title='bbox 472 1229 616 1286; x_wconf 74' lang='lat' dir='ltr'><strong><em>avernone</em></strong></span> <span class='ocrx_word' id='word_1_116' title='bbox 638 1229 832 1287; x_wconf 82' lang='lat' dir='ltr'><strong><em>mauntiosar</em></strong></span> <span class='ocrx_word' id='word_1_117' title='bbox 846 1228 932 1286; x_wconf 89' lang='lat' dir='ltr'><strong><em>lada-</em></strong></span> <span class='ocrx_word' id='word_1_118' title='bbox 987 1225 1051 1283; x_wconf 89' lang='lat' dir='ltr'><strong><em>lidei</em></strong></span> <span class='ocrx_word' id='word_1_119' title='bbox 1065 1224 1152 1282; x_wconf 83' lang='lat' dir='ltr'><strong><em>virtue</em></strong></span> <span class='ocrx_word' id='word_1_120' title='bbox 1172 1230 1309 1297; x_wconf 85' lang='lat' dir='ltr'><strong><em>appareat.</em></strong></span> <span class='ocrx_word' id='word_1_121' title='bbox 1324 1221 1393 1292; x_wconf 81' lang='lat' dir='ltr'><strong><em>Qnir</em></strong></span> <span class='ocrx_word' id='word_1_122' title='bbox 1412 1218 1514 1277; x_wconf 87' lang='lat' dir='ltr'><strong><em>etenim</em></strong></span> <span class='ocrx_word' id='word_1_123' title='bbox 1528 1218 1642 1291; x_wconf 85' lang='lat' dir='ltr'><strong><em>sapiens</em></strong></span> <span class='ocrx_word' id='word_1_124' title='bbox 1652 1226 1716 1275; x_wconf 85' lang='lat' dir='ltr'><strong><em>tam</em></strong></span> <span class='ocrx_word' id='word_1_125' title='bbox 1728 1235 1792 1277; x_wconf 89' lang='lat' dir='ltr'><strong><em>aaa·</em></strong></span> 
     </span>
     <span class='ocr_line' id='line_1_12' title="bbox 128 1313 1792 1392; baseline -0.006 -9"><span class='ocrx_word' id='word_1_126' title='bbox 128 1332 258 1383; x_wconf 79' lang='lat' dir='ltr'><strong><em>raserunt</em></strong></span> <span class='ocrx_word' id='word_1_127' title='bbox 268 1324 387 1381; x_wconf 84' lang='lat' dir='ltr'><strong><em>cervices</em></strong></span> <span class='ocrx_word' id='word_1_128' title='bbox 400 1338 475 1392; x_wconf 84' lang='lat' dir='ltr'><strong><em>snas,</em></strong></span> <span class='ocrx_word' id='word_1_129' title='bbox 486 1324 634 1380; x_wconf 88' lang='lat' dir='ltr'><strong><em>noluerunt</em></strong></span> <span class='ocrx_word' id='word_1_130' title='bbox 645 1323 754 1381; x_wconf 79' lang='lat' dir='ltr'><strong><em>reverti.</em></strong></span> <span class='ocrx_word' id='word_1_131' title='bbox 986 1319 1077 1376; x_wconf 87' lang='lat' dir='ltr'><strong><em>trariis</em></strong></span> <span class='ocrx_word' id='word_1_132' title='bbox 1096 1316 1329 1392; x_wconf 77' lang='lat' dir='ltr'><strong><em>propositionibus</em></strong></span> <span class='ocrx_word' id='word_1_133' title='bbox 1349 1320 1481 1384; x_wconf 84' lang='lat' dir='ltr'><strong><em>uteretur,</em></strong></span> <span class='ocrx_word' id='word_1_134' title='bbox 1498 1318 1531 1370; x_wconf 91' lang='lat' dir='ltr'><strong><em>ut</em></strong></span> <span class='ocrx_word' id='word_1_135' title='bbox 1547 1313 1698 1371; x_wconf 86' lang='lat' dir='ltr'><strong><em>coelestem</em></strong></span> <span class='ocrx_word' id='word_1_136' title='bbox 1715 1317 1792 1373; x_wconf 76' lang='lat' dir='ltr'><strong><em>mm-</em></strong></span> 
     </span>
    </p>

    <p class='ocr_par' dir='ltr' id='par_1_6' title="bbox 444 1405 1785 1486">
     <span class='ocr_line' id='line_1_13' title="bbox 444 1405 1785 1486; baseline -0.013 -4"><span class='ocrx_word' id='word_1_137' title='bbox 444 1425 567 1483; x_wconf 80' lang='lat' dir='ltr'>CAPUT</span> <span class='ocrx_word' id='word_1_138' title='bbox 585 1427 633 1482; x_wconf 90' lang='lat' dir='ltr'><strong><em>lv.</em></strong></span> <span class='ocrx_word' id='word_1_139' title='bbox 986 1413 1087 1471; x_wconf 80' lang='lat' dir='ltr'><strong><em>monim</em></strong></span> <span class='ocrx_word' id='word_1_140' title='bbox 1101 1413 1262 1486; x_wconf 86' lang='lat' dir='ltr'><strong><em>puritatem,</em></strong></span> <span class='ocrx_word' id='word_1_141' title='bbox 1282 1424 1365 1483; x_wconf 86' lang='lat' dir='ltr'><strong><em>quam</em></strong></span> <span class='ocrx_word' id='word_1_142' title='bbox 1387 1408 1515 1465; x_wconf 88' lang='lat' dir='ltr'><strong><em>besterna</em></strong></span> <span class='ocrx_word' id='word_1_143' title='bbox 1538 1405 1658 1465; x_wconf 80' lang='lat' dir='ltr'><strong><em>diener</em></strong></span> <span class='ocrx_word' id='word_1_144' title='bbox 1678 1423 1730 1481; x_wconf 89' lang='lat' dir='ltr'><strong><em>per</em></strong></span> <span class='ocrx_word' id='word_1_145' title='bbox 1746 1412 1785 1469; x_wconf 78' lang='lat' dir='ltr'><strong><em>lic</em></strong></span> 
     </span>
    </p>
   </div>
   <div class='ocr_carea' id='block_1_4' title="bbox 148 1500 1795 1668">
    <p class='ocr_par' dir='ltr' id='par_1_7' title="bbox 148 1500 1795 1668">
     <span class='ocr_line' id='line_1_14' title="bbox 148 1500 1794 1607; baseline -0.011 -26"><span class='ocrx_word' id='word_1_146' title='bbox 148 1526 275 1597; x_wconf 68' lang='lat' dir='ltr'><strong><em>Obicctio,</em></strong></span> <span class='ocrx_word' id='word_1_147' title='bbox 288 1524 512 1607; x_wconf 79' lang='lat' dir='ltr'><strong><em>quemadmodum</em></strong></span> <span class='ocrx_word' id='word_1_148' title='bbox 522 1524 635 1607; x_wconf 75' lang='lat' dir='ltr'><strong><em>pentilus</em></strong></span> <span class='ocrx_word' id='word_1_149' title='bbox 644 1525 745 1607; x_wconf 65' lang='lat' dir='ltr'><strong><em>aarum</em></strong></span> <span class='ocrx_word' id='word_1_150' title='bbox 755 1524 848 1591; x_wconf 69' lang='lat' dir='ltr'><strong><em>qratia</em></strong></span> <span class='ocrx_word' id='word_1_151' title='bbox 855 1525 914 1587; x_wconf 79' lang='lat' dir='ltr'><strong><em>liet,</em></strong></span> <span class='ocrx_word' id='word_1_152' title='bbox 988 1506 1101 1579; x_wconf 85' lang='lat' dir='ltr'><strong><em>gratiam</em></strong></span> <span class='ocrx_word' id='word_1_153' title='bbox 1124 1504 1285 1562; x_wconf 83' lang='lat' dir='ltr'><strong><em>mortalium</em></strong></span> <span class='ocrx_word' id='word_1_154' title='bbox 1304 1504 1436 1607; x_wconf 67' lang='lat' dir='ltr'><strong><em>cuiquam</em></strong></span> <span class='ocrx_word' id='word_1_155' title='bbox 1448 1500 1612 1607; x_wconf 64' lang='lat' dir='ltr'><strong><em>amerebptis</em></strong></span> <span class='ocrx_word' id='word_1_156' title='bbox 1625 1518 1711 1576; x_wconf 74' lang='lat' dir='ltr'><strong><em>pomo</em></strong></span> <span class='ocrx_word' id='word_1_157' title='bbox 1725 1520 1794 1563; x_wconf 86' lang='lat' dir='ltr'><strong><em>coa·</em></strong></span> 
     </span>
     <span class='ocr_line' id='line_1_15' title="bbox 292 1595 1795 1668; baseline 0.005 -17"><span class='ocrx_word' id='word_1_158' title='bbox 292 1602 475 1651; x_wconf 71' lang='lat' dir='ltr'><strong><em>marmaniam</em></strong></span> <span class='ocrx_word' id='word_1_159' title='bbox 494 1596 620 1651; x_wconf 78' lang='lat' dir='ltr'><strong><em>babunsc</em></strong></span> <span class='ocrx_word' id='word_1_160' title='bbox 636 1596 773 1651; x_wconf 81' lang='lat' dir='ltr'><strong><em>dimittar.</em></strong></span> <span class='ocrx_word' id='word_1_161' title='bbox 988 1598 1064 1667; x_wconf 86' lang='lat' dir='ltr'><strong><em>ferri,</em></strong></span> <span class='ocrx_word' id='word_1_162' title='bbox 1086 1615 1160 1657; x_wconf 90' lang='lat' dir='ltr'><strong><em>nnnc</em></strong></span> <span class='ocrx_word' id='word_1_163' title='bbox 1181 1597 1308 1656; x_wconf 86' lang='lat' dir='ltr'><strong><em>eamdem</em></strong></span> <span class='ocrx_word' id='word_1_164' title='bbox 1329 1606 1412 1655; x_wconf 87' lang='lat' dir='ltr'><strong><em>enam</em></strong></span> <span class='ocrx_word' id='word_1_165' title='bbox 1434 1612 1452 1654; x_wconf 86' lang='lat' dir='ltr'><strong><em>a</em></strong></span> <span class='ocrx_word' id='word_1_166' title='bbox 1473 1595 1621 1668; x_wconf 84' lang='lat' dir='ltr'><strong><em>gentilibus</em></strong></span> <span class='ocrx_word' id='word_1_167' title='bbox 1641 1597 1795 1659; x_wconf 81' lang='lat' dir='ltr'><strong><em>crederetis</em></strong></span> 
     </span>
    </p>
   </div>
   <div class='ocr_carea' id='block_1_5' title="bbox 131 1689 1793 2807">
    <p class='ocr_par' dir='ltr' id='par_1_8' title="bbox 131 1689 1793 2807">
     <span class='ocr_line' id='line_1_16' title="bbox 167 1689 1793 1769; baseline -0.004 -12"><span class='ocrx_word' id='word_1_168' title='bbox 167 1700 341 1757; x_wconf 87' lang='lat' dir='ltr'><strong><em>Germanus:</em></strong></span> <span class='ocrx_word' id='word_1_169' title='bbox 363 1696 435 1753; x_wconf 85' lang='lat' dir='ltr'><strong><em>linio</em></strong></span> <span class='ocrx_word' id='word_1_170' title='bbox 456 1696 558 1763; x_wconf 86' lang='lat' dir='ltr'><strong><em>sensui,</em></strong></span> <span class='ocrx_word' id='word_1_171' title='bbox 584 1696 665 1769; x_wconf 87' lang='lat' dir='ltr'><strong><em>cujus</em></strong></span> <span class='ocrx_word' id='word_1_172' title='bbox 683 1696 770 1768; x_wconf 86' lang='lat' dir='ltr'><strong><em>pietas</em></strong></span> <span class='ocrx_word' id='word_1_173' title='bbox 789 1695 935 1769; x_wconf 81' lang='lat' dir='ltr'><strong><em>abruptos</em></strong></span> <span class='ocrx_word' id='word_1_174' title='bbox 989 1694 1087 1751; x_wconf 83' lang='lat' dir='ltr'><strong><em>virtute</em></strong></span> <span class='ocrx_word' id='word_1_175' title='bbox 1111 1695 1220 1765; x_wconf 87' lang='lat' dir='ltr'><strong><em>propria</em></strong></span> <span class='ocrx_word' id='word_1_176' title='bbox 1239 1691 1325 1749; x_wconf 82' lang='lat' dir='ltr'><strong><em>luisse</em></strong></span> <span class='ocrx_word' id='word_1_177' title='bbox 1354 1692 1540 1764; x_wconf 76' lang='lat' dir='ltr'><strong><em>possessam?</em></strong></span> <span class='ocrx_word' id='word_1_178' title='bbox 1562 1689 1616 1749; x_wconf 82' lang='lat' dir='ltr'><strong><em>Sed</em></strong></span> <span class='ocrx_word' id='word_1_179' title='bbox 1638 1691 1705 1765; x_wconf 82' lang='lat' dir='ltr'><strong><em>puis</em></strong></span> <span class='ocrx_word' id='word_1_180' title='bbox 1730 1692 1793 1751; x_wconf 78' lang='lat' dir='ltr'><strong><em>bmc</em></strong></span> 
     </span>
     <span class='ocr_line' id='line_1_17' title="bbox 131 1784 1793 1866; baseline -0.004 -17"><span class='ocrx_word' id='word_1_181' title='bbox 131 1792 211 1850; x_wconf 86' lang='lat' dir='ltr'><strong><em>nobis</em></strong></span> <span class='ocrx_word' id='word_1_182' title='bbox 230 1807 288 1849; x_wconf 91' lang='lat' dir='ltr'><strong><em>non</em></strong></span> <span class='ocrx_word' id='word_1_183' title='bbox 301 1799 391 1864; x_wconf 86' lang='lat' dir='ltr'><strong><em>potest</em></strong></span> <span class='ocrx_word' id='word_1_184' title='bbox 412 1789 574 1862; x_wconf 88' lang='lat' dir='ltr'><strong><em>improbari,</em></strong></span> <span class='ocrx_word' id='word_1_185' title='bbox 596 1788 662 1847; x_wconf 91' lang='lat' dir='ltr'><strong><em>illud</em></strong></span> <span class='ocrx_word' id='word_1_186' title='bbox 675 1788 781 1847; x_wconf 83' lang='lat' dir='ltr'><strong><em>videtur</em></strong></span> <span class='ocrx_word' id='word_1_187' title='bbox 792 1788 933 1858; x_wconf 84' lang='lat' dir='ltr'><strong><em>obsistere,</em></strong></span> <span class='ocrx_word' id='word_1_188' title='bbox 948 1803 973 1866; x_wconf 88' lang='lat' dir='ltr'>B</span> <span class='ocrx_word' id='word_1_189' title='bbox 989 1786 1164 1860; x_wconf 73' lang='lat' dir='ltr'><strong><em>explorandae</em></strong></span> <span class='ocrx_word' id='word_1_190' title='bbox 1181 1786 1362 1859; x_wconf 79' lang='lat' dir='ltr'><strong><em>proculdubio</em></strong></span> <span class='ocrx_word' id='word_1_191' title='bbox 1375 1786 1416 1857; x_wconf 79' lang='lat' dir='ltr'><strong><em>(ut</em></strong></span> <span class='ocrx_word' id='word_1_192' title='bbox 1426 1785 1534 1842; x_wconf 90' lang='lat' dir='ltr'><strong><em>dictum</em></strong></span> <span class='ocrx_word' id='word_1_193' title='bbox 1543 1790 1594 1851; x_wconf 84' lang='lat' dir='ltr'><strong><em>ert)</em></strong></span> <span class='ocrx_word' id='word_1_194' title='bbox 1609 1784 1704 1842; x_wconf 79' lang='lat' dir='ltr'><strong><em>smdio</em></strong></span> <span class='ocrx_word' id='word_1_195' title='bbox 1718 1787 1793 1843; x_wconf 88' lang='lat' dir='ltr'><strong><em>reri·</em></strong></span> 
     </span>
     <span class='ocr_line' id='line_1_18' title="bbox 131 1878 1793 1959; baseline -0.005 -16"><span class='ocrx_word' id='word_1_196' title='bbox 131 1896 145 1922; x_wconf 84' lang='lat'>¹</span> <span class='ocrx_word' id='word_1_197' title='bbox 162 1884 237 1959; x_wconf 88' lang='lat' dir='ltr'><strong><em>qnod</em></strong></span> <span class='ocrx_word' id='word_1_198' title='bbox 249 1884 284 1943; x_wconf 85' lang='lat' dir='ltr'><strong><em>ed</em></strong></span> <span class='ocrx_word' id='word_1_199' title='bbox 300 1884 516 1942; x_wconf 75' lang='lat' dir='ltr'><strong><em>destructionem</em></strong></span> <span class='ocrx_word' id='word_1_200' title='bbox 530 1882 607 1941; x_wconf 91' lang='lat' dir='ltr'><strong><em>liberi</em></strong></span> <span class='ocrx_word' id='word_1_201' title='bbox 627 1883 733 1940; x_wconf 87' lang='lat' dir='ltr'><strong><em>arbitrii</em></strong></span> <span class='ocrx_word' id='word_1_202' title='bbox 750 1883 847 1941; x_wconf 88' lang='lat' dir='ltr'><strong><em>tendit.</em></strong></span> <span class='ocrx_word' id='word_1_203' title='bbox 860 1884 934 1939; x_wconf 87' lang='lat' dir='ltr'><strong><em>Nam</em></strong></span> <span class='ocrx_word' id='word_1_204' title='bbox 986 1882 1050 1939; x_wconf 89' lang='lat' dir='ltr'><strong><em>tatis</em></strong></span> <span class='ocrx_word' id='word_1_205' title='bbox 1063 1882 1210 1955; x_wconf 88' lang='lat' dir='ltr'><strong><em>opponitis,</em></strong></span> <span class='ocrx_word' id='word_1_206' title='bbox 1223 1880 1288 1954; x_wconf 86' lang='lat' dir='ltr'><strong><em>qnid</em></strong></span> <span class='ocrx_word' id='word_1_207' title='bbox 1300 1880 1335 1938; x_wconf 89' lang='lat' dir='ltr'><strong><em>de</em></strong></span> <span class='ocrx_word' id='word_1_208' title='bbox 1348 1880 1390 1937; x_wconf 89' lang='lat' dir='ltr'><strong><em>bis</em></strong></span> <span class='ocrx_word' id='word_1_209' title='bbox 1401 1890 1558 1949; x_wconf 86' lang='lat' dir='ltr'><strong><em>teneamus,</em></strong></span> <span class='ocrx_word' id='word_1_210' title='bbox 1571 1878 1711 1937; x_wconf 81' lang='lat' dir='ltr'><strong><em>advertite.</em></strong></span> <span class='ocrx_word' id='word_1_211' title='bbox 1726 1880 1793 1937; x_wconf 78' lang='lat' dir='ltr'><strong><em>Pti-</em></strong></span> 
     </span>
     <span class='ocr_line' id='line_1_19' title="bbox 132 1970 1793 2053; baseline -0.003 -16"><span class='ocrx_word' id='word_1_212' title='bbox 132 1994 197 2037; x_wconf 89' lang='lat' dir='ltr'><strong><em>cnm</em></strong></span> <span class='ocrx_word' id='word_1_213' title='bbox 217 1978 320 2036; x_wconf 90' lang='lat' dir='ltr'><strong><em>multos</em></strong></span> <span class='ocrx_word' id='word_1_214' title='bbox 339 1978 494 2053; x_wconf 76' lang='lat' dir='ltr'><strong><em>gentilium,</em></strong></span> <span class='ocrx_word' id='word_1_215' title='bbox 511 1978 558 2051; x_wconf 90' lang='lat' dir='ltr'><strong><em>qni</em></strong></span> <span class='ocrx_word' id='word_1_216' title='bbox 580 1977 673 2049; x_wconf 90' lang='lat' dir='ltr'><strong><em>utique</em></strong></span> <span class='ocrx_word' id='word_1_217' title='bbox 693 1976 778 2034; x_wconf 82' lang='lat' dir='ltr'><strong><em>divini</em></strong></span> <span class='ocrx_word' id='word_1_218' title='bbox 806 1976 933 2048; x_wconf 77' lang='lat' dir='ltr'><strong><em>adiutorii</em></strong></span> <span class='ocrx_word' id='word_1_219' title='bbox 987 1970 1089 2034; x_wconf 61' lang='lat' dir='ltr'><strong><em>mamb</em></strong></span> <span class='ocrx_word' id='word_1_220' title='bbox 1104 1976 1280 2049; x_wconf 82' lang='lat' dir='ltr'><strong><em>philosophos</em></strong></span> <span class='ocrx_word' id='word_1_221' title='bbox 1293 1990 1467 2047; x_wconf 83' lang='lat' dir='ltr'><strong><em>nequaqnam</em></strong></span> <span class='ocrx_word' id='word_1_222' title='bbox 1479 1971 1793 2033; x_wconf 86' lang='lat' dir='ltr'><strong><em>credendnmesttalem</em></strong></span> 
     </span>
     <span class='ocr_line' id='line_1_20' title="bbox 132 2066 1791 2148; baseline -0.001 -17"><span class='ocrx_word' id='word_1_223' title='bbox 132 2074 252 2148; x_wconf 78' lang='lat' dir='ltr'><strong><em>gratiam</em></strong></span> <span class='ocrx_word' id='word_1_224' title='bbox 268 2089 324 2131; x_wconf 89' lang='lat' dir='ltr'><strong><em>aon</em></strong></span> <span class='ocrx_word' id='word_1_225' title='bbox 337 2082 489 2141; x_wconf 90' lang='lat' dir='ltr'><strong><em>merentur,</em></strong></span> <span class='ocrx_word' id='word_1_226' title='bbox 503 2089 560 2130; x_wconf 92' lang='lat' dir='ltr'><strong><em>non</em></strong></span> <span class='ocrx_word' id='word_1_227' title='bbox 575 2073 665 2130; x_wconf 87' lang='lat' dir='ltr'><strong><em>solnm</em></strong></span> <span class='ocrx_word' id='word_1_228' title='bbox 679 2070 840 2144; x_wconf 80' lang='lat' dir='ltr'><strong><em>frugalitatis</em></strong></span> <span class='ocrx_word' id='word_1_229' title='bbox 853 2080 934 2144; x_wconf 84' lang='lat' dir='ltr'><strong><em>atquo</em></strong></span> <span class='ocrx_word' id='word_1_230' title='bbox 987 2068 1070 2125; x_wconf 88' lang='lat' dir='ltr'><strong><em>animi</em></strong></span> <span class='ocrx_word' id='word_1_231' title='bbox 1078 2069 1243 2137; x_wconf 84' lang='lat' dir='ltr'><strong><em>castitatem,</em></strong></span> <span class='ocrx_word' id='word_1_232' title='bbox 1260 2068 1351 2140; x_wconf 88' lang='lat' dir='ltr'><strong><em>qualis</em></strong></span> <span class='ocrx_word' id='word_1_233' title='bbox 1364 2082 1381 2124; x_wconf 92' lang='lat' dir='ltr'><strong><em>a</em></strong></span> <span class='ocrx_word' id='word_1_234' title='bbox 1393 2067 1473 2125; x_wconf 91' lang='lat' dir='ltr'><strong><em>nobis</em></strong></span> <span class='ocrx_word' id='word_1_235' title='bbox 1487 2066 1621 2139; x_wconf 88' lang='lat' dir='ltr'><strong><em>erigitur,</em></strong></span> <span class='ocrx_word' id='word_1_236' title='bbox 1634 2078 1791 2129; x_wconf 66' lang='lat' dir='ltr'><strong><em>mutos:</em></strong></span> 
     </span>
     <span class='ocr_line' id='line_1_21' title="bbox 132 2160 1793 2241; baseline -0.002 -16"><span class='ocrx_word' id='word_1_237' title='bbox 132 2168 283 2241; x_wconf 73' lang='lat' dir='ltr'><strong><em>patientiae,</em></strong></span> <span class='ocrx_word' id='word_1_238' title='bbox 296 2166 356 2236; x_wconf 82' lang='lat' dir='ltr'><strong><em>sed,</em></strong></span> <span class='ocrx_word' id='word_1_239' title='bbox 369 2167 443 2241; x_wconf 89' lang='lat' dir='ltr'><strong><em>qnod</em></strong></span> <span class='ocrx_word' id='word_1_240' title='bbox 457 2168 545 2240; x_wconf 64' lang='lat' dir='ltr'><strong><em>mama</em></strong></span> <span class='ocrx_word' id='word_1_241' title='bbox 564 2168 667 2224; x_wconf 91' lang='lat' dir='ltr'><strong><em>mirum</em></strong></span> <span class='ocrx_word' id='word_1_242' title='bbox 681 2173 733 2231; x_wconf 82' lang='lat' dir='ltr'><strong><em>est,</em></strong></span> <span class='ocrx_word' id='word_1_243' title='bbox 747 2165 829 2223; x_wconf 89' lang='lat' dir='ltr'><strong><em>etiam</em></strong></span> <span class='ocrx_word' id='word_1_244' title='bbox 847 2166 933 2223; x_wconf 86' lang='lat' dir='ltr'><strong><em>casti-</em></strong></span> <span class='ocrx_word' id='word_1_245' title='bbox 988 2164 1088 2236; x_wconf 87' lang='lat' dir='ltr'><strong><em>quibas</em></strong></span> <span class='ocrx_word' id='word_1_246' title='bbox 1108 2163 1270 2237; x_wconf 89' lang='lat' dir='ltr'><strong><em>injungitur,</em></strong></span> <span class='ocrx_word' id='word_1_247' title='bbox 1285 2169 1316 2219; x_wconf 91' lang='lat' dir='ltr'><strong><em>ut</em></strong></span> <span class='ocrx_word' id='word_1_248' title='bbox 1335 2177 1392 2219; x_wconf 92' lang='lat' dir='ltr'><strong><em>non</em></strong></span> <span class='ocrx_word' id='word_1_249' title='bbox 1414 2163 1507 2219; x_wconf 81' lang='lat' dir='ltr'><strong><em>solunt</em></strong></span> <span class='ocrx_word' id='word_1_250' title='bbox 1519 2160 1685 2229; x_wconf 79' lang='lat' dir='ltr'><strong><em>fornicatio,</em></strong></span> <span class='ocrx_word' id='word_1_251' title='bbox 1698 2162 1747 2221; x_wconf 86' lang='lat' dir='ltr'><strong><em>sed</em></strong></span> <span class='ocrx_word' id='word_1_252' title='bbox 1762 2180 1793 2221; x_wconf 87' lang='lat' dir='ltr'><strong><em>ne</em></strong></span> 
     </span>
     <span class='ocr_line' id='line_1_22' title="bbox 133 2256 1793 2335; baseline -0.002 -17"><span class='ocrx_word' id='word_1_253' title='bbox 133 2260 198 2319; x_wconf 80' lang='lat' dir='ltr'><strong><em>tatis</em></strong></span> <span class='ocrx_word' id='word_1_254' title='bbox 208 2261 349 2319; x_wconf 82' lang='lat' dir='ltr'><strong><em>rideamus</em></strong></span> <span class='ocrx_word' id='word_1_255' title='bbox 359 2260 464 2335; x_wconf 79' lang='lat' dir='ltr'><strong><em>luigero</em></strong></span> <span class='ocrx_word' id='word_1_256' title='bbox 477 2261 635 2330; x_wconf 82' lang='lat' dir='ltr'><strong><em>virtutibus,</em></strong></span> <span class='ocrx_word' id='word_1_257' title='bbox 649 2260 790 2333; x_wconf 89' lang='lat' dir='ltr'><strong><em>quomoda</em></strong></span> <span class='ocrx_word' id='word_1_258' title='bbox 799 2260 934 2332; x_wconf 83' lang='lat' dir='ltr'><strong><em>captivato</em></strong></span> <span class='ocrx_word' id='word_1_259' title='bbox 988 2258 1166 2317; x_wconf 88' lang='lat' dir='ltr'><strong><em>immunditia</em></strong></span> <span class='ocrx_word' id='word_1_260' title='bbox 1177 2258 1289 2331; x_wconf 84' lang='lat' dir='ltr'><strong><em>quidem</em></strong></span> <span class='ocrx_word' id='word_1_261' title='bbox 1307 2258 1469 2317; x_wconf 88' lang='lat' dir='ltr'><strong><em>nominetur</em></strong></span> <span class='ocrx_word' id='word_1_262' title='bbox 1481 2256 1512 2313; x_wconf 92' lang='lat' dir='ltr'><strong><em>in</em></strong></span> <span class='ocrx_word' id='word_1_263' title='bbox 1524 2256 1619 2315; x_wconf 84' lang='lat' dir='ltr'><strong><em>nobis.</em></strong></span> <span class='ocrx_word' id='word_1_264' title='bbox 1637 2257 1793 2315; x_wconf 86' lang='lat' dir='ltr'><strong><em>llabnerrmt</em></strong></span> 
     </span>
     <span class='ocr_line' id='line_1_23' title="bbox 134 2351 1792 2425; baseline 0 -14"><span class='ocrx_word' id='word_1_265' title='bbox 134 2355 227 2412; x_wconf 80' lang='lat' dir='ltr'><strong><em>liberae</em></strong></span> <span class='ocrx_word' id='word_1_266' title='bbox 241 2355 390 2413; x_wconf 84' lang='lat' dir='ltr'><strong><em>voluntatis</em></strong></span> <span class='ocrx_word' id='word_1_267' title='bbox 410 2353 534 2424; x_wconf 86' lang='lat' dir='ltr'><strong><em>arbitria,</em></strong></span> <span class='ocrx_word' id='word_1_268' title='bbox 556 2356 607 2411; x_wconf 85' lang='lat' dir='ltr'><strong><em>Dei</em></strong></span> <span class='ocrx_word' id='word_1_269' title='bbox 630 2370 745 2411; x_wconf 88' lang='lat' dir='ltr'><strong><em>munere</em></strong></span> <span class='ocrx_word' id='word_1_270' title='bbox 759 2353 934 2410; x_wconf 76' lang='lat' dir='ltr'><strong><em>caliambria</em></strong></span> <span class='ocrx_word' id='word_1_271' title='bbox 989 2361 1083 2409; x_wconf 88' lang='lat' dir='ltr'><strong><em>antem</em></strong></span> <span class='ocrx_word' id='word_1_272' title='bbox 1103 2353 1143 2409; x_wconf 93' lang='lat' dir='ltr'><strong><em>illi</em></strong></span> <span class='ocrx_word' id='word_1_273' title='bbox 1165 2353 1334 2425; x_wconf 78' lang='lat' dir='ltr'><strong><em>qnamdam⁶</em></strong></span> <span class='ocrx_word' id='word_1_274' title='bbox 1358 2352 1454 2424; x_wconf 76' lang='grc' dir='ltr'><strong><em>μερίδα,</em></strong></span> <span class='ocrx_word' id='word_1_275' title='bbox 1468 2351 1498 2409; x_wconf 92' lang='lat' dir='ltr'><strong><em>id</em></strong></span> <span class='ocrx_word' id='word_1_276' title='bbox 1523 2359 1579 2421; x_wconf 87' lang='lat' dir='ltr'><strong><em>est,</em></strong></span> <span class='ocrx_word' id='word_1_277' title='bbox 1594 2352 1792 2424; x_wconf 81' lang='lat' dir='ltr'><strong><em>porrinnanam</em></strong></span> 
     </span>
     <span class='ocr_line' id='line_1_24' title="bbox 132 2446 1792 2523; baseline -0.001 -16"><span class='ocrx_word' id='word_1_278' title='bbox 132 2448 275 2507; x_wconf 79' lang='lat' dir='ltr'><strong><em>credenda</em></strong></span> <span class='ocrx_word' id='word_1_279' title='bbox 288 2457 368 2512; x_wconf 78' lang='lat' dir='ltr'><strong><em>runt,</em></strong></span> <span class='ocrx_word' id='word_1_280' title='bbox 380 2464 446 2506; x_wconf 92' lang='lat' dir='ltr'><strong><em>cum</em></strong></span> <span class='ocrx_word' id='word_1_281' title='bbox 459 2449 555 2522; x_wconf 77' lang='lat' dir='ltr'><strong><em>unqua</em></strong></span> <span class='ocrx_word' id='word_1_282' title='bbox 571 2447 719 2506; x_wconf 80' lang='lat' dir='ltr'><strong><em>mundana·</em></strong></span> <span class='ocrx_word' id='word_1_283' title='bbox 732 2447 872 2523; x_wconf 75' lang='lat' dir='ltr'><strong><em>sapientiai</em></strong></span> <span class='ocrx_word' id='word_1_284' title='bbox 884 2462 929 2505; x_wconf 89' lang='lat' dir='ltr'><strong><em>se-</em></strong></span> <span class='ocrx_word' id='word_1_285' title='bbox 988 2446 1130 2516; x_wconf 90' lang='lat' dir='ltr'><strong><em>oastitatis,</em></strong></span> <span class='ocrx_word' id='word_1_286' title='bbox 1143 2448 1171 2503; x_wconf 91' lang='lat' dir='ltr'><strong><em>id</em></strong></span> <span class='ocrx_word' id='word_1_287' title='bbox 1192 2456 1245 2516; x_wconf 83' lang='lat' dir='ltr'><strong><em>est,</em></strong></span> <span class='ocrx_word' id='word_1_288' title='bbox 1265 2448 1461 2506; x_wconf 86' lang='lat' dir='ltr'><strong><em>abstinentiam</em></strong></span> <span class='ocrx_word' id='word_1_289' title='bbox 1473 2446 1577 2515; x_wconf 82' lang='lat' dir='ltr'><strong><em>carnia,</em></strong></span> <span class='ocrx_word' id='word_1_290' title='bbox 1599 2456 1635 2506; x_wconf 88' lang='lat' dir='ltr'><strong><em>nt</em></strong></span> <span class='ocrx_word' id='word_1_291' title='bbox 1657 2454 1761 2505; x_wconf 84' lang='lat' dir='ltr'><strong><em>tantam</em></strong></span> <span class='ocrx_word' id='word_1_292' title='bbox 1778 2462 1792 2505; x_wconf 85' lang='lat' dir='ltr'><strong><em>r</em></strong></span> 
     </span>
     <span class='ocr_line' id='line_1_25' title="bbox 133 2541 1791 2618; baseline 0.001 -19"><span class='ocrx_word' id='word_1_293' title='bbox 133 2552 262 2613; x_wconf 77' lang='lat' dir='ltr'><strong><em>emtores,</em></strong></span> <span class='ocrx_word' id='word_1_294' title='bbox 276 2559 333 2601; x_wconf 93' lang='lat' dir='ltr'><strong><em>non</em></strong></span> <span class='ocrx_word' id='word_1_295' title='bbox 351 2544 442 2601; x_wconf 90' lang='lat' dir='ltr'><strong><em>solnm</em></strong></span> <span class='ocrx_word' id='word_1_296' title='bbox 461 2543 513 2600; x_wconf 90' lang='lat' dir='ltr'><strong><em>Dei</em></strong></span> <span class='ocrx_word' id='word_1_297' title='bbox 534 2544 660 2618; x_wconf 86' lang='lat' dir='ltr'><strong><em>gratiam,</em></strong></span> <span class='ocrx_word' id='word_1_298' title='bbox 680 2542 729 2601; x_wconf 85' lang='lat' dir='ltr'><strong><em>sed</em></strong></span> <span class='ocrx_word' id='word_1_299' title='bbox 748 2541 936 2615; x_wconf 86' lang='lat' dir='ltr'><strong><em>ipsametiam</em></strong></span> <span class='ocrx_word' id='word_1_300' title='bbox 989 2543 1064 2599; x_wconf 92' lang='lat' dir='ltr'><strong><em>coitu</em></strong></span> <span class='ocrx_word' id='word_1_301' title='bbox 1082 2542 1222 2600; x_wconf 88' lang='lat' dir='ltr'><strong><em>libidinem</em></strong></span> <span class='ocrx_word' id='word_1_302' title='bbox 1242 2550 1420 2600; x_wconf 89' lang='lat' dir='ltr'><strong><em>coercerent:</em></strong></span> <span class='ocrx_word' id='word_1_303' title='bbox 1443 2541 1515 2599; x_wconf 81' lang='lat' dir='ltr'><strong><em>lianc</em></strong></span> <span class='ocrx_word' id='word_1_304' title='bbox 1540 2550 1643 2599; x_wconf 82' lang='lat' dir='ltr'><strong><em>antem</em></strong></span> <span class='ocrx_word' id='word_1_305' title='bbox 1663 2542 1791 2601; x_wconf 86' lang='lat' dir='ltr'><strong><em>lateraria</em></strong></span> 
     </span>
     <span class='ocr_line' id='line_1_26' title="bbox 134 2634 1790 2712; baseline -0.001 -19"><span class='ocrx_word' id='word_1_306' title='bbox 134 2653 230 2695; x_wconf 85' lang='lat' dir='ltr'><strong><em>verum</em></strong></span> <span class='ocrx_word' id='word_1_307' title='bbox 245 2640 335 2696; x_wconf 88' lang='lat' dir='ltr'><strong><em>Deam</em></strong></span> <span class='ocrx_word' id='word_1_308' title='bbox 348 2638 457 2712; x_wconf 89' lang='lat' dir='ltr'><strong><em>ponitus</em></strong></span> <span class='ocrx_word' id='word_1_309' title='bbox 478 2638 646 2711; x_wconf 88' lang='lat' dir='ltr'><strong><em>ignorantes,</em></strong></span> <span class='ocrx_word' id='word_1_310' title='bbox 663 2644 796 2710; x_wconf 87' lang='lat' dir='ltr'><strong><em>quantum</em></strong></span> <span class='ocrx_word' id='word_1_311' title='bbox 809 2636 851 2693; x_wconf 83' lang='lat' dir='ltr'><strong><em>vel</em></strong></span> <span class='ocrx_word' id='word_1_312' title='bbox 868 2636 937 2692; x_wconf 86' lang='lat' dir='ltr'><strong><em>serie</em></strong></span> <span class='ocrx_word' id='word_1_313' title='bbox 990 2635 1100 2706; x_wconf 78' lang='lat' dir='ltr'><strong><em>means,</em></strong></span> <span class='ocrx_word' id='word_1_314' title='bbox 1115 2634 1263 2710; x_wconf 80' lang='lat' dir='ltr'><strong><em>perlectam</em></strong></span> <span class='ocrx_word' id='word_1_315' title='bbox 1276 2650 1309 2692; x_wconf 87' lang='lat' dir='ltr'><strong><em>ac</em></strong></span> <span class='ocrx_word' id='word_1_316' title='bbox 1322 2642 1480 2708; x_wconf 87' lang='lat' dir='ltr'><strong><em>perpetuam</em></strong></span> <span class='ocrx_word' id='word_1_317' title='bbox 1498 2634 1629 2707; x_wconf 89' lang='lat' dir='ltr'><strong><em>corporis</em></strong></span> <span class='ocrx_word' id='word_1_318' title='bbox 1642 2634 1790 2708; x_wconf 83' lang='lat' dir='ltr'><strong><em>paritatem,</em></strong></span> 
     </span>
     <span class='ocr_line' id='line_1_27' title="bbox 135 2728 1792 2807; baseline 0 -20"><span class='ocrx_word' id='word_1_319' title='bbox 135 2731 269 2803; x_wconf 82' lang='lat' dir='ltr'><strong><em>lectionis,</em></strong></span> <span class='ocrx_word' id='word_1_320' title='bbox 295 2732 336 2790; x_wconf 87' lang='lat' dir='ltr'><strong><em>rel</em></strong></span> <span class='ocrx_word' id='word_1_321' title='bbox 365 2731 551 2807; x_wconf 89' lang='lat' dir='ltr'><strong><em>quorumdam</em></strong></span> <span class='ocrx_word' id='word_1_322' title='bbox 575 2730 721 2789; x_wconf 89' lang='lat' dir='ltr'><strong><em>traditione</em></strong></span> <span class='ocrx_word' id='word_1_323' title='bbox 746 2729 935 2803; x_wconf 82' lang='lat' dir='ltr'><strong><em>cognovimns,</em></strong></span> <span class='ocrx_word' id='word_1_324' title='bbox 990 2745 1046 2787; x_wconf 92' lang='lat' dir='ltr'><strong><em>non</em></strong></span> <span class='ocrx_word' id='word_1_325' title='bbox 1068 2729 1159 2788; x_wconf 88' lang='lat' dir='ltr'><strong><em>dicam</em></strong></span> <span class='ocrx_word' id='word_1_326' title='bbox 1179 2746 1262 2804; x_wconf 89' lang='lat' dir='ltr'><strong><em>opere</em></strong></span> <span class='ocrx_word' id='word_1_327' title='bbox 1281 2730 1404 2803; x_wconf 79' lang='lat' dir='ltr'><strong><em>asseqni3</em></strong></span> <span class='ocrx_word' id='word_1_328' title='bbox 1425 2728 1474 2787; x_wconf 89' lang='lat' dir='ltr'><strong><em>scd</em></strong></span> <span class='ocrx_word' id='word_1_329' title='bbox 1493 2743 1550 2786; x_wconf 88' lang='lat' dir='ltr'><strong><em>nec</em></strong></span> <span class='ocrx_word' id='word_1_330' title='bbox 1570 2729 1697 2803; x_wconf 83' lang='lat' dir='ltr'><strong><em>cogitare</em></strong></span> <span class='ocrx_word' id='word_1_331' title='bbox 1710 2736 1792 2803; x_wconf 87' lang='lat' dir='ltr'><strong><em>potae·</em></strong></span> 
     </span>
    </p>
   </div>
   <div class='ocr_carea' id='block_1_6' title="bbox 681 2858 1242 2918">
    <p class='ocr_par' dir='ltr' id='par_1_9' title="bbox 681 2858 1242 2918">
     <span class='ocr_line' id='line_1_28' title="bbox 681 2858 1242 2918; baseline -0.007 0"><span class='ocrx_word' id='word_1_332' title='bbox 681 2862 810 2918; x_wconf 71' lang='lat' dir='ltr'><strong><em>attilia</em></strong></span> <span class='ocrx_word' id='word_1_333' title='bbox 828 2859 941 2916; x_wconf 66' lang='lat' dir='ltr'><strong><em>GAZAEl</em></strong></span> <span class='ocrx_word' id='word_1_334' title='bbox 960 2858 1242 2917; x_wconf 66' lang='lat' dir='ltr'><strong><em>contaminamus,</em></strong></span> 
     </span>
    </p>
   </div>
   <div class='ocr_carea' id='block_1_7' title="bbox 133 2984 1830 5472">
    <p class='ocr_par' dir='ltr' id='par_1_10' title="bbox 133 2984 1790 3837">
     <span class='ocr_line' id='line_1_29' title="bbox 170 2984 1787 3057; baseline -0.001 -14"><span class='ocrx_word' id='word_1_335' title='bbox 170 2990 279 3043; x_wconf 73' lang='lat' dir='ltr'><strong><em>¹Vetus</em></strong></span> <span class='ocrx_word' id='word_1_336' title='bbox 300 2988 434 3044; x_wconf 83' lang='lat' dir='ltr'><strong><em>cantilena</em></strong></span> <span class='ocrx_word' id='word_1_337' title='bbox 455 3001 505 3042; x_wconf 85' lang='lat' dir='ltr'><strong><em>sen</em></strong></span> <span class='ocrx_word' id='word_1_338' title='bbox 529 2985 698 3057; x_wconf 85' lang='lat' dir='ltr'><strong><em>qucrimonia</em></strong></span> <span class='ocrx_word' id='word_1_339' title='bbox 715 2984 931 3057; x_wconf 78' lang='lat' dir='ltr'><strong><em>Pelagianorum,</em></strong></span> <span class='ocrx_word' id='word_1_340' title='bbox 987 2988 1075 3056; x_wconf 81' lang='lat' dir='ltr'><strong><em>qualis</em></strong></span> <span class='ocrx_word' id='word_1_341' title='bbox 1083 2986 1787 3057; x_wconf 77' lang='lat' dir='ltr'><strong><em>corporisatquccitiorumpotcstcsscmeimdomiaa,</em></strong></span> 
     </span>
     <span class='ocr_line' id='line_1_30' title="bbox 136 3056 1789 3128; baseline 0.002 -18"><span class='ocrx_word' id='word_1_342' title='bbox 136 3064 168 3113; x_wconf 91' lang='lat' dir='ltr'><strong><em>ut</em></strong></span> <span class='ocrx_word' id='word_1_343' title='bbox 178 3056 246 3113; x_wconf 85' lang='lat' dir='ltr'><strong><em>alias</em></strong></span> <span class='ocrx_word' id='word_1_344' title='bbox 260 3056 364 3113; x_wconf 80' lang='lat' dir='ltr'><strong><em>dicaam</em></strong></span> <span class='ocrx_word' id='word_1_345' title='bbox 377 3065 430 3126; x_wconf 90' lang='lat' dir='ltr'><strong><em>est,</em></strong></span> <span class='ocrx_word' id='word_1_346' title='bbox 443 3056 531 3127; x_wconf 87' lang='lat' dir='ltr'><strong><em>posita</em></strong></span> <span class='ocrx_word' id='word_1_347' title='bbox 544 3056 640 3127; x_wconf 82' lang='lat' dir='ltr'><strong><em>gratim</em></strong></span> <span class='ocrx_word' id='word_1_348' title='bbox 657 3057 831 3124; x_wconf 81' lang='lat' dir='ltr'><strong><em>necessitate,</em></strong></span> <span class='ocrx_word' id='word_1_349' title='bbox 850 3057 934 3113; x_wconf 82' lang='lat' dir='ltr'><strong><em>everti</em></strong></span> <span class='ocrx_word' id='word_1_350' title='bbox 987 3060 1045 3113; x_wconf 89' lang='lat' dir='ltr'><strong><em>neri</em></strong></span> <span class='ocrx_word' id='word_1_351' title='bbox 1055 3061 1105 3113; x_wconf 80' lang='lat' dir='ltr'><strong><em>lici</em></strong></span> <span class='ocrx_word' id='word_1_352' title='bbox 1112 3062 1211 3122; x_wconf 87' lang='lat' dir='ltr'><strong><em>iicsci&#39;a,</em></strong></span> <span class='ocrx_word' id='word_1_353' title='bbox 1224 3074 1271 3113; x_wconf 86' lang='lat' dir='ltr'><strong><em>ricc</em></strong></span> <span class='ocrx_word' id='word_1_354' title='bbox 1284 3058 1342 3127; x_wconf 81' lang='lat' dir='ltr'><strong><em>rjus</em></strong></span> <span class='ocrx_word' id='word_1_355' title='bbox 1357 3061 1470 3128; x_wconf 85' lang='lat' dir='ltr'><strong><em>imperio</em></strong></span> <span class='ocrx_word' id='word_1_356' title='bbox 1484 3059 1650 3127; x_wconf 80' lang='lat' dir='ltr'><strong><em>subJ&#39;upata.</em></strong></span> <span class='ocrx_word' id='word_1_357' title='bbox 1660 3060 1708 3115; x_wconf 83' lang='lat' dir='ltr'><strong><em>sed</em></strong></span> <span class='ocrx_word' id='word_1_358' title='bbox 1720 3060 1789 3113; x_wconf 78' lang='lat' dir='ltr'><strong><em>ritib-</em></strong></span> 
     </span>
     <span class='ocr_line' id='line_1_31' title="bbox 133 3124 1789 3199; baseline 0.002 -16"><span class='ocrx_word' id='word_1_359' title='bbox 133 3140 167 3183; x_wconf 88' lang='lat' dir='ltr'><strong><em>ae</em></strong></span> <span class='ocrx_word' id='word_1_360' title='bbox 181 3125 284 3183; x_wconf 85' lang='lat' dir='ltr'><strong><em>destrui</em></strong></span> <span class='ocrx_word' id='word_1_361' title='bbox 302 3126 417 3183; x_wconf 90' lang='lat' dir='ltr'><strong><em>liborum</em></strong></span> <span class='ocrx_word' id='word_1_362' title='bbox 432 3125 552 3182; x_wconf 85' lang='lat' dir='ltr'><strong><em>bominis</em></strong></span> <span class='ocrx_word' id='word_1_363' title='bbox 568 3124 721 3183; x_wconf 88' lang='lat' dir='ltr'><strong><em>arbitrium.</em></strong></span> <span class='ocrx_word' id='word_1_364' title='bbox 736 3126 871 3197; x_wconf 85' lang='lat' dir='ltr'><strong><em>Qnibuse</em></strong></span> <span class='ocrx_word' id='word_1_365' title='bbox 890 3128 934 3185; x_wconf 90' lang='lat' dir='ltr'><strong><em>dl·</em></strong></span> <span class='ocrx_word' id='word_1_366' title='bbox 988 3128 1789 3199; x_wconf 75' lang='lat' dir='ltr'><strong><em>sr&#39;ssiiin&#39;sdaemoniibuscorrumpcatibusprostitutatProiadi</em></strong></span> 
     </span>
     <span class='ocr_line' id='line_1_32' title="bbox 135 3196 1789 3271; baseline 0.002 -20"><span class='ocrx_word' id='word_1_367' title='bbox 135 3212 214 3255; x_wconf 83' lang='lat' dir='ltr'><strong><em>verso</em></strong></span> <span class='ocrx_word' id='word_1_368' title='bbox 233 3196 399 3269; x_wconf 88' lang='lat' dir='ltr'><strong><em>respondent</em></strong></span> <span class='ocrx_word' id='word_1_369' title='bbox 419 3202 512 3254; x_wconf 81' lang='lat' dir='ltr'><strong><em>Patres</em></strong></span> <span class='ocrx_word' id='word_1_370' title='bbox 530 3213 578 3268; x_wconf 88' lang='lat' dir='ltr'><strong><em>por</em></strong></span> <span class='ocrx_word' id='word_1_371' title='bbox 597 3197 713 3268; x_wconf 87' lang='lat' dir='ltr'><strong><em>gratiam</em></strong></span> <span class='ocrx_word' id='word_1_372' title='bbox 738 3214 796 3255; x_wconf 90' lang='lat' dir='ltr'><strong><em>non</em></strong></span> <span class='ocrx_word' id='word_1_373' title='bbox 818 3197 934 3264; x_wconf 86' lang='lat' dir='ltr'><strong><em>destrui,</em></strong></span> <span class='ocrx_word' id='word_1_374' title='bbox 988 3202 1103 3255; x_wconf 81' lang='lat' dir='ltr'><strong><em>uirtutes</em></strong></span> <span class='ocrx_word' id='word_1_375' title='bbox 1114 3216 1181 3271; x_wconf 80' lang='lat' dir='ltr'><strong><em>quas</em></strong></span> <span class='ocrx_word' id='word_1_376' title='bbox 1188 3202 1242 3256; x_wconf 86' lang='lat' dir='ltr'><strong><em>sibi</em></strong></span> <span class='ocrx_word' id='word_1_377' title='bbox 1250 3202 1348 3256; x_wconf 75' lang='lat' dir='ltr'><strong><em>babai-e</em></strong></span> <span class='ocrx_word' id='word_1_378' title='bbox 1356 3201 1531 3270; x_wconf 75' lang='lat' dir='ltr'><strong><em>antcmr,1icr</em></strong></span> <span class='ocrx_word' id='word_1_379' title='bbox 1540 3216 1612 3271; x_wconf 78' lang='lat' dir='ltr'><strong><em>arias</em></strong></span> <span class='ocrx_word' id='word_1_380' title='bbox 1624 3203 1789 3271; x_wconf 85' lang='lat' dir='ltr'><strong><em>imparatior·</em></strong></span> 
     </span>
     <span class='ocr_line' id='line_1_33' title="bbox 135 3266 1787 3341; baseline 0.002 -14"><span class='ocrx_word' id='word_1_381' title='bbox 135 3268 184 3327; x_wconf 83' lang='lat' dir='ltr'><strong><em>sed</em></strong></span> <span class='ocrx_word' id='word_1_382' title='bbox 202 3268 292 3340; x_wconf 86' lang='lat' dir='ltr'><strong><em>potins</em></strong></span> <span class='ocrx_word' id='word_1_383' title='bbox 310 3268 402 3339; x_wconf 80' lang='lat' dir='ltr'><strong><em>perlici</em></strong></span> <span class='ocrx_word' id='word_1_384' title='bbox 416 3266 533 3325; x_wconf 88' lang='lat' dir='ltr'><strong><em>liberam</em></strong></span> <span class='ocrx_word' id='word_1_385' title='bbox 547 3267 715 3325; x_wconf 89' lang='lat' dir='ltr'><strong><em>arbitrium:</em></strong></span> <span class='ocrx_word' id='word_1_386' title='bbox 736 3269 799 3341; x_wconf 86' lang='lat' dir='ltr'><strong><em>qnia</em></strong></span> <span class='ocrx_word' id='word_1_387' title='bbox 814 3269 888 3341; x_wconf 83' lang='lat' dir='ltr'><strong><em>quad</em></strong></span> <span class='ocrx_word' id='word_1_388' title='bbox 901 3285 935 3325; x_wconf 82' lang='lat' dir='ltr'><strong><em>ex</em></strong></span> <span class='ocrx_word' id='word_1_389' title='bbox 989 3272 1787 3341; x_wconf 78' lang='lat' dir='ltr'><strong><em>parietm&#39;tiii,adquodlibctadipiscendumacitmmduri.</em></strong></span> 
     </span>
     <span class='ocr_line' id='line_1_34' title="bbox 134 3339 1789 3415; baseline 0.001 -18"><span class='ocrx_word' id='word_1_390' title='bbox 134 3349 204 3397; x_wconf 87' lang='lat' dir='ltr'><strong><em>eeet</em></strong></span> <span class='ocrx_word' id='word_1_391' title='bbox 216 3340 273 3397; x_wconf 87' lang='lat' dir='ltr'><strong><em>siris</em></strong></span> <span class='ocrx_word' id='word_1_392' title='bbox 285 3339 390 3397; x_wconf 82' lang='lat' dir='ltr'><strong><em>viribus</em></strong></span> <span class='ocrx_word' id='word_1_393' title='bbox 408 3356 467 3397; x_wconf 93' lang='lat' dir='ltr'><strong><em>non</em></strong></span> <span class='ocrx_word' id='word_1_394' title='bbox 480 3348 579 3411; x_wconf 89' lang='lat' dir='ltr'><strong><em>potest,</em></strong></span> <span class='ocrx_word' id='word_1_395' title='bbox 600 3340 708 3411; x_wconf 78' lang='lat' dir='ltr'><strong><em>perlici</em></strong></span> <span class='ocrx_word' id='word_1_396' title='bbox 727 3342 842 3413; x_wconf 81' lang='lat' dir='ltr'><strong><em>gratiam</em></strong></span> <span class='ocrx_word' id='word_1_397' title='bbox 863 3341 936 3397; x_wconf 92' lang='lat' dir='ltr'><strong><em>acci-</em></strong></span> <span class='ocrx_word' id='word_1_398' title='bbox 989 3345 1046 3397; x_wconf 74' lang='lat' dir='ltr'><strong><em>crisi·</em></strong></span> <span class='ocrx_word' id='word_1_399' title='bbox 1062 3343 1100 3397; x_wconf 89' lang='lat' dir='ltr'><strong><em>ad</em></strong></span> <span class='ocrx_word' id='word_1_400' title='bbox 1117 3347 1202 3399; x_wconf 84' lang='lat' dir='ltr'><strong><em>licum</em></strong></span> <span class='ocrx_word' id='word_1_401' title='bbox 1223 3344 1360 3410; x_wconf 81' lang='lat' dir='ltr'><strong><em>retulerit,</em></strong></span> <span class='ocrx_word' id='word_1_402' title='bbox 1373 3345 1455 3399; x_wconf 78' lang='lat' dir='ltr'><strong><em>ctiam</em></strong></span> <span class='ocrx_word' id='word_1_403' title='bbox 1468 3345 1532 3413; x_wconf 84' lang='lat' dir='ltr'><strong><em>ipsa</em></strong></span> <span class='ocrx_word' id='word_1_404' title='bbox 1544 3346 1618 3398; x_wconf 81' lang='lat' dir='ltr'><strong><em>uitia</em></strong></span> <span class='ocrx_word' id='word_1_405' title='bbox 1637 3344 1789 3415; x_wconf 83' lang='lat' dir='ltr'><strong><em>suntpotiiii</em></strong></span> 
     </span>
     <span class='ocr_line' id='line_1_35' title="bbox 134 3397 1788 3484; baseline 0 -17"><span class='ocrx_word' id='word_1_406' title='bbox 134 3411 175 3483; x_wconf 94' lang='lat' dir='ltr'><strong><em>pit</em></strong></span> <span class='ocrx_word' id='word_1_407' title='bbox 185 3419 217 3468; x_wconf 90' lang='lat' dir='ltr'><strong><em>nt</em></strong></span> <span class='ocrx_word' id='word_1_408' title='bbox 227 3411 322 3483; x_wconf 90' lang='lat' dir='ltr'><strong><em>possit.</em></strong></span> <span class='ocrx_word' id='word_1_409' title='bbox 343 3414 384 3468; x_wconf 86' lang='lat' dir='ltr'><strong><em>lta</em></strong></span> <span class='ocrx_word' id='word_1_410' title='bbox 401 3412 438 3466; x_wconf 80' lang='lat' dir='ltr'><strong><em>l).</em></strong></span> <span class='ocrx_word' id='word_1_411' title='bbox 460 3412 646 3484; x_wconf 86' lang='lat' dir='ltr'><strong><em>Hieronymus</em></strong></span> <span class='ocrx_word' id='word_1_412' title='bbox 660 3412 687 3467; x_wconf 92' lang='lat' dir='ltr'><strong><em>in</em></strong></span> <span class='ocrx_word' id='word_1_413' title='bbox 701 3412 780 3483; x_wconf 85' lang='lat' dir='ltr'><strong><em>epist.</em></strong></span> <span class='ocrx_word' id='word_1_414' title='bbox 795 3410 832 3468; x_wconf 88' lang='lat' dir='ltr'><strong><em>ad</em></strong></span> <span class='ocrx_word' id='word_1_415' title='bbox 851 3412 937 3468; x_wconf 85' lang='lat' dir='ltr'><strong><em>Ctesi·</em></strong></span> <span class='ocrx_word' id='word_1_416' title='bbox 952 3397 975 3460; x_wconf 83' lang='lat' dir='ltr'>C</span> <span class='ocrx_word' id='word_1_417' title='bbox 991 3416 1281 3483; x_wconf 78' lang='lat' dir='ltr'><strong><em>paamcirtutui..tam</em></strong></span> <span class='ocrx_word' id='word_1_418' title='bbox 1291 3416 1353 3469; x_wconf 79' lang='lat' dir='ltr'><strong><em>iani</em></strong></span> <span class='ocrx_word' id='word_1_419' title='bbox 1363 3414 1555 3483; x_wconf 80' lang='lat' dir='ltr'><strong><em>aquibuodum</em></strong></span> <span class='ocrx_word' id='word_1_420' title='bbox 1565 3414 1788 3471; x_wconf 82' lang='lat' dir='ltr'><strong><em>tuucucroectbo·</em></strong></span> 
     </span>
     <span class='ocr_line' id='line_1_36' title="bbox 134 3481 1787 3609; baseline 0.002 -72"><span class='ocrx_word' id='word_1_421' title='bbox 134 3483 270 3609; x_wconf 62' lang='lat' dir='ltr'><strong><em>phantom</em></strong></span> <span class='ocrx_word' id='word_1_422' title='bbox 287 3482 418 3565; x_wconf 77' lang='lat' dir='ltr'><strong><em>adversus</em></strong></span> <span class='ocrx_word' id='word_1_423' title='bbox 440 3482 502 3566; x_wconf 79' lang='lat' dir='ltr'><strong><em>Pela</em></strong></span> <span class='ocrx_word' id='word_1_424' title='bbox 522 3481 657 3566; x_wconf 33' lang='lat' dir='ltr'><strong><em>ianos,·ad</em></strong></span> <span class='ocrx_word' id='word_1_425' title='bbox 676 3481 744 3567; x_wconf 83' lang='lat' dir='ltr'><strong><em>illud</em></strong></span> <span class='ocrx_word' id='word_1_426' title='bbox 761 3483 869 3539; x_wconf 80' lang='lat' dir='ltr'><strong><em>axioma</em></strong></span> <span class='ocrx_word' id='word_1_427' title='bbox 882 3486 936 3567; x_wconf 79' lang='lat' dir='ltr'><strong><em>Pe·</em></strong></span> <span class='ocrx_word' id='word_1_428' title='bbox 989 3490 1070 3540; x_wconf 84' lang='lat' dir='ltr'><strong><em>nesta</em></strong></span> <span class='ocrx_word' id='word_1_429' title='bbox 1076 3488 1398 3567; x_wconf 76' lang='lat' dir='ltr'><strong><em>putantnicssccirtutcs,</em></strong></span> <span class='ocrx_word' id='word_1_430' title='bbox 1405 3485 1509 3539; x_wconf 83' lang='lat' dir='ltr'><strong><em>mmcd</em></strong></span> <span class='ocrx_word' id='word_1_431' title='bbox 1512 3487 1787 3569; x_wconf 70' lang='lat' dir='ltr'><strong><em>scipsaercsamitat.</em></strong></span> 
     </span>
     <span class='ocr_line' id='line_1_37' title="bbox 135 3554 1790 3705; baseline 0.002 -28"><span class='ocrx_word' id='word_1_432' title='bbox 135 3554 938 3693; x_wconf 58' lang='lat' dir='ltr'><strong><em>semimilliarisrisibilitatem</em></strong></span> <span class='ocrx_word' id='word_1_433' title='bbox 989 3556 1566 3705; x_wconf 67' lang='lat' dir='ltr'><strong><em>tiltrbdibtitlilbbitt</em></strong></span> <span class='ocrx_word' id='word_1_434' title='bbox 1576 3560 1790 3697; x_wconf 68' lang='lat' dir='ltr'><strong><em>atatim</em></strong></span> 
     </span>
     <span class='ocr_line' id='line_1_38' title="bbox 134 3694 1789 3837; baseline 0 -16"><span class='ocrx_word' id='word_1_435' title='bbox 134 3694 353 3821; x_wconf 54' lang='lat' dir='ltr'><strong><em>amitiit.</em></strong></span> <span class='ocrx_word' id='word_1_436' title='bbox 363 3696 935 3836; x_wconf 69' lang='lat' dir='ltr'><strong><em>&#39;iiiiii⁸ii.i²it1”tbtiiii</em></strong></span> <span class='ocrx_word' id='word_1_437' title='bbox 989 3695 1789 3837; x_wconf 65' lang='lat' dir='ltr'><strong><em>{lilibeti;i.iail⁰i5iri.ilt⁰itlbtiebfiti</em></strong></span> 
     </span>
    </p>

    <p class='ocr_par' dir='ltr' id='par_1_11' title="bbox 355 3796 1699 3833">
     <span class='ocr_line' id='line_1_39' title="bbox 355 3796 1699 3833; baseline 0.003 -13"><span class='ocrx_word' id='word_1_438' title='bbox 355 3807 361 3820; x_wconf 85' lang='grc' dir='ltr'>ι</span> <span class='ocrx_word' id='word_1_439' title='bbox 565 3805 573 3819; x_wconf 75' lang='grc' dir='ltr'>Ι</span> <span class='ocrx_word' id='word_1_440' title='bbox 662 3806 669 3821; x_wconf 86' lang='grc' dir='ltr'>Ι</span> <span class='ocrx_word' id='word_1_441' title='bbox 732 3807 739 3821; x_wconf 77' lang='grc' dir='ltr'>Ι</span> <span class='ocrx_word' id='word_1_442' title='bbox 925 3796 936 3809; x_wconf 72' lang='grc'><strong><em>·</em></strong></span> <span class='ocrx_word' id='word_1_443' title='bbox 1082 3808 1089 3833; x_wconf 57' lang='grc' dir='ltr'>ἱ</span> <span class='ocrx_word' id='word_1_444' title='bbox 1190 3808 1193 3813; x_wconf 94' lang='grc'><strong>“</strong></span> <span class='ocrx_word' id='word_1_445' title='bbox 1346 3808 1349 3813; x_wconf 91' lang='grc'><strong>’</strong></span> <span class='ocrx_word' id='word_1_446' title='bbox 1690 3807 1699 3821; x_wconf 76' lang='lat'>0</span> 
     </span>
    </p>

    <p class='ocr_par' dir='ltr' id='par_1_12' title="bbox 135 3808 1830 5119">
     <span class='ocr_line' id='line_1_40' title="bbox 137 3808 1791 3921; baseline -0.001 -28"><span class='ocrx_word' id='word_1_447' title='bbox 137 3837 201 3893; x_wconf 84' lang='lat' dir='ltr'><strong><em>beru</em></strong></span> <span class='ocrx_word' id='word_1_448' title='bbox 212 3840 289 3919; x_wconf 83' lang='lat' dir='ltr'><strong><em>tanto</em></strong></span> <span class='ocrx_word' id='word_1_449' title='bbox 301 3837 412 3919; x_wconf 75' lang='lat' dir='ltr'><strong><em>liberior</em></strong></span> <span class='ocrx_word' id='word_1_450' title='bbox 420 3838 625 3919; x_wconf 74' lang='lat' dir='ltr'><strong><em>quantosauior</em></strong></span> <span class='ocrx_word' id='word_1_451' title='bbox 635 3840 730 3919; x_wconf 73' lang='lat' dir='ltr'><strong><em>:tanto</em></strong></span> <span class='ocrx_word' id='word_1_452' title='bbox 742 3842 832 3917; x_wconf 80' lang='lat' dir='ltr'><strong><em>autam</em></strong></span> <span class='ocrx_word' id='word_1_453' title='bbox 843 3840 938 3920; x_wconf 77' lang='lat' dir='ltr'><strong><em>sanior</em></strong></span> <span class='ocrx_word' id='word_1_454' title='bbox 990 3842 1080 3893; x_wconf 81' lang='lat' dir='ltr'><strong><em>autam</em></strong></span> <span class='ocrx_word' id='word_1_455' title='bbox 1090 3842 1121 3892; x_wconf 91' lang='lat' dir='ltr'><strong><em>ut</em></strong></span> <span class='ocrx_word' id='word_1_456' title='bbox 1127 3839 1168 3920; x_wconf 73' lang='lat' dir='ltr'><strong><em>sit</em></strong></span> <span class='ocrx_word' id='word_1_457' title='bbox 1174 3838 1267 3907; x_wconf 79' lang='lat' dir='ltr'><strong><em>jacetur</em></strong></span> <span class='ocrx_word' id='word_1_458' title='bbox 1278 3855 1348 3903; x_wconf 80' lang='lat' dir='ltr'><strong><em>ecre,</em></strong></span> <span class='ocrx_word' id='word_1_459' title='bbox 1361 3842 1417 3895; x_wconf 75' lang='lat' dir='ltr'><strong><em>aiibi</em></strong></span> <span class='ocrx_word' id='word_1_460' title='bbox 1424 3808 1545 3895; x_wconf 62' lang='lat' dir='ltr'><strong><em>iiiuci’tca</em></strong></span> <span class='ocrx_word' id='word_1_461' title='bbox 1552 3840 1612 3910; x_wconf 69' lang='lat' dir='ltr'><strong><em>ilde.</em></strong></span> <span class='ocrx_word' id='word_1_462' title='bbox 1621 3840 1713 3921; x_wconf 72' lang='lat' dir='ltr'><strong><em>iustus</em></strong></span> <span class='ocrx_word' id='word_1_463' title='bbox 1721 3840 1791 3921; x_wconf 77' lang='lat' dir='ltr'><strong><em>caim</em></strong></span> 
     </span>
     <span class='ocr_line' id='line_1_41' title="bbox 135 3906 1790 4053; baseline 0.001 -19"><span class='ocrx_word' id='word_1_464' title='bbox 135 3906 938 4048; x_wconf 61' lang='lat' dir='ltr'><strong><em>titiiinimicitia?destitistiili</em></strong></span> <span class='ocrx_word' id='word_1_465' title='bbox 991 3908 1790 4053; x_wconf 50' lang='lat' dir='ltr'><strong><em>iiiiieliasibi-‘iilmedietatatem&amp;</em></strong></span> 
     </span>
     <span class='ocr_line' id='line_1_42' title="bbox 136 4050 1785 4123; baseline 0.001 -18"><span class='ocrx_word' id='word_1_466' title='bbox 136 4054 201 4105; x_wconf 85' lang='lat' dir='ltr'><strong><em>tur:</em></strong></span> <span class='ocrx_word' id='word_1_467' title='bbox 214 4050 262 4105; x_wconf 86' lang='lat' dir='ltr'><strong><em>sed</em></strong></span> <span class='ocrx_word' id='word_1_468' title='bbox 270 4050 462 4119; x_wconf 74' lang='lat' dir='ltr'><strong><em>nicojuaalur,</em></strong></span> <span class='ocrx_word' id='word_1_469' title='bbox 473 4052 540 4119; x_wconf 81' lang='lat' dir='ltr'><strong><em>quiri</em></strong></span> <span class='ocrx_word' id='word_1_470' title='bbox 552 4065 606 4105; x_wconf 84' lang='lat' dir='ltr'><strong><em>iton</em></strong></span> <span class='ocrx_word' id='word_1_471' title='bbox 614 4051 726 4105; x_wconf 83' lang='lat' dir='ltr'><strong><em>tollitur.</em></strong></span> <span class='ocrx_word' id='word_1_472' title='bbox 738 4050 792 4117; x_wconf 81' lang='lat' dir='ltr'><strong><em>Qui</em></strong></span> <span class='ocrx_word' id='word_1_473' title='bbox 800 4052 872 4105; x_wconf 77' lang='lat' dir='ltr'><strong><em>istim</em></strong></span> <span class='ocrx_word' id='word_1_474' title='bbox 885 4052 938 4105; x_wconf 81' lang='lat' dir='ltr'><strong><em>Dec</em></strong></span> <span class='ocrx_word' id='word_1_475' title='bbox 992 4053 1031 4105; x_wconf 89' lang='lat' dir='ltr'><strong><em>rit</em></strong></span> <span class='ocrx_word' id='word_1_476' title='bbox 1044 4051 1190 4121; x_wconf 75' lang='lat' dir='ltr'><strong><em>nitidulam,</em></strong></span> <span class='ocrx_word' id='word_1_477' title='bbox 1199 4052 1307 4122; x_wconf 76' lang='lat' dir='ltr'><strong><em>justum</em></strong></span> <span class='ocrx_word' id='word_1_478' title='bbox 1318 4053 1421 4108; x_wconf 78' lang='lat' dir='ltr'><strong><em>dicerit</em></strong></span> <span class='ocrx_word' id='word_1_479' title='bbox 1431 4055 1560 4123; x_wconf 78' lang='lat' dir='ltr'><strong><em>impium,</em></strong></span> <span class='ocrx_word' id='word_1_480' title='bbox 1572 4054 1684 4123; x_wconf 79' lang='lat' dir='ltr'><strong><em>jmmn</em></strong></span> <span class='ocrx_word' id='word_1_481' title='bbox 1694 4052 1785 4107; x_wconf 72' lang='lat' dir='ltr'><strong><em>dirimi</em></strong></span> 
     </span>
     <span class='ocr_line' id='line_1_43' title="bbox 135 4119 1788 4193; baseline 0.001 -17"><span class='ocrx_word' id='word_1_482' title='bbox 135 4120 443 4192; x_wconf 59' lang='lat' dir='ltr'><strong><em>decimumnonum</em></strong></span> <span class='ocrx_word' id='word_1_483' title='bbox 459 4126 523 4183; x_wconf 89' lang='lat' dir='ltr'><strong><em>csta,</em></strong></span> <span class='ocrx_word' id='word_1_484' title='bbox 545 4122 687 4193; x_wconf 74' lang='lat' dir='ltr'><strong><em>conflictui·</em></strong></span> <span class='ocrx_word' id='word_1_485' title='bbox 700 4136 727 4175; x_wconf 84' lang='lat' dir='ltr'><strong><em>sa</em></strong></span> <span class='ocrx_word' id='word_1_486' title='bbox 745 4122 810 4175; x_wconf 82' lang='lat' dir='ltr'><strong><em>ralla</em></strong></span> <span class='ocrx_word' id='word_1_487' title='bbox 827 4119 939 4191; x_wconf 84' lang='lat' dir='ltr'><strong><em>implero</em></strong></span> <span class='ocrx_word' id='word_1_488' title='bbox 992 4123 1311 4193; x_wconf 77' lang='lat' dir='ltr'><strong><em>diabalomaiicipatum?</em></strong></span> <span class='ocrx_word' id='word_1_489' title='bbox 1328 4125 1367 4180; x_wconf 88' lang='lat' dir='ltr'><strong><em>sit</em></strong></span> <span class='ocrx_word' id='word_1_490' title='bbox 1386 4126 1445 4179; x_wconf 85' lang='lat' dir='ltr'><strong><em>iioct</em></strong></span> <span class='ocrx_word' id='word_1_491' title='bbox 1460 4126 1505 4180; x_wconf 83' lang='lat' dir='ltr'><strong><em>itia</em></strong></span> <span class='ocrx_word' id='word_1_492' title='bbox 1518 4126 1676 4189; x_wconf 79' lang='lat' dir='ltr'><strong><em>Fabricius,</em></strong></span> <span class='ocrx_word' id='word_1_493' title='bbox 1689 4126 1726 4180; x_wconf 85' lang='lat' dir='ltr'><strong><em>sit</em></strong></span> <span class='ocrx_word' id='word_1_494' title='bbox 1738 4124 1788 4177; x_wconf 84' lang='lat' dir='ltr'><strong><em>liert</em></strong></span> 
     </span>
     <span class='ocr_line' id='line_1_44' title="bbox 135 4190 1786 4264; baseline -0.001 -16"><span class='ocrx_word' id='word_1_495' title='bbox 135 4192 315 4262; x_wconf 70' lang='lat' dir='ltr'><strong><em>pnodjmsitr</em></strong></span> <span class='ocrx_word' id='word_1_496' title='bbox 333 4192 381 4248; x_wconf 86' lang='lat' dir='ltr'><strong><em>scd</em></strong></span> <span class='ocrx_word' id='word_1_497' title='bbox 396 4192 430 4247; x_wconf 88' lang='lat' dir='ltr'><strong><em>ab</em></strong></span> <span class='ocrx_word' id='word_1_498' title='bbox 446 4208 475 4248; x_wconf 91' lang='lat' dir='ltr'><strong><em>co</em></strong></span> <span class='ocrx_word' id='word_1_499' title='bbox 489 4194 540 4262; x_wconf 81' lang='lat' dir='ltr'><strong><em>qui</em></strong></span> <span class='ocrx_word' id='word_1_500' title='bbox 548 4192 636 4263; x_wconf 71' lang='lat' dir='ltr'><strong><em>jussit</em></strong></span> <span class='ocrx_word' id='word_1_501' title='bbox 650 4192 818 4261; x_wconf 75' lang='lat' dir='ltr'><strong><em>adjutorium</em></strong></span> <span class='ocrx_word' id='word_1_502' title='bbox 833 4208 939 4263; x_wconf 76' lang='lat' dir='ltr'><strong><em>piosccia</em></strong></span> <span class='ocrx_word' id='word_1_503' title='bbox 992 4194 1104 4257; x_wconf 85' lang='lat' dir='ltr'><strong><em>Fabius,</em></strong></span> <span class='ocrx_word' id='word_1_504' title='bbox 1116 4196 1152 4249; x_wconf 85' lang='lat' dir='ltr'><strong><em>sit</em></strong></span> <span class='ocrx_word' id='word_1_505' title='bbox 1162 4196 1327 4264; x_wconf 77' lang='lat' dir='ltr'><strong><em>licctScipio‚</em></strong></span> <span class='ocrx_word' id='word_1_506' title='bbox 1337 4196 1583 4263; x_wconf 66' lang='lat' dir='ltr'><strong><em>carminaretur,</em></strong></span> <span class='ocrx_word' id='word_1_507' title='bbox 1594 4204 1651 4253; x_wconf 72' lang='lat' dir='ltr'><strong><em>etr„</em></strong></span> <span class='ocrx_word' id='word_1_508' title='bbox 1666 4190 1786 4251; x_wconf 78' lang='lat' dir='ltr'><strong><em>litinlrr:</em></strong></span> 
     </span>
     <span class='ocr_line' id='line_1_45' title="bbox 135 4263 1788 4335; baseline 0 -18"><span class='ocrx_word' id='word_1_509' title='bbox 135 4266 272 4333; x_wconf 84' lang='lat' dir='ltr'><strong><em>utpossit.</em></strong></span> <span class='ocrx_word' id='word_1_510' title='bbox 286 4263 361 4320; x_wconf 89' lang='lat' dir='ltr'><strong><em>ldom</em></strong></span> <span class='ocrx_word' id='word_1_511' title='bbox 375 4264 457 4332; x_wconf 83' lang='lat' dir='ltr'><strong><em>epist.</em></strong></span> <span class='ocrx_word' id='word_1_512' title='bbox 474 4267 544 4318; x_wconf 75' lang='lat' dir='ltr'><strong><em>iot:</em></strong></span> <span class='ocrx_word' id='word_1_513' title='bbox 561 4263 637 4330; x_wconf 83' lang='lat' dir='ltr'><strong><em>Quod</em></strong></span> <span class='ocrx_word' id='word_1_514' title='bbox 652 4268 754 4333; x_wconf 86' lang='lat' dir='ltr'><strong><em>putant</em></strong></span> <span class='ocrx_word' id='word_1_515' title='bbox 770 4264 878 4329; x_wconf 73' lang='lat' dir='ltr'><strong><em>auferii</em></strong></span> <span class='ocrx_word' id='word_1_516' title='bbox 886 4264 939 4319; x_wconf 83' lang='lat' dir='ltr'><strong><em>sibi</em></strong></span> <span class='ocrx_word' id='word_1_517' title='bbox 992 4265 1120 4319; x_wconf 79' lang='lat' dir='ltr'><strong><em>Abritai</em></strong></span> <span class='ocrx_word' id='word_1_518' title='bbox 1137 4267 1249 4320; x_wconf 77' lang='lat' dir='ltr'><strong><em>virtutes</em></strong></span> <span class='ocrx_word' id='word_1_519' title='bbox 1267 4282 1338 4320; x_wconf 80' lang='lat' dir='ltr'><strong><em>reim</em></strong></span> <span class='ocrx_word' id='word_1_520' title='bbox 1361 4267 1488 4335; x_wconf 74' lang='lat' dir='ltr'><strong><em>arrianum</em></strong></span> <span class='ocrx_word' id='word_1_521' title='bbox 1500 4270 1636 4335; x_wconf 77' lang='lat' dir='ltr'><strong><em>summu,</em></strong></span> <span class='ocrx_word' id='word_1_522' title='bbox 1650 4282 1704 4323; x_wconf 81' lang='lat' dir='ltr'><strong><em>nisi</em></strong></span> <span class='ocrx_word' id='word_1_523' title='bbox 1721 4266 1788 4321; x_wconf 87' lang='lat' dir='ltr'><strong><em>illirt</em></strong></span> 
     </span>
     <span class='ocr_line' id='line_1_46' title="bbox 136 4333 1786 4404; baseline 0.001 -17"><span class='ocrx_word' id='word_1_524' title='bbox 136 4333 252 4388; x_wconf 83' lang='lat' dir='ltr'><strong><em>liberum</em></strong></span> <span class='ocrx_word' id='word_1_525' title='bbox 259 4335 417 4400; x_wconf 73' lang='lat' dir='ltr'><strong><em>arbitrium,</em></strong></span> <span class='ocrx_word' id='word_1_526' title='bbox 423 4336 499 4388; x_wconf 88' lang='lat' dir='ltr'><strong><em>siiicc</em></strong></span> <span class='ocrx_word' id='word_1_527' title='bbox 505 4336 592 4402; x_wconf 84' lang='lat' dir='ltr'><strong><em>ipsam</em></strong></span> <span class='ocrx_word' id='word_1_528' title='bbox 602 4334 697 4388; x_wconf 76' lang='lat' dir='ltr'><strong><em>basuini</em></strong></span> <span class='ocrx_word' id='word_1_529' title='bbox 707 4335 872 4389; x_wconf 77' lang='lat' dir='ltr'><strong><em>uoluntatem</em></strong></span> <span class='ocrx_word' id='word_1_530' title='bbox 881 4337 939 4389; x_wconf 83' lang='lat' dir='ltr'><strong><em>siric</em></strong></span> <span class='ocrx_word' id='word_1_531' title='bbox 989 4340 1101 4404; x_wconf 74' lang='lat' dir='ltr'><strong><em>prepter</em></strong></span> <span class='ocrx_word' id='word_1_532' title='bbox 1110 4336 1186 4389; x_wconf 87' lang='lat' dir='ltr'><strong><em>ilium</em></strong></span> <span class='ocrx_word' id='word_1_533' title='bbox 1195 4337 1359 4391; x_wconf 81' lang='lat' dir='ltr'><strong><em>cuidicimus</em></strong></span> <span class='ocrx_word' id='word_1_534' title='bbox 1369 4355 1375 4390; x_wconf 94' lang='lat'>:</span> <span class='ocrx_word' id='word_1_535' title='bbox 1387 4339 1612 4401; x_wconf 73' lang='lat' dir='ltr'><strong><em>timaristutum,</em></strong></span> <span class='ocrx_word' id='word_1_536' title='bbox 1627 4344 1786 4393; x_wconf 77' lang='lat' dir='ltr'><strong><em>cmmertriioi</em></strong></span> 
     </span>
     <span class='ocr_line' id='line_1_47' title="bbox 135 4404 1786 4477; baseline 0.002 -20"><span class='ocrx_word' id='word_1_537' title='bbox 135 4404 273 4469; x_wconf 63' lang='lat' dir='ltr'><strong><em>adiutorio</em></strong></span> <span class='ocrx_word' id='word_1_538' title='bbox 285 4406 336 4457; x_wconf 84' lang='lat' dir='ltr'><strong><em>lici</em></strong></span> <span class='ocrx_word' id='word_1_539' title='bbox 345 4404 478 4457; x_wconf 85' lang='lat' dir='ltr'><strong><em>bominem</em></strong></span> <span class='ocrx_word' id='word_1_540' title='bbox 490 4404 587 4457; x_wconf 79' lang='lat' dir='ltr'><strong><em>liuban</em></strong></span> <span class='ocrx_word' id='word_1_541' title='bbox 598 4407 787 4467; x_wconf 77' lang='lat' dir='ltr'><strong><em>conseruerint,</em></strong></span> <span class='ocrx_word' id='word_1_542' title='bbox 798 4420 851 4459; x_wconf 89' lang='lat' dir='ltr'><strong><em>non</em></strong></span> <span class='ocrx_word' id='word_1_543' title='bbox 859 4406 939 4459; x_wconf 82' lang='lat' dir='ltr'><strong><em>r&#39;iitct·</em></strong></span> <span class='ocrx_word' id='word_1_544' title='bbox 994 4406 1077 4475; x_wconf 82' lang='lat' dir='ltr'><strong><em>(Psoi.</em></strong></span> <span class='ocrx_word' id='word_1_545' title='bbox 1092 4406 1208 4474; x_wconf 75' lang='lat' dir='ltr'><strong><em>cxxix).</em></strong></span> <span class='ocrx_word' id='word_1_546' title='bbox 1222 4408 1338 4463; x_wconf 73' lang='lat' dir='ltr'><strong><em>Pridiuir</em></strong></span> <span class='ocrx_word' id='word_1_547' title='bbox 1350 4409 1474 4472; x_wconf 77' lang='lat' dir='ltr'><strong><em>virtutos,</em></strong></span> <span class='ocrx_word' id='word_1_548' title='bbox 1485 4424 1549 4477; x_wconf 83' lang='lat' dir='ltr'><strong><em>quoe</em></strong></span> <span class='ocrx_word' id='word_1_549' title='bbox 1557 4408 1716 4465; x_wconf 81' lang='lat' dir='ltr'><strong><em>carimli&#39;brat</em></strong></span> <span class='ocrx_word' id='word_1_550' title='bbox 1728 4406 1786 4461; x_wconf 82' lang='lat' dir='ltr'><strong><em>delr-</em></strong></span> 
     </span>
     <span class='ocr_line' id='line_1_48' title="bbox 137 4471 1787 4548; baseline 0.006 -23"><span class='ocrx_word' id='word_1_551' title='bbox 137 4471 226 4539; x_wconf 81' lang='lat' dir='ltr'><strong><em>lipuiit</em></strong></span> <span class='ocrx_word' id='word_1_552' title='bbox 241 4486 295 4526; x_wconf 88' lang='lat' dir='ltr'><strong><em>non</em></strong></span> <span class='ocrx_word' id='word_1_553' title='bbox 307 4486 334 4525; x_wconf 88' lang='lat' dir='ltr'><strong><em>sa</em></strong></span> <span class='ocrx_word' id='word_1_554' title='bbox 346 4474 454 4539; x_wconf 75' lang='lat' dir='ltr'><strong><em>firmiore</em></strong></span> <span class='ocrx_word' id='word_1_555' title='bbox 468 4474 617 4527; x_wconf 80' lang='lat' dir='ltr'><strong><em>brumarium</em></strong></span> <span class='ocrx_word' id='word_1_556' title='bbox 624 4476 778 4537; x_wconf 76' lang='lat' dir='ltr'><strong><em>arbitrium,</em></strong></span> <span class='ocrx_word' id='word_1_557' title='bbox 787 4476 834 4529; x_wconf 85' lang='lat' dir='ltr'><strong><em>scd</em></strong></span> <span class='ocrx_word' id='word_1_558' title='bbox 846 4476 940 4545; x_wconf 86' lang='lat' dir='ltr'><strong><em>impei-</em></strong></span> <span class='ocrx_word' id='word_1_559' title='bbox 993 4476 1166 4542; x_wconf 86' lang='lat' dir='ltr'><strong><em>ctationibus,</em></strong></span> <span class='ocrx_word' id='word_1_560' title='bbox 1180 4478 1221 4531; x_wconf 84' lang='lat' dir='ltr'><strong><em>rci</em></strong></span> <span class='ocrx_word' id='word_1_561' title='bbox 1239 4480 1388 4548; x_wconf 76' lang='lat' dir='ltr'><strong><em>arcibusque</em></strong></span> <span class='ocrx_word' id='word_1_562' title='bbox 1401 4478 1546 4534; x_wconf 85' lang='lat' dir='ltr'><strong><em>coaimudi&#39;s</em></strong></span> <span class='ocrx_word' id='word_1_563' title='bbox 1569 4485 1597 4535; x_wconf 89' lang='lat' dir='ltr'><strong><em>ct</em></strong></span> <span class='ocrx_word' id='word_1_564' title='bbox 1619 4480 1787 4535; x_wconf 77' lang='lat' dir='ltr'><strong><em>cmotuucat&#39;n</em></strong></span> 
     </span>
     <span class='ocr_line' id='line_1_49' title="bbox 136 4538 1786 4621; baseline 0.004 -25"><span class='ocrx_word' id='word_1_565' title='bbox 136 4538 203 4605; x_wconf 85' lang='lat' dir='ltr'><strong><em>iere,</em></strong></span> <span class='ocrx_word' id='word_1_566' title='bbox 217 4546 248 4595; x_wconf 90' lang='lat' dir='ltr'><strong><em>ut</em></strong></span> <span class='ocrx_word' id='word_1_567' title='bbox 255 4542 404 4611; x_wconf 71' lang='lat' dir='ltr'><strong><em>peremnia</em></strong></span> <span class='ocrx_word' id='word_1_568' title='bbox 413 4543 530 4607; x_wconf 79' lang='lat' dir='ltr'><strong><em>seratur,</em></strong></span> <span class='ocrx_word' id='word_1_569' title='bbox 539 4558 593 4596; x_wconf 86' lang='lat' dir='ltr'><strong><em>noa</em></strong></span> <span class='ocrx_word' id='word_1_570' title='bbox 603 4546 632 4595; x_wconf 89' lang='lat' dir='ltr'><strong><em>iu</em></strong></span> <span class='ocrx_word' id='word_1_571' title='bbox 644 4546 755 4599; x_wconf 85' lang='lat' dir='ltr'><strong><em>bomine</em></strong></span> <span class='ocrx_word' id='word_1_572' title='bbox 763 4550 901 4613; x_wconf 80' lang='lat' dir='ltr'><strong><em>tamquam</em></strong></span> <span class='ocrx_word' id='word_1_573' title='bbox 910 4549 939 4601; x_wconf 89' lang='lat' dir='ltr'><strong><em>iu</em></strong></span> <span class='ocrx_word' id='word_1_574' title='bbox 993 4548 1185 4616; x_wconf 84' lang='lat' dir='ltr'><strong><em>tmnpcraiibus</em></strong></span> <span class='ocrx_word' id='word_1_575' title='bbox 1195 4551 1325 4611; x_wconf 79' lang='lat' dir='ltr'><strong><em>seminat,</em></strong></span> <span class='ocrx_word' id='word_1_576' title='bbox 1338 4564 1409 4604; x_wconf 82' lang='lat' dir='ltr'><strong><em>aera</em></strong></span> <span class='ocrx_word' id='word_1_577' title='bbox 1416 4564 1528 4619; x_wconf 79' lang='lat' dir='ltr'><strong><em>proretis</em></strong></span> <span class='ocrx_word' id='word_1_578' title='bbox 1542 4565 1666 4607; x_wconf 79' lang='lat' dir='ltr'><strong><em>essenon</em></strong></span> <span class='ocrx_word' id='word_1_579' title='bbox 1676 4554 1786 4621; x_wconf 73' lang='lat' dir='ltr'><strong><em>passima</em></strong></span> 
     </span>
     <span class='ocr_line' id='line_1_50' title="bbox 135 4612 1785 4692; baseline 0.004 -24"><span class='ocrx_word' id='word_1_580' title='bbox 135 4616 213 4684; x_wconf 83' lang='lat' dir='ltr'><strong><em>petra</em></strong></span> <span class='ocrx_word' id='word_1_581' title='bbox 220 4612 315 4669; x_wconf 86' lang='lat' dir='ltr'><strong><em>stabili</em></strong></span> <span class='ocrx_word' id='word_1_582' title='bbox 322 4612 471 4668; x_wconf 84' lang='lat' dir='ltr'><strong><em>collocatur.</em></strong></span> <span class='ocrx_word' id='word_1_583' title='bbox 484 4615 610 4683; x_wconf 88' lang='lat' dir='ltr'><strong><em>Prosper.</em></strong></span> <span class='ocrx_word' id='word_1_584' title='bbox 621 4628 680 4682; x_wconf 88' lang='lat' dir='ltr'><strong><em>cap.</em></strong></span> <span class='ocrx_word' id='word_1_585' title='bbox 691 4621 724 4668; x_wconf 78' lang='lat'><strong><em>³8</em></strong></span> <span class='ocrx_word' id='word_1_586' title='bbox 734 4614 864 4669; x_wconf 87' lang='lat' dir='ltr'><strong><em>adversus</em></strong></span> <span class='ocrx_word' id='word_1_587' title='bbox 875 4616 938 4671; x_wconf 88' lang='lat' dir='ltr'><strong><em>Cal-</em></strong></span> <span class='ocrx_word' id='word_1_588' title='bbox 994 4618 1058 4684; x_wconf 79' lang='lat' dir='ltr'><strong><em>Oua</em></strong></span> <span class='ocrx_word' id='word_1_589' title='bbox 1068 4624 1158 4673; x_wconf 81' lang='lat' dir='ltr'><strong><em>autam</em></strong></span> <span class='ocrx_word' id='word_1_590' title='bbox 1165 4620 1236 4673; x_wconf 86' lang='lat' dir='ltr'><strong><em>nulii</em></strong></span> <span class='ocrx_word' id='word_1_591' title='bbox 1246 4622 1287 4674; x_wconf 90' lang='lat' dir='ltr'><strong><em>rei</em></strong></span> <span class='ocrx_word' id='word_1_592' title='bbox 1295 4622 1394 4675; x_wconf 82' lang='lat' dir='ltr'><strong><em>rrrnirc</em></strong></span> <span class='ocrx_word' id='word_1_593' title='bbox 1403 4621 1558 4688; x_wconf 69' lang='lat' dir='ltr'><strong><em>reluctare</em></strong></span> <span class='ocrx_word' id='word_1_594' title='bbox 1567 4624 1639 4692; x_wconf 79' lang='lat' dir='ltr'><strong><em>ipsae</em></strong></span> <span class='ocrx_word' id='word_1_595' title='bbox 1648 4638 1713 4678; x_wconf 66' lang='lat' dir='ltr'><strong><em>ttcroe</em></strong></span> <span class='ocrx_word' id='word_1_596' title='bbox 1721 4626 1785 4675; x_wconf 81' lang='lat' dir='ltr'><strong><em>auid.</em></strong></span> 
     </span>
     <span class='ocr_line' id='line_1_51' title="bbox 137 4684 1786 4761; baseline 0.003 -20"><span class='ocrx_word' id='word_1_597' title='bbox 137 4686 250 4741; x_wconf 84' lang='lat' dir='ltr'><strong><em>latorcin</em></strong></span> <span class='ocrx_word' id='word_1_598' title='bbox 258 4686 332 4743; x_wconf 87' lang='lat' dir='ltr'><strong><em>:Nou</em></strong></span> <span class='ocrx_word' id='word_1_599' title='bbox 344 4684 485 4740; x_wconf 84' lang='lat' dir='ltr'><strong><em>uniturbat</em></strong></span> <span class='ocrx_word' id='word_1_600' title='bbox 494 4699 541 4739; x_wconf 86' lang='lat' dir='ltr'><strong><em>iios</em></strong></span> <span class='ocrx_word' id='word_1_601' title='bbox 552 4684 761 4753; x_wconf 80' lang='lat' dir='ltr'><strong><em>superbientium</em></strong></span> <span class='ocrx_word' id='word_1_602' title='bbox 770 4686 861 4756; x_wconf 80' lang='lat' dir='ltr'><strong><em>triepta</em></strong></span> <span class='ocrx_word' id='word_1_603' title='bbox 873 4702 940 4755; x_wconf 84' lang='lat' dir='ltr'><strong><em>quc·</em></strong></span> <span class='ocrx_word' id='word_1_604' title='bbox 998 4690 1072 4743; x_wconf 85' lang='lat' dir='ltr'><strong><em>l&#39;crae</em></strong></span> <span class='ocrx_word' id='word_1_605' title='bbox 1080 4691 1179 4759; x_wconf 83' lang='lat' dir='ltr'><strong><em>qriippc</em></strong></span> <span class='ocrx_word' id='word_1_606' title='bbox 1184 4692 1295 4747; x_wconf 83' lang='lat' dir='ltr'><strong><em>uirtutes</em></strong></span> <span class='ocrx_word' id='word_1_607' title='bbox 1304 4696 1356 4747; x_wconf 78' lang='lat' dir='ltr'><strong><em>lieo</em></strong></span> <span class='ocrx_word' id='word_1_608' title='bbox 1368 4694 1489 4747; x_wconf 87' lang='lat' dir='ltr'><strong><em>scroiuiit</em></strong></span> <span class='ocrx_word' id='word_1_609' title='bbox 1501 4694 1530 4745; x_wconf 89' lang='lat' dir='ltr'><strong><em>in</em></strong></span> <span class='ocrx_word' id='word_1_610' title='bbox 1539 4693 1705 4755; x_wconf 74' lang='lat' dir='ltr'><strong><em>accitionibus,</em></strong></span> <span class='ocrx_word' id='word_1_611' title='bbox 1715 4708 1732 4747; x_wconf 89' lang='lat' dir='ltr'><strong><em>a</em></strong></span> <span class='ocrx_word' id='word_1_612' title='bbox 1743 4704 1786 4761; x_wconf 83' lang='lat' dir='ltr'><strong><em>put</em></strong></span> 
     </span>
     <span class='ocr_line' id='line_1_52' title="bbox 137 4756 1786 4827; baseline 0.005 -15"><span class='ocrx_word' id='word_1_613' title='bbox 137 4759 265 4821; x_wconf 83' lang='lat' dir='ltr'><strong><em>rinionia,</em></strong></span> <span class='ocrx_word' id='word_1_614' title='bbox 275 4756 453 4827; x_wconf 80' lang='lat' dir='ltr'><strong><em>quotibcinim</em></strong></span> <span class='ocrx_word' id='word_1_615' title='bbox 465 4756 611 4811; x_wconf 77' lang='lat' dir='ltr'><strong><em>arbitrium</em></strong></span> <span class='ocrx_word' id='word_1_616' title='bbox 621 4760 767 4811; x_wconf 78' lang='lat' dir='ltr'><strong><em>causantur</em></strong></span> <span class='ocrx_word' id='word_1_617' title='bbox 775 4758 884 4821; x_wconf 75' lang='lat' dir='ltr'><strong><em>auferri</em></strong></span> <span class='ocrx_word' id='word_1_618' title='bbox 894 4776 902 4821; x_wconf 86' lang='lat'><strong>;</strong></span> <span class='ocrx_word' id='word_1_619' title='bbox 914 4761 940 4815; x_wconf 83' lang='lat' dir='ltr'><strong><em>si</em></strong></span> <span class='ocrx_word' id='word_1_620' title='bbox 994 4760 1130 4815; x_wconf 74' lang='lat' dir='ltr'><strong><em>clamitatur</em></strong></span> <span class='ocrx_word' id='word_1_621' title='bbox 1143 4762 1303 4817; x_wconf 83' lang='lat' dir='ltr'><strong><em>bominibus.</em></strong></span> <span class='ocrx_word' id='word_1_622' title='bbox 1318 4762 1426 4819; x_wconf 82' lang='lat' dir='ltr'><strong><em>limcde</em></strong></span> <span class='ocrx_word' id='word_1_623' title='bbox 1437 4762 1586 4819; x_wconf 79' lang='lat' dir='ltr'><strong><em>virtutibus</em></strong></span> <span class='ocrx_word' id='word_1_624' title='bbox 1601 4764 1631 4821; x_wconf 91' lang='lat' dir='ltr'><strong><em>in</em></strong></span> <span class='ocrx_word' id='word_1_625' title='bbox 1646 4764 1786 4821; x_wconf 74' lang='lat' dir='ltr'><strong><em>antinum</em></strong></span> 
     </span>
     <span class='ocr_line' id='line_1_53' title="bbox 138 4828 1830 4903; baseline 0.002 -20"><span class='ocrx_word' id='word_1_626' title='bbox 138 4830 321 4898; x_wconf 77' lang='lat' dir='ltr'><strong><em>ciprincipim</em></strong></span> <span class='ocrx_word' id='word_1_627' title='bbox 336 4830 521 4898; x_wconf 77' lang='lat' dir='ltr'><strong><em>ciproscctus,</em></strong></span> <span class='ocrx_word' id='word_1_628' title='bbox 535 4828 938 4897; x_wconf 81' lang='lat' dir='ltr'><strong><em>rtpciscncraiitiaiabimisns·</em></strong></span> <span class='ocrx_word' id='word_1_629' title='bbox 995 4832 1032 4885; x_wconf 89' lang='lat' dir='ltr'><strong><em>D.</em></strong></span> <span class='ocrx_word' id='word_1_630' title='bbox 1059 4832 1237 4903; x_wconf 82' lang='lat' dir='ltr'><strong><em>Augustinus.</em></strong></span> <span class='ocrx_word' id='word_1_631' title='bbox 1253 4834 1338 4888; x_wconf 93' lang='lat' dir='ltr'><strong><em>Porro</em></strong></span> <span class='ocrx_word' id='word_1_632' title='bbox 1356 4832 1391 4889; x_wconf 87' lang='lat' dir='ltr'><strong><em>dc</em></strong></span> <span class='ocrx_word' id='word_1_633' title='bbox 1411 4833 1582 4889; x_wconf 88' lang='lat' dir='ltr'><strong><em>continentia</em></strong></span> <span class='ocrx_word' id='word_1_634' title='bbox 1602 4850 1656 4893; x_wconf 88' lang='lat' dir='ltr'><strong><em>scu</em></strong></span> <span class='ocrx_word' id='word_1_635' title='bbox 1678 4834 1787 4891; x_wconf 68' lang='lat' dir='ltr'><strong><em>mettin</em></strong></span> <span class='ocrx_word' id='word_1_636' title='bbox 1827 4836 1830 4843; x_wconf 91' lang='lat'>&#39;</span> 
     </span>
     <span class='ocr_line' id='line_1_54' title="bbox 137 4898 1787 4973; baseline 0.005 -23"><span class='ocrx_word' id='word_1_637' title='bbox 137 4898 671 4968; x_wconf 69' lang='lat' dir='ltr'><strong><em>puciiitlacm,&#39;licidonacssedicaatui·:</em></strong></span> <span class='ocrx_word' id='word_1_638' title='bbox 684 4899 941 4970; x_wconf 81' lang='lat' dir='ltr'><strong><em>quoiiiamOpitula·</em></strong></span> <span class='ocrx_word' id='word_1_639' title='bbox 994 4902 1132 4973; x_wconf 85' lang='lat' dir='ltr'><strong><em>speciatim</em></strong></span> <span class='ocrx_word' id='word_1_640' title='bbox 1156 4903 1230 4959; x_wconf 88' lang='lat' dir='ltr'><strong><em>idem</em></strong></span> <span class='ocrx_word' id='word_1_641' title='bbox 1249 4902 1330 4959; x_wconf 89' lang='lat' dir='ltr'><strong><em>docet</em></strong></span> <span class='ocrx_word' id='word_1_642' title='bbox 1352 4903 1448 4960; x_wconf 85' lang='lat' dir='ltr'><strong><em>andern</em></strong></span> <span class='ocrx_word' id='word_1_643' title='bbox 1476 4903 1551 4972; x_wconf 89' lang='lat' dir='ltr'><strong><em>loco,</em></strong></span> <span class='ocrx_word' id='word_1_644' title='bbox 1566 4906 1645 4963; x_wconf 91' lang='lat' dir='ltr'><strong><em>inter</em></strong></span> <span class='ocrx_word' id='word_1_645' title='bbox 1664 4906 1715 4963; x_wconf 84' lang='lat' dir='ltr'><strong><em>alia</em></strong></span> <span class='ocrx_word' id='word_1_646' title='bbox 1731 4900 1787 4959; x_wconf 74' lang='lat' dir='ltr'><strong><em>ieri</em></strong></span> 
     </span>
     <span class='ocr_line' id='line_1_55' title="bbox 138 4966 1787 5049; baseline 0.007 -26"><span class='ocrx_word' id='word_1_647' title='bbox 138 4966 228 5023; x_wconf 71' lang='lat' dir='ltr'><strong><em>nones</em></strong></span> <span class='ocrx_word' id='word_1_648' title='bbox 256 4967 355 5023; x_wconf 82' lang='lat' dir='ltr'><strong><em>divinm</em></strong></span> <span class='ocrx_word' id='word_1_649' title='bbox 382 4970 475 5041; x_wconf 70' lang='lat' dir='ltr'><strong><em>maim</em></strong></span> <span class='ocrx_word' id='word_1_650' title='bbox 496 4968 680 5027; x_wconf 89' lang='lat' dir='ltr'><strong><em>stabilimenta</em></strong></span> <span class='ocrx_word' id='word_1_651' title='bbox 705 4978 771 5029; x_wconf 88' lang='lat' dir='ltr'><strong><em>sunt</em></strong></span> <span class='ocrx_word' id='word_1_652' title='bbox 792 4971 938 5029; x_wconf 81' lang='lat' dir='ltr'><strong><em>voluntatis</em></strong></span> <span class='ocrx_word' id='word_1_653' title='bbox 994 4972 1061 5028; x_wconf 84' lang='lat' dir='ltr'><strong><em>bens</em></strong></span> <span class='ocrx_word' id='word_1_654' title='bbox 1077 4992 1083 5027; x_wconf 91' lang='lat'>:</span> <span class='ocrx_word' id='word_1_655' title='bbox 1097 4976 1129 5031; x_wconf 90' lang='lat' dir='ltr'><strong><em>Si</em></strong></span> <span class='ocrx_word' id='word_1_656' title='bbox 1141 4990 1234 5029; x_wconf 81' lang='lat' dir='ltr'><strong><em>aarum</em></strong></span> <span class='ocrx_word' id='word_1_657' title='bbox 1243 4975 1384 5043; x_wconf 72' lang='lat' dir='ltr'><strong><em>iristitiam</em></strong></span> <span class='ocrx_word' id='word_1_658' title='bbox 1396 4974 1560 5032; x_wconf 85' lang='lat' dir='ltr'><strong><em>nonbabciit</em></strong></span> <span class='ocrx_word' id='word_1_659' title='bbox 1572 4978 1669 5049; x_wconf 84' lang='lat' dir='ltr'><strong><em>impii,</em></strong></span> <span class='ocrx_word' id='word_1_660' title='bbox 1682 4976 1787 5048; x_wconf 64' lang='lat' dir='ltr'><strong><em>prieti</em></strong></span> 
     </span>
     <span class='ocr_line' id='line_1_56' title="bbox 138 5036 1788 5119; baseline 0.002 -24"><span class='ocrx_word' id='word_1_661' title='bbox 138 5036 277 5095; x_wconf 78' lang='lat' dir='ltr'><strong><em>bumana.</em></strong></span> <span class='ocrx_word' id='word_1_662' title='bbox 992 5060 1040 5099; x_wconf 88' lang='lat' dir='ltr'><strong><em>acc</em></strong></span> <span class='ocrx_word' id='word_1_663' title='bbox 1048 5046 1118 5099; x_wconf 81' lang='lat' dir='ltr'><strong><em>alias</em></strong></span> <span class='ocrx_word' id='word_1_664' title='bbox 1129 5048 1242 5100; x_wconf 82' lang='lat' dir='ltr'><strong><em>uirtutes</em></strong></span> <span class='ocrx_word' id='word_1_665' title='bbox 1255 5047 1361 5101; x_wconf 86' lang='lat' dir='ltr'><strong><em>comitas</em></strong></span> <span class='ocrx_word' id='word_1_666' title='bbox 1374 5046 1432 5115; x_wconf 78' lang='lat' dir='ltr'><strong><em>ojus</em></strong></span> <span class='ocrx_word' id='word_1_667' title='bbox 1441 5052 1467 5101; x_wconf 90' lang='lat' dir='ltr'><strong><em>ct</em></strong></span> <span class='ocrx_word' id='word_1_668' title='bbox 1477 5049 1565 5103; x_wconf 76' lang='lat' dir='ltr'><strong><em>sactis</em></strong></span> <span class='ocrx_word' id='word_1_669' title='bbox 1571 5069 1583 5115; x_wconf 87' lang='lat'><strong><em>,-</em></strong></span> <span class='ocrx_word' id='word_1_670' title='bbox 1598 5053 1730 5119; x_wconf 81' lang='lat' dir='ltr'><strong><em>quiricum</em></strong></span> <span class='ocrx_word' id='word_1_671' title='bbox 1742 5059 1788 5099; x_wconf 86' lang='lat' dir='ltr'><strong><em>uon</em></strong></span> 
     </span>
    </p>

    <p class='ocr_par' dir='ltr' id='par_1_13' title="bbox 136 5102 1788 5472">
     <span class='ocr_line' id='line_1_57' title="bbox 173 5102 1788 5195; baseline 0.004 -30"><span class='ocrx_word' id='word_1_672' title='bbox 173 5102 187 5143; x_wconf 53' lang='grc' dir='ltr'><strong><em>Β</em></strong></span> <span class='ocrx_word' id='word_1_673' title='bbox 200 5109 281 5182; x_wconf 87' lang='lat' dir='ltr'><strong><em>Quod</em></strong></span> <span class='ocrx_word' id='word_1_674' title='bbox 301 5106 336 5166; x_wconf 89' lang='lat' dir='ltr'><strong><em>de</em></strong></span> <span class='ocrx_word' id='word_1_675' title='bbox 356 5108 480 5191; x_wconf 75' lang='lat' dir='ltr'><strong><em>mstimte</em></strong></span> <span class='ocrx_word' id='word_1_676' title='bbox 496 5109 666 5191; x_wconf 77' lang='lat' dir='ltr'><strong><em>hiodicitnr,</em></strong></span> <span class='ocrx_word' id='word_1_677' title='bbox 689 5111 717 5169; x_wconf 91' lang='lat' dir='ltr'><strong><em>id</em></strong></span> <span class='ocrx_word' id='word_1_678' title='bbox 740 5112 889 5195; x_wconf 88' lang='lat' dir='ltr'><strong><em>generatim</em></strong></span> <span class='ocrx_word' id='word_1_679' title='bbox 903 5112 938 5169; x_wconf 89' lang='lat' dir='ltr'><strong><em>de</em></strong></span> <span class='ocrx_word' id='word_1_680' title='bbox 992 5116 1030 5169; x_wconf 87' lang='lat' dir='ltr'><strong><em>ad</em></strong></span> <span class='ocrx_word' id='word_1_681' title='bbox 1041 5132 1120 5171; x_wconf 89' lang='lat' dir='ltr'><strong><em>suum</em></strong></span> <span class='ocrx_word' id='word_1_682' title='bbox 1132 5118 1289 5183; x_wconf 76' lang='lat' dir='ltr'><strong><em>reseruntur</em></strong></span> <span class='ocrx_word' id='word_1_683' title='bbox 1297 5120 1430 5173; x_wconf 85' lang='lat' dir='ltr'><strong><em>auctorem</em></strong></span> <span class='ocrx_word' id='word_1_684' title='bbox 1439 5118 1510 5172; x_wconf 88' lang='lat' dir='ltr'><strong><em>daim</em></strong></span> <span class='ocrx_word' id='word_1_685' title='bbox 1524 5120 1585 5186; x_wconf 85' lang='lat' dir='ltr'><strong><em>ilci,</em></strong></span> <span class='ocrx_word' id='word_1_686' title='bbox 1598 5122 1651 5175; x_wconf 81' lang='lat' dir='ltr'><strong><em>buc</em></strong></span> <span class='ocrx_word' id='word_1_687' title='bbox 1664 5124 1718 5191; x_wconf 80' lang='lat' dir='ltr'><strong><em>ipso</em></strong></span> <span class='ocrx_word' id='word_1_688' title='bbox 1728 5114 1788 5171; x_wconf 89' lang='lat' dir='ltr'><strong><em>mali</em></strong></span> 
     </span>
     <span class='ocr_line' id='line_1_58' title="bbox 136 5180 1787 5259; baseline 0.004 -24"><span class='ocrx_word' id='word_1_689' title='bbox 136 5180 282 5239; x_wconf 82' lang='lat' dir='ltr'><strong><em>virtutibus</em></strong></span> <span class='ocrx_word' id='word_1_690' title='bbox 295 5180 449 5239; x_wconf 80' lang='lat' dir='ltr'><strong><em>moralibus</em></strong></span> <span class='ocrx_word' id='word_1_691' title='bbox 469 5189 567 5238; x_wconf 89' lang='lat' dir='ltr'><strong><em>astruit</em></strong></span> <span class='ocrx_word' id='word_1_692' title='bbox 585 5184 622 5239; x_wconf 88' lang='lat' dir='ltr'><strong><em>i).</em></strong></span> <span class='ocrx_word' id='word_1_693' title='bbox 637 5188 816 5256; x_wconf 76' lang='lat' dir='ltr'><strong><em>Augustinus,</em></strong></span> <span class='ocrx_word' id='word_1_694' title='bbox 831 5184 938 5240; x_wconf 91' lang='lat' dir='ltr'><strong><em>nullam</em></strong></span> <span class='ocrx_word' id='word_1_695' title='bbox 993 5187 1036 5241; x_wconf 85' lang='lat' dir='ltr'><strong><em>bis</em></strong></span> <span class='ocrx_word' id='word_1_696' title='bbox 1047 5191 1149 5243; x_wconf 83' lang='lat' dir='ltr'><strong><em>utentes</em></strong></span> <span class='ocrx_word' id='word_1_697' title='bbox 1158 5190 1309 5256; x_wconf 74' lang='lat' dir='ltr'><strong><em>cfficiuntur</em></strong></span> <span class='ocrx_word' id='word_1_698' title='bbox 1320 5188 1420 5257; x_wconf 79' lang='lat' dir='ltr'><strong><em>injusti</em></strong></span> <span class='ocrx_word' id='word_1_699' title='bbox 1428 5207 1437 5255; x_wconf 79' lang='lat'><em>3</em></span> <span class='ocrx_word' id='word_1_700' title='bbox 1448 5192 1474 5243; x_wconf 91' lang='lat' dir='ltr'><strong><em>ct</em></strong></span> <span class='ocrx_word' id='word_1_701' title='bbox 1483 5192 1509 5243; x_wconf 86' lang='lat' dir='ltr'><strong><em>si</em></strong></span> <span class='ocrx_word' id='word_1_702' title='bbox 1517 5206 1588 5259; x_wconf 79' lang='lat' dir='ltr'><strong><em>qmis</em></strong></span> <span class='ocrx_word' id='word_1_703' title='bbox 1601 5192 1713 5253; x_wconf 84' lang='lat' dir='ltr'><strong><em>babent,</em></strong></span> <span class='ocrx_word' id='word_1_704' title='bbox 1722 5200 1787 5243; x_wconf 75' lang='lat' dir='ltr'><strong><em>rarat</em></strong></span> 
     </span>
     <span class='ocr_line' id='line_1_59' title="bbox 136 5252 1787 5335; baseline 0.004 -27"><span class='ocrx_word' id='word_1_705' title='bbox 136 5252 164 5310; x_wconf 91' lang='lat' dir='ltr'><strong><em>in</em></strong></span> <span class='ocrx_word' id='word_1_706' title='bbox 179 5252 402 5324; x_wconf 68' lang='lat' dir='ltr'><strong><em>philosophiam</em></strong></span> <span class='ocrx_word' id='word_1_707' title='bbox 415 5253 521 5309; x_wconf 76' lang='lat' dir='ltr'><strong><em>caeteris</em></strong></span> <span class='ocrx_word' id='word_1_708' title='bbox 556 5253 692 5319; x_wconf 84' lang='lat' dir='ltr'><strong><em>entilibns,</em></strong></span> <span class='ocrx_word' id='word_1_709' title='bbox 709 5268 758 5309; x_wconf 84' lang='lat' dir='ltr'><strong><em>sen</em></strong></span> <span class='ocrx_word' id='word_1_710' title='bbox 771 5252 936 5324; x_wconf 78' lang='lat' dir='ltr'><strong><em>infidelibus,</em></strong></span> <span class='ocrx_word' id='word_1_711' title='bbox 992 5273 1046 5311; x_wconf 80' lang='lat' dir='ltr'><strong><em>rica</em></strong></span> <span class='ocrx_word' id='word_1_712' title='bbox 1059 5258 1168 5321; x_wconf 79' lang='lat' dir='ltr'><strong><em>lrabeat,</em></strong></span> <span class='ocrx_word' id='word_1_713' title='bbox 1182 5275 1213 5315; x_wconf 92' lang='lat' dir='ltr'><strong><em>cc</em></strong></span> <span class='ocrx_word' id='word_1_714' title='bbox 1224 5274 1274 5329; x_wconf 84' lang='lat' dir='ltr'><strong><em>per</em></strong></span> <span class='ocrx_word' id='word_1_715' title='bbox 1287 5260 1334 5315; x_wconf 88' lang='lat' dir='ltr'><strong><em>lmc</em></strong></span> <span class='ocrx_word' id='word_1_716' title='bbox 1347 5276 1393 5317; x_wconf 77' lang='lat' dir='ltr'><strong><em>ricc</em></strong></span> <span class='ocrx_word' id='word_1_717' title='bbox 1406 5262 1575 5317; x_wconf 85' lang='lat' dir='ltr'><strong><em>coutinentia</em></strong></span> <span class='ocrx_word' id='word_1_718' title='bbox 1594 5266 1655 5319; x_wconf 82' lang='lat' dir='ltr'><strong><em>sire</em></strong></span> <span class='ocrx_word' id='word_1_719' title='bbox 1662 5260 1787 5335; x_wconf 84' lang='lat' dir='ltr'><strong><em>pudicitia</em></strong></span> 
     </span>
     <span class='ocr_line' id='line_1_60' title="bbox 136 5268 1273 5409; baseline 0.004 -30"><span class='ocrx_word' id='word_1_720' title='bbox 136 5324 344 5395; x_wconf 88' lang='lat' dir='ltr'><strong><em>quantumvisa</em></strong></span> <span class='ocrx_word' id='word_1_721' title='bbox 363 5324 465 5380; x_wconf 86' lang='lat' dir='ltr'><strong><em>virtute</em></strong></span> <span class='ocrx_word' id='word_1_722' title='bbox 486 5268 640 5389; x_wconf 42' lang='lat' dir='ltr'><strong><em>celebratis,</em></strong></span> <span class='ocrx_word' id='word_1_723' title='bbox 660 5339 753 5405; x_wconf 84' lang='lat' dir='ltr'><strong><em>veram</em></strong></span> <span class='ocrx_word' id='word_1_724' title='bbox 771 5324 896 5381; x_wconf 88' lang='lat' dir='ltr'><strong><em>absolute</em></strong></span> <span class='ocrx_word' id='word_1_725' title='bbox 910 5334 938 5383; x_wconf 90' lang='lat' dir='ltr'><strong><em>ct</em></strong></span> <span class='ocrx_word' id='word_1_726' title='bbox 992 5344 1054 5383; x_wconf 84' lang='lat' dir='ltr'><strong><em>rara</em></strong></span> <span class='ocrx_word' id='word_1_727' title='bbox 1065 5332 1104 5382; x_wconf 85' lang='lat' dir='ltr'><strong><em>cst</em></strong></span> <span class='ocrx_word' id='word_1_728' title='bbox 1117 5331 1273 5409; x_wconf 82' lang='lat' dir='ltr'><strong><em>impiorum.</em></strong></span> 
     </span>
     <span class='ocr_line' id='line_1_61' title="bbox 138 5392 1283 5472; baseline 0.005 -21"><span class='ocrx_word' id='word_1_729' title='bbox 138 5396 247 5468; x_wconf 87' lang='lat' dir='ltr'><strong><em>proprie</em></strong></span> <span class='ocrx_word' id='word_1_730' title='bbox 256 5394 601 5463; x_wconf 78' lang='lat' dir='ltr'><strong><em>dictamfulsseiirtntcm3</em></strong></span> <span class='ocrx_word' id='word_1_731' title='bbox 614 5392 719 5451; x_wconf 79' lang='lat' dir='ltr'><strong><em>mdant</em></strong></span> <span class='ocrx_word' id='word_1_732' title='bbox 731 5396 900 5466; x_wconf 89' lang='lat' dir='ltr'><strong><em>simulatam,</em></strong></span> <span class='ocrx_word' id='word_1_733' title='bbox 910 5405 938 5453; x_wconf 91' lang='lat' dir='ltr'><strong><em>et</em></strong></span> <span class='ocrx_word' id='word_1_734' title='bbox 1028 5398 1195 5455; x_wconf 70' lang='lat' dir='ltr'><strong><em>‘ciaconius</em></strong></span> <span class='ocrx_word' id='word_1_735' title='bbox 1217 5400 1283 5472; x_wconf 88' lang='lat' dir='ltr'><strong><em>legit</em></strong></span> 
     </span>
    </p>
   </div>
   <div class='ocr_carea' id='block_1_8' title="bbox 1003 714 1774 795">
    <p class='ocr_par' dir='ltr' id='par_1_14' title="bbox 1003 714 1774 795">
     <span class='ocr_line' id='line_1_62' title="bbox 1003 714 1774 795; baseline -0.013 -14"><span class='ocrx_word' id='word_1_736' title='bbox 1003 724 1150 795; x_wconf 78' lang='lat' dir='ltr'><strong><em>Responsio</em></strong></span> <span class='ocrx_word' id='word_1_737' title='bbox 1171 720 1205 777; x_wconf 87' lang='lat' dir='ltr'><strong><em>de</em></strong></span> <span class='ocrx_word' id='word_1_738' title='bbox 1223 718 1441 794; x_wconf 75' lang='lat' dir='ltr'><strong><em>pbilosophorum</em></strong></span> <span class='ocrx_word' id='word_1_739' title='bbox 1455 714 1622 785; x_wconf 73' lang='lat' dir='ltr'><strong><em>immicaret</em></strong></span> <span class='ocrx_word' id='word_1_740' title='bbox 1635 714 1774 771; x_wconf 76' lang='lat' dir='ltr'><strong><em>castitate.</em></strong></span> 
     </span>
    </p>
   </div>
   <div class='ocr_carea' id='block_1_9' title="bbox 131 5399 1788 5904">
    <p class='ocr_par' dir='ltr' id='par_1_15' title="bbox 425 5399 1788 5487">
     <span class='ocr_line' id='line_1_63' title="bbox 425 5399 1788 5487; baseline 0.006 -42"><span class='ocrx_word' id='word_1_741' title='bbox 425 5466 432 5477; x_wconf 88' lang='lat'><strong><em>.</em></strong></span> <span class='ocrx_word' id='word_1_742' title='bbox 806 5466 812 5477; x_wconf 59' lang='lat'><strong><em>,</em></strong></span> <span class='ocrx_word' id='word_1_743' title='bbox 1296 5421 1326 5473; x_wconf 74' lang='lat' dir='ltr'><strong><em>pr</em></strong></span> <span class='ocrx_word' id='word_1_744' title='bbox 1344 5401 1409 5469; x_wconf 61' lang='lat' dir='ltr'><strong><em>irriti,</em></strong></span> <span class='ocrx_word' id='word_1_745' title='bbox 1431 5399 1459 5458; x_wconf 75' lang='lat' dir='ltr'><strong><em>id</em></strong></span> <span class='ocrx_word' id='word_1_746' title='bbox 1485 5408 1540 5471; x_wconf 64' lang='grc' dir='ltr'><strong><em>θεῖ,</em></strong></span> <span class='ocrx_word' id='word_1_747' title='bbox 1568 5400 1721 5487; x_wconf 62' lang='lat' dir='ltr'><strong><em>perfidem,</em></strong></span> <span class='ocrx_word' id='word_1_748' title='bbox 1737 5400 1788 5455; x_wconf 71' lang='lat' dir='ltr'><strong><em>titt</em></strong></span> 
     </span>
    </p>

    <p class='ocr_par' dir='ltr' id='par_1_16' title="bbox 135 5420 1787 5619">
     <span class='ocr_line' id='line_1_64' title="bbox 136 5420 1787 5599; baseline 0.007 -77"><span class='ocrx_word' id='word_1_749' title='bbox 136 5465 339 5549; x_wconf 69' lang='lat' dir='ltr'><strong><em>adumbratam,</em></strong></span> <span class='ocrx_word' id='word_1_750' title='bbox 357 5475 404 5549; x_wconf 74' lang='lat' dir='ltr'><strong><em>aut</em></strong></span> <span class='ocrx_word' id='word_1_751' title='bbox 424 5465 581 5549; x_wconf 80' lang='lat' dir='ltr'><strong><em>inchoatam</em></strong></span> <span class='ocrx_word' id='word_1_752' title='bbox 598 5465 742 5548; x_wconf 76' lang='lat' dir='ltr'><strong><em>dumtaxat</em></strong></span> <span class='ocrx_word' id='word_1_753' title='bbox 757 5474 790 5549; x_wconf 37' lang='lat' dir='ltr'><strong><em>et·</em></strong></span> <span class='ocrx_word' id='word_1_754' title='bbox 805 5465 937 5539; x_wconf 85' lang='lat' dir='ltr'><strong><em>imperia·</em></strong></span> <span class='ocrx_word' id='word_1_755' title='bbox 992 5469 1134 5541; x_wconf 79' lang='lat' dir='ltr'><strong><em>partitam,</em></strong></span> <span class='ocrx_word' id='word_1_756' title='bbox 1158 5470 1213 5526; x_wconf 81' lang='lat' dir='ltr'><strong><em>sire</em></strong></span> <span class='ocrx_word' id='word_1_757' title='bbox 1235 5420 1437 5545; x_wconf 63' lang='lat' dir='ltr'><strong><em>imperfectam.</em></strong></span> <span class='ocrx_word' id='word_1_758' title='bbox 1459 5474 1508 5529; x_wconf 83' lang='lat' dir='ltr'><strong><em>list</em></strong></span> <span class='ocrx_word' id='word_1_759' title='bbox 1530 5488 1606 5531; x_wconf 87' lang='lat' dir='ltr'><strong><em>eamr</em></strong></span> <span class='ocrx_word' id='word_1_760' title='bbox 1620 5474 1787 5599; x_wconf 50' lang='lat' dir='ltr'><strong><em>pipmrfnrt,</em></strong></span> 
     </span>
     <span class='ocr_line' id='line_1_65' title="bbox 135 5537 1787 5619; baseline 0.005 -28"><span class='ocrx_word' id='word_1_761' title='bbox 135 5537 473 5595; x_wconf 85' lang='lat' dir='ltr'><strong><em>etamsieenimaitlib.</em></strong></span> <span class='ocrx_word' id='word_1_762' title='bbox 492 5552 547 5593; x_wconf 85' lang='lat' dir='ltr'><strong><em>xix</em></strong></span> <span class='ocrx_word' id='word_1_763' title='bbox 561 5537 595 5595; x_wconf 88' lang='lat' dir='ltr'><strong><em>de</em></strong></span> <span class='ocrx_word' id='word_1_764' title='bbox 609 5538 724 5595; x_wconf 84' lang='lat' dir='ltr'><strong><em>civitate</em></strong></span> <span class='ocrx_word' id='word_1_765' title='bbox 740 5541 791 5594; x_wconf 86' lang='lat' dir='ltr'><strong><em>Der</em></strong></span> <span class='ocrx_word' id='word_1_766' title='bbox 806 5554 868 5609; x_wconf 86' lang='lat' dir='ltr'><strong><em>rap.</em></strong></span> <span class='ocrx_word' id='word_1_767' title='bbox 885 5544 936 5595; x_wconf 78' lang='lat'><strong><em>25:</em></strong></span> <span class='ocrx_word' id='word_1_768' title='bbox 991 5542 1143 5611; x_wconf 82' lang='lat' dir='ltr'><strong><em>particula;</em></strong></span> <span class='ocrx_word' id='word_1_769' title='bbox 1167 5542 1266 5613; x_wconf 72' lang='grc' dir='ltr'><strong>μερική,</strong></span> <span class='ocrx_word' id='word_1_770' title='bbox 1294 5545 1403 5615; x_wconf 85' lang='lat' dir='ltr'><strong><em>partita,</em></strong></span> <span class='ocrx_word' id='word_1_771' title='bbox 1434 5542 1592 5613; x_wconf 87' lang='lat' dir='ltr'><strong><em>dimidiata,</em></strong></span> <span class='ocrx_word' id='word_1_772' title='bbox 1624 5544 1698 5619; x_wconf 84' lang='lat' dir='ltr'><strong><em>impe</em></strong></span> <span class='ocrx_word' id='word_1_773' title='bbox 1725 5550 1787 5599; x_wconf 77' lang='lat' dir='ltr'><strong><em>mla·</em></strong></span> 
     </span>
    </p>

    <p class='ocr_par' dir='ltr' id='par_1_17' title="bbox 134 5608 1788 5757">
     <span class='ocr_line' id='line_1_66' title="bbox 134 5608 1788 5733; baseline 0.007 -74"><span class='ocrx_word' id='word_1_774' title='bbox 134 5608 536 5733; x_wconf 52' lang='lat' dir='ltr'><strong><em>ffuamtibctaideaturanimus</em></strong></span> <span class='ocrx_word' id='word_1_775' title='bbox 547 5612 867 5679; x_wconf 68' lang='lat' dir='ltr'><strong><em>commistiones-iiiii</em></strong></span> <span class='ocrx_word' id='word_1_776' title='bbox 879 5611 937 5665; x_wconf 85' lang='lat' dir='ltr'><strong><em>lau·</em></strong></span> <span class='ocrx_word' id='word_1_777' title='bbox 991 5612 1037 5669; x_wconf 85' lang='lat' dir='ltr'><strong><em>Sic</em></strong></span> <span class='ocrx_word' id='word_1_778' title='bbox 1059 5612 1170 5685; x_wconf 74' lang='lat' dir='ltr'><strong><em>exponit</em></strong></span> <span class='ocrx_word' id='word_1_779' title='bbox 1192 5614 1277 5670; x_wconf 90' lang='lat' dir='ltr'><strong><em>abbas</em></strong></span> <span class='ocrx_word' id='word_1_780' title='bbox 1303 5618 1424 5671; x_wconf 86' lang='lat' dir='ltr'><strong><em>ioannes</em></strong></span> <span class='ocrx_word' id='word_1_781' title='bbox 1444 5614 1540 5671; x_wconf 87' lang='lat' dir='ltr'><strong><em>collat.</em></strong></span> <span class='ocrx_word' id='word_1_782' title='bbox 1563 5622 1598 5673; x_wconf 89' lang='lat' dir='ltr'><strong><em>io</em></strong></span> <span class='ocrx_word' id='word_1_783' title='bbox 1611 5632 1673 5689; x_wconf 83' lang='lat' dir='ltr'><strong><em>erp.</em></strong></span> <span class='ocrx_word' id='word_1_784' title='bbox 1693 5620 1729 5673; x_wconf 72' lang='lat'><strong><em>⁹:</em></strong></span> <span class='ocrx_word' id='word_1_785' title='bbox 1742 5610 1788 5671; x_wconf 73' lang='lat' dir='ltr'><strong><em>sal</em></strong></span> 
     </span>
     <span class='ocr_line' id='line_1_67' title="bbox 155 5676 1787 5757; baseline 0.01 -25"><span class='ocrx_word' id='word_1_786' title='bbox 155 5676 262 5732; x_wconf 81' lang='lat' dir='ltr'><strong><em>utiliter</em></strong></span> <span class='ocrx_word' id='word_1_787' title='bbox 269 5680 409 5747; x_wconf 80' lang='lat' dir='ltr'><strong><em>imprium,</em></strong></span> <span class='ocrx_word' id='word_1_788' title='bbox 419 5683 544 5734; x_wconf 82' lang='lat' dir='ltr'><strong><em>sitoniam</em></strong></span> <span class='ocrx_word' id='word_1_789' title='bbox 555 5682 607 5735; x_wconf 82' lang='lat' dir='ltr'><strong><em>lico</em></strong></span> <span class='ocrx_word' id='word_1_790' title='bbox 617 5682 736 5746; x_wconf 82' lang='lat' dir='ltr'><strong><em>aiiiiiius,</em></strong></span> <span class='ocrx_word' id='word_1_791' title='bbox 746 5681 852 5733; x_wconf 84' lang='lat' dir='ltr'><strong><em>etnrtio</em></strong></span> <span class='ocrx_word' id='word_1_792' title='bbox 864 5682 934 5749; x_wconf 86' lang='lat' dir='ltr'><strong><em>ipsa,</em></strong></span> <span class='ocrx_word' id='word_1_793' title='bbox 991 5684 1055 5746; x_wconf 77' lang='lat' dir='ltr'><strong><em>bruc,</em></strong></span> <span class='ocrx_word' id='word_1_794' title='bbox 1078 5684 1175 5755; x_wconf 88' lang='lat' dir='ltr'><strong><em>inquit,</em></strong></span> <span class='ocrx_word' id='word_1_795' title='bbox 1192 5685 1290 5757; x_wconf 74' lang='lat' dir='ltr'><strong><em>papinii,</em></strong></span> <span class='ocrx_word' id='word_1_796' title='bbox 1306 5686 1337 5741; x_wconf 88' lang='lat' dir='ltr'><strong><em>id</em></strong></span> <span class='ocrx_word' id='word_1_797' title='bbox 1353 5690 1402 5751; x_wconf 83' lang='lat' dir='ltr'><strong><em>cm,</em></strong></span> <span class='ocrx_word' id='word_1_798' title='bbox 1416 5702 1471 5741; x_wconf 86' lang='lat' dir='ltr'><strong><em>noir</em></strong></span> <span class='ocrx_word' id='word_1_799' title='bbox 1485 5688 1515 5741; x_wconf 87' lang='lat' dir='ltr'><strong><em>iii</em></strong></span> <span class='ocrx_word' id='word_1_800' title='bbox 1531 5688 1661 5747; x_wconf 84' lang='lat' dir='ltr'><strong><em>manibus</em></strong></span> <span class='ocrx_word' id='word_1_801' title='bbox 1674 5698 1787 5747; x_wconf 68' lang='lat' dir='ltr'><strong><em>mm·</em></strong></span> 
     </span>
    </p>

    <p class='ocr_par' dir='ltr' id='par_1_18' title="bbox 133 5750 1603 5829">
     <span class='ocr_line' id='line_1_68' title="bbox 133 5750 1603 5829; baseline 0.012 -27"><span class='ocrx_word' id='word_1_802' title='bbox 133 5750 287 5812; x_wconf 73' lang='lat' dir='ltr'><strong><em>conseruit,</em></strong></span> <span class='ocrx_word' id='word_1_803' title='bbox 302 5750 373 5803; x_wconf 78' lang='lat' dir='ltr'><strong><em>simut</em></strong></span> <span class='ocrx_word' id='word_1_804' title='bbox 384 5750 613 5805; x_wconf 82' lang='lat' dir='ltr'><strong><em>sibisciniiendum</em></strong></span> <span class='ocrx_word' id='word_1_805' title='bbox 623 5764 677 5805; x_wconf 87' lang='lat' dir='ltr'><strong><em>csec</em></strong></span> <span class='ocrx_word' id='word_1_806' title='bbox 689 5754 759 5805; x_wconf 83' lang='lat' dir='ltr'><strong><em>Dara</em></strong></span> <span class='ocrx_word' id='word_1_807' title='bbox 771 5750 936 5819; x_wconf 83' lang='lat' dir='ltr'><strong><em>ipscprarc-</em></strong></span> <span class='ocrx_word' id='word_1_808' title='bbox 990 5760 1064 5813; x_wconf 89' lang='lat' dir='ltr'><strong><em>mata</em></strong></span> <span class='ocrx_word' id='word_1_809' title='bbox 1076 5758 1218 5827; x_wconf 75' lang='lat' dir='ltr'><strong><em>perfactio,</em></strong></span> <span class='ocrx_word' id='word_1_810' title='bbox 1231 5758 1279 5815; x_wconf 85' lang='lat' dir='ltr'><strong><em>scd</em></strong></span> <span class='ocrx_word' id='word_1_811' title='bbox 1286 5773 1356 5829; x_wconf 78' lang='lat' dir='ltr'><strong><em>pars</em></strong></span> <span class='ocrx_word' id='word_1_812' title='bbox 1362 5760 1539 5829; x_wconf 72' lang='lat' dir='ltr'><strong><em>perfeetionis</em></strong></span> <span class='ocrx_word' id='word_1_813' title='bbox 1552 5764 1603 5819; x_wconf 80' lang='lat' dir='ltr'><strong><em>est.</em></strong></span> 
     </span>
    </p>

    <p class='ocr_par' dir='ltr' id='par_1_19' title="bbox 131 5817 936 5904">
     <span class='ocr_line' id='line_1_69' title="bbox 131 5817 936 5904; baseline 0.002 -26"><span class='ocrx_word' id='word_1_814' title='bbox 131 5822 186 5895; x_wconf 84' lang='lat' dir='ltr'><strong><em>pit,</em></strong></span> <span class='ocrx_word' id='word_1_815' title='bbox 201 5819 276 5879; x_wconf 84' lang='lat' dir='ltr'><strong><em>riuilo</em></strong></span> <span class='ocrx_word' id='word_1_816' title='bbox 293 5817 370 5878; x_wconf 85' lang='lat' dir='ltr'><strong><em>mdc</em></strong></span> <span class='ocrx_word' id='word_1_817' title='bbox 384 5821 490 5893; x_wconf 80' lang='lat' dir='ltr'><strong><em>ampuri</em></strong></span> <span class='ocrx_word' id='word_1_818' title='bbox 501 5820 630 5894; x_wconf 71' lang='lat' dir='ltr'><strong><em>vittaque</em></strong></span> <span class='ocrx_word' id='word_1_819' title='bbox 643 5824 711 5877; x_wconf 85' lang='lat' dir='ltr'><strong><em>recte</em></strong></span> <span class='ocrx_word' id='word_1_820' title='bbox 728 5822 853 5893; x_wconf 78' lang='lat' dir='ltr'><strong><em>imperat.</em></strong></span> <span class='ocrx_word' id='word_1_821' title='bbox 865 5826 936 5904; x_wconf 76' lang='lat' dir='ltr'><strong><em>iiam</em></strong></span> 
     </span>
    </p>
   </div>
   <div class='ocr_carea' id='block_1_10' title="bbox 0 0 1930 6148">
    <p class='ocr_par' dir='ltr' id='par_1_20' title="bbox 0 0 1930 6148">
     <span class='ocr_line' id='line_1_70' title="bbox 0 0 1930 6148; baseline 0 0"><span class='ocrx_word' id='word_1_822' title='bbox 0 0 1930 6148; x_wconf 95' lang='lat' dir='ltr'><strong><em> </em></strong></span> 
     </span>
    </p>
   </div>
  </div>
 </body>
</html>
