3848 6158
129 192 179 246 627
669 184 810 241 tutunus
828 183 978 238 cassiani
997 182 1238 239 certationes.
1731 183 1789 234 628

129 324 218 383 vatur,
238 315 312 386 quod
334 317 346 348 ⁸
375 314 434 377 ἃλις
448 314 495 386 (el.
519 313 599 384 μῆνις)
619 310 727 369 dicitur.
751 310 821 379 Quae
840 310 932 367 omnia
945 315 971 377 Α
986 326 1068 383 quam
1080 309 1199 366 incidere
1211 306 1458 365 iniomiircationis
1471 305 1611 372 ardorum,
1628 303 1700 362 uude
1712 320 1792 377 repn-

129 410 225 485 aequali
246 419 311 468 sunt
335 409 447 466 anobis
464 409 580 468 horrore
593 405 761 462 damnanda.
774 407 789 461 ι
801 404 933 462 Tristitiae
986 405 1041 460 rari
1067 413 1115 461 aut
1134 419 1191 459 non
1210 402 1307 470 valeat,
1332 408 1382 458 aut
1401 400 1448 456 rix
1472 399 1559 457 valcat
1582 408 1645 472 pest
1667 399 1790 457 ruinam.

129 521 228 579 genera
242 513 306 563 sunt
323 504 378 561 duo
397 525 403 560 :
424 517 521 568 unum,
543 498 617 570 quod
641 499 682 555 vel
700 497 840 555 iracundia
861 498 932 555 desi·
986 500 1074 567 Quem
1087 512 1197 554 sensum
1213 513 1246 553 ex
1257 494 1514 568 persenaDeiuuus
1525 493 1723 566 prophetarum
1734 494 1791 550 ele·

130 610 222 670 neate,
240 601 283 656 rel
307 600 342 656 de
356 597 431 654 illato
453 596 553 653 damno
576 598 614 650 ac'
624 592 761 650 desiderio
780 592 931 665 praepedito
986 600 1080 665 gauter
1107 590 1239 663 expressit
1258 589 1351 646 dicens
1373 606 1380 644 ι
1402 592 1514 658 Propter
1529 598 1572 643 me
1590 587 1792 654 longemanum

131 705 293 766 cassatoque
313 698 471 765 generatur,
491 687 575 756 aliud,
602 686 678 760 quod
694 687 737 745 de,
757 686 933 745 irrationabili
985 688 1107 755 sermon
1116 702 1214 749 meum,
1227 685 1339 741 alaude
1350 681 1792 750 meomtrerobotemiotereos3

127 788 230 845 mentis
242 785 379 842 anxietate
390 798 440 841 seu
452 780 643 855 desperatione
657 780 808 839 descendit.
824 780 933 839 acedia
986 784 1014 840 id
1029 791 1080 851 est,
1092 791 1125 839 ut
1140 781 1205 839 dum
1220 780 1377 838 cenodoxiae
1398 778 1523 836 laudibus
1535 775 1790 845 comprehenderis,

129 894 227 954 genera
242 886 307 936 sunt
316 877 372 935 duo
389 875 598 949 :unum,.quod
612 875 647 932 ad
661 890 792 934 somnum
805 875 930 947 praeom-
985 892 1157 949 nequaquam
1172 875 1216 937 ad,
1230 872 1328 932 inferni
1351 871 1486 947 profunda
1500 886 1626 944 proruas,
1640 879 1671 928 et
1683 871 1792 929 irrevo-

129 980 170 1029 tat
184 979 348 1039 acuentem
362 969 447 1038 aliud,
461 968 537 1042 quod
549 967 645 1026 cellam
658 967 784 1026 deserere
797 965 932 1040 aufugere
986 970 1108 1028 rabiliter
1140 969 1298 1027 mortalium
1340 976 1514 1041 peccatorum
1550 967 1792 1024 consummatione

131 1065 302 1124 cohortatur.
317 1074 328 1101 ⁶
342 1062 501 1123 cenodoxia
525 1062 590 1119 licet
601 1061 779 1119 multiformis
789 1077 823 1119 ac
836 1061 932 1119 multi-
986 1066 1128 1138 mergaris.
1153 1067 1212 1121 Nec
1232 1063 1332 1120 mirum
1348 1070 1453 1119 tantam
1471 1059 1590 1134 passioni
1614 1060 1679 1117 lruic
1699 1061 1793 1119 inesse

131 1159 192 1232 plex
220 1160 266 1228 ait,
291 1166 319 1215 et
338 1158 366 1213 in
393 1156 513 1215 diversas
529 1157 643 1229 species·
659 1156 804 1229 nudam,
831 1172 932 1230 genera
985 1160 1127 1228 virtutem,
1154 1166 1186 1229 ut
1207 1156 1357 1213 irruentem
1373 1154 1532 1228 quempiam
1547 1154 1577 1209 in
1596 1151 1794 1211 fornicationis

130 1262 224 1308 tamen
241 1250 298 1322 ejus
317 1256 382 1306 sunt
399 1247 455 1306 duo
469 1268 482 1305 ε.
492 1249 625 1321 primum,
640 1263 695 1321 quo
714 1264 764 1321 pro
778 1249 932 1306 carnalibus
986 1254 1075 1310 labem
1096 1252 1185 1309 valcat
1203 1250 1352 1319 refrenare,
1376 1265 1441 1305 cum
1460 1247 1660 1305 sitmultormn
1679 1250 1794 1320 experi-

131 1360 163 1401 ac
175 1343 325 1400 manifestis
339 1341 496 1400 extollimur
515 1342 611 1412 rebus;
625 1342 788 1412 secuudum,
802 1358 859 1416 quo
878 1357 928 1415 pro
986 1347 1086 1405 mentia
1093 1347 1243 1419 saepissime
1253 1340 1557 1418 comprobatum'quod
1567 1342 1604 1399 ita
1617 1358 1693 1410 eum,
1704 1358 1792 1415 quern

131 1438 296 1509 spiritalibus
314 1445 341 1495 et
355 1437 468 1494 occultis
486 1437 620 1495 desiderio
634 1452 710 1494 vanae
721 1437 808 1495 laudis
819 1437 930 1494 iudam·
984 1442 1070 1499 semel
1083 1441 1179 1498 veneni
1193 1441 1235 1498 sui
1249 1447 1327 1512 peste
1340 1438 1504 1510 corruperit,
1519 1435 1717 1510 infatigabilem
1728 1438 1795 1495 aed·

133 1547 250 1589 mamur.
478 1559 480 1563 ι
984 1537 1042 1604 dat,
1064 1543 1094 1591 ut
1110 1532 1193 1591 iaciat
1204 1533 1240 1591 ab
1254 1549 1288 1590 eo
1302 1548 1337 1589 ue
1362 1531 1480 1589 biduana
1494 1529 1606 1602 quidem
1617 1530 1723 1604 ieiunia
1748 1531 1791 1589 rel

437 1627 560 1684 CAPUT
573 1629 641 1682 Xll.
985 1628 1110 1687 triduana
1119 1626 1224 1685 sentiri.
1241 1625 1321 1698 Quod
1335 1625 1417 1682 etiam
1431 1624 1580 1681 nonnullos
1590 1624 1618 1681 in
1629 1624 1681 1682 bac
1692 1640 1792 1684 eremo

340 1726 373 1779 ln
386 1723 483 1792 quasit
493 1723 573 1777 utilis
589 1704 747 1777 ιιηόιιοιιια.
949 1730 973 1793 Β
989 1722 1144 1794 frequenter
1162 1721 1289 1778 novimus
1301 1719 1388 1777 luisse
1402 1718 1554 1791 confessos,
1568 1732 1598 1777 sc
1612 1719 1642 1776 in
1655 1720 1794 1779 coenobiis

168 1817 233 1873 Una
245 1817 258 1852 ⁶
270 1831 299 1873 re
308 1824 401 1873 tamen
418 1815 568 1872 cenodoxia
580 1815 683 1872 utiliter
697 1815 732 1872 ab
744 1814 935 1887 incipientibus
989 1816 1077 1888 Syriae
1088 1817 1251 1873 constitutos
1264 1814 1353 1887 quinis
1367 1813 1462 1871 diebus
1471 1811 1651 1871 delectionem
1662 1815 1716 1871 cibi
1725 1815 1791 1871 sine

133 1910 295 1979 assumitur,
308 1911 342 1966 ab
354 1909 397 1967 bis
409 1908 553 1967 dumtaxat
571 1910 618 1982 qui
631 1910 722 1968 adbuc
733 1909 806 1967 titiis
817 1909 934 1967 carnali·
990 1911 1081 1967 labore
1097 1910 1237 1979 tolerasse,
1252 1917 1427 1966 nuncautsm
1443 1916 1521 1964 tanta
1533 1906 1640 1966 selenas
1653 1908 1737 1965 etiam
1749 1908 1787 1965 ab

134 2007 185 2062 bus
198 2005 370 2078 instigantur,
387 2012 429 2074 ut,
441 2005 516 2062 verbi
529 2004 626 2078 grstia
639 2004 662 2061 si
676 2004 721 2061 illo
736 2012 861 2078 tempore
878 2020 934 2077 quo
988 2001 1056 2060 hora
1072 2002 1151 2060 tertia
1176 2002 1325 2074 perurgeri,
1346 2009 1378 2057 ut
1399 2016 1484 2073 usque
1507 2014 1608 2057 nonam
1617 2000 1663 2057 six
1681 2009 1793 2072 queant

134 2098 425 2171 lomicatiouisspiritu
440 2107 631 2172 perurgentur,
644 2098 933 2172 monteconceperiut,
989 2097 1102 2157 differre
1119 2096 1221 2169 jejunia
1247 2095 1418 2169 quotidiana.
1441 2096 1529 2167 Super
1549 2109 1602 2167 qua
1622 2108 1654 2151 rc
1676 2093 1794 2166 pulchre

134 2194 175 2250 vel
206 2192 379 2251 sacerdotalis
402 2191 488 2250 oflicii
510 2192 682 2266 dignitatem,
702 2194 746 2250 vel
775 2193 934 2266 opinionem
989 2191 1096 2250 abbas‘
1116 2191 1253 2248 Macarius
1266 2188 1376 2247 cuidam
1396 2187 1582 2262 percunctanti
1597 2200 1647 2245 cnr
1661 2187 1740 2245 fame
1758 2188 1794 2244 ab

134 2295 309 2357 cunctorum,
319 2303 372 2360 qua
384 2288 470 2345 sancti
483 2297 511 2346 et
524 2288 690 2346 immaculati
698 2303 759 2346 essa
773 2288 934 2359 creduntur,
990 2287 1058 2344 bora
1072 2285 1188 2343 tertiain
1204 2282 1529 2356 eremcpolsaretrrr3qui
1540 2282 1569 2338 in
1582 2281 1711 2339 coenobio
1726 2281 1795 2339 beb-

135 2390 162 2439 et
173 2383 210 2439 ita
231 2381 387 2440 immundos
400 2383 628 2457 concupiscentie
641 2383 768 2440 stirnulos
785 2384 861 2458 quasi
873 2393 935 2442 tur·
989 2381 1152 2439 domadibus
1173 2380 1286 2453 integris
1304 2378 1482 2437 reiectionem
1503 2393 1576 2450 saepe
1594 2384 1792 2445 conmmanit,

137 2490 184 2548 pes
204 2484 285 2549 atque
308 2475 443 2550 indignos,
464 2478 506 2534 rel
524 2477 719 2535 existimationi
738 2494 807 2550 sure,
832 2479 874 2536 vel
897 2479 934 2536 illi
990 2491 1046 2533 uon
1067 2475 1197 2532 sensisset
1212 2474 1344 2539 esuriem,
1364 2473 1525 2546 respondit:
1548 2471 1621 2546 Quia
1632 2471 1730 2528 nullus
1749 2470 1795 2529 ln'a

138 2570 226 2629 ordini
246 2571 408 2644 iudicantes,
421 2571 473 2630 hac
486 2573 583 2632 saltem
598 2573 833 2649 contemplatione
852 2574 935 2632 decli·
990 2582 1032 2631 est
1042 2572 1139 2647 jejunii
1160 2572 1200 2628 tui
1219 2571 1300 2628 tostis
1316 2572 1362 2644 qui
1378 2580 1406 2629 te
1418 2571 1475 2631 suis
1490 2569 1617 2628 laudibus
1630 2568 1740 2627 nutmat
1751 2577 1795 2627 st·

136 2673 212 2735 nent,
226 2676 237 2702 ⁰
251 2666 356 2726 minore
366 2667 441 2725 malo
453 2665 481 2725 id
492 2668 565 2741 quod
578 2669 670 2742 maius
683 2676 735 2737 est,
746 2671 934 2727 retundentes.
991 2682 1044 2740 que
1061 2674 1209 2735 sustentem
1220 2665 1256 2723 ibi
1272 2673 1364 2721 aotam
1378 2673 1405 2721 te
1421 2664 1521 2738 digitus
1536 2662 1684 2722 bominum
1704 2672 1736 2722 ct
1747 2680 1795 2721 ce·

137 2761 307 2818 Satiusenim
319 2770 362 2821 est
373 2761 815 2836 cenodoxiaeuitioquemcumque
826 2763 936 2835 pulsari,
991 2760 1245 2819 nodoxiae'reiectio
1259 2759 1409 2832 saginabat.
1426 2758 1516 2831 liujus
1525 2766 1618 2816 autem
1638 2758 1675 2817 rei
1692 2758 1795 2832 figura,

684 2877 811 2972 urraanr
831 2916 943 2972 atzar
963 2872 1241 2975 connumeratus.

173 3040 575 3137 ⁸1taCuycbirrscorrigendum
582 3046 761 3120 ¹existimavit¹
770 3063 941 3132 Ἃλυςιιιίιιι,
957 3071 979 3134 C
996 3066 1081 3122 ditate
1100 3067 1157 3122 olio
1169 3082 1222 3123 aon
1239 3072 1362 3123 sonetur.
1375 3068 1410 3122 lit
1422 3067 1571 3139 Apostolus
1593 3065 1660 3123 dicit
1670 3082 1797 3124 recreem

138 3133 943 3265 llttttetls‘tltt‘littttmllttttttt
966 3174 971 3207 ²
995 3138 1795 3269 liidiidiil’iiiii*llissill¹¹ltl¹¹li⁰i⁶⁰

139 3276 191 3333 erit
209 3277 295 3332 etiam
316 3219 516 3359 inconvengiens,
533 3275 555 3332 si
571 3246 693 3352 legamus
712 3278 802 3350 purior
818 3248 891 3352 quod
902 3282 941 3336 vi·
997 3281 1061 3339 vitio
1079 3298 1128 3338 seu
1149 3227 1401 3356 pecerosnseft'pro
1419 3280 1477 3352 eius
1509 3250 1608 3346 undam
1630 3226 1721 3352 spe'cte
1746 3226 1796 3339 ἓ

138 3349 219 3405 detur
233 3346 334 3405 babere
349 3348 549 3405 Planumanum
562 3350 710 3420 exemplar,
727 3366 792 3406 uam
812 3348 889 3423 poulo
908 3352 940 3408 si·
994 3352 1148 3424 apparentia
1159 3377 1166 3419 ;
1177 3360 1281 3409 utcum
1297 3352 1357 3425 quis
1372 3360 1447 3408 metu
1462 3297 1583 3408 inlumina
1596 3358 1625 3408 ct
1650 3350 1797 3409 dedecoris

139 3418 250 3494 gnillcat
267 3418 401 3476 insaniam
422 3419 497 3475 illam
521 3435 576 3492 qua
601 3435 680 3477 meus
698 3421 893 3496 tranquillitate
913 3432 941 3480 et
993 3434 1041 3479 arrt
1053 3425 1144 3481 babitu
1157 3424 1372 3481 consideratione
1383 3438 1440 3480 suae
1454 3423 1591 3495 diguitatis
1606 3424 1795 3492 sacerdotalis,

139 3491 291 3548 constantia
303 3506 388 3547 vacua
399 3500 452 3547 ast.
471 3492 540 3549 Haec
553 3492 664 3562 quidem
675 3492 821 3564 Cuycbius.
843 3494 940 3551 Ciaco-
993 3505 1042 3552 aut
1054 3503 1141 3553 status
1154 3495 1283 3568 religiosi,
1298 3504 1345 3553 aut
1355 3502 1469 3567 prepter
1480 3495 1581 3566 peccati
1594 3494 1796 3565 turpitudinem

139 3564 202 3620 nius
226 3578 290 3619 vero
307 3561 444 3618 Vaticanis
457 3577 525 3617 usus
547 3563 749 3639 exemplaribus
769 3565 851 3637 legit:
867 3565 936 3634 Quae
993 3575 1021 3622 et
1034 3565 1232 3638 indignitatem,
1245 3565 1581 3632 abstinetalomicatione,
1593 3564 1667 3637 quod
1678 3564 1795 3637 quidem

141 3638 213 3707 μῆνις
228 3633 337 3691 dicitur.
352 3633 421 3702 Qua
441 3632 518 3688 lectio
530 3634 698 3704 probabilior
708 3642 736 3690 et
747 3634 851 3707 reliquo
875 3645 934 3692 tex·
990 3634 1178 3708 incipientibus
1191 3644 1219 3693 et
1230 3636 1392 3719 imperfectis
1403 3651 1454 3692 usu
1473 3636 1554 3692 venit.
1566 3637 1637 3693 Nam
1650 3635 1798 3709 perfectio-

140 3707 181 3763 tui
205 3706 399 3778 congruentior
412 3701 527 3760 videtur.
543 3706 614 3760 Nam
630 3707 703 3775 μῆνις
711 3706 882 3762 Damascene
895 3706 938 3762 di·
991 3722 1045 3773 res,
1056 3707 1077 3764 si
1092 3722 1148 3763 non
1164 3707 1286 3778 perlecti,
1301 3709 1412 3764 altiores
1425 3717 1452 3764 et
1470 3708 1643 3764 sublimiores
1675 3708 1795 3765 uaedam

140 3777 432 3850 citureapicbplrru,
448 3773 477 3831 id
492 3775 672 3847 esteoquod
686 3784 886 3834 manetetnon
903 3776 939 3834 ad
991 3778 1110 3835 rationes
1127 3777 1281 3844 attendunt,
1303 3788 1366 3850 puta
1386 3780 1437 3835 Dei
1457 3789 1515 3851 opt.
1547 3795 1620 3836 max.
1640 3724 1794 3845 ostensam,

141 3850 237 3907 boram
252 3848 394 3922 digeritur,
405 3845 514 3974 sedirer
525 3845 584 3903 dies
597 3856 625 3903 et
635 3855 759 3918 tempora
774 3857 938 3914 reservatur,
993 3849 1088 3908 divinae
1100 3850 1193 3933 gratia
1211 3859 1238 3906 et
1250 3860 1417 3907 aeternorum
1431 3851 1568 3908 bonorum
1577 3851 1726 3923 jacturam,
1741 3852 1794 3908 Dei

141 3930 173 3979 ut
191 3921 237 3977 lric
262 3919 387 3976 babetur.
408 3919 491 3974 Une
517 3917 623 3983 suidas,
648 3921 731 3989 μῆνις,
755 3918 850 3990 inquit,
876 3918 939 3990 ὀργὴ
994 3920 1134 3989 beneficia,
1150 3923 1300 3994 praesertim
1312 3921 1508 3995 redemptionis
1516 3931 1545 3979 et
1558 3919 1690 4004 passionis
1699 3922 1795 3979 Chris·

142 3992 260 4065 ἔμμενής,
284 3992 313 4048 id
329 3998 380 4057 est,
396 4004 557 4061 permanens
572 3997 601 4044 et
655 3989 754 4046 rtiuax.
779 3989 831 4046 dlii
844 3990 942 4048 dicunt
993 3992 1039 4057 sti,
1053 4008 1178 4049 amorem
1187 3997 1246 4050 Deo
1261 3992 1394 4062 debitum,
1410 4001 1437 4048 ct
1453 3993 1504 4048 alia
1518 3993 1685 4064 hujusmodi.

143 4063 221 4136 ὀργὴν
232 4062 456 4134 πεπαλαιωμέιην,
470 4060 524 4117 lroc
538 4070 580 4117 est
597 4076 614 4117 o
634 4061 703 4130 lum,
717 4076 765 4119 seu
786 4061 855 4118 iram
869 4063 941 4120 inre·
1031 4066 1043 4096 ⁰
1057 4065 1114 4122 Etsi
1132 4080 1188 4120 non
1202 4073 1243 4121 est
1256 4080 1364 4134 magnae
1375 4062 1549 4137 perfeetionis
1562 4063 1706 4133 iudicium,
1728 4063 1792 4121 dum

141 4144 268 4192 teratam.
994 4134 1055 4207 quis
1071 4134 1257 4192 fornicationis
1272 4135 1397 4208 spiritum
1413 4142 1488 4190 metu
1508 4134 1629 4191 iniamiae
1654 4136 1791 4208 propellit,

177 4201 273 4264 bAlibi
290 4205 443 4263 distinams
461 4206 695 4289 quatuorspecies
707 4203 826 4262 tristitias
845 4219 879 4262 ex
903 4205 942 4261 di·
995 4215 1044 4262 aut
1065 4214 1156 4263 mente
1167 4206 1296 4278 concipit,
1311 4206 1354 4263 vel
1374 4206 1549 4263 sacerdotalis
1570 4204 1654 4262 oflicii
1674 4207 1793 4281 dignita-

142 4280 227 4334 versis
253 4277 343 4333 causis
366 4284 553 4348 provenientes
571 4285 716 4333 enumerat
738 4278 798 4344 (teo.
826 4290 856 4332 ιι
875 4279 941 4332 litat.
999 4286 1066 4345 tem,
1080 4278 1119 4362 iel
1134 4278 1289 4361 opinionem
1302 4285 1475 4361 animorum,
1489 4285 1554 4344 etc,
1574 4292 1631 4333 non
1645 4286 1689 4334 est
1702 4287 1791 4361 tamesi

143 4349 394 4471 coptiteeiiiiifius
408 4414 457 4470 lib.
472 4415 594 4472 institut.
607 4432 669 4488 cap.
686 4423 739 4472 tet
753 4422 780 4472 5.
800 4416 941 4490 Superbiae
999 4348 1293 4491 ἕξιῖξῗιειιέθιῃιῖἶιὲιῗὲωι
1303 4357 1417 4492 §effla
1429 4349 1589 4487 iistiiiiii
1608 4358 1791 4477 plicatu&

144 4501 241 4613 genera
259 4485 381 4556 sequenti
392 4485 479 4556 capite
499 4485 649 4556 distinguit,
662 4486 737 4558 quod
751 4486 794 4542 bic
808 4489 940 4545 omissum
954 4467 980 4529 Ῑ)
994 4498 1076 4573 patet.
1092 4491 1210 4548 Proinde
1222 4491 1368 4565 improprie
1381 4492 1512 4573 loquitur,
1521 4492 1588 4548 dum
1598 4491 1703 4548 aitboc
1710 4491 1790 4548 modo

156 4565 242 4613 uerat.
994 4563 1197 4668 mapusmalum
1208 4563 1314 4619 minore
1325 4563 1440 4619 retundi.

179 4628 315 4686 ‘Videtur
327 4625 380 4682 boc
393 4625 501 4683 duobus
513 4624 726 4699 medisintelligi
742 4642 831 4699 posse.
848 4630 941 4688 Primo
1051 4633 1167 4690 cuinam
1186 4635 1306 4690 Macaria
1326 4634 1379 4692 boc
1395 4631 1593 4706 apophthegma
1616 4632 1789 4690 tribuendum

144 4700 336 4758 ntcenodoxia
347 4698 458 4773 proprie
469 4705 653 4772 sumaturpro
668 4713 744 4754 vanae
762 4700 867 4757 scilicet
880 4701 941 4775 glo·
994 4704 1042 4773 sit,
1052 4705 1141 4761 adbuc
1151 4705 1351 4777 incompertum
1360 4704 1457 4761 babeo.
1475 4702 1790 4777 Porrosimileestquorl

144 4775 191 4831 riae
206 4773 271 4830 vitio
285 4772 340 4830 sive
352 4779 473 4843 peccato,
486 4771 626 4842 quomodo
640 4777 729 4841 potest
742 4771 803 4842 quis
813 4771 941 4830 tentatio-
994 4775 1068 4846 apud
1089 4777 1275 4848 sophronium
1299 4776 1396 4849 legitur
1417 4777 1444 4832 iu
1466 4776 1525 4832 baec
1545 4777 1627 4832 verba
1649 4780 1695 4841 (lo
1713 4780 1790 4849 proto

143 4862 207 4902 nem
222 4845 311 4902 carnis
319 4859 368 4916 per
376 4842 555 4901 cenodoxiam
569 4857 616 4900 seu
627 4857 725 4899 vanam
739 4843 853 4916 gloriam
863 4860 943 4918 supe-
995 4849 1093 4918 Spirit.
1110 4864 1133 4904 c.
1158 4854 1219 4914 155)
1241 4868 1247 4902 :
1269 4851 1331 4905 Duo
1356 4847 1454 4904 iratres
1467 4847 1610 4904 saculares
1629 4856 1710 4904 eraut
1725 4849 1791 4905 Gon·

144 4933 214 4983 rore,
227 4916 295 4972 dum
306 4931 342 4972 ne
354 4915 497 4972 infamiam
506 4916 637 4980 incurrat,
652 4923 684 4971 ut
695 4923 796 4985 canus,
812 4926 840 4973 et
852 4917 942 4974 conti·
995 4919 1181 4990 stantinopoli,
1200 4919 1318 4976 multum
1337 4919 1467 4991 religiosi,
1485 4919 1659 4990 multumque
1670 4919 1791 4992 jejunan-

143 5003 212 5043 nens
224 4986 365 5050 habeatur,
380 4987 498 5042 abstinet
508 5002 539 5044 se
552 5001 568 5042 a
583 4987 694 5060 flagitio,
709 4987 827 5060 adquod
838 4989 940 5060 alioqui
996 4998 1047 5046 tes.
1067 4993 1148 5047 Unus
1161 4991 1244 5074 igitur
1267 5007 1297 5046 er
1322 4989 1364 5046 bis
1384 4991 1493 5046 venicus
1512 4990 1540 5045 ln
1555 4991 1678 5059 narina,
1694 4989 1790 5049 seacula

145 5055 563 5138 vehementerexstimulabatur.
572 5060 735 5130 Soepeenim,
752 5069 783 5116 ut
799 5066 893 5118 monet
905 5063 937 5116 S.
996 5061 1204 5129 abrenuntiavit,
1219 5069 1247 5117 et
1261 5059 1350 5117 factus
1361 5069 1404 5118 est
1417 5061 1575 5118 monachus.
1590 5062 1656 5119 Post
1670 5062 1790 5147 aliquan·

144 5130 295 5202 Gregorius
313 5128 389 5184 lrcm.
416 5133 449 5182 12
472 5143 500 5182 ιιι
516 5131 695 5202 Ezechielem,
715 5147 767 5187 ιιιιο
788 5136 904 5203 torpore
925 5145 942 5183 a
996 5142 1054 5188 tum
1071 5148 1135 5189 vero
1149 5132 1280 5202 temporis
1301 5132 1374 5189 venit
1388 5142 1416 5189 et
1430 5133 1567 5190 saecularis
1589 5131 1680 5189 irater
1695 5148 1754 5208 ejus
1766 5132 1790 5189 in

141 5203 269 5273 pluribus
283 5200 403 5255 testibus
416 5212 619 5269 oppugnantem
632 5206 658 5256 et
669 5202 735 5257 dum
746 5218 816 5259 anas
826 5205 943 5271 osterna
995 5203 1116 5275 Roytlru,
1130 5213 1161 5260 ut
1180 5203 1283 5260 videret
1296 5202 1411 5260 fratrem
1425 5219 1507 5260 suum
1527 5204 1709 5260 monachum.
1726 5206 1790 5262 Cum

145 5273 273 5342 sepulum
289 5274 413 5333 ostentui,
438 5271 511 5324 alius
530 5276 631 5341 clergo
646 5273 716 5327 clam
736 5274 943 5329 tausinianum
995 5291 1061 5345 ergo
1081 5283 1236 5330 moraretur
1249 5275 1321 5346 apud
1339 5291 1412 5342 eum,
1427 5275 1494 5332 vidit
1513 5275 1652 5332 saculmis
1678 5275 1791 5333 fratrem

146 5343 198 5398 lroc
211 5342 322 5411 quidem
348 5339 432 5397 modo
449 5339 502 5396 dici
522 5350 611 5426 potest
630 5343 778 5398 cenodoxia
789 5343 895 5399 utiliter
907 5344 941 5400 ab
995 5360 1076 5400 suum
1096 5346 1261 5402 monachum
1274 5362 1303 5403 se
1317 5345 1480 5402 reficientem
1499 5346 1663 5413 boranona,
1678 5345 1791 5403 smnda·

144 5411 344 5486 incipientibus,
356 5410 383 5467 id
403 5419 455 5479 est,
469 5413 589 5479 novabis,
608 5428 655 5469 seu
674 5413 709 5468 im
746 5411 941 5480 destinasse·
996 5416 1143 5486 lizatusqne
1162 5415 1230 5472 dixit
1253 5417 1291 5473 illi
1311 5434 1318 5470 :
1340 5419 1445 5490 Frater,
1470 5433 1531 5473 cum
1554 5432 1628 5474 esses
1644 5417 1791 5483 meciaris,

144 5485 194 5551 mi,
209 5490 343 5557 quatenus
354 5483 446 5539 miuus
460 5483 563 5540 malum
577 5492 620 5541 est
631 5499 699 5540 ceno
720 5483 789 5540 oriae
802 5499 886 5556 qoam
901 5485 942 5541 lu·
996 5501 1145 5556 numquam
1157 5496 1220 5543 ante
1230 5489 1295 5544 solis
1307 5503 1436 5544 occasum
1456 5488 1584 5544 sumebas
1597 5489 1703 5546 cibum.
1718 5492 1793 5546 Tunc

145 5556 230 5613 xorite
252 5554 395 5611 tentationi
409 5555 597 5611 succumbere.
618 5557 721 5611 Verum
742 5553 795 5610 boc
819 5571 875 5610 nou
901 5565 942 5613 est
995 5558 1032 5613 ait
1053 5557 1088 5612 illi
1103 5560 1255 5615 monachus
1269 5578 1276 5613 ι
1289 5559 1424 5625 Prolemo,
1441 5559 1536 5628 iramr,
1550 5561 1660 5632 quando
1673 5575 1754 5618 eram
1766 5558 1792 5615 in

145 5627 322 5682 tentationem
340 5625 555 5697 dejiceremus
569 5626 718 5682 mutatione
729 5624 809 5697 dejici
823 5635 852 5683 et
876 5643 941 5696 pro·
995 5630 1107 5698 seculo,
1120 5646 1200 5686 aures
1214 5647 1283 5688 mear
1295 5631 1453 5687 nutriebant
1463 5647 1518 5698 me,
1530 5646 1600 5687 rana
1614 5632 1691 5688 enim
1704 5631 1791 5689 bomi-

143 5698 239 5754 sterni.
260 5697 382 5754 consolis
398 5698 470 5751 enim
483 5699 628 5767 cupeditos,
656 5696 694 5752 ait
714 5697 748 5750 D.
772 5699 942 5770 Augustinus
995 5716 1062 5756 num
1081 5702 1166 5773 gloria
1180 5711 1209 5758 at
1222 5702 1280 5758 laus
1293 5718 1350 5759 uon
1365 5702 1538 5758 mediocriter
1556 5718 1602 5758 me
1622 5701 1789 5769 mllciebant.

144 5771 213 5839 (bib.
222 5784 254 5826 ιι
265 5769 303 5824 od
313 5768 483 5834 Borrilociom
492 5774 561 5825 cont.
574 5769 675 5838 sepiat.
687 5769 777 5835 Peleo.
791 5785 813 5824 c.
823 5777 851 5838 4)
863 5772 939 5840 cupi·
992 5771 1138 5845 jejuniique
1150 5772 1272 5831 laborem
1287 5773 1421 5843 leniorem
1436 5773 1594 5831 reddebant.
1610 5775 1678 5833 naec
1693 5775 1740 5833 ibi.
