3848 6158
128 274 176 331 tol
589 268 757 327 conlatio
777 270 846 327 XlV.
865 300 901 311 -
919 271 966 327 DE
983 270 1152 328 spinttaLt
1171 271 1337 327 seinana
1738 274 1791 331 962

128 395 321 455 tantummodo
336 411 386 468 pro
399 394 583 451 admiratione
597 393 728 469 proferre.
743 394 932 467 Numquidam
947 399 974 463 Α
988 404 1102 465 taretui,
1124 395 1170 453 ille
1197 396 1347 453 reverentia
1379 404 1436 453 tani
1459 396 1582 453 sollicita
1608 398 1791 469 inquisitionis

130 491 239 547 veniens
251 488 286 546 ad
306 487 470 561 praedictum
484 502 579 545 senem
600 486 697 544 habitu
716 486 854 558 mentiri,
868 502 933 544 cuin
988 488 1125 558 astrictus,
1149 503 1262 546 uxorem
1283 504 1313 545 se
1327 496 1469 562 parentum
1483 490 1509 545 ri
1526 489 1696 562 imperioque
1710 506 1791 547 com-

130 582 153 639 ei
164 581 297 655 quasdam
306 580 419 655 frugum
430 596 544 639 suarum
555 580 688 653 primitias
699 579 849 648 detulisset,
859 579 933 637 fero·
987 582 1108 654 pulsnm,
1124 597 1188 638 cuin
1203 580 1326 654 profiteri
1342 581 1510 639 monachum
1523 583 1612 655 vellet,
1626 590 1689 641 ante
1703 582 1790 642 unde·

129 677 239 735 cissinm
254 672 401 749 quemdam
423 674 560 733 daemonio
575 684 715 748 arreptum
730 674 832 733 ibidem
853 690 933 749 repe-
987 676 1041 732 eim
1066 691 1153 732 annos
1176 678 1312 749 accepisse
1330 674 1472 733 confessus
1492 684 1544 745 est,
1564 692 1660 751 quam,
1681 679 1792 737 nemina

130 770 176 827 rit.
193 770 247 843 Qui
260 785 324 826 cuni
338 768 445 825 abbatis
457 767 570 825 ioannis
582 767 782 825 obtestationes
791 784 823 824 ac
835 783 934 842 praece
988 770 1072 827 etiam
1094 785 1167 827 nunc
1191 770 1337 839 conscio,⁰
1359 768 1462 826 sororis
1487 768 1549 827 loco
1574 786 1590 826 a
1613 786 1644 828 se
1659 770 1791 845 virginem

130 872 176 937 pta
198 862 362 935 despiciens,
388 869 534 919 testaretur
562 876 592 919 sc
619 876 772 935 numquam
801 860 835 917 ad
861 860 935 918 illius
988 861 1119 919 custodiri
1145 862 1308 919 testabatur.
1335 860 1415 930 Quod
1441 860 1545 919 factum
1575 878 1640 919 cum
1673 865 1793 924 audisset

130 959 277 1029 imperinm
291 956 325 1014 de
339 971 466 1029 corpore,
480 955 554 1028 quod
572 956 727 1023 obsederat,
741 956 934 1029 migraturum,
987 971 1082 1026 senex,
1096 963 1172 1011 tanta
1182 964 1224 1011 est
1233 954 1412 1012 admiratione
1421 963 1569 1027 permotus,
1583 964 1613 1011 ut
1625 972 1721 1015 eorain
1732 958 1791 1033 ipso

131 1052 214 1124 liiiJ‘us
231 1050 348 1108 adventu
365 1050 538 1124 perterritus,
562 1065 626 1108 eum
649 1049 866 1107 reverentissima
883 1064 933 1105 no·
988 1048 1096 1121 publice
1109 1048 1311 1119 proclamaret:
1331 1050 1395 1104 Non
1417 1046 1556 1104 immerito
1571 1048 1728 1107 daemonem
1744 1054 1790 1127 qui

129 1144 211 1201 minis
225 1145 298 1201 illins
312 1144 507 1201 inclamatione
528 1143 659 1201 discessit.
683 1145 770 1216 Cujus
793 1150 852 1199 tam
874 1140 933 1199 evi·
988 1156 1018 1199 se
1029 1140 1197 1213 despexerat,
1213 1140 1283 1195 iliius
1297 1155 1352 1196 non
1368 1139 1499 1196 tolerasse
1510 1144 1695 1211 presentiam,
1713 1147 1792 1219 cnjus

131 1235 242 1294 dentem
255 1245 268 1272 ⁸
285 1237 399 1310 gratiam
413 1251 496 1293 senex
507 1250 565 1291 uon
584 1235 756 1293 mediocriter
768 1235 928 1303 admiratus,
984 1241 1043 1309 ipse
1057 1236 1185 1292 virtutem
1199 1250 1255 1292 non
1268 1235 1359 1291 solum
1374 1234 1561 1307 injuventntis
1577 1235 1685 1306 ardore,
1697 1239 1745 1295 sed
1756 1258 1791 1301 ne

131 1346 218 1404 eoque
231 1331 348 1404 amplius
364 1330 561 1403 obstupescens
572 1329 645 1403 quod
657 1345 722 1387 euin
735 1328 858 1387 saeculari
871 1344 933 1385 cer·
985 1345 1059 1386 nunc
1070 1329 1178 1402 quidem
1191 1328 1249 1385 sine
1259 1326 1416 1384 discrimine
1430 1327 1560 1384 castitatis
1574 1327 1687 1385 auderet
1706 1347 1791 1405 appe-

129 1434 207 1481 neiet
230 1424 335 1492 habitu,
356 1424 441 1498 coepit
453 1424 488 1480 ab
510 1440 543 1481 eo
562 1424 625 1480 vitae
640 1438 671 1479 ac
685 1421 863 1495 professionis
876 1422 935 1495 ejus
987 1430 1055 1478 tere.
1072 1421 1153 1490 Quod
1169 1420 1269 1477 faetmn
1283 1419 1369 1476 abbas
1383 1421 1502 1475 loannes
1515 1420 1578 1475 licet
1588 1436 1696 1478 sumina
1706 1422 1792 1481 adini-

130 1518 254 1575 oidinem
277 1518 422 1590 diligenter
441 1518 586 1590 inquirere..
611 1517 736 1589 Cumque
757 1516 802 1572 ille
821 1514 935 1573 sarcula·
990 1510 1096 1571 r'atione
1108 1514 1258 1587 praetulerit
1275 1512 1360 1584 [lips.
1375 1516 1404 1567 in
1417 1528 1507 1583 incip.
1524 1516 1684 1585 protuleritl,
1696 1525 1791 1577 tamen

130 1626 188 1669 rein
200 1626 230 1669 se.
243 1620 324 1685 atque
343 1611 439 1668 uxorio
459 1611 565 1668 vinculo
580 1608 731 1682 obligatum
743 1624 801 1666 esse
814 1608 935 1675 dixisset,
988 1608 1130 1665 neminem
1140 1606 1351 1674 monachornm,
1367 1614 1399 1662 nt
1408 1607 1584 1678 experiretur,
1599 1608 1723 1667 hortatus
1737 1622 1788 1683 est,

130 1707 226 1766 beatus
243 1712 361 1766 loannes
380 1708 568 1767 excellentiam
591 1705 699 1764 virtutis
723 1706 784 1779 ejus
798 1714 825 1763 et
844 1706 937 1779 1111111
990 1702 1079 1759 sciens
1092 1702 1178 1758 multa
1191 1708 1264 1757 recte
1278 1700 1313 1755 ab
1325 1700 1382 1756 aliis
1399 1709 1486 1773 gesta,
1502 1716 1629 1775 magnam
1647 1702 1708 1760 aliis
1724 1706 1789 1763 imi-

131 1808 225 1857 mente
249 1808 431 1873 pertractans,
451 1814 578 1871 quaenam
600 1798 638 1855 illi
666 1806 738 1855 esset
763 1798 935 1855 conversatio
952 1809 976 1872 Β
990 1795 1109 1852 tontibus
1121 1796 1242 1853 intulisse
1253 1794 1412 1867 perniciem,
1422 1811 1472 1851 nec
1481 1797 1608 1869 usurpari
1620 1797 1654 1853 ab
1663 1800 1790 1860 omnibus
1891 1804 1904 1821 ¹

130 1894 259 1951 attentius
274 1893 476 1965 exiplorabat;b
491 1892 536 1949 ille
548 1907 577 1948 se
589 1891 723 1948 rusticum
734 1899 763 1947 et
777 1890 938 1963 quotidiano
992 1904 1083 1962 posse,
1098 1888 1172 1962 quoil
1184 1888 1278 1961 paucis
1292 1888 1426 1946 Dominus
1439 1888 1549 1961 speciali
1562 1906 1674 1948 munere
1692 1900 1791 1951 contu·

134 2000 267 2042 manuum
286 2001 367 2057 opere
381 1985 485 2041 victum
497 1999 630 2056 quarere,
644 1998 695 2039 nec
709 1982 790 2039 ullius
803 1983 867 2039 boni
879 1997 938 2039 esse
991 1981 1074 2040 lisset.

132 2092 162 2133 se
180 2078 322 2135 conscium
347 2078 510 2143 testabatur,
537 2076 588 2133 nisi
611 2076 684 2149 quod
704 2091 854 2148 numquam
873 2084 938 2133 ante

133 2170 167 2227 ad
191 2170 262 2227 ruris
280 2186 363 2243 opera
386 2184 469 2226 mane
497 2169 646 2227 exercenda
666 2168 836 2242 procederet,
851 2183 939 2241 neque

137 2278 248 2335 vespere
268 2262 382 2320 domum
394 2270 585 2331 reverteretur,
612 2262 665 2319 nisi
691 2262 719 2318 in
742 2260 861 2318 Ecclesia
889 2278 938 2334 pro

133 2356 299 2429 quotidianae
314 2358 374 2413 ritae
390 2364 545 2413 commeatu
561 2356 682 2430 largitori
695 2359 754 2423 ejus
768 2358 828 2411 Deo
840 2356 939 2429 gratias
1028 2357 1080 2415 Sed
1094 2357 1128 2415 ad
1143 2357 1340 2431 expositionem
1354 2357 1474 2414 scientiae
1488 2358 1521 2415 dc
1538 2373 1590 2429 qua
1600 2367 1740 2433 sumptum
1751 2368 1795 2418 est

133 2450 280 2520 retulisset,
305 2466 393 2522 neque
414 2465 444 2506 sc
468 2464 600 2523 umquam
614 2449 649 2506 de
662 2448 797 2506 fructibus
810 2449 868 2507 suis
886 2450 938 2507 ali·
990 2454 1127 2513 sermonis
1146 2452 1291 2511 exordium
1304 2462 1482 2511 revertamur.
1507 2458 1613 2525 ltaque,
1627 2454 1698 2511 sieut
1710 2471 1794 2529 supo-

134 2544 199 2617 quid
213 2560 368 2618 usurpasse,
390 2545 443 2603 nisi
463 2545 537 2617 prius
550 2547 610 2600 Deo
634 2542 768 2617 primitias
787 2559 883 2601 eorum
906 2559 937 2600 ac
990 2548 1047 2605 rius
1068 2548 1197 2615 diximus,
1219 2548 1340 2620 practice
1360 2563 1424 2620 erga
1443 2547 1545 2603 multas
1566 2547 1748 2619 professiones
1761 2566 1795 2609 ac

134 2635 254 2694 decimas
275 2636 429 2706 obtulisset,
451 2647 479 2694 et
498 2652 651 2711 numquam
670 2652 699 2693 se
717 2636 800 2695 boves
812 2652 877 2693 suos
890 2652 939 2709 per
991 2641 1079 2699 studia
1091 2640 1266 2698 derivatur.‘¹
1285 2640 1443 2697 Theoretice
1460 2655 1524 2697 sero
1543 2640 1571 2696 in
1582 2640 1651 2697 duas
1665 2642 1795 2699 dividitur

134 2734 228 2793 alienae
256 2736 355 2793 messis
384 2735 537 2793 traduxisse
567 2734 732 2804 confinium,
761 2735 812 2791 nisi
841 2751 936 2793 eorum
992 2741 1094 2806 partes,
1118 2732 1145 2789 id
1171 2741 1223 2802 est,
1248 2732 1275 2788 iii
1304 2731 1462 2789 historicam
1484 2733 1748 2805 interpretationem,
1768 2743 1796 2793 et

135 2829 210 2901 prins
224 2846 271 2885 orn
286 2830 438 2900 clausisset,
457 2846 493 2887 ne
510 2832 551 2887 rel
566 2845 664 2903 parum
678 2830 771 2887 damni
790 2845 839 2902 per
856 2830 937 2887 incu-
990 2825 1196 2900 intelligentiam
1217 2824 1373 2899 spiritalem.
1387 2825 1469 2883 Unde
1487 2825 1568 2881 etiam
1584 2826 1712 2883 Salomon
1731 2843 1795 2885 cuin

136 2922 207 2977 riam
221 2922 279 2992 eius
295 2922 436 2992 proximus
448 2923 602 2980 sustineret.
622 2926 658 2980 Et
670 2940 734 2981 cum
753 2924 813 2981 haec
828 2939 937 2997 qnoque
991 2922 1119 2981 Ecclesiae
1132 2919 1333 2978 multiformem
1340 2918 1457 2992 gratiam
1467 2927 1664 2984 enumerasset,
1674 2920 1792 2993 adjecit:
1860 2908 1864 2915 ¹

1275 2099 1396 2156 CAPUT
1425 2100 1500 2154 vlit.

1240 2221 1277 2273 111
1288 2218 1413 2288 spiritali
1420 2220 1542 2273 scientio.

138 3012 230 3070 abbati
244 3015 353 3083 loanni,
369 3014 485 3070 necdum
497 3015 531 3072 ad
542 3018 777 3089 comparationem
788 3024 872 3074 tantae
881 3033 938 3091 gra·
992 3016 1515 3087 *0111111111ᾳαίιί111111111111,
1529 3017 1621 3070 uestiti
1629 3020 1690 3070 saint
1705 3017 1797 3087 dupli-

138 3107 192 3176 tia,
210 3122 261 3178 qua
283 3122 347 3162 euin
370 3108 511 3178 praelatum
530 3108 583 3165 sibi
606 3123 665 3165 esse
685 3110 826 3180 comebat,
841 3110 938 3167 idonea
992 3116 1059 3171 citer
1071 3117 1162 3183 (Pron.
1178 3112 1279 3185 xxxx).
1293 3111 1544 3184 ‘Spiritalisantem
1560 3110 1680 3167 scientim
1696 3127 1795 3184 genera

137 3201 305 3273 viderentur,
324 3211 406 3275 atque
424 3203 458 3259 ab
477 3219 510 3261 co
533 3204 664 3277 quidnam
678 3214 750 3262 esset
776 3205 844 3263 illud
864 3205 938 3278 quod
954 3198 977 3263 C
992 3215 1067 3277 sunt,
1091 3206 1254 3278 tropologia,
1277 3204 1417 3277 allegoria,
1431 3219 1570 3277 anagoge,
1588 3203 1625 3261 de
1648 3204 1747 3277 quibus
1766 3206 1796 3263 in

134 3305 219 3354 tantas
231 3296 327 3369 gratiae
345 3297 450 3354 meritis
462 3296 580 3355 conferri
596 3306 696 3371 posset,
711 3298 854 3357 sciscitans
868 3314 940 3354 seru
993 3299 1145 3355 Proverbiis
1155 3300 1191 3354 ita
1205 3296 1313 3368 dicitur,
1327 3298 1339 3338 ⁸
1354 3301 1393 3353 Te
1408 3304 1497 3353 autem
1511 3299 1629 3353 describi·
1638 3300 1690 3353 tibi·
1702 3316 1733 3354 ro
1745 3301 1794 3355 tri·-

685 3433 813 3489 Anauni
831 3433 945 3488 GiiZAEf
964 3430 1243 3489 collimitantes.

172 3556 263 3615 ⁸Vide
275 3568 375 3630 quanta
389 3560 424 3616 sit
435 3560 522 3615 rirtiis
537 3566 564 3615 et
574 3558 664 3629 gratia
675 3559 808 3617 castitatis
826 3568 854 3616 et
868 3575 938 3617 eon-

138 3629 259 3687 tinentire
279 3630 432 3703 virginalis:
451 3645 533 3701 quain
554 3630 639 3686 etiam
658 3630 686 3687 in
708 3630 777 3688 laico
791 3640 817 3687 et
835 3632 938 3689 rustico

138 3699 248 3757 homine
259 3699 331 3759 ferre
342 3702 451 3759 daemon
463 3717 518 3757 non
531 3702 629 3772 potuit.

172 3764 305 3845 binsigne
322 3781 350 3829 et
367 3789 459 3830 rarnni
480 3771 586 3844 pictatis
603 3772 756 3845 exemplum
775 3771 804 3827 iii
826 3771 938 3829 homine

138 3842 251 3899 rustico.
276 3843 378 3899 Similia
397 3850 491 3899 narrat
512 3840 647 3897 Palladios
665 3844 694 3897 in
706 3843 769 3897 Vita
792 3842 938 3915 Paphnutii

138 3913 254 3970 abbatis.
270 3916 305 3968 Et
327 3912 361 3969 de
382 3916 413 3969 S.
438 3912 561 3989 hntopio
578 3910 667 3965 simile
691 3910 831 4033 quippiam
856 3913 939 3968 refert

139 3992 234 4041 auctor
252 3996 406 4052 anonymus
426 3982 456 4037 in
478 3982 547 4034 Vitis
566 3980 678 4034 Petrum
708 3980 747 4034 ib.
769 3995 813 4035 xxx
828 3996 888 4052 cap.
906 3987 939 4037 15

139 4069 218 4112 novat
231 4052 368 4109 editionis.

176 4125 262 4180 ‘Hoc
278 4119 405 4191 exemplo
420 4117 520 4201 docent
535 4120 629 4201 Patres
643 4116 727 4175 licere
736 4118 888 4191 coniugatis
907 4137 940 4178 ex

139 4203 238 4251 mutuo
259 4206 395 4249 consensu
423 4198 619 4246 continentiam
649 4204 748 4245 vovere
776 4200 804 4246 et
820 4206 937 4248 servare.

141 4265 226 4336 Cujus
241 4264 280 4319 rei
300 4269 389 4320 exstat
410 4260 482 4333 apud
501 4260 652 4318 Palladium
667 4258 757 4316 simile
779 4262 939 4333 exemplum

140 4333 285 4391 Ammonis
299 4331 436 4401 monachi,
449 4332 497 4405 qui
510 4347 575 4389 cuin
591 4332 692 4388 invitus
710 4347 823 4389 uxorem
842 4333 939 4390 duxis-

141 4414 196 4474 set,
208 4404 301 4462 deccm
322 4412 350 4460 et
364 4411 425 4460 octo
439 4419 526 4461 annos
539 4404 564 4460 ei
579 4402 748 4471 cohabitans,
763 4403 865 4460 sororis
878 4405 939 4460 loco

143 4492 204 4532 eain
219 4475 330 4543 liabnit;
347 4482 375 4529 et
391 4490 420 4531 se
442 4475 543 4547 pariter
566 4474 685 4531 ncillam
699 4474 940 4602 virffnemcusto-

140 4546 218 4604 divit.
239 4546 318 4617 Quod
332 4554 464 4617 quantum
484 4548 544 4601 Deo
558 4544 698 4615 placuerit,
714 4544 741 4600 in
761 4562 777 4601 e
795 4545 939 4603 manifeste

139 4618 266 4683 innotuit,
284 4616 357 4690 qnod
379 4617 437 4698 ejus
456 4617 575 4672 animam
590 4616 620 4671 S.
637 4615 771 4673 Antonius
788 4616 817 4673 iii
837 4619 938 4675 coelum

994 3559 1093 3641 gentio,
1105 3559 1162 3640 sire
1176 3556 1374 3639 interpretatio,
1392 3564 1434 3612 est
1448 3572 1531 3629 quam
1547 3558 1630 3642 verba
1648 3560 1795 3634 Scriptuiae

992 3626 1796 3777 trattilllllllliiltltlllillllhlllllt

994 3771 1086 3829 licant.
1111 3774 1144 3827 lit
1164 3771 1216 3828 hos
1233 3770 1304 3827 dnos
1329 3784 1426 3825 sensns
1442 3770 1522 3827 docet
1548 3774 1582 3825 D.
1609 3774 1712 3829 Hieron
1732 3790 1795 3833 mus

993 3792 1796 3987 11111111111111111111111111

1016 3931 1091 3970 ceo.
1320 3953 1327 3966 .
1515 3954 1521 3965 .
1626 3955 1632 3967 .
1668 3954 1675 3981 ,
1752 3932 1770 3971 ii

994 3984 1145 4039 ibinotata.

1030 4054 1153 4109 ‘Variat
1174 4050 1302 4106 nonnihil
1323 4051 1456 4108 aGraecis
1476 4051 1626 4118 codicibus,
1647 4055 1673 4109 iii
1695 4055 1795 4126 quibus

994 4138 1068 4178 nunc
1091 4121 1129 4177 ila
1156 4121 1163 4174 Ι
1198 4120 1252 4175 itur
1288 4138 1295 4174 :
1318 4120 1412 4182 Πάντες
1432 4121 1481 4189 γὰρ
1506 4122 1531 4174 οἰ
1553 4122 1615 4193 παρ’
1640 4124 1796 4196 ἐνδεδυμένοι

994 4190 1051 4248 eici.
1066 4192 1155 4254 dicore
1174 4210 1193 4260 χ
1211 4190 1279 4251 elsae
1290 4188 1401 4259 ἐποίησε,
1423 4192 1454 4248 ld
1478 4198 1529 4262 esf,
1549 4200 1703 4266 omnesqui
1719 4198 1795 4269 apud

994 4278 1054 4319 eom
1073 4269 1147 4325 sunt,
1168 4264 1345 4317 aestelstani.
1369 4264 1493 4332 ruptices
1517 4272 1599 4321 cester
1619 4269 1685 4334 fecit
1698 4271 1790 4335 (Pron.

994 4340 1095 4402 xxxi).
1112 4332 1226 4390 Videtur
1246 4341 1340 4389 auteni
1357 4333 1503 4390 Cassianus
1516 4336 1610 4409 legisse
1629 4339 1718 4403 blico,
1744 4356 1794 4413 pio

994 4405 1092 4472 blasae,
1109 4405 1197 4473 idest,
1215 4404 1358 4474 dupliciter
1370 4420 1419 4475 pro
1433 4405 1561 4476 duplices.
1579 4411 1665 4466 Porro
1678 4410 1794 4485 Vulgata
1854 4396 1862 4413 ’

994 4476 1082 4533 versio
1094 4475 1195 4532 habet:
1212 4475 1306 4533 Omnes
1315 4478 1386 4532 ciii'm
1400 4475 1538 4533 1111111111·
1551 4480 1608 4551 ejus
1626 4484 1718 4539 1111111·
1729 4488 1794 4539 anni

994 4548 1032 4603 dn
1052 4548 1156 4605 licibus.
1177 4546 1260 4629 Cujus
1282 4546 1423 4605 sententiae
1446 4551 1481 4603 D.
1504 4550 1690 4633 Hieronymus
1712 4554 1794 4609 aliam

993 4634 1009 4674 a
1033 4619 1333 4691 eitinteipretationem
1341 4617 1376 4675 ab
1384 4634 1417 4675 ea
1426 4634 1488 4690 qnae
1497 4620 1541 4676 hic
1550 4621 1666 4677 traditur
1675 4623 1794 4679 multum

138 4689 173 4745 ab
188 4689 290 4761 angelis
301 4686 403 4745 deferri
417 4703 481 4743 cuin
492 4700 600 4743 suinma
608 4683 693 4757 gloria
701 4684 806 4755 viderit,
813 4696 846 4745 ut
855 4688 939 4745 refert
992 4689 1129 4747 diversam
1140 4709 1149 4757 3
1162 4705 1210 4761 per
1220 4688 1366 4747 mulierem
1375 4688 1451 4745 illam
1463 4688 1573 4756 fortem,
1585 4690 1737 4747 Ecclesiam
1749 4707 1795 4749 ca-

139 4758 303 4815 Athanasius
314 4759 412 4815 iul'ita
427 4760 456 4815 S.
471 4756 595 4814 Antonii.
610 4755 737 4812 Alterum
749 4755 844 4814 itidem
854 4759 939 4815 simile
992 4759 1127 4816 tholicam
1140 4760 1301 4832 intelligens.

139 4828 214 4901 apud
226 4828 388 4899 Gregorium
402 4831 589 4886 Turonenscm
598 4825 633 4883 dc
643 4826 736 4883 Gloria
750 4826 939 4886 confessorum

140 4914 201 4970 cap.
220 4905 265 4966 31,
283 4898 329 4954 ubi
352 4898 445 4963 refert,
460 4897 535 4971 quod
555 4914 620 4955 curn
634 4913 667 4955 eii
685 4896 794 4955 duobus
813 4900 939 4974 conjugi·

139 4971 204 5037 bns,
217 4970 263 5042 qni
276 4976 433 5042 perpetuam
444 4969 640 5026 continentiam
653 4985 686 5026 ex
699 4984 835 5025 consemn
847 4986 938 5029 11111-

140 5050 247 5113 serant,
263 5046 348 5098 altera
362 5048 472 5098 mortua
483 5048 566 5110 essct,
585 5039 654 5096 alter
667 5040 694 5095 iii
708 5038 767 5097 licec
781 5040 861 5098 verba
876 5058 939 5113 pro-

141 5113 236 5187 rupit:
257 5114 369 5170 Groti'ns
386 5111 437 5168 tibi
457 5128 520 5184 opo,
535 5112 704 5181 ommpoteris
716 5111 852 5177 Conditor,
867 5112 942 5183 qaod

140 5183 436 5254 chiemseensem
449 5182 591 5239 tradidisti
604 5183 673 5238 mihi
685 5183 851 5252 impollutam
868 5190 896 5239 et
907 5184 941 5239 ab

1029 4830 1121 4885 ¹illlis
1138 4828 1227 4885 verbis
1243 4828 1340 4898 triplex
1358 4824 1561 4897 Scripturarum
1584 4844 1680 4887 sensus
1694 4834 1794 4907 mysti-

994 4915 1070 4956 cusa
1084 4899 1217 4971 theologis
1228 4898 1361 4968 assignari
1374 4896 1453 4965 solet,
1475 4898 1648 4973 allegoricus,
1668 4904 1794 4977 tropolo-

994 4970 1081 5099 gicus,
1102 4969 1269 5053 anagogicus
1285 4968 1322 5050 (S.
1345 4969 1436 5073 flam.
1457 4985 1469 5026 i
1493 4977 1568 5055 port.
1588 4990 1616 5043 q.
1645 4978 1676 5043 l,
1698 4978 1795 5063 status¹

1014 5057 1089 5097 circii.
1103 5041 1151 5095 lib.
1168 5054 1204 5096 iii
1218 5037 1361 5122 biblioth,
1373 5041 1473 5123 heller.
1485 5043 1532 5098 hb.
1546 5045 1626 5124 iiiifc
1640 5047 1727 5103 Verbo
1744 5050 1793 5104 liet

994 5110 1795 5265 1111·11111111111111111111

138 5257 216 5311 omni
225 5257 368 5325 voluptatis
378 5256 501 5328 coiitnqio
510 5270 620 5324 parom,
633 5256 673 5309 itu
686 5254 739 5315 tibi
751 5257 877 5320 i·csti'tuo;
891 5256 941 5310 illo
994 5255 1069 5329 gieos
1090 5270 1137 5328 qui
1152 5252 1187 5311 ad
1199 5252 1318 5309 futuram
1340 5252 1425 5309 iiiam
1446 5268 1495 5311 seu
1521 5254 1670 5313 Ecclesiam
1691 5258 1794 5317 trium-

141 5328 445 5389 cei·o‚eti'iimsimortnu
455 5325 940 5394 11111111111111111118111111111,
995 5326 1134 5399 phantem.
1160 5328 1203 5381 lta
1233 5328 1352 5397 quatuor
1365 5323 1404 5405 'in
1435 5325 1591 5381 universum
1621 5328 1793 5403 assignantur

142 5399 941 5470 11111111111111111111111111111111111,1111111111111111-
995 5413 1091 5455 sensns
1104 5395 1262 5470 Scripturae,
1277 5394 1311 5451 de
1326 5394 1426 5467 quibus
1444 5394 1568 5467 vulgares
1581 5406 1690 5457 cistam
1711 5404 1795 5461 versi.

162 5474 235 5533 onte,
246 5472 385 5524 secretum.

143 5484 160 5537 9
179 5538 191 5574 ⁶
206 5538 392 5607 Theoieticen,
403 5536 461 5595 sive
469 5538 620 5598 theoricam
632 5539 785 5608 scientiam,
798 5540 882 5597 refert
897 5538 941 5597 hic

143 5608 227 5666 abbas
240 5608 416 5681 potissimum
430 5608 466 5666 ad
478 5612 661 5684 cognitionem
675 5627 723 5667 seu
734 5611 941 5684 intelligentiam

142 5689 173 5737 et
196 5680 446 5753 interpretationem
465 5696 605 5739 sacrarum
628 5683 841 5764 scripturarum,
858 5698 940 5753 quam
1010 5716 1012 5721 ·

143 5750 226 5808 docet
245 5767 304 5808 esse
319 5750 465 5824 duplicem,
483 5767 580 5823 nempe
597 5752 755 5810 historicam
765 5753 822 5810 sive
836 5753 942 5811 litiera-

995 5468 1064 5526 cufi:

1057 5573 1147 5624 littera
1157 5574 1223 5636 gesta
1232 5571 1312 5633 ilorci,
1321 5572 1380 5635 quid
1390 5572 1476 5624 credas
1485 5575 1607 5639 allegoria,

1057 5636 1156 5687 Moralls
1165 5634 1296 5698 qiiidagas,
1312 5648 1361 5699 qiio
1375 5634 1461 5687 londos
1468 5639 1590 5704 anagogia.

1032 5754 1046 5795 ⁸
1057 5754 1157 5828 hlagna
1167 5754 1325 5811 versionum
1332 5755 1447 5813 varietas
1456 5736 1526 5815 circa
1535 5758 1606 5817 lianc
1619 5763 1792 5820 sententiam.

142 5824 210 5892 lein,
229 5831 256 5881 11
268 5822 412 5896 mysticam
425 5820 481 5879 rixo
494 5822 675 5894 spiritualem.
690 5824 825 5881 liistorica
840 5824 943 5881 intelli·
997 5823 1111 5899 Vulgata
1125 5826 1229 5884 versio:
1244 5829 1309 5883 Ecce
1329 5827 1463 5901 descripsi·
1473 5830 1526 5885 tibi
1538 5846 1598 5887 eoin
1610 5834 1754 5902 tripliciter
1765 5834 1795 5891 ia
