3848 6158
116 273 158 327 ar
719 257 907 317 russeum
926 257 1194 316 impuleram.
1749 269 1784 324 ³⁸

120 404 181 453 tem
192 392 228 450 ad
241 392 314 449 illam
326 390 425 448 attinet
439 387 537 447 lsidori
551 386 697 444 Pelusiotae
708 384 865 458 epistolam,
877 400 931 457 qua
946 381 1129 456 A-pagandae,
1141 389 1170 438 et
1184 381 1279 439 salutis
1299 383 1454 440 animnmm
1475 386 1667 457 procurandae,
1692 389 1784 450 studio

116 486 285 544 Cassianum
298 482 333 541 de
346 481 476 539 frenanda
497 480 595 555 linguae
615 479 725 537 bceulie
742 479 815 537 serio
833 478 927 537 aduro·
982 476 1169 534 uehementius
1178 477 1369 548 inardesceret,
1384 479 1539 553 multosque
1552 481 1694 556 utriusque
1705 499 1787 544 sexus

122 579 195 648 uuit,
214 593 278 635 eam
299 575 413 650 quidem
437 575 472 633 ad
494 574 655 634 ctasbuum
680 582 807 631 nostrum
829 588 929 631 mona·
984 569 1155 627 Christianos
1178 570 1210 628 iis
1227 570 1255 626 in
1275 571 1343 629 locis
1364 571 1399 629 ad
1422 574 1588 647 Euangelieae
1613 575 1788 648 perfectiouis

119 673 210 731 clrurn
223 672 354 745 scriptam
367 687 427 729 esse
441 687 505 728 cum
519 669 637 728 Baromo
649 669 737 727 sentio
757 667 931 741 :prasertim
982 665 1111 722 semitam
1130 665 1308 722 insistendam
1328 674 1388 724 tum
1401 669 1496 740 uerbo,
1519 677 1579 726 tum
1598 673 1726 745 exemplo
1737 673 1787 732 ad·

122 785 192 826 eum
207 776 316 826 constet
334 767 463 825 Cassiam
483 775 658 825 maetaueum
670 806 678 834 ,
690 774 718 821 et
735 763 859 837 ejusdem
876 779 932 821 ma-
984 757 1105 816 duxisset
1120 779 1127 817 :
1145 758 1217 831 apud
1235 760 1387 818 Massiliam
1402 761 1459 820 duo
1471 767 1653 836 monasteria,
1667 768 1787 827 virorum

118 863 206 935 gistri
213 860 400 935 chrysostomi
412 859 581 933 discipulum
595 858 676 916 fuisse
686 858 763 915 illum
776 856 931 929 isidorum,
988 867 1084 921 unum,
1097 852 1216 910 alterum
1230 853 1377 912 mulierum
1390 856 1554 926 condidisse,
1577 859 1668 932 ibique
1681 862 1787 935 regula·

123 972 189 1014 non
202 965 336 1013 tameueo
349 963 477 1028 tempore
488 962 518 1010 et
531 960 626 1020 aetate,
646 966 699 1024 qua
713 949 932 1013 rultBaroniust
987 945 1069 1004 risao
1089 947 1248 1004 monasticae
1268 946 1419 1020 discipliuae
1440 951 1625 1023 stabilienda,
1639 963 1668 1012 ct
1687 956 1722 1014 ad
1735 972 1787 1030 po-

120 1058 157 1106 at
171 1050 260 1106 multo
273 1058 351 1119 aute,
365 1064 435 1106 cum
455 1046 545 1105 adbuc
554 1045 662 1119 jureuis
686 1044 714 1100 in
736 1043 863 1101 coeuobio
885 1043 932 1102 illo
986 1040 1301 1099 sterostransmittendat
1319 1043 1461 1113 praeclara,
1474 1054 1503 1101 et
1513 1047 1600 1103 solida
1615 1045 1713 1120 jecisse
1726 1048 1789 1108 fun-

125 1140 337 1199 Betbleemitico
356 1149 449 1214 ageret
480 1139 566 1198 flimis
585 1137 660 1194 euim
678 1136 835 1194 indecorum
848 1145 876 1194 et
887 1135 932 1193 in-
986 1133 1123 1204 demente,
1145 1134 1228 1192 iidem
1240 1134 1276 1190 illi
1298 1143 1425 1193 auctores
1442 1146 1516 1194 suut.
1540 1138 1622 1197 Unde
1638 1150 1666 1198 et
1686 1158 1788 1201 nomeu

55 1212 64 1231 ⁶
123 1251 284 1308 congruum
296 1223 391 1291 fuisset
403 1232 563 1290 cassianum
576 1232 635 1304 jam
654 1239 736 1288 retale
753 1237 930 1302 provectum,
984 1228 1093 1285 abbatis
1116 1244 1149 1286 ae
1171 1229 1374 1287 coeuobiarclrae
1397 1229 1525 1302 deinceps
1547 1231 1585 1288 illi
1606 1236 1703 1293 meritc
1720 1236 1790 1295 indi·

123 1340 155 1386 et
177 1338 233 1386 tam
257 1328 365 1397 officio,
385 1326 461 1400 quud
492 1326 544 1383 sub
570 1325 770 1397 chrysostomo
791 1335 930 1396 gesserat,
984 1330 1044 1378 tum
1065 1321 1173 1381 fuerit:
1197 1324 1249 1380 uisi
1276 1325 1337 1397 quis
1360 1322 1396 1380 ad
1416 1325 1536 1398 priscum
1557 1342 1665 1384 morem
1685 1330 1789 1391 referre
1892 1322 1895 1329 '

125 1439 210 1495 quam
224 1423 294 1480 adeo
303 1422 460 1479 honorifica
478 1421 613 1501 legatione
630 1420 664 1478 ad
682 1434 825 1475 summum
839 1421 930 1490 ponti-
984 1417 1072 1486 malit,
1086 1434 1141 1491 quo
1152 1419 1227 1476 soliti
1242 1418 1416 1476 anachoreta
1433 1420 1566 1492 seniores,
1579 1431 1629 1478 aut
1640 1424 1790 1483 sanctiores

127 1516 208 1574 ficem
218 1517 322 1585 habita,
337 1517 444 1574 clarum
456 1525 483 1573 et
496 1515 649 1581 illustrem,
662 1513 749 1568 immo
762 1520 790 1568 et
802 1513 931 1586 religione
984 1524 1050 1567 voce
1062 1512 1129 1583 Syra
1141 1514 1227 1577 abbo,
1243 1513 1284 1569 vel
1300 1513 1395 1569 Latina
1410 1518 1506 1585 putres
1529 1515 1685 1587 promiscue
1699 1518 1789 1590 appel-

123 1611 316 1683 ccnspicuum,
331 1611 439 1680 silentii,
461 1616 489 1667 et
498 1606 661 1666 coercenda
673 1606 784 1677 linguar,
797 1604 832 1662 ad
847 1606 931 1664 instar
983 1602 1032 1660 lari
1045 1624 1052 1660 :
1066 1606 1208 1677 quomodo
1222 1615 1250 1663 et
1261 1608 1407 1665 cassinum
1425 1623 1508 1665 suum
1523 1609 1693 1666 Germanum
1707 1609 1790 1669 abba·

129 1720 288 1777 pueromm,
300 1704 452 1762 admoneri.
468 1701 550 1773 Quod
572 1717 605 1758 er
625 1702 685 1773 ipso
707 1700 790 1756 etiam
808 1699 929 1772 epistolae
985 1706 1042 1755 tem
1055 1701 1156 1772 passim
1176 1702 1310 1758 nominat.
1324 1705 1420 1774 Neque
1433 1719 1497 1761 veru
1510 1704 1731 1776 pratereundum
1746 1705 1789 1763 bis

122 1805 254 1854 centealu
277 1799 364 1870 quivis
383 1796 465 1855 facilc
480 1795 625 1869 judicabit.
654 1795 796 1852 caeterum
819 1808 875 1866 qua
895 1810 930 1851 ex
947 1762 1105 1848 Baffineet
1116 1793 1309 1864 conjunctum,
1324 1811 1374 1850 nec
1387 1796 1478 1851 miuus
1492 1797 1672 1854 honorarium
1698 1799 1791 1855 domni

126 1906 210 1946 causa
230 1892 270 1946 rel
289 1891 432 1947 occasione
454 1888 599 1947 cassiauus
619 1903 655 1945 ex
677 1889 795 1960 AEgypto
817 1887 858 1942 rel
882 1889 933 1944 Pa-
987 1885 1164 1952 vocabulum,
1187 1885 1262 1958 quod
1285 1887 1409 1957 epistulas
1426 1888 1548 1945 Castoris
1571 1888 1681 1961 praefert
1696 1890 1789 1949 inseri·

129 1984 227 2040 lestiua
243 1984 353 2040 taudem
367 1984 396 2040 in
409 1983 510 2041 Gallias
531 1981 721 2050 transmearit,
736 1988 764 2036 el
784 1980 931 2037 Massiliam
986 1977 1043 2049 ptio
1054 1995 1061 2033 ι
1072 1977 1265 2036 Adnorltrusr
1275 1980 1433 2036 Cussr'uaum
1445 1981 1571 2037 abbatem
1580 1985 1784 2041 Massiliensem.

125 2075 226 2132 Gallim
253 2077 437 2133 Narbonensis
470 2075 563 2133 nobile
589 2074 744 2148 emporium
781 2073 930 2145 appulerit,
986 2074 1065 2127 llauc
1086 2071 1160 2128 euim
1184 2088 1280 2128 vocem
1301 2073 1351 2128 etsi
1375 2074 1465 2129 minua
1491 2075 1635 2143 Latinam,
1660 2084 1790 2135 tamena
1866 2064 1870 2069 ’

128 2170 185 2238 etsi
206 2170 340 2225 anemius
353 2169 492 2241 proditum
504 2169 600 2237 scam,
613 2168 711 2241 opinor
723 2173 817 2222 tumen
830 2163 933 2252 idejus
986 2165 1081 2222 multis
1092 2165 1200 2223 saeculia
1221 2165 1250 2221 iu
1266 2165 1385 2222 Ecclesia
1396 2166 1544 2235 usitatam,
1558 2166 1740 2240 eamdemque
1753 2171 1791 2227 ri·

130 2264 267 2332 temporis
296 2263 462 2332 summitati,
485 2270 514 2319 et
546 2261 738 2319 brereticorum
763 2259 933 2331 improbitati
987 2261 1024 2316 ris
1038 2261 1206 2328 clarissimis,
1218 2275 1251 2316 ac
1263 2259 1379 2316 subinde
1393 2261 1476 2317 eliam
1495 2262 1614 2329 sanctis,
1635 2263 1793 2320 tribuisoli·

130 2354 338 2410 ascribendum.
364 2361 446 2411 Anno
471 2354 602 2423 siquidem
621 2354 815 2411 incarnationis
840 2355 934 2411 Domi-
987 2361 1055 2422 mm,
1082 2362 1182 2425 praeter
1203 2354 1280 2425 istius
1306 2352 1428 2426 epistulas
1455 2354 1665 2425 testimouium
1691 2364 1793 2430 practer

129 2445 387 2516 nicaellccontigit
401 2445 597 2502 monasterium
609 2444 674 2502 illud
686 2445 931 2516 Bethleemilioum,
987 2449 1190 2522 antiquissimas
1213 2448 1306 2505 itidem
1320 2448 1448 2505 Ecclesiae
1470 2448 1606 2518 Limnias,
1626 2467 1688 2523 quae
1712 2468 1790 2510 sum·

131 2539 160 2595 in
176 2554 231 2612 quo
245 2539 390 2596 cassianus
415 2542 593 2596 monasticam
615 2541 700 2597 ritum
719 2539 856 2613 professus
878 2538 936 2597 fue·
987 2559 1066 2599 mum
1093 2542 1250 2614 pontificem
1279 2543 1406 2598 domnum
1436 2544 1617 2616 apostolicum
1636 2545 1789 2618 appellant,

129 2643 184 2702 rat,
201 2650 217 2690 a
232 2633 381 2706 Pelagiauis
395 2635 504 2705 inradi,
520 2634 610 2707 diripi,
624 2651 657 2691 ac
671 2634 871 2708 propemodum
890 2634 934 2693 de·
988 2637 1074 2693 mulla
1099 2644 1249 2710 suppetunt
1268 2636 1319 2693 alia
1339 2645 1462 2692 veterum
1483 2637 1596 2693 Patrum
1623 2639 1788 2697 testimonia.

130 2728 245 2794 vastari,
268 2729 429 2785 connivente
450 2730 556 2785 Joanne
590 2728 719 2801 episcopo
740 2728 935 2800 Hierosolymi·
987 2729 1110 2786 Primum
1125 2728 1221 2785 Evodii
1233 2731 1352 2802 episcopi
1366 2731 1508 2788 Uzalersis
1522 2732 1550 2787 in
1569 2732 1644 2789 libris
1661 2734 1695 2790 de
1710 2735 1790 2791 mira·

130 2829 207 2887 lano,
224 2821 251 2877 in
272 2821 383 2888 odium,
402 2830 432 2877 ut
449 2819 578 2890 creditur,
600 2823 639 2876 D.
664 2821 825 2893 Hieronymi
844 2819 934 2879 adbuc
986 2824 1055 2882 culis
1072 2826 1100 2881 S·
1124 2823 1252 2895 Stephani
1269 2823 1341 2895 apud
1358 2827 1392 2879 Ι).
1409 2825 1605 2896 augustinum,
1618 2826 1663 2882 ubi
1677 2828 1706 2882 S.
1723 2830 1791 2891 Pro,-

129 2915 293 2986 superstilis,
308 2923 339 2972 ut
354 2914 437 2972 refert
456 2915 594 2972 Batonius
614 2915 644 2971 iu
664 2915 763 2971 Annal.
781 2914 886 2984 Quade
904 2931 934 2972 re
988 2925 1168 2989 tomartyrem
1194 2915 1296 2986 sapius
1318 2915 1447 2970 domuum
1473 2915 1642 2986 Stephanum
1666 2925 1745 2972 vocat
1764 2927 1793 2976 et

131 3017 239 3065 exstant
260 3009 356 3065 litterae
370 3011 512 3065 lnnoceut.
536 3022 614 3081 papae
636 3007 671 3064 ad
691 3008 820 3065 eumdem
837 3009 933 3065 lliero·
987 3011 1114 3088 domnum
1130 3025 1222 3066 meum
1234 3009 1410 3076 uzalensem,
1424 3008 1586 3081 primarium
1598 3009 1657 3081 ejus
1681 3007 1733 3064 loci
1749 3010 1790 3067 ri-

131 3118 259 3175 nymurn.
276 3105 398 3173 Quarum
413 3102 556 3160 occasione
572 3103 715 3159 turbarum
731 3118 862 3174 perquam
876 3118 933 3160 cre·
952 3118 1050 3200 crum
1070 3103 1232 3176 intelligens.
1248 3103 1375 3159 Alterum
1398 3106 1435 3159 Ι).
1449 3101 1590 3159 Benedicti
1603 3118 1627 3158 c.
1648 3109 1683 3159 63
1700 3105 1790 3177 Regu·
1827 3113 1832 3121 ·

129 3195 214 3252 dibile
234 3195 342 3252 ridetur
360 3196 520 3253 &asianum
545 3210 580 3253 er
608 3197 689 3269 longa
717 3196 761 3251 illa
785 3198 934 3270 peregrina-
989 3198 1033 3265 lae,
1049 3198 1096 3255 ubi
1117 3199 1152 3256 de
1176 3196 1281 3254 abbatis
1306 3196 1486 3269 appellatione
1505 3197 1542 3253 ita
1554 3197 1649 3254 statuit
1668 3215 1675 3252 :
1698 3199 1791 3255 ilibas

131 3290 213 3346 tione
230 3304 376 3360 rerersum,
393 3304 461 3345 cum
482 3289 537 3345 illic
547 3297 609 3346 tuto
626 3305 658 3344 ac
670 3290 760 3358 quiete
785 3291 934 3348 consistere
987 3294 1069 3360 (uuio
1082 3293 1151 3346 eicos
1166 3292 1268 3347 christi
1279 3306 1360 3360 opere
1369 3290 1504 3358 creditur)
1517 3303 1643 3346 nouuus
1655 3296 1681 3347 ct
1696 3305 1791 3348 susas

131 3397 192 3437 nou
206 3380 305 3450 liceret,
317 3382 469 3439 Gallicanas
483 3390 574 3454 partes
587 3381 747 3454 appetiisse,
762 3397 794 3439 ac
810 3382 933 3455 demum,
988 3386 1104 3445 uocetur,
1124 3397 1177 3436 rami
1190 3396 1240 3435 erro
1255 3387 1464 3453 cessumptrorrc,
1482 3382 1529 3437 sed
1546 3383 1645 3437 horrore
1657 3387 1683 3437 et
1700 3400 1792 3440 umore

133 3477 195 3530 Deo
206 3474 375 3546 disponente,
387 3458 460 3548 apud
468 3475 615 3532 Massiliam
630 3476 738 3549 pictatis
752 3493 783 3533 ae
798 3478 935 3552 religionis
989 3476 1097 3531 Clrmstr'.
1122 3474 1247 3530 Tertium
1270 3475 1395 3548 Gregorii
1421 3474 1608 3543 Turonensis,
1635 3476 1681 3548 qui
1700 3475 1749 3532 lib.
1769 3492 1791 3535 ι

131 3567 225 3624 sedem
248 3584 279 3624 ac
304 3568 474 3625 domicilium
502 3568 624 3642 elegisse.
656 3552 747 3643 alque
770 3570 833 3628 irinc
854 3572 936 3631 olor·
988 3582 1048 3638 cap.
1064 3567 1113 3623 ult.
1128 3566 1162 3623 de
1178 3568 1207 3623 S·
1221 3567 1340 3624 plautino
1359 3568 1493 3640 loquens:
1513 3574 1630 3626 minam
1643 3572 1789 3635 Murenae,

129 3668 189 3716 talu
203 3662 325 3734 suspicor
338 3661 522 3734 quorumdam
535 3662 704 3735 opinionem,
717 3664 761 3736 qui
776 3667 934 3723 Cassianum
989 3659 1086 3732 iuquit.
1105 3660 1242 3729 Quartum
1268 3660 1384 3732 denique
1402 3662 1529 3734 Gregorii
1550 3662 1660 3733 Mugni,
1679 3663 1725 3735 qui
1742 3661 1791 3718 ali-

129 3755 167 3811 ab
178 3755 429 3828 Hierosolymituua
446 3757 566 3814 Ecclesia
578 3757 612 3813 ab
629 3757 762 3814 lraerelicis
776 3761 893 3831 ejectum
906 3762 935 3815 iu
988 3755 1094 3826 quoties
1118 3754 1145 3809 ill
1170 3754 1228 3810 suis
1242 3754 1364 3826 epistolis
1385 3755 1535 3812 h0n0rl¹i⁰⁵
1557 3754 1640 3822 tfr0⁸i
1666 3764 1694 3810 et
1711 3754 1791 3812 femi·

131 3848 279 3905 Massiliam
302 3850 442 3907 transiisse
468 3850 643 3922 scripsurulrl.
666 3851 745 3921 Quod
770 3853 844 3908 enim
862 3853 934 3926 apud
988 3863 1049 3917 nus,
1063 3849 1182 3913 domitos,
1197 3856 1225 3904 et
1238 3850 1343 3905 doricus
1357 3857 1445 3905 rorat.
1472 3848 1555 3906 Unde
1568 3857 1682 3921 apparel
1700 3859 1790 3908 vetere

132 3942 282 3999 Massiliam
296 3943 436 4011 resederit,
453 3942 544 4014 ibique
555 3943 642 3999 mullo
657 3943 788 4017 deinceps
801 3955 934 4018 tempore,
988 3957 1038 3998 usu
1051 3942 1179 4014 loquundi
1203 3927 1303 3999 rocem¹
1320 3946 1462 3999 Domirrrrm
1484 3940 1567 3999 tribui
1593 3942 1703 3998 solitam
1730 3945 1788 3999 Deo

130 4042 162 4089 et
179 4034 213 4090 ad
231 4034 314 4091 finem
328 4034 390 4090 ullas
402 4033 561 4092 demoratus
579 4032 678 4101 fuerit,
694 4051 748 4091 uon
763 4038 846 4094 modo
861 4041 934 4095 Gen·
986 4041 1104 4105 lantum,
1116 4044 1146 4092 ut
1158 4036 1296 4107 propriam
1312 4036 1458 4091 :domitum
1474 4050 1549 4104 uero,
1563 4044 1596 4093 ut
1615 4047 1791 4090 communem

130 4127 208 4182 nadii
231 4144 263 4182 sc
290 4128 434 4184 Tritbemii
456 4129 551 4201 elogiis
577 4126 722 4185 manifeste
751 4128 904 4186 declaratur
926 4152 933 4188 ι
986 4129 1158 4193 sanctisve!
1183 4128 1339 4184 clarissimis
1351 4128 1430 4195 viris,
1445 4143 1502 4181 uon
1525 4126 1657 4195 episcopis
1672 4132 1788 4194 tautum,

132 4217 183 4274 sed
198 4227 225 4276 el
248 4220 330 4291 ipsius
345 4222 483 4291 Cassiani,
498 4238 550 4279 uec
564 4238 621 4278 nou
635 4225 669 4277 l).
687 4223 816 4294 Prosperi
838 4223 933 4279 testill·
987 4219 1035 4275 scd
1056 4220 1113 4275 aliis
1135 4217 1272 4275 inferioris
1291 4218 1395 4273 ordinis
1422 4216 1583 4289 :speciatim
1596 4225 1694 4293 ‘tamen
1708 4218 1790 4276 abba·

130 4312 240 4369 catione
259 4323 331 4371 certo
354 4316 456 4372 certius
482 4316 686 4388 comprobatur.
707 4318 776 4372 llam
801 4316 860 4389 ipsc
877 4317 933 4388 qui·
987 4313 1071 4368 libus.
1086 4313 1127 4367 lta
1149 4311 1221 4367 euim
1240 4311 1400 4370 christianae
1415 4310 1557 4368 modestiae
1579 4329 1610 4369 ac
1622 4312 1789 4387 simplicitati

130 4406 270 4464 demtum
296 4408 323 4464 iu
337 4408 552 4481 praelationibus,
566 4419 626 4466 tum
645 4410 705 4466 aliis
721 4410 748 4465 in
768 4409 834 4467 locis
861 4410 932 4468 baud
985 4421 1136 4476 congruere
1156 4405 1214 4478 jam
1238 4406 1304 4462 olim
1326 4405 1415 4461 risum
1434 4413 1489 4475 est,
1509 4415 1539 4461 ut
1558 4406 1594 4462 ob
1613 4408 1789 4465 reverentiam

128 4500 361 4559 obscureindicat
378 4505 474 4576 seiam
492 4504 654 4560 inocciduis
676 4504 827 4562 Galliarum
849 4504 931 4576 parti·
949 4508 973 4570 ι)
988 4498 1087 4557 diuinae
1110 4499 1273 4573 majestatis,
1297 4516 1360 4555 cum
1384 4499 1418 4555 de
1443 4504 1503 4557 Deo
1526 4500 1628 4572 passim
1650 4502 1757 4559 dicatur
1781 4522 1788 4559 t

130 4593 196 4663 bus,
207 4603 234 4650 et
247 4595 393 4653 Gallicanis
407 4597 551 4668 provinciis
570 4600 695 4669 agentem
710 4605 767 4653 tam
784 4597 933 4654 Institutio·
988 4598 1050 4650 Moec
1070 4597 1136 4650 ilicr't
1153 4598 1294 4659 Dominus,
1311 4593 1453 4650 etsimilia
1469 4614 1475 4650 :
1490 4594 1680 4652 columbrum
1698 4602 1789 4654 nami·

129 4703 190 4755 um,
206 4704 288 4760 quam
297 4690 461 4747 collationes
473 4690 580 4762 seriptis
592 4690 746 4760 mandasse,
762 4706 861 4762 easque
874 4691 933 4764 plu·
987 4706 1067 4758 rarlm3
1096 4689 1224 4746 homiues
1243 4705 1307 4744 vero
1330 4689 1481 4745 honoratos
1501 4687 1631 4745 libentius
1662 4691 1788 4754 domitos,

130 4783 208 4839 ribus
222 4785 355 4856 episcopis
368 4785 517 4843 Gallicanis
536 4785 587 4842 sibi
601 4786 673 4843 uotis
699 4802 731 4843 ac
752 4784 933 4844 familiaribus
989 4800 1054 4840 soce
1067 4783 1209 4840 derninuta
1221 4784 1345 4851 (clotarius
1359 4783 1431 4839 euim
1445 4799 1493 4854 pro
1513 4783 1647 4845 domium,
1664 4798 1713 4853 per
1724 4798 1788 4853 syu-

127 4875 281 4934 dedicasse.
302 4880 420 4950 Prosper
441 4895 506 4936 vero
529 4880 619 4952 ipsum
634 4880 762 4937 Massiliae
787 4881 931 4952 insignem,
986 4893 1082 4949 copem
1108 4877 1237 4945 dicitur),
1264 4893 1346 4949 quam
1367 4878 1487 4932 dorninos
1514 4882 1644 4929 uocarent
1671 4894 1677 4928 :
1708 4883 1790 4947 prout

127 4979 159 5026 et
168 4971 316 5029 facundum
337 4974 501 5045 scriptorem
521 4974 645 5031 habitum
658 4974 739 5030 fuisse
752 4983 878 5031 testatur.
987 4978 1102 5026 testatur
1116 4969 1262 5025 versiculus
1277 4971 1321 5026 illc
1334 4968 1483 5040 majoribus
1497 4967 1787 5028 uostrisuolissimus:

167 5068 257 5138 Quem
271 5083 335 5122 cum
357 5068 419 5124 alibi
438 5068 540 5124 iudicet
560 5067 735 5124 sacerdotalis
757 5067 839 5124 fuisse
860 5068 931 5124 ordi·

128 5157 183 5224 nis,
200 5158 267 5214 dum
288 5160 485 5217 collationibus
505 5159 688 5218 describendis
709 5176 820 5234 operam
838 5159 932 5231 daret,

129 5259 347 5308 cousentaneum
372 5253 487 5326 estjam
511 5262 591 5311 antea
624 5255 731 5325 pietatis
749 5271 781 5312 ac
803 5254 934 5312 doctrinm
988 5256 1116 5327 Superest
1139 5262 1294 5327 postremus
1318 5255 1469 5311 sanctitatis
1492 5255 1600 5324 titulus,
1625 5257 1787 5328 quostiam

127 5345 242 5414 intuitu,
257 5346 401 5403 sacerdotii
415 5345 520 5416 ordine,
533 5346 765 5419 quemadmodum
779 5348 936 5407 Gennadius
987 5357 1080 5405 noster
1095 5349 1237 5406 cassianus
1257 5363 1312 5403 non
1337 5348 1427 5415 unius,
1451 5348 1499 5405 sed
1524 5349 1674 5405 mullorum
1694 5349 1788 5423 elogiis

129 5447 157 5495 et
168 5438 338 5496 Trilbemius
356 5440 450 5496 itidem
475 5440 627 5512 prodidere,
645 5441 731 5498 silea
752 5442 931 5510 Massiliensi,
988 5448 1144 5496 exornatur.
1159 5443 1228 5495 llam
1239 5448 1267 5495 el
1281 5444 1376 5497 Petrus
1389 5441 1530 5513 Equilinus
1548 5457 1610 5497 eum
1624 5443 1651 5498 in
1663 5441 1788 5514 catalogo

131 5533 186 5590 sire
199 5533 234 5591 ab
252 5535 344 5606 aliquo
362 5534 414 5591 alio
427 5534 579 5593 Galliarum
598 5536 725 5608 episcopo
744 5534 827 5593 fuisse
851 5536 934 5593 inilia·
987 5519 1145 5590 sauctorum
1160 5534 1322 5590 nominatim
1342 5543 1481 5606 recenset,
1499 5543 1527 5591 et
1545 5545 1670 5593 sanetum
1684 5534 1789 5593 cassia·

133 5630 202 5694 turn,
224 5634 252 5682 et
276 5636 476 5684 consecratum.
497 5627 579 5684 Unde
609 5636 638 5684 et
664 5627 788 5685 Gelasius
812 5626 933 5699 pontifex
988 5644 1057 5685 num
1076 5629 1266 5702 presbyterum
1283 5638 1311 5685 et
1331 5629 1516 5687 confessorem
1532 5631 1663 5703 indigitat.
1681 5632 1788 5688 Genua·

133 5716 291 5777 &acuum
311 5723 501 5797 presbyterum
519 5723 670 5781 Galliarum
691 5733 839 5797 nuncupat.
867 5724 934 5782 lude
967 5722 1049 5779 -dius
1072 5723 1200 5780 eumdem
1222 5724 1372 5780 sanctitatis
1388 5724 1468 5781 titulo
1485 5726 1602 5781 oruatiu
1616 5725 1657 5781 fris
1676 5720 1836 5790 verbiqh

130 5828 197 5874 sero
213 5832 279 5874 cum
293 5819 400 5890 majore
424 5819 453 5877 in
468 5817 526 5878 dies
540 5818 647 5893 pietalis
670 5834 702 5876 ac
718 5818 857 5892 religionis
872 5832 933 5890 pro·
988 5817 1081 5876 Sciet
1097 5820 1126 5875 S.
1147 5821 1272 5877 f'ussiurrr‘
1287 5821 1416 5890 oprrsrretc
1430 5821 1556 5891 quaedum
1571 5822 1627 5875 luto
1643 5826 1696 5875 terre

1052 5114 1183 5164 Culesfcm
1197 5114 1338 5177 Dominum,
1349 5113 1481 5164 mortalem
1491 5112 1567 5165 dioilo
1579 5116 1702 5165 Domuum
1718 5135 1724 5164 ι
