3848 6158
97 219 154 276 253
353 220 398 277 lte
414 221 654 283 montolium
673 226 795 285 INSTl'l'.
816 226 879 286 ΠΒ.
902 230 935 286 V.
954 258 992 273 -
1010 231 1055 287 [lli
1073 231 1209 290 SPlRlTU
1229 182 1508 299 castaldanum.
1705 247 1759 302 ast

93 342 166 401 atim
178 341 272 401 cordis
286 343 371 413 oculi,
386 346 496 405 sublato
516 350 652 408 velamine
667 352 837 424 passionum,
859 369 904 411 sa·
919 355 1120 427 licentiantes,
1143 356 1266 416 raritatis
1288 359 1382 418 lumen
1404 361 1637 435 comprehendere
1659 368 1759 439 nequi·

93 444 240 495 eramenta
263 438 469 512 scripturarum
495 443 567 501 velut
587 444 749 504 naturaliter
771 446 904 520 incipient
956 455 1063 507 rerunt.

92 529 287 599 contemplari.
303 533 447 605 Siquidem
459 536 538 594 nobis
551 552 607 596 non
619 547 650 596 ut
658 549 751 598 ament
764 541 904 615 incognita
1161 528 1169 547 ’
1229 547 1350 607 CAPUT
1367 550 1488 608 XXXV.

95 622 141 717 tel
154 622 288 696 cherma,
302 628 392 685 sancti
402 628 520 702 Spiritus
533 632 620 704 gratia
633 634 806 709 promulgata
814 646 882 694 runt
895 656 902 694 :
956 647 1106 717 [raspatio
1119 645 1239 718 ejusdem
1256 652 1337 715 senis,
1352 667 1412 707 oum
1421 651 1459 707 cd
1469 668 1557 710 meam
1568 653 1692 714 catulam
1703 668 1759 711 me.

93 716 256 778 menoare
274 721 343 780 virio
358 722 491 781 velamine
511 735 689 797 peccatorum
702 729 902 789 cordisoculos
1221 721 1270 776 <¹5⁰
1284 726 1358 778 ’ΜΘ
1375 725 1498 779 emmae

91 812 255 873 obnubente
267 815 423 874 roddnnmr
443 818 571 890 obseura,
584 822 684 895 quibu,
697 839 810 882 mmm
824 811 903 882 „arui
992 815 1044 873 llic
1055 813 1130 874 idem
1136 818 1299 878 Theodorus
1306 838 1369 879 cum
1384 823 1542 897 inopinatus
1554 823 1589 882 ad
1603 839 1695 882 meam
1704 825 1759 885 cel·

94 906 149 969 tall
168 907 286 967 redditis
298 910 424 981 sanitati,
443 911 503 985 ipsa
525 914 732 988 scripturarum
745 926 903 976 murorum
955 909 1040 968 lulam
1051 911 1215 985 intempesta
1227 922 1308 971 nocte
1329 917 1456 984 venisset,
1472 916 1604 990 quidnam
1618 917 1696 975 rudis
1709 917 1759 976 ad·

96 1000 181 1059 lectio
207 999 245 1058 ad
267 1003 532 1076 contemplationem
550 1022 622 1064 serae
647 1008 769 1066 soienaiae
794 1010 904 1069 abundo
955 1003 1010 1061 hue
1023 1003 1188 1062 anachoreta
1200 1005 1276 1063 solus
1286 1021 1409 1081 agerem,
1424 1016 1536 1081 paterna
1550 1010 1710 1067 curiositate
1722 1009 1760 1067 la·

93 1097 183 1154 etiam
197 1095 255 1153 sola
267 1095 398 1168 sufficiam,
408 1114 459 1155 nec
473 1114 521 1156 eos
534 1109 786 1159 commentatorum
794 1104 903 1163 institu-
954 1105 1044 1157 nater
1055 1098 1211 1171 explorans,
1231 1115 1333 1173 meque
1354 1100 1426 1158 illico
1441 1100 1518 1159 linita
1536 1103 1690 1175 vespertina
1711 1119 1759 1161 so-

96 1188 221 1247 tionlnm
235 1188 359 1263 indigere
375 1206 382 1244 :
399 1191 555 1250 sicutoouti
571 1194 902 1257 isricarnatesaoviden-
956 1189 1097 1250 lennitnte
1116 1192 1294 1266 incipientem
1312 1191 1418 1250 lassum
1443 1209 1543 1266 corpus
1565 1195 1620 1264 inm
1636 1196 1759 1267 reicere,

96 1282 166 1341 dum
177 1281 281 1341 nudius
295 1293 377 1357 egent
389 1282 524 1356 mouns,
540 1287 565 1343 si
580 1288 664 1346 modo
674 1288 775 1348 luerint
788 1307 804 1348 a
815 1290 903 1350 sultu-
955 1294 984 1342 et
997 1286 1171 1344 incubantem
1184 1286 1301 1360 pantio
1320 1287 1476 1360 mperissm,
1492 1287 1655 1360 protrahens
1672 1290 1759 1346 immo

96 1375 187 1444 moue,
197 1375 239 1433 rel
253 1376 369 1451 caligine
382 1377 513 1436 caecimtm
528 1379 679 1439 immunes.
704 1381 771 1440 ldeo
785 1400 903 1457 namque
955 1380 1038 1438 corde
1047 1382 1176 1454 suspiria,
1190 1396 1307 1454 meoque
1320 1397 1367 1441 me
1381 1382 1507 1441 recitans
1520 1381 1653 1439 nomine:
1666 1385 1758 1455 Quan·

96 1475 126 1526 et
136 1474 213 1525 tanta
225 1469 344 1528 varietas
362 1476 548 1545 erroresque*
565 1474 640 1530 iuter
652 1483 815 1533 tractatores
829 1476 903 1550 ipsos
955 1477 988 1545 ti,
1011 1475 1143 1547 inquit,o
1168 1479 1301 1546 loannes,
1316 1475 1385 1536 hora
1397 1475 1451 1535 hac
1465 1478 1526 1535 Deo
1549 1476 1758 1550 colloquuntur,

94 1563 183 1620 morti
195 1570 272 1634 mut,
284 1562 360 1636 quod
373 1564 496 1637 plerique
505 1567 620 1624 minime
633 1584 696 1643 erga
714 1569 902 1643 purgationem
955 1585 1074 1644 eumque
1101 1570 1130 1627 in
1143 1570 1297 1643 semetipsis
1314 1572 1518 1645 amplectuntur
1532 1585 1566 1629 ao
1587 1571 1718 1641 retinent,
1732 1581 1761 1630 et

96 1657 199 1716 mentis
211 1656 336 1717 adbibita
354 1659 692 1737 diligentiaproailientcs
710 1664 746 1722 ad
767 1665 903 1738 interpre·
955 1670 985 1721 tu
1005 1662 1140 1722 lraudaris
1159 1671 1238 1722 tanto
1253 1665 1369 1733 lumine,
1386 1666 1468 1722 inerti
1488 1680 1588 1738 sopore
1606 1665 1758 1724 resolutus!

97 1749 212 1809 undum
225 1766 283 1823 eas,
297 1769 348 1826 pro
372 1753 537 1828 pinguedine
555 1759 597 1815 vel
620 1759 794 1819 immunditia
810 1742 902 1820 cordis
915 1777 940 1843 Β
955 1759 992 1814 Et
1002 1756 1134 1829 quonlam
1151 1771 1204 1815 nos
1213 1757 1249 1814 nd
1262 1756 1452 1830 hujuscemodi
1467 1757 1654 1815 narrationem
1664 1757 1760 1816 diver-

95 1840 139 1898 aai
161 1839 269 1901 diversa
296 1851 379 1919 atque
401 1846 538 1905 contraria
562 1846 603 1907 rel
626 1848 700 1921 ddci,
726 1853 766 1909 rel
791 1851 903 1911 sibimet
955 1859 1013 1909 tera
1032 1861 1143 1924 patrum
1156 1853 1272 1909 virtutes
1296 1859 1324 1909 et
1346 1851 1436 1924 qratia
1449 1858 1647 1925 provocarunt,
1661 1866 1758 1910 ncces·

643 2012 773 2071 aarum
793 2015 909 2073 GAZAEI
927 2014 1212 2073 conumeratus.

95 2163 127 2214 et
141 2155 277 2215 doctrinae
298 2174 393 2227 merae,
419 2160 455 2218 sit
476 2161 570 2219 cordis
583 2164 731 2235 munditia,
748 2165 825 2239 juxta
839 2165 906 2224 allud
958 2167 1084 2226 edendae
1095 2182 1127 2225 ac
1138 2164 1279 2239 sapientise
1291 2168 1374 2223 allec
1386 2165 1566 2234 illustrantur,
1579 2175 1607 2223 et
1618 2182 1758 2225 sacrarum

97 2228 575 2312 Sap.13mmalsnoleroaeirnam
592 2238 905 2310 aenimrabitrpim’tua
958 2238 1113 2296 litterarum
1137 2251 1233 2294 sensus
1253 2251 1308 2294 non
1333 2237 1388 2293 alio
1408 2236 1521 2294 doctore
1548 2252 1632 2310 quam
1654 2239 1757 2310 Spiritu

99 2299 902 2380 septemtrmmqurtabtrebttmeorporeseaattopeccatts.
933 2317 1052 2367 ¹sancto
1072 2308 1504 2382 percipiunt,utprophetaeeta
1555 2308 1616 2375 toli,
1635 2309 1757 2367 etmulti

100 2368 243 2453 Est‘enim
256 2369 412 2444 hujusmodi
424 2372 529 2432 locutio
541 2377 624 2433 etiam
641 2378 789 2450 Scriptura
803 2380 904 2438 divinae
941 2380 1009 2449 „siri
1022 2379 1119 2448 sancti,
1136 2393 1208 2453 quos
1226 2379 1316 2437 Graeci
1334 2379 1510 2436 romaricum
1558 2377 1691 2446 rocehoc
1705 2387 1757 2445 est,
1840 2443 1845 2452 ,

97 2438 254 2524 famaliaris,
269 2457 322 2513 qua
344 2443 424 2514 solet,
438 2461 501 2502 curn
517 2462 602 2503 unum
617 2447 696 2505 alteri
711 2450 832 2521 praefert,
847 2466 905 2508 non
957 2466 972 2508 a
986 2455 1046 2508 Deo
1058 2451 1155 2508 doctos
1167 2467 1174 2505 :
1186 2449 1221 2507 dc
1251 2449 1333 2507 uibus
1339 2449 1489 2523 Apostolus
1501 2452 1514 2506 l
1524 2449 1559 2508 ad
1565 2449 1758 2508 eountmun

97 2509 223 2594 alludma
267 2511 340 2580 ,lroc
352 2512 670 2588 mmusaffirmare;sed
684 2518 752 2577 illud
765 2520 904 2579 affirmare
956 2523 1073 2594 Alttper
1086 2524 1222 2593 spritum
1300 2523 1634 2593 rremoseprermemlte
1642 2522 1760 2593 prople-

96 2595 226 2664 omnmo.
252 2585 757 2661 ocomuimnsqarcmaoseoevqcum
766 2592 904 2651 Dominus
957 2595 1070 2657 emolli
1082 2594 1269 2664 interpretatio
1282 2608 1440 2649 mmmmm
1457 2593 1599 2663 Qumquld
1610 2594 1758 2648 mireotlis

97 2650 166 2709 dreit
181 2674 189 2710 τ
203 2654 421 2714 ilabert‘ccrdiam
430 2660 594 2724 colmelecta
605 2664 781 2733 remanum
792 2679 904 2720 nonne·
956 2666 1114 2720 eaecootto
1123 2669 1149 2719 et
1160 2663 1361 2733 quotidianam
1373 2664 1427 2732 leqe
1437 2663 1579 2719 meditatio
1590 2665 1757 2721 tribuerem·

97 2730 146 2795 gat
156 2724 370 2851 seffsacrilicinm
384 2728 463 2802 velle,
477 2730 552 2816 quod
565 2732 681 2815 ipsemet
692 2732 819 2802 instituit,
833 2733 904 2791 sihi·
957 2735 1003 2798 let,
1013 2734 1247 2818 illubenspe'rilns
1259 2738 1366 2789 scaelus
1376 2734 1542 2818 suqqercbat,
1552 2738 1577 2789 et
1588 2735 1759 2819 eremperto

96 2799 712 2932 :alem
725 2804 903 2932 relata
955 2805 1241 2957 neno
1256 2804 1678 2957 lineamentarem.
1814 2902 1818 2909 .

96 2952 168 3007 mea,
182 2937 210 2994 rd
221 2947 274 3010 est,
291 2954 347 2997 non
361 2948 420 2999 tam
434 2956 495 3001 mea
507 2958 589 3017 quam
611 2946 714 3013 Patris,
733 2961 748 3003 a
768 2962 822 3029 quo
839 2962 901 3004 eam
956 2945 1041 3002 modo
1055 2946 1083 3002 S.
1101 2951 1240 3003 Antonius
1252 2960 1311 3001 eme
1320 2945 1375 3002 ulla
1389 2953 1501 3002 screntra
1514 2945 1668 3002 litterarum
1680 2946 1757 3002 Serr-

96 3009 201 3082 accepi.
216 3012 308 3083 Atque
329 3010 383 3069 hoo
396 3028 478 3071 seusu
497 3016 618 3072 excusari
634 3024 663 3072 et
680 3020 778 3089 exponi
801 3016 903 3075 debent
955 3023 1049 3087 pluras
1059 3015 1164 3072 divinar
1177 3023 1205 3073 et
1214 3017 1376 3072 memoriter
1385 3014 1521 3072 audiendo
1532 3015 1653 3072 tenuisse
1660 3025 1686 3071 et
1694 3032 1758 3089 pru-

96 3080 493 3208 qnaembicusequnnturgsirc
514 3085 662 3172 Theodori,
685 3087 742 3144 sive
766 3089 900 3159 Cassiani,
955 3087 1053 3171 denter
1063 3085 1210 3159 cogitando
1221 3085 1383 3143 intellexisse
1394 3085 1651 3212 Plfdioemflgff
1662 3089 1691 3168 im
1699 3087 1757 3157 ejus

97 3153 903 3305 attalldllletlalllmillle'lallle
956 3156 1757 3311 illlata,illaillalllltlltllll,llllll

79 3294 903 3365 Αιίιαπηοὶαιιιηῑιίατ,ηεοοοηιηιοηεανίονιιηιίτιεεᾱιιέίοηὶἒιιιε
956 3306 1122 3382 impetravit,
1139 3305 1170 3355 ut
1183 3306 1267 3354 ettam
1287 3298 1410 3355 codicem
1424 3297 1559 3367 oblatum,
1581 3298 1756 3369 stupentibus

95 3362 235 3434 Mrem.
249 3365 324 3423 ttinil
338 3369 414 3425 enim
423 3368 498 3425 allud
512 3367 554 3425 his
568 3368 658 3427 verbis
672 3369 818 3442 significari
832 3371 904 3428 ride-
955 3385 1003 3442 qua
1013 3368 1137 3435 aderant,
1149 3366 1269 3450 legando·
1276 3377 1455 3440 percurreret,
1469 3369 1508 3424 ait
1522 3371 1558 3424 D.
1573 3369 1754 3439 Augustinus,

95 3440 254 3517 tunquam
273 3439 399 3496 oratione
417 3447 446 3497 et
460 3440 578 3512 puritate
599 3440 699 3497 mentis
714 3441 801 3513 magis
816 3456 899 3513 quam
920 3439 1003 3535 Cubi
1018 3455 1110 3512 supra.
1129 3439 1222 3523 liures
1235 3438 1303 3496 alaos
1327 3440 1399 3522 viros
1415 3447 1525 3496 sanetm
1550 3438 1652 3509 absque
1669 3440 1756 3498 multo

96 3503 257 3564 stndrorum
270 3509 431 3567 assiduitate
446 3511 590 3567 scientiam
606 3511 811 3584 scripturarum
823 3529 900 3569 com-
956 3510 1049 3568 studio
1063 3510 1190 3567 doctrina
1207 3509 1335 3579 illustres,
1349 3524 1449 3583 quappc
1463 3526 1480 3593 a
1495 3513 1553 3566 Deo
1576 3509 1685 3592 doctos,
1698 3525 1757 3567 me-

94 3577 187 3650 perari
199 3594 207 3634 z
217 3581 593 3653 mremadmodumdeseipso
603 3590 719 3640 testatus
727 3590 769 3640 est
781 3586 817 3639 D.
828 3583 904 3642 'rho-
956 3589 1048 3640 morat
1070 3583 1166 3639 Petrus
1179 3581 1306 3638 Damiaoi
1326 3581 1372 3638 lib.
1389 3596 1422 3638 vr
1437 3589 1517 3653 epist.
1534 3587 1579 3649 lt,
1603 3589 1674 3636 inter
1687 3597 1757 3655 quos

95 3660 168 3715 mn,
185 3646 284 3709 doctor
305 3653 468 3726 angelicus,
491 3660 520 3709 et
543 3653 737 3727 theologorum
765 3655 899 3728 princeps,
955 3656 990 3708 1).
1005 3653 1239 3710 BenedictusaS.
1257 3651 1393 3725 Gregorio
1425 3654 1607 3709 libitumst.
1634 3669 1692 3724 cop.
1720 3655 1752 3720 l)

95 3718 225 3793 mav'sae
236 3722 361 3780 oratione
374 3725 520 3796 proiecisse
531 3739 614 3796 quam
626 3724 717 3781 studio
728 3725 769 3781 vel
783 3726 901 3783 aliorum
953 3727 1067 3780 scienter
1075 3727 1178 3780 omnim
1187 3729 1213 3780 et
1222 3726 1380 3795 replantare·
1417 3728 1492 3779 oetam
1502 3723 1602 3795 insigni
1612 3723 1702 3796 elogio
1711 3739 1756 3779 no

95 3790 505 3864 mammaemammal
537 3796 722 3866 ius).l).item
731 3796 897 3867 Bernardus,
953 3795 1085 3859 minatus,
1102 3795 1129 3852 id
1143 3803 1196 3865 est,
1210 3795 1360 3851 humanam
1382 3793 1754 3875 scientiamtparvipe'ndens,

96 3859 232 3934 mincius
241 3864 304 3921 Vua
316 3864 426 3935 lenitur,
438 3810 898 3993 qeiffuidiaserr‘pturisoolebal,
952 3867 1057 3923 coelesti
1073 3865 1204 3949 doctrina·
1220 3865 1288 3922 satis
1308 3865 1470 3948 illustratus.
1493 3865 1653 3933 eujusmodi
1670 3869 1754 3919 stram

95 3933 394 4008 quidqreidincisspirl
426 3938 899 4000 a’terrmtiebctmacimee'nrttoie
952 3936 1068 4007 donum,
1083 3935 1511 3994 rcrrsrmrleestsanctumrllum
1525 3932 1651 3988 abbatem
1663 3930 1755 4013 Tinea·

95 4006 126 4059 et
135 4004 249 4075 iaoqria
259 4009 592 4065 meditamdoetorcndose
603 4009 743 4075 fetabatur
753 4013 898 4080 ecceprssm
950 4008 1049 4065 dorum
1072 4009 1218 4078 accepisse,
1233 4015 1263 4062 ut
1275 4022 1308 4062 ea
1323 4006 1376 4062 lmc
1390 4008 1463 4071 loco,
1476 4011 1506 4086 ef
1517 4002 1692 4086 ¹praeeedenu
1706 4018 1755 4085 aa·

95 4078 125 4130 ct
134 4076 224 4132 irrdoc
237 4080 326 4135 nullos
337 4081 486 4162 aliquando
501 4080 681 4148 semoqistros
695 4079 900 4143 mentesanae·
952 4078 1018 4149 pite,
1032 4085 1101 4133 etex
1117 4076 1272 4134 cassiodori
1283 4076 1415 4132 sententia
1433 4075 1580 4155 colligatae.
1595 4075 1699 4128 Verum
1711 4073 1756 4128 luc

98 4153 250 4215 waurei
272 4152 363 4220 lepos,
373 4167 434 4222 joco
456 4152 671 4221 arctosarctos
693 4151 791 4205 amicos
811 4150 900 4207 dicere
952 4148 1053 4214 modus
1071 4146 1303 4203 extraordinarius
1324 4154 1376 4211 est,
1398 4153 1426 4200 et
1440 4159 1532 4224 paucis
1550 4156 1706 4224 concessus,
1726 4150 1754 4199 et

98 4216 302 4276 calceaturus
314 4222 429 4293 etepist.
443 4227 516 4278 1⁰6:
570 4263 572 4267 -
593 4226 659 4286 erlo,
670 4220 719 4288 ait,
730 4221 807 4276 crede
822 4240 831 4276 r
845 4223 901 4276 oli-
953 4232 1103 4291 paucorum
1119 4215 1243 4285 exempla
1260 4213 1386 4270 miranda
1398 4222 1491 4285 potrus
1510 4212 1752 4296 quamrmrtanda.

95 4288 294 4415 mustoline
305 4295 334 4348 r're
343 4295 420 4349 siluis
433 4309 515 4364 mem
525 4296 554 4348 in
580 4294 656 4357 ibris,
671 4294 746 4362 liqna
759 4296 785 4348 el
797 4293 901 4363 lapides
956 4292 990 4345 Et
1002 4287 1095 4344 felices
1113 4286 1225 4360 quidem
1238 4285 1337 4356 quibus
1350 4284 1417 4342 illud
1429 4284 1534 4341 donum
1550 4282 1755 4366 darrnrtuscon·

120 4428 123 4433 ,
161 4360 228 4417 bant
241 4368 267 4419 te
278 4365 382 4434 quoda
400 4366 541 4434 maqlstris
564 4364 663 4419 audire
682 4379 735 4419 noe
744 4366 840 4434 posses
859 4365 899 4419 lta
954 4361 1018 4433 tigit
1034 4378 1040 4414 :
1054 4367 1083 4415 at
1093 4374 1148 4415 non
1163 4355 1287 4413 infelices
1301 4356 1348 4429 qui
1366 4355 1456 4412 multo
1471 4354 1564 4411 labore
1580 4363 1608 4410 et
1618 4352 1711 4411 studio
1724 4354 1754 4413 id

97 4430 264 4489 Bernardua.
278 4435 446 4507 Nequevero
461 4450 555 4491 asana
569 4449 650 4491 sensu
662 4443 690 4491 et
702 4434 813 4490 veritate
824 4433 902 4490 aber·
954 4439 1171 4503 consequuntur,
1187 4427 1420 4501 qnandoquidem,
1430 4434 1499 4511 teste
1512 4428 1655 4499 Apostolo,
1670 4428 1757 4483 Unus·

94 4500 345 4632 t'dltllllll
360 4504 823 4634 lllallaultltrlltllal
844 4521 903 4633 lli
954 4499 1757 4641 tellbattaliamllllllllftlt

94 4638 134 4698 dc
147 4657 179 4700 aa
191 4658 254 4717 quar
274 4593 362 4717 ipsam
377 4648 460 4704 etiarn
475 4647 647 4703 voluntalem
669 4653 762 4702 sancto
781 4617 902 4718 quddam
956 4643 1019 4701 inde
1031 4653 1063 4701 ut
1074 4615 1104 4700 in
1117 4643 1223 4700 caeteris
1236 4643 1329 4710 rebus,
1348 4642 1385 4697 ita
1400 4642 1428 4696 in
1442 4640 1494 4698 hac
1517 4656 1625 4712 quoque
1637 4640 1693 4695 duo
1706 4655 1755 4694 er·

97 4711 210 4785 plenam
229 4731 312 4774 sensu
332 4717 416 4775 aillcit
429 4725 576 4785 aemovet,
592 4726 618 4773 et
636 4718 709 4789 ipsos
740 4717 903 4774 uibusinost
957 4724 1045 4772 trema
1058 4715 1165 4771 vitanda
1175 4720 1249 4779 suut,
1272 4721 1299 4768 et
1313 4711 1435 4769 medium
1447 4710 1597 4767 tenendum
1611 4732 1617 4766 :
1632 4717 1754 4765 extrema
1854 4746 1857 4752 ·

90 4782 264 4843 admeliora
278 4803 386 4862 semper
400 4790 516 4854 excitam
540 4787 686 4844 alios-raro
743 4787 824 4855 ilicat,
842 4804 904 4860 qnae
958 4795 1033 4855 sunt,
1057 4787 1099 4844 vel
1121 4785 1209 4841 asolo
1223 4787 1283 4839 Deo
1305 4781 1448 4838 etnostria
1463 4779 1590 4851 precibus
1612 4777 1756 4833 seleutiam

93 4852 267 4914 charitatem
290 4859 341 4917 Dei
362 4869 390 4917 et
410 4858 531 4932 proximi
551 4863 736 4930 conjunctam,
761 4859 904 4931 sanctique
920 4833 1111 4914 Ddivinorum
1125 4855 1319 4935 mysteriorum
1330 4861 1358 4908 et
1369 4851 1572 4921 scripturarum
1587 4855 1754 4928 exspectare,

92 4925 223 5055 Qum.
237 4928 308 4987 dona
324 4939 353 4987 et
373 4930 478 4988 tructus
492 4945 632 4987 connexos
644 4928 735 4986 habet.
754 4931 795 4985 De
811 4945 864 5001 qua
877 4938 904 4987 et
958 4927 998 4984 rel
1013 4927 1096 4983 ascia
1109 4940 1189 4996 opera
1201 4923 1346 4993 studioque
1356 4916 1754 5003 solaborenostroqmedrum

167 4998 247 5057 'uras
271 5001 337 5058 alibi
362 5004 436 5069 (dib.
460 5017 488 5058 rr
510 5018 534 5058 c.
553 5007 600 5068 18)
623 5019 630 5056 ε
653 5001 829 5071 impossibile,
853 5001 902 5069 ait,
959 5012 1031 5064 vero,
1051 5004 1199 5065 utrumque
1220 4992 1320 5048 horum
1335 5003 1498 5073 conjungere
1513 4997 1540 5045 et
1561 4989 1700 5071 adhabere,
1723 4995 1756 5044 ut

93 5070 242 5127 macra
249 5074 645 5145 apirrlalemaimeiateqritate's
653 5074 903 5142 castimonicpossi·
958 5083 990 5124 ex
1000 5066 1082 5123 dictis
1101 5073 1184 5137 patet.
1200 5065 1252 5119 Sed
1267 5063 1302 5120 de
1323 5060 1366 5116 lus
1380 5061 1499 5143 amplius
1512 5059 1648 5144 agendum
1658 5058 1755 5117 autad

96 5138 169 5197 deri.
181 5144 246 5199 Haec
258 5146 330 5200 mire
341 5147 371 5200 ia
384 5146 543 5200 malevolam
552 5146 670 5199 salmom
684 5158 737 5197 aon
747 5145 846 5207 intrat,
858 5159 904 5199 ee-
956 5137 1131 5195 eollationem
1149 5141 1191 5197 lt.
1207 5149 1269 5207 quae
1282 5140 1324 5190 est
1333 5132 1439 5189 abbatas
1449 5134 1610 5189 Nesterotrs.

159 5212 304 5271 hemiolia
315 5226 423 5287 corpore
434 5217 541 5271 subdito
550 5217 674 5285 percotis,
688 5212 903 5285 testescriptura
992 5218 1005 5245 ⁸
1017 5209 1102 5266 Paulo
1113 5208 1240 5280 superius
1255 5205 1341 5290 dixit,
1350 5211 1601 5289 commentatores.
1617 5207 1658 5259 lta
1672 5202 1755 5259 Clau-

91 5226 225 5411 §nge
243 5284 779 5414 ¹³³l⁰d⁰⁰⁸f⁰llll⁰i⁰¹l¹⁸³⁵⁵l⁰l⁰¹
792 5283 902 5366 ³⁰¹²¹³⁸l
957 5279 1321 5409 lllllllillltll
1339 5274 1757 5419 llatlll‘lllllltllll

94 5424 157 5483 altra
175 5363 293 5499 ἓιῗιῐίῗυ,
306 5365 519 5500 aquilert’ranctiit
537 5370 903 5494 offiiostilrlbffrgsmldlmilsga
956 5367 1106 5506 &iponem
1120 5428 1296 5505 tractatorem
1317 5387 1460 5501 sacrarum
1473 5387 1626 5502 litt'erarum
1648 5386 1757 5489 peritis!

97 5495 262 5572 corduprae
300 5499 407 5555 ratione
430 5499 511 5555 nobis
535 5497 725 5555 conciliandus
743 5504 794 5553 est.
820 5496 903 5554 Unde
955 5510 1069 5552 simum.
1094 5497 1217 5564 Denique
1232 5491 1556 5575 illucentrusnerrneusrs
1578 5505 1607 5544 ur
1626 5490 1755 5545 comm·

100 5570 242 5635 ammaus
271 5569 374 5627 acobus
388 5579 484 5627 monet
500 5589 506 5626 :
522 5570 554 5627 Si
561 5573 622 5639 quis
638 5571 741 5639 indiqel
755 5571 899 5640 sapientae,
956 5566 1058 5623 nitorio
1074 5585 1079 5621 :
1095 5571 1227 5628 Doctores,
1238 5570 1340 5636 inquit,
1353 5577 1402 5632 que
1415 5565 1574 5644 tractatores
1586 5576 1657 5615 auec
1670 5557 1757 5642 appel·

97 5640 216 5705 mesre
223 5647 314 5706 oneo,
325 5641 429 5714 quidet
436 5641 782 5712 omnibesollluenterllac.
796 5645 899 5707 r),etc.
957 5639 1059 5700 leretur,
1075 5637 1194 5707 qeoslrio
1213 5636 1284 5692 idom
1303 5633 1449 5705 apostolus
1460 5637 1544 5688 ettam
1555 5632 1701 5759 {eropbetos
1714 5645 1756 5683 m·

101 5708 417 5785 Poanemodiciporest,
429 5712 619 5784 illosloqulde
635 5712 669 5769 iis
681 5711 727 5783 qui
739 5720 815 5768 extra
825 5726 902 5768 com·
956 5709 1063 5764 tardum
1076 5711 1223 5779 mmrcupot,
1238 5723 1267 5762 eo
1287 5705 1359 5775 quod
1368 5720 1418 5776 per
1431 5719 1472 5761 eoa
1483 5717 1554 5775 prop
1589 5708 1679 5759 torum
1696 5715 1756 5768 mre-

98 5791 215 5840 munem
236 5793 264 5842 et
285 5782 462 5842 ordinarium
484 5784 573 5857 legem
603 5783 801 5857 supernaturali
827 5782 901 5840 dono
955 5782 1156 5853 steriapopalls
1173 5781 1345 5851 aperiuntur.
