3824 6164
34 206 37 211 '
123 196 191 254 lala
664 181 806 240 JOANNIS
821 180 973 238 cassiam
992 182 1236 241 contemnum.
1711 188 1780 244 ¹³2⁰

124 320 282 389 amipeteos
291 317 400 387 quinon
408 313 585 384 nemaeum
595 311 637 365 ire
646 307 920 372 mutuaenutuae.
934 308 962 373 Α
976 311 1000 362 et
1009 310 1151 365 inuenietis
1162 310 1336 379 retributum
1345 308 1706 381 animobttsoestrislterem
1715 312 1781 385 τῆς

124 414 190 482 xv),
203 412 279 467 illam
287 408 390 467 seilicet
400 407 551 463 Jerusalem
564 405 703 472 calestem,
716 417 776 473 qua
786 404 825 457 est
838 405 924 455 mater
978 401 1171 475 fientnamque
1180 402 1220 460 eis
1229 403 1360 459 contiuuo
1378 416 1458 474 prava
1468 401 1497 457 in
1506 400 1622 471 diruam
1634 411 1665 459 et
1685 419 1782 477 ψη

127 510 246 566 omnium
261 509 380 561 nostrum
397 501 498 571 (Galat.
510 498 565 571 tv).
977 497 1006 552 in
1020 498 1077 554 vias
1087 497 1179 569 planas
1188 499 1279 564 (isaie
1287 501 1338 564 sn)
1348 514 1357 566 ;
1367 504 1394 552 et
1400 503 1543 568 gustantes
1554 494 1689 554 ridebunt
1698 515 1784 572 quam

406 595 529 652 CAPUT
542 594 633 650 XXV.
976 590 1068 647 suavis
1090 598 1132 646 est
1158 591 1293 646 Dominus
1315 590 1400 660 (Psoi.
1418 587 1548 660 uxrtt);
1582 589 1784 666 audientesque

196 690 268 760 Quid
285 689 362 746 mbis
376 691 505 746 utilitatis
520 689 661 756 conterant
675 687 848 742 tentationes.
976 683 1118 741 Christum
1133 684 1161 740 in
1173 684 1318 757 Evangelio
1329 683 1564 757 proclamantem:
1582 686 1782 756 Veniteodme,

158 784 385 857 Quisqueautem
397 782 544 840 alteritate
563 780 628 836 bulo
640 778 742 836 munde
764 776 924 834 renuntians
977 794 1064 834 mutes
1074 781 1124 850 pui
1136 778 1268 833 laboratis
1279 782 1305 833 et
1315 779 1420 834 oneroti
1429 780 1503 845 estis,
1513 782 1540 834 et
1553 793 1600 847 epo
1609 781 1783 849 reprimeres

124 893 207 949 super
231 893 260 935 se
289 877 381 934 tulerit
389 876 486 951 iugum
498 874 608 941 Christi,
626 882 655 931 et
676 872 804 931 didicerit
820 870 857 928 ab
878 884 922 939 eo,
978 874 1088 941 (liciti.
1112 876 1171 942 nr),
1196 871 1328 942 depositis
1356 869 1527 945 ponderibus
1556 871 1699 942 vitiorum,
1722 891 1783 948 quae

126 970 294 1044 quotidianis
301 971 464 1044 iniuriarum
477 967 612 1026 exercitiis
623 965 755 1035 eruditus,
769 967 836 1036 quio
848 966 923 1020 mitis
976 975 1128 1038 sequuntur
1144 964 1485 1038 intelligent,Quiujupum
1499 978 1589 1020 metim
1600 980 1683 1023 suase
1696 974 1746 1033 est,
1759 974 1784 1025 et

125 1072 168 1122 est
181 1071 206 1121 et
217 1066 326 1121 humilis
338 1066 416 1122 eorde
434 1064 544 1131 (blottli.
563 1066 616 1132 xi),
629 1061 656 1117 in
679 1060 784 1117 cunetis
796 1058 923 1116 tentatio·
978 1078 1044 1118 onus
1058 1077 1145 1118 meum
1158 1062 1212 1117 leue
1223 1059 1330 1132 (ibid).
1340 1068 1354 1095 ⁸
1363 1058 1455 1114 Habet
1473 1073 1540 1131 ergo
1552 1057 1726 1134 refrigerium
1739 1063 1783 1120 via

129 1158 211 1216 nibus
224 1157 345 1215 manebit
357 1172 464 1230 semper
482 1154 642 1223 immobilis,
653 1157 744 1210 omniu
757 1168 810 1225 qne
822 1152 862 1208 illi
881 1166 922 1206 oo-
978 1155 1105 1223 DomIni,
1117 1155 1140 1212 si
1153 1154 1303 1212 secundum
1315 1153 1406 1226 legem
1418 1151 1504 1225 ipsius
1520 1160 1655 1211 teneatur.
1668 1156 1783 1215 Sednos

125 1252 307 1323 operabuntur
319 1251 350 1304 in
360 1251 456 1304 bonum
467 1252 553 1316 (liam.
569 1247 646 1319 riti).
665 1246 754 1303 Verbo
768 1244 842 1302 enim
857 1245 921 1313 Del,
977 1265 1075 1307 snmus
1085 1249 1132 1322 qui
1145 1248 1254 1306 dolores
1267 1247 1347 1304 nobis
1357 1254 1441 1318 atque
1452 1255 1595 1305 tormenta
1617 1249 1782 1309 turbulentis

125 1342 276 1402 secundum
289 1341 406 1398 abdiam
424 1340 595 1413 prophetam,
612 1340 683 1394 bona
692 1343 755 1395 sunit
767 1355 826 1394 mm
837 1354 865 1394 eo
875 1340 923 1408 qui
977 1340 1193 1400 distentionibus
1213 1354 1405 1414 procuramus,
1419 1339 1488 1397 dum
1500 1341 1642 1400 malumus
1654 1343 1713 1400 vias
1726 1361 1779 1402 sae·

125 1442 195 1493 reete
208 1436 336 1506 proditur
347 1434 436 1505 (nnn.
447 1434 493 1505 ιι).
505 1434 540 1490 Et
552 1434 651 1489 iterum
667 1452 673 1487 ι
690 1434 759 1500 Quia
780 1435 856 1488 recta
872 1434 923 1487 uia
979 1437 1032 1493 culi
1045 1436 1127 1509 bujus
1138 1451 1234 1510 pratas
1246 1443 1328 1507 atque
1338 1448 1479 1507 perversas
1490 1435 1574 1493 etiam
1585 1452 1650 1493 eum
1669 1452 1778 1496 mmmo

127 1533 243 1594 Domini,
254 1529 484 1601 etjustiiaeedunt
492 1530 860 1599 iuer‘speoeuartcatoresuero
870 1541 923 1581 cor·
978 1528 1135 1586 discrimine
1159 1545 1191 1586 ee
1217 1527 1382 1586 difficultate
1404 1529 1512 1587 emtam.
1542 1531 1611 1588 &tm
1632 1548 1697 1589 vero
1725 1532 1777 1590 boc

124 1622 359 1695 ruauiueislose.
370 1626 443 1690 siv).
455 1620 558 1693 blajora
566 1621 648 1693 igitur
658 1619 737 1676 nobis
745 1635 793 1691 per
800 1619 925 1676 collucta·
979 1623 1062 1681 modo
1079 1640 1160 1698 grave
1173 1624 1254 1681 nobis
1267 1639 1301 1680 ac
1320 1620 1424 1679 durum
1437 1623 1533 1699 iugum
1546 1626 1661 1681 Domini
1674 1625 1774 1682 imeri·

127 1719 230 1775 donem
243 1717 432 1784 tentationum,
443 1714 529 1772 landis
541 1714 656 1771 contulit
669 1713 791 1788 praemia,
807 1712 921 1785 benigna
935 1708 959 1771 B
976 1734 1037 1775 mus
1050 1719 1210 1791 blasphemo
1225 1719 1286 1791 jam
1310 1717 1419 1790 spiritui,
1428 1719 1470 1774 vel
1489 1718 1524 1775 do
1535 1718 1625 1790 ipsius
1640 1719 1711 1792 iugi,
1725 1721 1770 1777 vel

127 1827 191 1885 erga
204 1828 255 1870 nos
273 1810 357 1886 gratia
371 1810 530 1879 salvatoris,
550 1825 633 1882 quam
649 1808 672 1866 si
686 1823 797 1866 omnem
811 1825 827 1865 a
842 1807 922 1864 nobis
975 1813 1009 1870 de
1017 1811 1119 1869 Christi
1133 1811 1178 1883 qui
1193 1808 1263 1868 illud
1273 1810 1402 1883 imponit,
1418 1809 1514 1868 duride
1530 1818 1614 1883 atque
1624 1813 1774 1884 asperitate

125 1906 315 1964 necessitatem
338 1903 493 1963 certaminis
514 1903 678 1960 abstulisset.
702 1901 812 1959 Etenim
834 1899 921 1958 subli-
975 1903 1293 1973 causamenseeundum
1307 1902 1383 1972 illud,
1398 1896 1645 1975 ¹'Iresipientium‘ri
1658 1921 1775 1962 corrun-

126 2000 221 2058 mioris
252 1998 499 2074 praestantiorisque
532 1997 640 2055 vimutis
666 2005 721 2062 est,
749 1993 922 2070 passionibus
974 2002 1088 2071 pitsius
1101 1998 1169 2069 ejus.
1182 2001 1362 2054 Desmontem
1375 1998 1592 2055 omtsatureorde
1605 2014 1663 2055 suo.
1683 2002 1778 2056 Etse-

127 2094 312 2167 aerumnisque
335 2094 475 2163 vellatum,
489 2108 600 2150 manere
610 2107 721 2165 semper
742 2089 920 2158 immobilem,
976 2092 1101 2149 eundum
1112 2097 1247 2165 aggeum
1261 2092 1432 2166 prophetam,
1445 2108 1511 2151 oum
1529 2092 1690 2161 dixerimus,
1711 2095 1780 2162 Dum

124 2198 169 2261 et,
193 2189 337 2246 adversum
366 2204 395 2246 se
413 2187 585 2248 saevientibus
610 2185 725 2252 cunetis,
751 2192 859 2240 certum
885 2180 922 2239 de
975 2192 1020 2242 oio
1032 2177 1139 2243 Dmniai
1147 2201 1199 2242 non
1209 2187 1321 2256 diripit,
1337 2201 1459 2260 congrue
1472 2185 1656 2259 respondetur
1666 2187 1780 2244 nobisa

125 2283 250 2356 praesidio
264 2283 313 2338 Dei
327 2290 408 2352 atque
419 2279 584 2350 intrepidum
599 2279 763 2351 perdurare;
778 2275 923 2334 humanis·
976 2280 1093 2337 Domino
1105 2301 1112 2337 ε
1124 2280 1263 2352 Numquid
1273 2282 1383 2337 ammon
1392 2296 1446 2337 uon
1460 2280 1560 2351 diripit
1569 2284 1683 2341 tNomte
1696 2285 1782 2352 mapa

125 2371 629 2449 queincursibusvelutarmisiuvietae
644 2372 753 2428 vimutis
767 2369 922 2428 accinctum
976 2377 1027 2430 cia
1040 2379 1134 2431 uestra
1152 2379 1217 2431 sunt
1232 2373 1622 2446 mauoelsseeeli.xv111)?lit
1637 2390 1734 2432 revera
1757 2374 1780 2432 si

123 2469 319 2544 gloriosissime
341 2467 375 2525 de
390 2465 550 2539 impatiente
572 2465 751 2539 triumphare,
777 2473 805 2521 et
825 2464 922 2535 acqui·
976 2484 1132 2540 comparare
1154 2467 1273 2525 volueris
1292 2466 1483 2541 splendentem
1500 2469 1662 2542 virginitatis
1679 2469 1781 2526 liorem

122 2580 182 2621 rore
191 2561 396 2637 quodammodo
403 2559 751 2627 deinlirmitatcvirtutum,
761 2557 826 2629 quia
835 2560 922 2614 uirtus
976 2571 1003 2619 et
1019 2562 1230 2620 suaveolentem
1244 2563 1415 2622 caedmoniae
1432 2564 1583 2638 puritatem
1600 2566 1681 2622 tetris
1693 2580 1726 2621 ac
1742 2564 1779 2622 ie·

126 2657 468 2726 iniattrmitateperfleitur
482 2656 514 2722 lll
529 2655 587 2711 Gor.
608 2654 672 2722 xm).
691 2655 756 2708 Dete
769 2654 840 2708 enim
858 2652 924 2707 dedi
976 2657 1039 2715 tidis
1052 2657 1197 2715 libidinum
1220 2658 1380 2728 volutabris,
1406 2659 1524 2732 quietem
1548 2661 1780 2730 sectiritatemque

126 2756 160 2822 te,
171 2751 259 2824 inquit
278 2749 420 2819 Dominus,
435 2751 465 2804 in
478 2750 627 2804 columnam
641 2749 771 2816 terream,
783 2752 809 2803 et
823 2749 852 2802 in
866 2762 922 2801 mu·
979 2753 1178 2811 monachorum
1191 2751 1317 2827 perieulis
1326 2754 1490 2812 etterumnis
1502 2754 1603 2826 quibus
1612 2754 1711 2810 mundi
1723 2754 1780 2812 bu·

122 2862 185 2902 tum
194 2861 294 2902 illium
315 2860 395 2916 sititet
412 2859 513 2899 Omnem
537 2848 647 2912 letiam,
664 2842 773 2912 ritibus
790 2840 873 2905 Μία,
896 2843 922 2894 ⁴2²
972 2845 1019 2919 jus
1032 2846 1159 2904 homines
1173 2847 1354 2919 implicantur,
1365 2846 1527 2919 paupertatis
1534 2854 1641 2901 nostrae
1650 2848 1779 2918 requiem

123 2941 303 3011 principibus,
326 2944 350 2996 et
365 2941 438 2994 omni
449 2940 549 3009 populo
570 2944 659 3003 terra,
680 2942 705 2992 et
728 2935 923 3004 belliperabunt
976 2940 1106 2998 edacibus
1121 2940 1237 2998 divitum
1261 2939 1425 2999 mundinae
1445 2939 1624 3013 pervigilibus
1639 2941 1726 3009 curis,
1751 2942 1778 2998 in

123 3035 308 3103 adversante,
321 3038 346 3089 et
359 3049 411 3088 tion
417 3033 613 3102 prevalebunt,
624 3032 689 3099 pue'u
700 3044 748 3098 epe
758 3032 843 3083 tatum
852 3043 921 3094 sum,
975 3034 1076 3106 quibus
1089 3051 1145 3092 non
1162 3035 1265 3109 absque
1279 3050 1388 3092 summo
1399 3034 1463 3109 vitea
1488 3034 1612 3107 periculo
1632 3034 1730 3093 diebus
1747 3050 1778 3092 ae

122 3132 153 3182 ut
166 3143 259 3182 uuam
269 3132 303 3190 te,
319 3127 387 3181 dicit
395 3127 521 3180 Dominum
533 3123 634 3195 (terem
647 3124 678 3192 ι).
689 3125 761 3195 Ergo
769 3120 920 3178 secundum
937 3113 1100 3185 Gnoctibns
1119 3138 1330 3197 consumuntur,
1350 3127 1544 3185 suavissimum
1555 3126 1655 3200 jugum
1680 3128 1779 3186 Christi

122 3233 214 3274 veram
230 3218 341 3272 Domini
351 3216 534 3284 traditionem,
556 3214 598 3270 via
621 3215 693 3287 regia
706 3213 796 3270 suavis
813 3229 845 3270 ac
855 3213 922 3272 levis
975 3236 1100 3294 onusque
1113 3220 1281 3279 levissimum
1295 3220 1423 3279 facillime
1434 3222 1633 3294 comprobabis.

124 3318 175 3382 est,
190 3311 253 3368 licet
266 3311 332 3368 dura
344 3317 372 3366 et
386 3323 482 3380 aspera
503 3308 645 3365 sentiatur.
663 3307 708 3363 Pie
723 3306 797 3363 enim
809 3322 841 3364 ac
851 3307 920 3364 lide-
1254 3324 1374 3382 cppuq
1392 3323 1498 3380 xm

128 3407 189 3466 liter
202 3405 359 3473 servientes,
382 3417 445 3460 cum
460 3401 576 3459 tulerint
593 3400 690 3475 jugum
713 3400 824 3457 Domini
839 3415 922 3474 super
977 3423 1238 3494 Quomodopersecpe
1250 3423 1505 3478 agmmmpgu,
1519 3423 1673 3494 ,emplum
1688 3427 1717 3478 in
1731 3423 1778 3479 g„

123 3517 164 3571 sc,
186 3509 213 3557 et
234 3498 377 3555 didicerint
399 3495 433 3551 ab
459 3510 492 3550 eo
516 3493 577 3566 quia
603 3494 678 3551 mitis
698 3502 739 3550 est
761 3501 789 3550 et
812 3493 923 3551 humilis
1214 3494 1313 3549 mundo
1326 3495 1538 3564 repromittatur.

123 3591 206 3649 eorde
231 3591 337 3664 (Matili-
367 3591 425 3655 Χῖ),
440 3587 498 3660 jtm
520 3586 726 3659 quodammodo
747 3595 920 3646 terrenarum
1012 3594 1131 3652 Proinde
1159 3595 1239 3652 etiam
1269 3596 1312 3652 illa
1339 3595 1484 3652 retributio
1507 3597 1703 3667 praemiorum,
1724 3611 1778 3669 qua

125 3686 283 3760 passionum
300 3683 468 3756 deponentes
490 3681 636 3751 sarcinam,
659 3696 714 3737 non
728 3681 858 3752 laborem,
873 3681 921 3740 sed
973 3687 1092 3759 perlecto
1106 3689 1327 3747 renuntiantibus
1340 3688 1369 3746 in
1395 3688 1444 3746 bae
1467 3690 1698 3771 vitacentuplum
1720 3694 1778 3747 Do-

127 3780 247 3853 reqniem
261 3777 404 3835 animabus
415 3776 470 3834 suis
480 3774 601 3834 Domino
617 3782 763 3849 praestante
777 3774 921 3848 reperient,
975 3781 1069 3837 minus
1082 3781 1249 3855 repromisit,
1267 3782 1362 3840 dicens
1375 3803 1381 3840 :
1394 3788 1406 3818 ·
1418 3786 1453 3838 at
1462 3786 1547 3839 omaus
1565 3787 1616 3853 qui
1631 3785 1779 3854 reliqueret

124 3875 195 3932 sicut
218 3888 266 3947 per
287 3871 434 3930 ieremiam
459 3870 620 3943 prophetam
642 3869 699 3940 ipse
724 3876 840 3925 testatus
869 3878 920 3938 est,
975 3873 1267 3943 domumuelsrotres,
1281 3882 1452 3941 outsorores,
1469 3880 1517 3930 out
1525 3880 1645 3947 potrum,
1658 3882 1707 3932 aut
1720 3893 1778 3932 mo-

123 3968 216 4025 dicens
231 3986 238 4021 :
253 3968 327 4022 State
340 3981 420 4035 super
442 3968 499 4018 uias
514 3967 539 4018 et
560 3962 655 4026 uidete,
678 3966 704 4017 et
716 3964 875 4033 inten'opote
887 3964 920 4019 de
974 3972 1051 4033 trem,
1067 3972 1116 4023 aut
1125 3984 1246 4038 umorem,
1264 3973 1313 4025 out
1321 3971 1459 4040 eliceant
1473 3984 1550 4039 apros
1559 3974 1673 4040 propter
1683 3986 1778 4026 nomm

124 4063 224 4119 semies
233 4062 365 4131 antiquie,
381 4074 441 4130 qua
450 4060 487 4113 sit
500 4058 545 4112 vie
554 4057 631 4121 bona,
644 4061 670 4111 et
689 4057 822 4113 ambulate
837 4060 867 4113 in
878 4074 918 4127 ea,
973 4075 1069 4123 maim,
1082 4048 1095 4091 ‘¹
1106 4061 1259 4131 centuplum
1269 4064 1381 4133 accipiet
1391 4063 1566 4133 inpraesenti,
1576 4066 1601 4116 et
1610 4065 1696 4117 udam
1705 4067 1779 4118 ater·

674 4198 801 4254 Abeunt
819 4199 931 4256 Gszml
948 4199 1225 4259 COMMENTARIUS.

158 4341 171 4367 ⁸
181 4329 278 4388 Facilis
292 4336 319 4384 et
329 4327 418 4383 brevis
433 4323 534 4381 solutio
553 4323 624 4380 illius
637 4322 806 4407 difficultatis
822 4343 828 4378 ε
846 4327 918 4395 Quo·
971 4329 1034 4385 sitio
1046 4337 1074 4385 et
1086 4328 1243 4397 declaratio,
1252 4339 1327 4413 patet
1340 4346 1372 4386 er
1391 4333 1488 4388 Marco
1502 4339 1531 4388 et
1544 4334 1617 4387 Luca
1633 4334 1727 4402 (liare.
1740 4347 1771 4399 x,

123 4401 207 4459 modo
220 4401 312 4481 'ugum
329 4396 437 4453 Domini
451 4411 532 4453 suave
544 4404 572 4451 et
583 4410 654 4451 onus
668 4394 919 4454 leveimmirumsi
972 4405 1035 4456 Luc.
1048 4400 1146 4472 xvim),
1156 4401 1201 4473 qui
1218 4417 1336 4472 priorem
1348 4411 1455 4474 partem
1473 4400 1629 4475 significant
1671 4402 1776 4459 ttinere

122 4417 274 4530 seeundum
288 4485 302 4524 e
316 4484 348 4524 us
367 4468 456 4548 legem
468 4473 594 4523 teneatur
617 4473 646 4522 et
667 4475 809 4539 portetur;
838 4484 919 4541 grave
971 4470 1137 4539 adpraesens
1151 4473 1291 4539 mentum,
1307 4474 1487 4546 posteriorem
1506 4489 1570 4530 vero
1587 4472 1623 4529 ad
1635 4418 1771 4542 Kietumm,

123 4559 188 4601 vero
214 4557 246 4598 ac
270 4540 296 4598 di
309 4537 388 4622 daile,
409 4555 433 4594 su
442 4553 519 4593 secus
546 4555 552 4591 :
576 4537 650 4618 quod
663 4553 721 4618 non
733 4554 765 4619 er
780 4538 859 4620 ipsius
871 4554 920 4622 na·
975 4542 1209 4613 quemadmodum
1221 4551 1249 4598 et
1263 4542 1308 4600 bio
1319 4543 1403 4602 abbas
1416 4560 1448 4601 ex
1487 4544 1542 4610 nit,
1554 4560 1616 4616 quen
1630 4555 1721 4601 tamen
1733 4545 1773 4601 di-

123 4625 184 4674 tura
206 4623 234 4671 et
247 4611 414 4678 conditione,
438 4606 487 4666 sod
506 4616 601 4664 nostro
623 4615 688 4664 vitio
711 4608 819 4678 accidit,
833 4609 922 4667 utluc
974 4613 1111 4670 stinetioa
1132 4612 1456 4673 udblattbaeumnonba
1492 4624 1548 4673 tur.
1561 4615 1607 4672 Sic
1620 4616 1691 4672 enim
1703 4618 1774 4671 llar-

124 4688 281 4794 explicatur.
411 4752 416 4764 Ι
473 4752 479 4763 ι
975 4699 1024 4766 eps
1038 4684 1089 4741 sub
1105 4629 1206 4766 tfuplici
1220 4687 1364 4759 negatione
1386 4686 1514 4744 eamdem
1533 4687 1695 4744 sententiam
1716 4685 1774 4758 ple-

185 4761 225 4815 De
237 4757 288 4813 bae
299 4761 434 4810 sententia
455 4750 515 4809 vide
527 4750 618 4808 collat.
639 4755 671 4806 lt
683 4767 743 4822 cap.
758 4758 785 4807 8.
935 4757 961 4820 Ι)
976 4771 1038 4810 nius
1053 4764 1185 4827 expressit
1200 4775 1206 4811 :
1224 4760 1305 4815 Nemo
1318 4761 1415 4829 estqui
1426 4759 1570 4829 reliquerit
1593 4758 1708 4820 domum,
1722 4762 1771 4813 out

159 4827 314 4886 ⁰l’raeelare
336 4829 372 4881 D.
395 4822 550 4880 bernardus
564 4821 597 4879 de
621 4822 671 4878 bac
683 4822 782 4879 Christi
807 4823 923 4894 promis·
975 4827 1087 4894 tratres,
1103 4831 1151 4882 aut
1162 4842 1275 4897 sorores,
1290 4834 1466 4901 outpotrem,
1481 4834 1532 4885 aut
1544 4835 1670 4894 matrem,
1681 4833 1729 4884 out
1739 4832 1774 4898 p·

123 4901 198 4958 sione
214 4918 221 4955 τ
236 4904 297 4957 Hae
309 4902 372 4953 sunt
385 4896 476 4964 verbo,
491 4892 519 4950 in
540 4893 578 4949 uit
595 4896 638 4959 (ln
659 4894 800 4949 declamat.
816 4910 896 4964 super
912 4914 920 4951 :
976 4898 1035 4966 lios,
1045 4903 1179 4968 autmarus
1187 4905 1298 4984 propter
1309 4916 1358 4965 me,
1372 4906 1397 4956 et
1408 4905 1522 4972 propter
1529 4902 1719 4971 domnedium,
1727 4903 1775 4971 qui

123 4976 198 5037 Ecce,
211 4987 258 5026 aas
268 4971 426 5039 reliquimus
440 4911 550 5034 omnitss,
564 4981 624 5036 qum
635 4970 813 5036 contemptum
827 4967 924 5020 mundi
975 4984 1029 5023 non
1045 4972 1157 5040 accipiat
1170 4975 1266 5027 centies
1280 4975 1387 5027 tautum
1401 4988 1481 5041 numo,
1496 4975 1526 5027 iu
1537 4978 1654 5042 ternpore
1667 4973 1730 5039 boe;
1749 4975 1773 5027 et

123 5046 246 5100 uniuerso
260 5040 369 5102 mundo,
381 5039 596 5093 etuoluntarium
606 5053 765 5106 persuasere
774 5038 923 5093 homiuibus
977 5042 1006 5094 in
1020 5042 1114 5096 soeatlo
1128 5043 1222 5110 tuturo
1232 5045 1316 5099 uitam
1331 5048 1468 5099 uternam,
1487 5042 1617 5099 Similiter
1627 5051 1654 5098 et
1672 5045 1768 5107 Lucan

123 5117 322 5188 paupertatem.
332 5111 530 5177 Haesuntquoe
539 5108 921 5179 monacbiscloustrareplatt,
976 5110 1029 5166 nisi
1041 5112 1114 5182 quod
1129 5127 1178 5183 pro
1190 5116 1287 5168 centies
1310 5119 1424 5179 tantum,
1440 5123 1490 5171 aut
1500 5115 1661 5185 centuplum,
1687 5111 1774 5169 babet

124 5189 229 5245 deserta
241 5182 417 5240 anachoretis.
435 5181 509 5249 Hae,
531 5181 655 5251 inquom,
671 5184 735 5261 sunt
749 5179 842 5248 umba,
862 5196 922 5250 qua
977 5184 1061 5237 multo
1071 5184 1171 5308 Elium
1187 5192 1218 5240 ut
1238 5184 1404 5259 significaret
1425 5185 1611 5242 centenarium
1622 5198 1773 5240 numerum

124 5262 270 5330 AEppptum
284 5255 408 5326 spoliant,
425 5256 450 5307 et
464 5253 565 5322 aptium
584 5267 695 5322 quaque
708 5267 765 5321 epus
777 5266 842 5307 insa
853 5252 922 5306 diri·
977 5269 1027 5324 pro
1042 5254 1067 5308 iu
1090 5253 1147 5310 nito
1160 5255 1279 5328 positum
1297 5271 1371 5325 esse,
1394 5254 1627 5329 quemadmodum
1639 5270 1772 5312 numerus

120 5335 219 5402 piunt;
235 5329 277 5383 bie
295 5341 380 5382 soemo
392 5327 467 5379 uiuus
479 5328 504 5378 el
523 5324 633 5392 elprae,
648 5326 797 5377 conuertens
817 5324 922 5379 animos
977 5323 1068 5380 finitus
1087 5340 1158 5396 saepe
1185 5326 1212 5381 in
1240 5327 1295 5383 Suri
1315 5338 1377 5385 tura
1400 5344 1449 5400 pro
1478 5326 1624 5385 indefinito
1650 5327 1770 5400 ponitur.

123 5404 200 5471 felici
222 5399 387 5455 emulatione
400 5396 554 5452 curialitatis
569 5398 595 5449 et
613 5396 737 5448 enitatis
746 5396 922 5464 promissione
977 5395 1226 5499 Perroeentuplum
1239 5345 1314 5455 istus
1319 5398 1428 5457 duobus
1437 5399 1532 5481 modis
1545 5406 1636 5472 potest
1644 5397 1770 5470 intelligi:

171 5476 198 5507 1⁸
1435 5476 1447 5504 ο
1553 5471 1559 5482 ι
1622 5471 1628 5484 Ι
1764 5498 1774 5510 1

124 5474 250 5597 &Quo
272 5538 399 5612 promisit
424 5536 547 5594 Christus
570 5534 787 5609 relinquentibus
810 5552 859 5593 sua
881 5534 922 5592 uel
975 5474 1776 5624 feralius?[iliatlrlglmaqggteblpltlslm'et'ssngm'[pssbtfflgffipbtecvti-

124 5625 189 5671 suos
203 5621 313 5681 propter
324 5624 437 5684 reguum
455 5609 514 5677 Dei,
530 5609 688 5680 centuplum
705 5607 836 5674 videlieet,
850 5614 877 5661 et
888 5608 924 5662 vi·
974 5615 1021 5665 tur
1032 5607 1076 5665 bie
1090 5609 1184 5676 abbas,
1197 5620 1348 5682 etutroque
1358 5612 1443 5670 modo
1453 5613 1615 5686 centuplum
1624 5613 1776 5669 retribuen-

123 5693 180 5741 tam
202 5687 341 5739 aeternam.
364 5683 431 5738 lime
452 5680 524 5736 euim
540 5695 598 5736 esse
620 5677 735 5748 diuersa,
751 5688 778 5735 et
797 5679 831 5735 ad
850 5678 923 5736 idem
976 5679 1042 5737 dum
1056 5681 1089 5737 iis
1102 5681 1253 5753 asseritqui
1268 5697 1317 5753 pro
1332 5683 1443 5740 cbristo
1459 5699 1525 5742 suos
1539 5686 1583 5741 vel
1606 5700 1658 5741 sua
1667 5683 1715 5741 reli
1735 5698 1777 5740 ue

122 5772 179 5813 non
194 5766 273 5829 posse
286 5750 390 5820 referri,
408 5759 438 5806 ut
453 5751 588 5823 posterior
600 5765 661 5821 pars
674 5750 775 5824 prioris
793 5750 828 5806 sit
842 5765 925 5821 erpo·
975 5751 1045 5822 rint3
1069 5751 1203 5826 quianon
1226 5752 1316 5809 solnm
1337 5756 1465 5821 meliora,
1491 5755 1675 5829 pretiosiora,
1746 5754 1777 5811 li·
