3848 6158
128 264 196 322 arse
457 228 460 233 ’
498 256 666 314 nomano
686 256 753 312 ιιι.
772 284 809 296 -
826 254 872 310 nn
890 250 1092 310 ιιιιιιεειοιιι
1110 250 1411 321 ουιιιρυιιιειιιιι.
1714 260 1782 314 rrae

127 387 285 460 vespertina
304 384 460 440 orationum
483 382 653 439 solemnitate
678 390 825 446 transacta,
846 378 925 437 humi
939 383 967 445 Α
981 379 1056 436 ritas.
1072 379 1165 435 Divina
1178 378 1306 451 sapientia
1322 392 1370 450 per
1385 378 1566 435 Ecclesiasteu
1584 379 1662 436 omni
1680 380 1731 449 rei,
1753 379 1782 436 id

74 480 81 487 “
127 481 268 555 paululum
291 479 482 546 considentes,
497 475 799 548 coepimusdiligentius
811 487 928 545 percnu—
982 480 1038 537 est,
1054 471 1186 528 universis
1202 486 1250 527 seu
1278 470 1425 543 prosperis,
1451 485 1502 527 seu
1520 486 1581 543 quae
1601 471 1713 528 adversa
1733 489 1782 544 pu-

127 572 195 631 etari
208 588 259 629 cur
280 570 351 644 apud
371 585 418 626 ecs
441 576 516 625 tanta
532 569 702 625 observantia
724 574 873 633 caveretur,
894 578 929 619 uo
983 572 1077 621 tantur
1098 572 1125 619 et
1140 563 1237 631 tristia,
1254 571 1364 634 tempus
1378 577 1437 619 esse
1462 562 1606 634 proprium
1618 562 1781 636 designavit,

127 666 188 739 quis
206 663 313 737 penitus
330 664 395 721 totis
410 662 645 736 Quinquagesimae
665 662 760 719 diebus
780 659 821 715 vel
842 674 929 732 genua
982 657 1076 715 dicens
1091 677 1097 712 :
1110 667 1123 693 ⁸
1132 657 1262 715 Omnibus
1273 661 1376 726 tempus
1387 660 1437 719 est,
1452 660 1478 711 et
1489 660 1594 726 tempus
1607 660 1681 712 omiti
1687 661 1727 713 rei
1731 660 1781 713 sab

128 756 157 814 in
170 758 296 815 oratione
308 763 442 822 curvaret,
456 756 496 812 vel
514 771 600 827 usque
613 754 647 810 ad
661 754 758 811 horam
776 753 929 824 nonamje-
983 754 1055 809 coeio.
1081 756 1192 823 Tempus
1212 752 1341 823 pariendi
1358 757 1383 806 et
1405 757 1509 821 tempas
1522 753 1664 819 nmriendi,
1679 756 1783 821 tempus

125 852 222 921 lunare
244 857 438 921 praesumerem
459 863 547 919 eoque
560 848 587 906 id
611 848 765 920 diligentius
785 844 929 903 scrutaba-
980 847 1126 917 plantandi
1148 851 1174 901 et
1194 850 1297 916 tempus
1317 846 1449 900 evellendi
1466 846 1539 916 quod
1562 847 1714 916 plantatam
1734 851 1782 913 est,

129 959 202 1011 mur,
219 944 292 1016 quod
303 957 480 1015 nequaquam
498 941 551 998 hoc
563 947 639 997 tanta
651 941 778 996 cautione
791 938 891 996 servari
903 938 929 993 in
984 945 1086 1010 tempus
1093 940 1230 994 occidendi
1237 944 1263 996 et
1270 946 1372 1010 ternpus
1380 940 1508 1007 sormndi,
1517 944 1619 1010 ternpns
1624 940 1784 996 destruendi

129 1036 216 1109 Syriae
230 1033 404 1092 monasteriis
418 1033 581 1091 videramus.
984 1038 1010 1088 et
1025 1039 1129 1103 tempus
1140 1032 1305 1102 edificandi,
1329 1038 1433 1103 tempus
1451 1033 1578 1103 pioroatdi
1590 1039 1616 1089 et
1627 1039 1730 1105 ternpus
1744 1036 1785 1089 ri-

426 1136 546 1192 cApUT
562 1137 624 1191 xli,
985 1126 1078 1192 dardi,
1095 1130 1197 1195 ternpus
1205 1125 1359 1195 plangendi
1375 1131 1401 1180 et
1414 1130 1520 1195 tempas
1536 1128 1669 1190 saliendi,
1681 1132 1784 1198 temptas

130 1239 274 1308 Responsio
288 1236 322 1292 de
338 1241 441 1291 notura
460 1249 552 1290 eornm
568 1249 630 1304 qun
643 1234 723 1304 bona,
740 1234 782 1289 cel
795 1234 878 1296 mola,
890 1233 932 1287 eei
985 1218 1111 1273 mittendi*
1121 1218 1224 1288 'PPWS
1242 1221 1268 1272 θ’
1278 1222 1380 1287 ΐίήῑΡῑιε
1395 1218 1539 1287 wuillelmi
1552 1221 1665 1288 'allidit'
1681 1225 1784 1291 ‘emim

440 1306 531 1362 medin
545 1310 618 1361 seni.
983 1311 1161 1381 eritplectendi
1171 1314 1196 1365 ei
1204 1316 1307 1381 tempus
1317 1312 1393 1380 iottpc
1402 1313 1464 1381 ficri
1473 1311 1508 1365 ub
1520 1311 1701 1381 amplexibus,
1714 1317 1784 1367 tern-

167 1408 213 1466 Ad
235 1407 296 1464 hacc
317 1408 402 1463 abbas
422 1406 550 1464 Theonas
571 1405 619 1462 tali
639 1421 705 1463 usus
731 1412 773 1461 est
797 1405 931 1461 mrmenis
981 1405 1204 1476 pusocqnirendi
1210 1409 1235 1459 et
1245 1403 1498 1474 tempnsperdendi,
1509 1409 1612 1475 tempus
1619 1407 1788 1461 antediendt

132 1500 264 1558 exordio:
292 1502 408 1573 Oportet
427 1498 538 1571 quidem
559 1512 610 1554 uos
627 1496 781 1553 auctoritati
807 1498 930 1562 Patrum,
985 1498 1785 1571 etternpuseapeilendi,tempusdirumpendiettempusscr·

133 1592 374 1664 consuetudinique
385 1591 521 1663 majorum
534 1605 620 1663 usque
634 1589 670 1646 ad
682 1596 809 1646 nostrum
822 1596 931 1663 tempus
985 1593 1083 1656 ciendi,
1104 1597 1207 1662 tempus
1222 1593 1328 1647 mecrtdi
1346 1597 1373 1648 et
1399 1598 1502 1664 tempus
1523 1593 1659 1663 loquendi,
1683 1599 1785 1664 tempas

135 1704 182 1760 per
201 1695 304 1744 tantam
327 1700 464 1742 annornm
482 1683 580 1740 seriem
596 1683 752 1756 protelatae,
765 1683 848 1740 ctiam
875 1698 932 1739 non
986 1687 1101 1742 amendi
1107 1691 1132 1742 et
1140 1690 1243 1756 tempos
1251 1687 1371 1751 odmtdi,
1381 1692 1485 1757 tempas
1495 1688 1559 1742 beili
1567 1693 1592 1742 et
1601 1688 1786 1757 tempuspoeis

135 1787 259 1852 percepta
280 1778 385 1835 ratione
399 1775 509 1845 cedere,
522 1791 648 1848 eamque,
665 1786 696 1833 ut
712 1775 861 1848 antiqmms
874 1783 933 1832 tra·
947 1812 972 1876 B
988 1781 1090 1851 (Eccle.
1113 1781 1173 1852 ιιι).
1192 1782 1227 1835 Et
1241 1779 1321 1848 inira,
1338 1783 1408 1849 Quin
1423 1786 1526 1851 tempus
1540 1786 1589 1844 cst,
1603 1780 1702 1852 inquit,
1715 1784 1788 1836 omni

135 1871 188 1929 dita
213 1881 265 1940 est,
286 1870 343 1944 jugi
369 1869 541 1927 observantia
563 1884 595 1925 ac
612 1869 762 1926 reverentia
782 1869 932 1928 custodire.
986 1876 1028 1930 rei
1040 1879 1065 1929 et
1078 1876 1152 1928 omiti
1169 1875 1243 1942 tacto
1258 1873 1362 1945 (ibid).
1376 1871 1451 1930 Nihil
1462 1873 1544 1947 igitur
1557 1889 1590 1929 ex
1601 1872 1643 1929 his
1659 1888 1719 1930 esse
1738 1873 1787 1929 ho·

136 1965 335 2022 verumetiam
355 1962 485 2035 quoniam
500 1978 595 2020 causas
610 1962 691 2035 hujus
703 1963 743 2018 rei
758 1971 787 2018 et
799 1964 934 2021 rationem
987 1982 1056 2023 num
1078 1974 1241 2038 perpetuum
1263 1965 1393 2032 delinivit,
1417 1966 1469 2023 uisi
1491 1981 1555 2022 cum
1575 1965 1658 2023 luerit
1686 1965 1787 2022 horum

134 2058 216 2115 vultis
229 2070 385 2130 agnoscere,
401 2055 515 2127 accipite
535 2056 651 2111 breviter
672 2069 705 2111 ea
721 2071 783 2127 quae
803 2072 820 2112 a
841 2058 935 2114 senio·
989 2060 1053 2133 quid
1067 2068 1220 2132 opportune
1229 2068 1257 2116 et
1272 2068 1459 2131 competenter
1469 2061 1621 2133 expletum3
1633 2059 1669 2117 ita
1684 2068 1714 2116 ut
1728 2059 1788 2115 haec

135 2150 213 2207 ribus
229 2149 330 2207 nostris
351 2147 448 2204 tradita
462 2164 544 2223 super
565 2147 616 2204 bac
634 2147 802 2206 institutione
823 2166 935 2222 compe·
989 2152 1085 2209 eadem
1105 2168 1167 2225 quae
1191 2167 1262 2209 nunc
1284 2161 1438 2225 opportune
1456 2161 1532 2225 gesta
1548 2152 1619 2210 bene
1641 2152 1750 2222 cedunt,
1765 2152 1788 2210 si

135 2243 234 2300 rimus.
263 2245 458 2299 Verumtamen
483 2251 631 2315 antequam
663 2241 807 2315 Scripmrae
836 2242 936 2301 divina
991 2247 1150 2318 importuno
1163 2246 1203 2303 rel
1217 2246 1503 2319 incongruotompcre
1520 2247 1788 2318 presumantur,iu·

136 2339 283 2397 auctoritas
303 2339 469 2411 proferatur,
482 2338 505 2396 si
515 2337 614 2411 piacet,
626 2337 661 2394 dc
675 2345 773 2395 natura
791 2337 876 2411 ipsius
891 2339 937 2412 je-
992 2340 1065 2397 utilia
1089 2340 1261 2397 inveniantur
1274 2348 1301 2396 et
1321 2335 1444 2409 noria;h
1459 2339 1563 2411 absque
1577 2339 1627 2407 ;his
1647 2339 1790 2396 dumtaxat

134 2430 200 2503 junii
219 2432 389 2504 etqualitate
415 2447 501 2505 pauca
524 2430 658 2500 dicamus,
672 2440 704 2488 ut
726 2431 938 2505 disputationem
992 2448 1053 2506 quae
1068 2448 1115 2505 per
1131 2448 1161 2489 sc
1179 2432 1362 2505 principaliter
1381 2433 1422 2488 vel
1438 2433 1529 2499 bona,
1554 2433 1594 2488 rel
1618 2435 1687 2489 mala
1707 2442 1788 2503 suut,

136 2532 260 2582 nostram
274 2525 444 2598 subsequens
462 2525 666 2598 scripturarum
683 2524 829 2583 couiirmet
844 2534 938 2584 aucto·
993 2535 1065 2582 ⁰nec
1079 2524 1226 2597 aliquando
1244 2533 1360 2596 possunt
1375 2525 1404 2580 in
1420 2526 1591 2582 corrtrarium
1611 2526 1738 2597 derivari,
1760 2535 1790 2584 ut

677 2650 809 2706 stanni
829 2651 945 2707 GAZAEl
962 2648 1247 2707 COMMENTARIUS.

136 2781 165 2823 ec
179 2767 415 2835 credeitesfecisse
429 2769 542 2837 lenimen
557 2769 630 2832 (Aet.
642 2769 725 2846 ιιιιι).
739 2770 775 2822 Et
789 2766 860 2824 inira
870 2787 876 2823 :
888 2772 940 2826 Nec
993 2767 1131 2839 imperari.
1146 2764 1237 2822 Sicubi
1250 2772 1342 2821 nmen
1352 2763 1406 2847 boc
1415 2765 1651 2893 ipsumdiejunium
1664 2771 1790 2843 precepti

137 2836 184 2891 boc
196 2839 266 2904 dno,
279 2840 350 2906 quod
359 2838 600 2894 dominicisdiebns
611 2838 794 2908 jepurtondnm
801 2844 904 2907 priten
915 2843 941 2894 et
994 2839 1052 2910 lege
1066 2845 1198 2900 servatur,
1224 2851 1281 2892 uon
1299 2844 1342 2892 est
1356 2836 1501 2907 rmprnbau
1521 2853 1579 2893 um.
1595 2840 1731 2897 Servanda
1749 2851 1791 2900 est

137 2909 941 2976 contectasqninqoopintadiebustericsnusernmmeduntr-
994 2909 1020 2963 in
1044 2907 1178 2980 ejusmodi
1192 2906 1274 2962 rebus
1294 2906 1422 2963 Ecclesiae
1436 2908 1621 2977 consuetudo,
1640 2918 1673 2966 ut
1690 2913 1788 2970 lliero·

139 2992 253 3046 qunque
263 2980 403 3046 provincio
422 2979 451 3030 in
464 2992 511 3031 sno
527 2992 607 3032 serien
617 2978 746 3040 abundet,
764 2985 789 3033 et
802 2995 875 3047 pree
910 2984 938 3034 to
988 2994 1089 3050 nymus
1109 2978 1138 3033 in
1162 2976 1276 3049 epistola
1294 2976 1329 3033 ad
1351 2978 1512 3046 Lacinium,
1528 2987 1556 3034 et
1569 2981 1738 3052 Augustinus
1761 2984 1791 3040 iu

138 3046 271 3115 mnarum
280 3048 345 3115 leges
354 3049 510 3116 apostolicus
525 3047 685 3102 arbitretur.
700 3049 736 3102 let
749 3045 892 3105 lsidcrnsi
913 3049 938 3103 i·
990 3049 1103 3119 epistola
1125 3048 1160 3105 ad
1185 3046 1360 3114 Casulanum,
1386 3056 1509 3105 monent.
1535 3052 1574 3105 lta
1595 3051 1789 3110 bellarminus.

139 3115 202 3172 dem
228 3117 325 3173 citatus
347 3119 418 3187 (lib.
439 3132 450 3173 1
470 3117 502 3171 de
517 3117 595 3187 Ome.
616 3118 686 3173 nect.
710 3133 768 3187 cap.
784 3119 854 3202 lt):
876 3122 940 3176 Post
992 3119 1119 3175 Meminit
1131 3118 1253 3245 eiusdem
1268 3118 1451 3176 institutionis
1472 3128 1500 3176 et
1517 3121 1635 3177 triduani
1654 3122 1745 3194 ieiunii
1760 3126 1791 3181 in

138 3189 257 3251 Pascite,
288 3189 387 3260 inquit,
409 3202 494 3258 usqne
524 3189 561 3243 ad
595 3191 777 3251 Pentecosten,
805 3189 865 3244 licet
890 3192 939 3244 cb·
954 3193 978 3257 c
994 3189 1140 3262 liogationi
1163 3190 1791 3266 usD.Augnstinusserm.tiadeTempore,in

137 3258 615 3315 sanenoEcclcsiuntmobstinentioe
621 3261 941 3328 mporenpranditsreta-
995 3260 1276 3331 vigiliaAscensionis,
1286 3269 1314 3316 et
1328 3260 1455 3317 Sidonius
1466 3262 1510 3317 lib.
1524 3278 1550 3318 ι.
1564 3263 1640 3334 epist.
1656 3271 1689 3320 14
1700 3274 1728 3321 et
1740 3266 1789 3323 lib.

138 3332 255 3393 counit,
267 3335 356 3385 temen
369 3333 394 3386 si
406 3331 650 3400 qnimnnocborum
658 3331 700 3385 eei
707 3330 942 3402 clericorumjepn-
992 3345 1040 3387 vu
1051 3331 1129 3401 epist,
1146 3338 1172 3387 1.
1187 3333 1301 3386 Necnon
1312 3345 1401 3385 canon
1411 3336 1446 3385 as
1457 3331 1563 3386 concilii
1576 3334 1789 3405 Aurelianensis,

138 3416 203 3456 nare
221 3405 343 3472 cupient,
358 3418 411 3456 nen
422 3405 486 3455 sant
493 3400 656 3472 probibendi
669 3419 677 3454 ε
688 3402 753 3470 queit
760 3402 903 3466 Antonius,
915 3406 942 3457 et
992 3416 1009 3457 a
1024 3401 1157 3458 Gratiano
1170 3399 1271 3456 relatus
1283 3414 1342 3470 cap.
1356 3402 1526 3469 Rogationes,
1541 3401 1576 3457 de
1587 3402 1788 3472 Consec.,dlst.

139 3473 252 3533 Paulus,
268 3477 294 3526 et
305 3475 394 3527 enini
408 3474 500 3528 Patres
512 3474 621 3541 antiqui
625 3514 634 3535 ‚
647 3473 729 3526 etiam
742 3472 785 3526 bis
798 3473 891 3527 diebus
911 3476 940 3528 in
994 3478 1022 3538 3,
1034 3480 1062 3527 et
1075 3473 1122 3541 qni
1142 3470 1176 3527 de
1191 3468 1291 3526 ciliciis
1308 3477 1337 3525 et
1354 3470 1450 3525 ritibus
1473 3471 1662 3528 ecclesiasticis
1676 3476 1790 3547 scripse·

139 3541 938 3612 eremoleqnniurabstinuissc,neqaesoioisseobstinantiam,
992 3550 1057 3598 runt
1071 3542 1190 3614 (Gregor.
1209 3542 1318 3598 Volent.
1333 3542 1363 3595 in
1382 3545 1438 3605 2-2,
1452 3545 1478 3596 et
1489 3543 1559 3613 disp.
1575 3560 1602 3612 q.
1616 3550 1649 3613 23
1662 3548 1789 3603 Belicam.

139 3616 195 3668 nbi
214 3618 319 3668 tannem
332 3615 375 3670 die
393 3614 533 3669 bominem.
548 3613 678 3671 Haecille.
692 3616 797 3670 Verum
810 3614 940 3671 adversus
994 3614 1041 3669 lib.
1065 3629 1087 3670 ιι
1112 3615 1145 3669 dc
1168 3612 1412 3681 soricinense.
1437 3617 1487 3676 tlt
1500 3617 1600 3670 Boron.
1622 3619 1651 3670 in
1671 3620 1733 3677 Not.
1755 3620 1792 3676 ud

140 3684 280 3811 gramina
295 3684 406 3757 objiciet
421 3682 535 3740 lermsse
547 3683 681 3757 quispiam
698 3704 705 3741 :
719 3683 748 3739 Si
762 3699 795 3740 ex
804 3685 939 3741 sennntia
992 3686 1136 3755 Martprcl.
1147 3690 1182 3740 2⁵
1193 3685 1316 3753 Aprilis:
1331 3685 1442 3752 Alcoin,
1455 3684 1474 3737 l.
1488 3698 1528 3749 ιι;
1541 3686 1666 3741 Amator.
1678 3689 1698 3744 i.
1715 3705 1754 3760 rr,
1766 3707 1789 3746 c.

159 3756 187 3811 S.
207 3756 321 3812 Patrnm
341 3764 466 3826 tempore
479 3755 730 3828 Quinquagesimae,
747 3754 838 3821 idest,
858 3772 874 3812 a
895 3756 939 3813 die
993 3762 1052 3823 tt;
1072 3757 1177 3813 liuban.
1198 3756 1246 3809 lib.
1262 3768 1286 3809 11
1302 3754 1335 3809 de
1343 3756 1433 3809 instit.
1451 3755 1539 3810 cleric
1554 3772 1577 3811 c.
1593 3762 1648 3824 4⁰).

140 3825 278 3881 Pasclratis
293 3840 377 3896 usque
390 3825 425 3882 ad
443 3824 517 3881 diem
539 3827 712 3883 Pentecosten
730 3826 874 3894 inclusive,
891 3843 937 3884 re·
1028 3838 1041 3863 ⁸
1065 3830 1105 3883 lta
1125 3842 1158 3882 ex
1203 3825 1294 3881 ebraeo
1310 3825 1388 3881 vertit
1409 3824 1604 3898 Hieronymus.
1620 3832 1658 3883 At
1676 3828 1792 3901 Vulgata
1828 3862 1831 3869 ·

141 3895 259 3950 mittitur
271 3903 299 3950 et
307 3894 645 3974 intermittiturjejunium,
658 3911 707 3950 cur
725 3911 790 3966 ergo
801 3898 949 3967 ieiunatur»
994 3898 1146 3955 versicest:
1179 3898 1369 3968 mninternpns
1382 3896 1588 3959 tabennensis
1659 3900 1693 3953 iis
1704 3904 1794 3955 barn-

141 3966 168 4020 in
181 3964 269 4035 vigilia
291 3967 475 4023 Pentecosten
488 3963 664 4020 etmdiebus
678 3965 864 4034 negationum
877 3976 940 4023 ante
993 3974 1057 4023 eunt
1072 3971 1198 4024 oniense
1211 3967 1262 4022 sub
1279 3969 1363 4023 calo:
1382 3972 1485 4038 ternpus
1497 3983 1574 4024 nosce
1613 3971 1633 4039 i,
1648 3974 1674 4025 ei
1689 3977 1793 4042 tempas

140 4035 335 4092 ascensionem
349 4033 540 4090 Dominicam?
554 4033 735 4106 Respondeo:
749 4036 889 4107 Jejuuium
911 4038 941 4093 iu
993 4040 1134 4100 moriendi,
1145 4046 1197 4092 etc.
1214 4038 1321 4105 (Eccles.
1338 4038 1395 4105 ιιι).

142 4105 230 4178 vigilia
253 4107 428 4161 Pentecosten
452 4120 508 4160 non
527 4119 585 4161 esse
608 4120 640 4161 ex
663 4104 792 4176 primeva
813 4106 940 4165 sceleris
1029 4102 1158 4163 blterum
1173 4115 1200 4162 et
1213 4106 1353 4160 actionum
1365 4107 1547 4162 humanarum
1560 4109 1609 4163 tria
1624 4126 1722 4182 genera
1737 4111 1793 4168 dis·

143 4176 330 4243 institutione,
357 4178 398 4231 vel
422 4175 573 4247 apostolica
595 4175 760 4244 traditione,
787 4185 818 4233 ut
837 4178 940 4250 jeiunia
994 4177 1111 4251 tinguit:
1125 4176 1253 4249 quaedam
1269 4175 1305 4230 ita
1319 4191 1366 4243 per
1379 4191 1409 4231 se
1421 4183 1450 4232 et
1463 4177 1608 4234 intrinsece
1624 4190 1689 4237 sunt
1708 4181 1792 4251 bona,

142 4254 261 4318 quatuor
281 4255 446 4329 temporum,
458 4246 507 4303 sed
524 4262 557 4303 ex
577 4247 620 4328 pia
637 4247 845 4315 consuetudine,
857 4257 884 4304 ct
894 4249 942 4305 de-
994 4257 1025 4305 ut
1035 4263 1102 4304 num
1123 4263 1187 4303 uam
1200 4246 1304 4319 possint
1313 4246 1370 4302 lieri
1382 4248 1463 4312 mala,
1474 4255 1504 4303 ut
1519 4247 1641 4307 vimutes.
1657 4252 1794 4310 Virtutem

143 4317 259 4374 votione
272 4316 403 4382 lidelrum,
415 4332 448 4373 ac
456 4325 605 4374 reverentia
619 4333 683 4391 erga
695 4326 797 4374 tanam
808 4318 939 4375 solemni·
994 4319 1069 4376 enim
1079 4319 1111 4375 de
1152 4319 1174 4375 it
1183 4317 1350 4388 Augustinus
1356 4332 1411 4373 esse
1418 4320 1511 4373 lencm
1518 4321 1678 4389 qualitatem
1684 4328 1791 4393 annin,

142 4397 228 4445 tatem
247 4387 378 4445 adventus
397 4388 513 4459 Spiritus
525 4389 611 4445 sancti
625 4388 821 4461 posterioribus
833 4390 941 4448 saecnlis
994 4407 1050 4461 qno
1059 4406 1134 4445 nemo
1146 4389 1217 4445 mole
1229 4391 1318 4444 utitur
1330 4388 1397 4459 (lib.
1411 4404 1459 4454 ιιι,
1474 4390 1507 4445 de
1517 4392 1612 4448 Libero
1624 4395 1746 4451 Arbitc.
1762 4404 1794 4454 l8

142 4459 329 4516 introductum
350 4463 425 4526 (nam
437 4462 530 4515 Patres
550 4469 708 4517 constanter
721 4459 859 4518 affirmant
880 4462 938 4517 uul-
994 4467 1020 4517 et
1045 4464 1100 4530 ts).
1117 4464 1184 4519 llaec
1197 4468 1290 4515 autem
1309 4466 1389 4515 vocat
1407 4468 1503 4517 auctor
1517 4463 1793 4537 principalitatem,

143 4532 202 4586 lum
233 4545 292 4586 esse
313 4530 448 4603 jejunium
476 4531 547 4586 iuter
571 4531 675 4588 Pascha
703 4540 731 4587 et
763 4535 940 4589 Pentecosten
955 4573 981 4636 D
995 4533 1036 4589 vei
1060 4531 1220 4604 principalia
1243 4530 1324 4587 bona.
1339 4531 1402 4586 Alia
1416 4533 1570 4589 econtrario
1586 4550 1635 4605 per
1656 4552 1686 4593 se
1709 4547 1737 4593 et
1751 4539 1793 4594 iu-

144 4602 329 4673 imperatum),
342 4617 393 4657 nec
406 4610 462 4656 tam
479 4600 512 4656 ad
528 4602 941 4672 poenitentiametalllictionem
994 4604 1111 4660 trinsece
1131 4604 1215 4670 mala,
1239 4611 1270 4658 ut
1292 4617 1445 4674 numquam
1466 4604 1571 4674 possint
1592 4604 1648 4661 lieri
1663 4607 1750 4672 bona,
1764 4618 1795 4665 ut

144 4675 265 4754 corporis
286 4688 371 4745 quam
384 4672 419 4729 ad
438 4671 613 4747 devotionern
628 4680 655 4728 et
673 4674 797 4744 spiritale
811 4676 941 4757 gaudium
996 4675 1180 4742 mendacium,
1195 4672 1370 4739 adulterium,
1384 4680 1436 4730 etc.
1451 4678 1485 4730 lit
1499 4672 1560 4730 lraec
1578 4674 1703 4732 similiter
1718 4686 1796 4735 vocat

145 4744 327 4810 excitandum,
339 4744 367 4798 iu
383 4743 503 4798 Ecclesia
514 4743 663 4799 observari.
676 4743 758 4801 Unde
771 4753 798 4800 et
808 4746 942 4818 jejunium
995 4746 1081 4817 princi
1102 4746 1180 4801 aliter
1202 4744 1284 4809 mala,
1303 4744 1344 4799 vei
1370 4744 1528 4815 principalia
1553 4746 1640 4812 mala;
1659 4747 1791 4816 quoniam

145 4814 334 4868 exsultationis
352 4822 379 4868 et
394 4814 493 4870 laetitiae
507 4815 655 4886 appellatur
667 4812 705 4883 (S.
723 4816 815 4870 Tium.
830 4822 893 4881 2-2,
913 4834 940 4887 q.
997 4832 1052 4872 non
1066 4763 1128 4871 nico
1146 4814 1228 4878 mala,
1250 4814 1315 4885 quia
1330 4812 1480 4884 prohibita3
1502 4813 1551 4869 scd
1570 4814 1631 4871 ideo
1645 4818 1793 4889 prohibita,

147 4889 210 4949 147,
222 4900 248 4940 o.
259 4887 404 4947 balburen.
416 4887 543 4941 initiatio.
559 4887 730 4955 lib.vr,nrp.
746 4889 818 4957 106).
830 4887 944 4943 Constat
997 4888 1060 4958 qnia
1082 4886 1168 4941 mala.
1186 4888 1260 4940 luter
1275 4885 1334 4939 lraec
1351 4891 1444 4939 autem
1465 4892 1598 4953 extrema,
1619 4897 1683 4945 sunt
1705 4891 1794 4948 media

145 4962 238 5010 maren
253 4952 323 5009 hauc
343 4954 568 5010 consuetudinem
585 4972 643 5012 esse
661 4956 858 5027 perantiquam.
872 4959 942 5013 Nam
997 4956 1135 5029 quaedam,
1150 4964 1178 5011 et
1187 4954 1268 5010 veluti
1281 4954 1446 5025 adiaplrora,
1460 4955 1487 5010 iu
1502 4971 1557 5027 quo
1570 4974 1668 5030 genere
1680 4961 1797 5018 collocat

145 5025 203 5096 ejus
213 5024 310 5097 jejunii
325 5024 453 5080 meminit
462 5024 538 5080 Ordo
550 5028 702 5092 Ronrnuus,
718 5027 765 5098 qui
777 5029 811 5083 ai)
828 5029 943 5085 Alcuino
997 5027 1199 5093 abstinentiam,
1213 5024 1359 5097 jejunium,
1372 5035 1400 5081 et
1420 5024 1555 5083 delectum
1575 5030 1715 5100 ciliorum,
1734 5048 1796 5104 quae

146 5104 173 5151 ct
186 5095 325 5153 Amalario
344 5095 444 5165 passim
467 5095 564 5151 citatur
585 5096 629 5153 lris
647 5098 735 5153 verbis
756 5115 763 5152 :
782 5099 897 5155 sabbato
914 5102 944 5155 in
997 5098 1019 5153 si
1036 5114 1159 5170 corrgruc
1174 5106 1296 5167 tempore
1317 5095 1383 5151 bant
1398 5106 1426 5153 et
1444 5096 1478 5152 ad
1498 5097 1600 5155 bonum
1621 5102 1706 5158 linem
1727 5105 1796 5159 rele-

146 5168 249 5235 uiqiliis
274 5170 437 5223 Pentecostes
462 5182 549 5222 murres
566 5167 703 5237 jejuniam
728 5171 842 5236 [coirent.
862 5171 945 5226 iiude
997 5178 1103 5238 rantur,
1116 5177 1177 5239 puta
1193 5167 1227 5222 ad
1244 5167 1291 5224 liei
1322 5168 1420 5223 loriam
1433 5170 1795 5242 etctrnismacerationem,

147 5237 282 5317 colligitur
296 5238 365 5293 irauc
378 5252 436 5295 esse
448 5239 674 5294 cousuetudinem
687 5241 815 5297 Ecclesiae
834 5241 943 5297 univer·
997 5240 1085 5307 bona;
1099 5241 1123 5295 si
1137 5239 1171 5295 ad
1182 5237 1286 5294 malum
1298 5183 1393 5318 inem,
1405 5246 1467 5308 puta
1481 5238 1516 5294 ad
1528 5242 1739 5299 ostentationem
1749 5253 1797 5302 aut

147 5308 220 5373 salis,
242 5323 303 5378 quae
326 5309 408 5365 lrabet
429 5308 485 5365 uim
505 5310 573 5381 legis
591 5318 618 5365 et
640 5311 794 5383 praecepti:
818 5311 945 5383 quamvis
997 5312 1229 5384 superstitionem,
1248 5310 1289 5364 vel
1303 5310 1392 5363 alieno
1410 5319 1546 5381 tempore,
1562 5312 1602 5366 vel
1618 5312 1797 5373 immoderate

148 5378 250 5451 alioqui
264 5377 369 5434 nullum
384 5379 516 5437 mstetdc
530 5382 581 5437 hnc
590 5382 695 5455 jejunio
711 5392 877 5456 praeceptum
891 5398 946 5439 ex·
998 5390 1182 5449 assumantur,
1212 5383 1294 5436 mala.
1321 5380 1412 5438 Habes
1441 5381 1567 5438 eamdem
1594 5383 1795 5444 distinctionem

148 5465 283 5521 pressum,
306 5456 338 5505 ut
350 5448 430 5507 docet
446 5453 528 5508 etiam
553 5457 587 5509 D.
611 5453 742 5519 Thomas,
758 5462 785 5510 et
804 5462 868 5526 post
880 5470 945 5510 eum
999 5454 1142 5508 collatione
1157 5458 1185 5520 b,
1196 5466 1254 5523 cap.
1271 5458 1297 5507 b.

148 5522 302 5592 Cajetauus.
318 5518 400 5593 Qtrod
417 5529 508 5579 autem
525 5524 559 5580 ad
570 5524 727 5580 triduanum
739 5525 876 5605 jejunium
886 5528 947 5581 lto-
1036 5526 1131 5592 ‘Quia
1150 5526 1251 5577 oirtrrtc
1273 5538 1349 5577 neno
1373 5520 1443 5577 maie
1462 5524 1505 5578 ati
1525 5529 1622 5593 potest,
1637 5528 1675 5583 ait
1698 5534 1795 5603 Augu-

150 5592 291 5665 gationum
312 5591 416 5661 attinet,
432 5596 586 5652 communis
599 5604 640 5653 cst
663 5604 796 5652 sententia
817 5611 871 5651 non
888 5604 946 5653 tam
999 5594 1096 5651 stinus.
1107 5600 1145 5650 At
1156 5601 1249 5648 contra
1259 5593 1600 5664 objicitS.Thomas(1-P,
1615 5614 1641 5666 q.
1654 5605 1700 5669 55,
1715 5620 1742 5657 a.
1756 5605 1794 5673 a):

150 5663 276 5735 praecepti
291 5679 374 5736 quam
397 5662 502 5719 consilii
520 5664 602 5721 luisse
620 5667 754 5739 ejusmodi
774 5667 945 5724 observatio·
1000 5668 1164 5735 Quicumque
1182 5664 1304 5734 superbit
1325 5665 1358 5719 de
1377 5665 1478 5735 alique
1498 5668 1567 5723 mole
1580 5671 1668 5725 utitur
1679 5690 1709 5727 ec
1725 5693 1734 5728 .·
1750 5676 1797 5731 sed

149 5750 224 5802 nem,
247 5750 312 5790 cum
331 5750 364 5791 ex
378 5734 458 5791 dictis
470 5743 576 5791 constet
589 5737 661 5794 iuter
678 5738 782 5795 Pascha
799 5747 827 5794 et
846 5740 946 5795 Pente·
997 5738 1244 5807 maitisuperbinnt
1258 5736 1419 5803 decirtute,·
1430 5737 1575 5793 dicitenim
1584 5741 1753 5810 Auqnstinns
1767 5748 1796 5798 in

149 5813 244 5862 costen
273 5821 306 5861 ex
332 5804 520 5878 annquissimu
554 5805 724 5868 institutione
744 5809 820 5867 nulla
842 5808 945 5883 jejunia
995 5810 1098 5880 Regulo
1114 5808 1191 5879 (Gap.
1209 5806 1330 5879 estquod
1348 5809 1475 5879 superbie
1491 5811 1575 5867 etiem
1589 5811 1663 5871 bone
1676 5814 1797 5884 operibns
