3848 6158
92 285 147 340 ise
245 314 257 328 κ
387 287 430 342 uu
448 285 689 345 uoeueuwnuu
707 285 826 344 iustis.
846 287 911 343 tie.
931 288 989 343 llll.
1010 315 1043 327 -
1063 286 1108 342 DE
1127 286 1260 344 spriritu
1280 289 1468 348 SUPllEBlAE.
1699 301 1751 353 ise

392 410 515 469 CAPUT
531 413 595 468 XV.
879 459 883 465 .
914 410 1028 479 ,inisse
1056 427 1141 483 quam
1165 412 1290 470 laborum
1315 415 1412 472 merito
1436 416 1614 475 testabantur.
1643 421 1749 490 Quibus

153 502 294 571 Aquinus
305 505 481 571 perfodiens
494 505 677 560 ciendiscere
688 504 840 561 debeamus.
954 505 1040 561 etiam
1060 505 1114 561 liec
1136 507 1303 579 precipuum
1321 509 1364 565 sui
1384 510 1476 567 cerdis
1496 512 1628 584 acquisitu
1646 513 1751 586 purius

131 592 252 666 ideoque
273 594 296 650 si
317 594 353 651 ed
369 611 463 652 rerem
484 597 751 655 consummationem
765 597 898 654 virtutum
953 597 1128 668 conserebat,
1142 608 1195 656 ¹ut
1209 602 1297 673 magis
1310 603 1489 675 magisquese
1502 602 1618 677 deprimi
1633 607 1752 678 peccetis

91 686 223 746 volumus
243 685 347 745 effectu
369 698 397 746 et
415 703 497 761 opere
517 690 675 763 pervenire,
696 689 751 746 illis
767 689 900 748 debemus
953 702 1144 763 agnoscerent.
1168 686 1182 725 ¹³
1207 697 1295 751 Tanta
1326 710 1445 767 namque
1467 697 1494 752 in
1526 698 1566 754 eie
1589 697 1752 756 delictorum

91 781 268 855 nequientem
280 781 419 853 magistris
432 797 464 838 ec
473 781 590 840 ducibus
603 782 650 854 qui
664 781 737 840 bunc
750 797 808 839 non
822 783 901 840 rani-
953 785 1130 857 compunctio
1161 801 1210 858 per
1233 786 1292 844 dies
1318 788 1439 860 ninguine
1464 787 1626 861 augebatur,
1653 799 1756 863 quante

90 874 179 947 loque
196 873 385 947 disputatione
402 876 590 945 somniantes,
605 876 655 934 sed
672 891 704 934 re
715 885 798 950 etque
815 892 901 950 erpe-
954 877 1059 947 puritcs
1083 878 1168 934 enimi
1190 877 1362 950 prolecisset,
1384 880 1578 955 traherentque
1599 882 1697 957 iugiter
1715 883 1757 940 iii·

90 966 220 1024 timeum
240 965 474 1039 apprehendentes
490 982 675 1041 uusquequo
696 968 795 1025 decere
819 977 902 1041 etque
953 969 1023 1026 timo
1042 971 1125 1028 corde
1143 971 1273 1043 suspiria,
1295 988 1329 1029 eo
1351 973 1425 1044 qued
1441 974 1603 1048 semetipsos
1620 977 1754 1034 sentirent
1792 1007 1794 1011 ·

92 1057 131 1116 ed
150 1073 211 1116 eem
226 1057 343 1132 dirigere
367 1059 493 1117 similiter
509 1069 639 1132 possunt,
659 1069 686 1117 et
699 1061 787 1130 viam,
802 1075 903 1133 quem·
954 1076 1128 1135 nequequam
1144 1077 1223 1135 pesse
1240 1062 1405 1121 delictorum
1420 1081 1514 1123 naeros
1526 1083 1559 1124 ec
1571 1069 1691 1127 maculas
1704 1069 1755 1127 de·

92 1151 248 1210 mnodum
263 1151 457 1225 perveniamus
471 1152 505 1209 ad
525 1167 603 1221 eam,
622 1152 774 1211 niunimo
792 1152 903 1211 tramite
954 1154 1053 1222 vitare,
1064 1170 1125 1227 qum
1144 1155 1183 1213 eis
1197 1172 1244 1229 per
1262 1156 1427 1230 multiplices
1440 1161 1640 1233 cogitatienum
1657 1164 1753 1222 minu-

94 1244 302 1313 demonstrare,
319 1246 422 1318 quique
436 1244 470 1302 ed
490 1246 561 1303 hunc
578 1245 634 1304 lide
651 1262 681 1304 ee
699 1247 789 1318 petius
807 1261 904 1318 perie—
956 1248 1010 1304 tias
1025 1248 1213 1307 inurebantur.
1234 1254 1270 1307 Et
1285 1251 1409 1309 ‘idcirco
1426 1251 1525 1309 luteres
1544 1253 1606 1309 ritae
1623 1254 1756 1326 stipendia

642 1389 774 1445 hinnul
794 1390 909 1446 GAZAEI
928 1390 1210 1450 conuenientes

132 1509 251 1592 ''Sapcti
264 1519 293 1567 et
302 1527 366 1568 rere
375 1510 570 1593 humilemque
581 1513 668 1595 magis
678 1504 898 1595 interniluminis
951 1517 1133 1589 stabnt-quod
1147 1526 1237 1576 essent
1250 1519 1278 1577 in
1294 1527 1367 1577 stetu
1380 1521 1505 1593 gretiae),
1516 1529 1657 1595 prepterea
1677 1538 1753 1580 sem·

92 1579 175 1638 radio
193 1580 375 1650 illustrentur,
390 1598 424 1638 eo
438 1598 524 1654 magis
537 1597 586 1638 sue
600 1591 682 1639 etiem
696 1583 832 1640 levissima
847 1587 897 1641 de·
951 1588 1059 1659 persibi
1069 1589 1244 1662 metuebant,
1257 1598 1285 1647 et
1298 1592 1374 1663 quasi
1392 1601 1547 1663 monteses
1561 1593 1752 1664 poeuitentiem

94 1651 158 1708 lictu
178 1659 206 1708 et
221 1651 350 1724 minimos
364 1668 487 1734 quosque
500 1651 625 1736 delectus
638 1662 791 1735 egupscunt
807 1669 838 1710 ac
852 1654 898 1711 de-
951 1672 1047 1730 igere,
1061 1666 1089 1714 et
1106 1659 1215 1715 veniam
1234 1675 1249 1715 a
1267 1663 1326 1716 Deo
1345 1661 1492 1743 impetrare
1503 1662 1657 1719 studebant.
1674 1665 1750 1721 Scle-

94 1722 217 1792 plorent3
234 1732 330 1796 etque
345 1738 430 1794 magis
440 1723 601 1794 proliciunt,
611 1739 644 1780 eo
659 1739 751 1781 minus
764 1739 793 1780 se
807 1723 897 1797 prole·
937 1727 1017 1797 ,hant
1033 1729 1108 1785 enim
1127 1729 1192 1785 illud
1210 1731 1391 1787 Ecclesiastici
1403 1733 1519 1789 salutare
1533 1734 1750 1791 documentum:

93 1793 166 1853 cisse
180 1802 293 1866 putent,
308 1794 424 1875 ideoque
441 1793 508 1850 dum
527 1793 586 1850 aliis
603 1808 633 1851 se
650 1794 810 1862 conferunt,
830 1811 897 1852 een·
950 1802 1048 1869 Rectus
1067 1803 1111 1854 uir
1129 1803 1179 1871 qui
1188 1816 1290 1871 seraper
1308 1806 1347 1857 est
1362 1804 1479 1872 peruius
1495 1805 1588 1869 (Eccle.
1603 1813 1645 1873 v);
1662 1814 1699 1871 et,
1715 1810 1752 1862 lie

94 1872 157 1920 sent
169 1880 198 1921 se
216 1862 469 1946 omnibustviliores
484 1873 511 1921 ct
529 1863 681 1947 interiores.
695 1867 756 1922 Hoc
770 1865 843 1920 enim
857 1875 898 1924 est
948 1873 1095 1951 propitiato
1118 1876 1225 1940 peccate
1244 1873 1301 1927 noli
1319 1887 1373 1928 esse
1390 1875 1447 1929 sine
1467 1880 1549 1929 metu.
1571 1876 1660 1948 Urget
1682 1876 1753 1935 benc
1834 1898 1836 1903 ·

93 1933 234 2060 ffisstnium
261 1933 434 2061 hfl⁰¹¹¹¹⁸³l¹⁵=
459 1949 487 1989 in
510 1949 540 1990 se
563 1943 659 2017 intueri
682 1935 841 2063 maffia&
859 1937 897 2061 ¹iii
912 1926 1085 2023 Bretionem
1097 1942 1133 1995 l).
1146 1940 1301 1998 Bernartius
1313 1957 1396 1998 serm.
1409 1948 1442 1998 st
1456 1943 1483 1999 in
1500 1945 1610 2002 Cantica
1628 1965 1634 2001 :
1650 1948 1694 2010 Si,
1712 1947 1752 2002 in·

94 2012 475 2158 distuleritis
489 2013 898 2158 illustrissimis
951 2015 1753 2155 iii,lituu,iiiitiliimeulili‘iilii

93 2146 263 2203 Benedictus
286 2153 356 2202 inter
375 2145 473 2218 gredm
497 2144 662 2202 humilitatis
705 2156 763 2202 enit
781 2149 861 2218 (cap.
882 2156 899 2206 1
951 2152 1068 2207 secedere
1079 2153 1241 2215 deberemus,
1251 2155 1360 2207 eeriteti
1370 2155 1399 2207 iri
1412 2156 1531 2209 omuibus
1545 2160 1747 2226 acquiescentes.

98 2215 217 2289 Itepulm]
236 2233 243 2270 :
263 2216 389 2272 Omnibus
398 2231 427 2299 se
439 2218 595 2300 interiorem
615 2222 640 2273 ei
651 2163 771 2300 eifierem
788 2234 840 2273 rien
854 2232 900 2274 se·
951 2223 1028 2280 Nunc
1046 2227 1136 2278 nutem
1155 2224 1219 2294 quie
1232 2224 1371 2277 consilium
1386 2223 1432 2278 boe
1447 2227 1540 2294 posuit
1552 2228 1674 2281 tcrrcbres
1690 2227 1754 2281 leti-

99 2287 158 2342 lum
173 2289 264 2356 li'rrpue
272 2291 463 2358 pronuntiem,
481 2288 528 2343 sed
548 2293 631 2343 etiem
643 2291 737 2343 intime
753 2289 838 2344 cerdis
849 2290 898 2356 es·
952 2292 1043 2347 bulum
1056 2309 1150 2356 suum,
1168 2298 1194 2348 et
1206 2309 1290 2348 sermo
1301 2294 1470 2349 absconditus
1481 2299 1520 2350 est
1532 2312 1548 2349 e
1561 2297 1655 2363 nebu,
1667 2299 1707 2350 ite
1722 2302 1754 2351 ut

96 2359 174 2426 secie
191 2359 306 2413 credere
320 2359 378 2429 Qua
388 2372 451 2414 rere
464 2358 570 2414 ratione
580 2358 665 2440 pessit
679 2358 789 2414 humilis
798 2375 898 2415 mone·
951 2379 1027 2418 neme
1044 2366 1122 2419 sciet.
1140 2365 1172 2420 Si
1184 2365 1282 2434 dipnus
1301 2367 1337 2419 sit
1350 2380 1441 2420 emere
1453 2366 1495 2420 uel
1512 2366 1587 2433 odio;
1593 2367 1696 2436 justius
1710 2370 1753 2421 tu·

95 2428 165 2484 chus
173 2427 233 2504 sine
242 2428 384 2485 mendacio
392 2436 442 2484 eut
450 2427 568 2497 fictione,
579 2444 666 2484 imme
680 2429 740 2485 sine
749 2429 803 2485 ulla
817 2429 894 2486 lnlsi·
951 2436 1057 2505 tiusquc
1078 2434 1313 2505 pescenninum
1334 2437 1578 2505 ipsiusl’eritctis
1596 2437 1751 2500 missilium,

95 2505 152 2554 tete
173 2499 302 2555 omnibus
322 2513 352 2555 se
369 2497 530 2554 inferiorem
553 2507 581 2555 et
599 2499 722 2556 viliorem
741 2500 851 2557 credere
868 2508 897 2556 et
949 2506 1208 2560 emissimumnebis
1221 2504 1306 2560 lecum
1320 2507 1461 2575 clipumrn,
1475 2507 1568 2576 demto
1581 2508 1753 2578 postmodum

95 2568 288 2639 pronuntiare,
306 2566 426 2625 deelnrnt
443 2570 471 2626 S.
492 2569 612 2626 Thomas
627 2570 690 2640 lte,
705 2588 732 2640 q.
758 2576 820 2638 llll,
839 2576 894 2627 ert.
934 2591 1010 2630 -cum
1030 2576 1126 2631 honere
1143 2578 1267 2646 superius
1287 2576 1440 2638 educemur,
1461 2592 1543 2646 quem
1558 2593 1754 2647 presumemus

96 2640 122 2710 3)
139 2658 146 2694 :
161 2643 193 2696 ln
202 2640 319 2703 homine,
335 2640 432 2712 inquit,
445 2641 499 2696 due
509 2644 623 2711 pessum
635 2643 811 2703 mrurdcreri,
824 2644 897 2697 scili-
950 2646 1084 2708 uiderem,
1097 2646 1169 2700 unde
1182 2645 1273 2700 cedere
1290 2661 1356 2699 mer
1367 2650 1487 2716 operteat
1498 2663 1558 2701 eum
1572 2650 1677 2703 meere.
1694 2652 1754 2706 lien

95 2715 136 2766 eet
150 2711 180 2765 id
198 2711 270 2780 qued
281 2715 320 2767 cst
336 2713 398 2773 liei,
413 2715 438 2765 et
452 2712 483 2766 id
502 2712 574 2781 qued
586 2716 624 2767 est
635 2713 758 2767 heminis.
774 2714 896 2767 Hominis
950 2719 990 2770 est
999 2731 1061 2784 erpo
1068 2716 1227 2785 peiurium,
1237 2720 1480 2785 queritumeumpue
1491 2722 1516 2771 le
1526 2718 1660 2780 humilies,
1671 2734 1753 2787 quen-

95 2785 186 2836 uutern
200 2786 239 2837 est
249 2781 386 2853 quidquid
395 2783 511 2852 pertinet
525 2782 562 2836 ed
575 2783 725 2850 deiectum
739 2781 786 2837 sed
796 2784 847 2838 Dei
857 2786 897 2837 cel
951 2790 1120 2856 mensumque
1132 2790 1238 2857 reputes
1252 2788 1382 2841 minorem
1396 2802 1480 2856 quum
1491 2790 1538 2850 sis,
1550 2788 1596 2842 bec
1609 2793 1658 2849 cst,
1671 2804 1752 2857 quem

94 2853 244 2978 giirdpiplildd
244 2855 361 2981 pgrtirret
373 2852 410 2954 ed
415 2853 538 2978 1{suidger
545 2857 577 2978 tet
583 2854 792 2978 ρεῖίοεὶιὲοιιεηιώ
799 2867 896 2979 sem
951 2859 1088 2981 {leemites
1102 2857 1207 2980 iubertet.
1222 2858 1501 2982 Estleutpnmodprenpe
1516 2858 1632 2982 melupr,
1646 2860 1755 2984 hm·

93 2940 255 3049 ihm.
269 2937 404 3049 iiiii
420 2938 773 3077 diuinitati.
789 2965 898 3077 ,epis
950 2941 1753 3081 eiwffiihriinildliiiisidim

94 3067 204 3134 respicit
218 3068 461 3133 reverentiamque
475 3065 550 3119 berne
562 3068 614 3120 Dee
630 3065 784 3134 subpicilur,
799 3068 825 3119 et
836 3064 897 3119 rdee
951 3068 1022 3133 forte
1028 3083 1124 3138 parem
1135 3068 1186 3122 tibi
1197 3069 1297 3122 ueritus
1306 3067 1425 3136 pudent,
1436 3071 1484 3122 eut
1494 3069 1565 3135 serie
1577 3083 1751 3138 superserere.

94 3135 207 3205 quelibet
224 3137 315 3199 hemo,
330 3134 473 3191 seeundum
486 3135 516 3190 id
529 3135 600 3205 qnod
617 3150 695 3189 suum
716 3141 771 3198 esi,
786 3134 899 3190 debetsc
952 3138 1020 3194 Htec
1038 3146 1066 3194 et
1084 3137 1136 3194 alie
1159 3142 1194 3194 D.
1215 3137 1373 3211 nemereus
1386 3152 1419 3193 ee
1441 3138 1512 3193 leco.
1533 3137 1576 3194 Ad
1596 3147 1752 3196 extremum
1794 3167 1798 3175 ·

96 3207 206 3261 cuilibet
213 3209 337 3276 proxime
346 3206 488 3275 subjicere,
499 3205 716 3276 quanmnedid
725 3204 853 3275 perduci
861 3209 900 3260 est
953 3215 1108 3279 peccatores
1123 3223 1153 3264 se
1162 3207 1302 3279 appellant
1316 3207 1398 3264 etiam
1414 3208 1500 3264 sancti
1511 3215 1539 3265 et
1550 3206 1682 3292 perlecti,
1695 3226 1753 3282 pre

94 3279 127 3331 r‘ri
141 3279 210 3346 ipso.
222 3279 326 3334 llursus
347 3277 375 3332 in
388 3276 442 3332 alio
460 3276 574 3331 ensiculo
593 3275 629 3345 ln.
642 3279 670 3340 e,
681 3275 719 3330 cd
732 3279 759 3342 l)
778 3277 898 3357 :Potest
913 3286 936 3352 c
952 3285 1012 3404 Koer
1028 3277 1123 3334 crebre
1146 3286 1256 3350 peccata
1274 3277 1401 3345 venialia,
1422 3278 1458 3358 in·
1468 3293 1531 3350 quae
1549 3278 1697 3336 identidem
1717 3280 1755 3337 le-

95 3345 900 3486 inlunisinstitutuminstitutuin
952 3349 1752 3491 ..urii..ilisilueiluiliul

94 3503 122 3544 se
139 3491 283 3558 eepruscit,
299 3495 325 3545 et
342 3490 413 3544 dene
429 3491 479 3546 liei
497 3503 557 3558 quc
575 3490 604 3542 iri
622 3489 685 3543 niii's
704 3488 799 3541 latent.
824 3485 899 3542 Unde
951 3459 1126 3555 existiment,
1148 3488 1195 3545 sed
1218 3459 1299 3570 uelde·
1313 3488 1405 3570 grevia
1425 3489 1581 3571 etuediosa,
1602 3500 1633 3548 ut
1652 3491 1752 3563 quihus

98 3562 269 3629 Augustinus
288 3560 356 3615 dicit
372 3563 402 3615 in
416 3560 463 3615 lib.
479 3559 513 3614 dc
534 3561 719 3628 l'irpinitetc:
737 3559 899 3614 sustinete
951 3559 1072 3617 rendunt
1082 3558 1210 3616 ardorem
1224 3561 1365 3615 cliaritutis
1376 3559 1482 3621 minui.
1497 3569 1524 3617 et
1541 3576 1653 3618 cursum
1669 3562 1750 3634 spiri·

99 3631 169 3685 cilios
183 3633 210 3685 in
229 3631 326 3694 occulte
338 3633 503 3701 superiores,
520 3631 618 3701 quibus
638 3632 699 3686 estis
712 3632 742 3682 in
754 3630 897 3694 manifeste
950 3631 1030 3687 tuelis
1039 3629 1178 3700 proiectus
1188 3630 1329 3686 retardari.
1340 3629 1412 3687 ilinc
1421 3631 1615 3699 Ecclesiastes,
1630 3647 1690 3702 cap.
1702 3648 1749 3689 vii

99 3701 455 3759 melioressimiliterctiern
464 3698 898 3773 ehsqnesalsitetepetestnlipuis
951 3701 989 3758 ait
1004 3719 1012 3757 ε
1027 3704 1086 3760 Non
1099 3706 1138 3757 est
1152 3702 1227 3756 herne
1236 3700 1327 3770 iustus
1339 3715 1419 3772 super
1432 3707 1541 3766 terrem,
1551 3706 1601 3773 pei
1608 3705 1695 3770 facim
1709 3706 1753 3759 be

100 3774 221 3842 sonitui
236 3777 262 3827 et
275 3773 379 3828 medere
390 3774 427 3828 ed
440 3774 531 3828 omniu
542 3788 571 3827 se
583 3773 705 3827 inutdem
719 3785 774 3826 esse
787 3774 814 3824 et
826 3769 898 3825 indi·
949 3789 1030 3835 rium,
1045 3777 1071 3827 ct
1088 3788 1142 3828 nen
1153 3776 1250 3843 peccet.
1267 3774 1301 3827 Et
1320 3771 1469 3842 Apostolus
1487 3774 1606 3828 ioannes
1625 3774 1668 3828 ille
1686 3772 1753 3830 dile-

98 3858 181 3910 prium
192 3859 242 3913 per
250 3846 379 3914 proprius
390 3846 472 3910 uires,
484 3846 515 3897 ut
525 3844 716 3910 mutinensium
726 3855 803 3895 niem
815 3844 899 3895 tetum
952 3851 1014 3900 ctus
1027 3842 1178 3914 discipulus
1192 3863 1199 3898 ι
1211 3845 1244 3899 ln
1253 3843 1357 3905 multis,
1368 3841 1468 3913 inquit,
1478 3843 1637 3912 offendimus
1646 3858 1747 3905 omnes,

98 3915 127 3967 iri
142 3917 225 3970 mum
239 3917 352 3983 interut,
363 3913 508 3968 seecundum
517 3912 587 3964 illud
599 3913 624 3964 ll
640 3911 758 3966 corinth.
770 3924 805 3965 111
820 3928 826 3962 :
840 3912 899 3967 Non
951 3914 977 3968 si
987 3915 1142 3969 diceremus
1153 3915 1221 3984 puin
1229 3916 1368 3983 peceatum
1379 3927 1433 3967 nen
1442 3913 1578 3974 hebenus,
1589 3913 1644 3980 ipsi
1653 3927 1700 3966 ries
1709 3927 1750 3967 se·

98 3985 169 4053 gued
182 3986 343 4055 respuentes
353 3987 438 4037 simus
448 3979 557 4049 ailquid
568 3980 710 4047 evelleres
722 3978 807 4058 nobie,
818 3981 901 4047 emti
952 3984 1087 4047 dunimius,
1103 3988 1128 4038 el
1141 3985 1243 4039 ueritus
1257 3986 1286 4038 in
1299 3983 1374 4039 nobis
1387 3999 1439 4038 nen
1451 3988 1490 4037 est
1502 3985 1525 4049 (l
1538 3986 1618 4038 Jeurn.
1630 3983 1663 4051 il.

98 4068 133 4109 tw
143 4056 233 4123 nebim
247 4055 294 4110 sed
304 4054 467 4121 sufflatum
479 4051 572 4104 nosue
585 4063 620 4102 ἕω
632 4051 686 4104 Βθο
695 4051 744 4102 til·
755 4047 801 4104 810
812 4047 899 4103 nimi·
988 4045 1002 4083 ¹³
1017 4055 1050 4108 D.
1066 4053 1216 4135 Gregorius
1229 4052 1276 4108 lib.
1287 4066 1325 4108 iii
1339 4052 1519 4124 Dialogorum
1531 4068 1592 4122 cap.
1611 4057 1664 4107 ie:
1681 4053 1751 4108 dem·

96 4138 160 4182 nim
173 4127 203 4183 S.
225 4122 389 4182 Franciscus
407 4136 436 4176 se
453 4118 577 4175 omnium
595 4116 786 4192 gravissimum
800 4131 901 4199 prem·
949 4125 1114 4193 punctionis,
1125 4122 1223 4192 inquit,
1238 4137 1335 4190 periere
1347 4122 1400 4176 due
1412 4127 1484 4189 sunt,
1495 4125 1561 4191 qnia
1572 4124 1753 4178 Deumsr'tiens

96 4200 192 4252 terum
212 4191 370 4250 altirmnbat
388 4189 490 4262 duplici
503 4189 608 4246 ratione
625 4208 632 4243 :
659 4193 688 4244 1⁰
701 4188 765 4260 quie
784 4202 808 4244 si
826 4191 901 4245 Deus
953 4193 1046 4246 enimn
1057 4194 1136 4261 prius
1155 4194 1249 4246 timore
1260 4193 1460 4260 eompunpitur,
1472 4195 1534 4261 post
1552 4207 1651 4248 emere.
1671 4193 1752 4249 Prius

94 4272 204 4323 uniam
224 4263 338 4335 gratim
353 4261 413 4318 aliis
426 4259 600 4327 contulisset,
617 4259 717 4316 melius
733 4256 856 4315 lertessis
869 4273 900 4315 ee
953 4265 1023 4318 enirn
1032 4276 1088 4317 sese
1101 4263 1131 4316 in
1142 4262 1268 4331 lucrymis
1283 4263 1381 4331 efficit,
1395 4263 1461 4331 quia
1472 4263 1537 4318 dum
1548 4264 1680 4319 meierum
1691 4277 1752 4319 nse-

93 4336 139 4394 nsi
158 4332 290 4397 luissent,
306 4340 333 4388 et
346 4331 496 4390 sancuoies
508 4331 672 4399 evasissent,
687 4335 717 4388 ²⁰
731 4329 826 4403 quiesi
841 4329 850 4384 i
952 4348 1014 4387 rum
1034 4333 1141 4401 recolit,
1152 4347 1203 4403 pre
1217 4332 1260 4386 iis
1275 4333 1383 4403 perpeti
1400 4338 1501 4388 eterne
1518 4336 1651 4406 supplicia
1666 4336 1754 4405 perti·

94 4420 110 4462 a
126 4408 190 4462 Deo
206 4403 385 4472 desereretur,
399 4411 448 4461 aut
461 4402 512 4459 nisi
526 4402 560 4459 ab
574 4417 607 4459 eo
623 4408 819 4475 protegeretur,
856 4415 898 4482 μ·
951 4403 1753 4485 messit.Ateereeumleupnrnoeroriseneietetcfueritter-

94 4475 173 4533 ribus
195 4483 222 4531 et
239 4474 409 4547 gravioribus
430 4473 548 4547 peccatis
565 4470 639 4530 leret
662 4471 809 4529 obnoxius.
829 4416 899 4528 {lide
951 4475 1025 4530 mide
1035 4483 1201 4546 consumpte,
1212 4475 1402 4544 pirudnmpem
1411 4475 1444 4531 de
1449 4479 1659 4549 presumptione
1667 4479 1752 4533 venire

93 4548 317 4604 beneventorum
331 4547 358 4602 in
374 4546 434 4619 ejus
447 4545 522 4602 Vita.
533 4547 669 4601 Praeterea
683 4551 822 4601 romntse
832 4557 899 4615 perr
952 4548 1081 4602 secernens
1097 4549 1230 4609 nescitur,
1241 4550 1267 4602 et
1282 4548 1311 4601 in
1329 4562 1419 4602 emere
1431 4551 1573 4605 celestium
1588 4550 1751 4619 penitorum

95 4624 202 4674 celeres
227 4617 314 4674 seneli
338 4616 422 4673 viris
473 4622 561 4672 tentes
579 4614 712 4670 inlinitum
732 4614 782 4671 liei
800 4612 899 4670 suncti·
952 4619 1059 4673 enimus
1072 4618 1264 4686 inflammetur,
1278 4622 1303 4673 et
1335 4620 1365 4672 ur'
1375 4620 1456 4688 prinu
1474 4621 1554 4688 debet
1567 4621 1752 4675 seduceretur

97 4695 184 4745 tatem
202 4696 229 4744 et
243 4687 355 4760 justitiae
374 4686 582 4760 punctionem,
600 4655 990 4767 eujuscompsrationefled
1009 4703 1041 4744 su
1080 4690 1181 4751 licium,
1203 4693 1264 4758 post
1327 4705 1373 4743 um
1391 4693 1559 4744 amarissime
1576 4692 1644 4768 [iere.
1657 4689 1752 4764 incipit

96 4759 191 4816 omnis
212 4757 332 4815 humane
355 4757 461 4830 justitie
488 4763 530 4813 est
551 4755 700 4828 injustitia,
718 4763 747 4813 et
768 4753 902 4810 munditie
953 4760 1018 4829 quie
1055 4759 1292 4828 iffertrirercpne.
1304 4758 1406 4814 Similia
1420 4758 1502 4812 habet
1511 4758 1606 4811 homil.
1621 4768 1751 4824 vigesima

92 4827 270 4898 suntserdee,
281 4831 363 4886 etluii
372 4829 501 4885 tenebre.
516 4825 588 4882 Hinc
603 4824 690 4881 David
706 4825 776 4882 Psel.
787 4823 897 4887 excid:
953 4828 1071 4885 secundi
1083 4843 1168 4899 super
1180 4826 1353 4883 Ezechielem
1369 4827 1452 4896 (Vide
1469 4827 1585 4879 collecti
1597 4839 1621 4878 c.
1635 4824 1690 4894 ib).

96 4903 137 4960 Ne
151 4902 251 4965 intres,
269 4899 374 4971 inquit,
389 4903 418 4954 in
432 4899 569 4968 judiciuin
588 4913 648 4952 cum
666 4910 741 4952 serre
762 4901 821 4960 tue,
837 4897 902 4966 quie
989 4900 1075 4953 ‘lion
1087 4897 1128 4952 sic
1143 4895 1300 4967 accipienda
1314 4903 1379 4951 sunt
1389 4894 1448 4951 htec
1458 4894 1552 4963 verbe,
1562 4909 1610 4951 seu
1624 4909 1656 4951 er
1671 4907 1751 4949 men·

93 4987 149 5097 ll:
166 4971 403 5100 ''inillis''
417 4971 631 5108 militi.-
640 4967 900 5094 enimsi!
951 4963 1753 5110 iiiiii⁸sli.ii¹tliiiiuiiiiiiliii

91 5056 348 5184 affixe&
363 5057 494 5183 {ilpnplererg
508 5110 625 5165 mrirrdus
635 5053 715 5164 xifius
725 5110 758 5163 de
768 5109 898 5164 muliere?
953 5109 1038 5164 uitam
1058 5113 1206 5175 eternam,
1222 5104 1430 5190 utmoreedem
1448 5123 1480 5190 ae
1495 5078 1660 5180 stipendium
1669 5103 1750 5190 labo·

93 5184 379 5239 cceeluneetiemnen
389 5181 518 5254 splendet,
529 5181 707 5237 etstelloenerr
718 5179 897 5235 suntmnrrdoe
952 5193 1015 5236 rum
1037 5180 1130 5235 sDeo
1149 5185 1301 5247 repromitti
1319 5191 1376 5233 nen
1391 5177 1597 5250 intelligerent:
1620 5177 1666 5234 sed
1687 5192 1749 5250 quia

92 5257 122 5310 in
144 5260 283 5325 conspeetu
305 5255 379 5325 eires3
401 5256 503 5324 peneto
523 5252 611 5322 mepis
631 5253 707 5307 herne
718 5250 849 5322 putredo,
872 5253 899 5304 et
952 5249 1039 5323 magis
1055 5247 1234 5306 attendebant
1247 5257 1276 5305 ct
1288 5247 1574 5306 considerabantsuos
1586 5249 1707 5306 delectus
1723 5256 1751 5306 et

93 5321 898 5463 illisitletitiiiiiiielsellu,iiie
953 5318 1751 5463 inscissiliiueililili{cluiuilius

93 5410 148 5520 Rus
160 5413 289 5539 megnaiigi
304 5412 440 5524 ritaeqsuae
456 5408 561 5538 pmffi,
598 5453 625 5520 ⁴r
645 5463 767 5531 derunt,
781 5433 898 5533 'ideoque
953 5459 1054 5520 luturae
1063 5462 1202 5535 stipendio
1214 5478 1270 5519 nen
1279 5476 1312 5517 ex
1322 5460 1380 5518 suls
1393 5462 1514 5530 meritis,
1529 5464 1577 5520 sed
1588 5433 1624 5519 eii'
1634 5461 1688 5542 Dei·
1697 5461 1751 5517 mi·

93 5546 294 5606 sepeceatores
308 5538 453 5611 appellant.
468 5536 512 5593 Sic
529 5538 582 5592 Peu
594 5535 714 5608 us,quia
728 5541 897 5608 persecutor,
952 5533 1099 5591 sericerdie
1115 5541 1144 5590 et
1189 5533 1244 5589 atla
1257 5540 1459 5604 exspectarent,
1474 5533 1613 5605 quomodo
1624 5531 1751 5614 §hristus
1834 5578 1838 5585 ,

93 5608 326 5678 contumeliosus,
342 5619 369 5666 et
387 5606 561 5690 blasphemus
578 5604 682 5675 lueret,
695 5605 899 5679 egnescebetct
953 5604 987 5661 de
999 5604 1079 5661 nobis
1092 5612 1154 5677 post
1219 5603 1304 5660 eiecta
1317 5602 1487 5660 sentiendum
1500 5619 1532 5660 nc
1546 5600 1752 5674 predicendum

90 5676 236 5735 dicebatse
245 5682 365 5752 primum
375 5694 500 5736 omnium
512 5679 724 5750 peccaterumd.
733 5678 770 5732 ed
785 5678 854 5732 Tim.
863 5679 900 5743 i).
954 5673 1046 5731 docuit
1055 5716 1062 5743 ,
1069 5690 1107 5756 rie
1120 5690 1168 5747 per
1185 5673 1339 5747 superbiam
1354 5683 1566 5758 corrumpentur
1581 5688 1663 5755 opera
1678 5672 1752 5755 bene

94 5748 224 5833 Denique
236 5752 299 5833 quia
316 5751 419 5807 sanetis
432 5749 535 5806 incerta
550 5756 609 5806 eret
619 5747 822 5821 preteritorum
837 5760 901 5802 sue·
955 5760 1016 5817 quse
1025 5743 1150 5802 lecimus.
1163 5747 1337 5803 Lucaexviiz
1350 5748 1415 5804 dum
1425 5748 1762 5814 (eondisnncpsmrnnsn

88 5833 155 5878 rum
176 5837 325 5879 criminum
344 5820 474 5894 ceminio]
491 5819 652 5894 (nonenim
669 5819 723 5877 illis
741 5825 817 5876 certe
836 5831 900 5874 eon·
955 5833 1015 5890 pue
1023 5820 1161 5893 precepto
1173 5813 1783 5889 unrocumotoitnecrsinuunsmns
