3824 6164
102 233 159 288 ’597
239 184 244 191 .
409 233 579 290 cosentio
599 233 643 289 1V.
664 262 698 273 --
718 231 761 286 DE
779 228 1071 287 CONCUPISCENTIA
1089 230 1213 288 CARNIS
1232 233 1276 287 ET
1295 233 1459 288 Serestus.
1512 310 1515 316 .
1713 240 1767 296 598

107 363 208 424 ctatur,
216 356 371 427 spiritusne
384 357 449 429 ipsis
463 357 574 430 quidem
587 355 757 425 naturalibus
766 354 909 412 desideriis
923 359 950 421 Α
963 363 1103 427 nequeunt
1126 355 1270 427 possideri,
1285 356 1388 429 absque
1408 355 1585 429 castigatione
1608 359 1699 416 cernis
1720 377 1765 418 ca·

106 448 261 520 acquiescit.
283 450 330 505 llla
355 449 526 522 concupiscit
562 449 653 506 satiari
673 463 784 516 sumno,
807 447 907 520 repleri
962 450 1122 506 stimoniam
1144 450 1257 522 cupiens
1277 451 1400 523 corporis
1422 451 1555 522 obtinere,
1580 452 1640 509 sine
1659 455 1766 527 vigilia-

101 540 186 609 cib03
208 540 252 596 hic
270 542 371 615 vigiliis
385 550 412 598 et
436 542 549 615 jejuniis
566 542 602 599 ita
616 542 765 615 saginatur,
779 548 809 597 ut
824 556 860 598 no
873 540 908 597 ad
962 558 1025 599 rum
1041 543 1136 600 labore
1150 542 1241 600 cardis
1262 544 1401 618 acquirere
1419 544 1578 618 puritatem,
1591 561 1655 603 cum
1671 547 1765 620 requie

108 634 197 707 ipsum
210 634 323 707 quidem
344 637 529 692 necessarium
545 636 609 694 ritae
628 653 711 694 usum
724 651 854 693 somnum
867 635 908 692 ci·
962 637 1054 693 carnis
1087 637 1255 710 spiritalibus
1294 639 1441 695 virtutibus
1471 639 1634 709 exuberare,
1661 640 1765 713 absque

107 725 230 799 bumque
249 727 481 786 velitadmittere.
498 723 545 786 llla
562 730 640 802 cupit
662 729 812 785 exuberare
825 729 910 800 copiis
963 731 1048 788 ullius
1061 734 1268 805 exasperatione
1288 733 1404 790 convicii
1418 732 1554 805 patientie
1568 736 1685 806 gratiam
1703 753 1765 808 pos·

106 820 251 886 universis,
267 821 312 877 bic
329 836 364 878 nc
384 822 469 895 ipsius
487 823 599 896 quidem
617 822 707 896 exigui
725 822 801 895 panis
821 820 910 904 quoti·
963 825 1061 896 sidere,
1086 826 1270 884 humilitatem
1292 826 1392 884 Christi
1413 826 1472 884 siue
1503 826 1615 884 honoris
1633 830 1767 886 mundani

108 912 221 970 dianam
240 913 421 972 substantiam
433 915 535 973 babere
554 925 701 973 contentus
716 925 765 972 est.
780 914 908 972 Luraeris
962 933 1090 975 exercere
1108 920 1226 991 iactura,
1244 920 1383 992 religionis
1408 920 1614 992 simplicitatem
1632 937 1694 977 cuni
1712 935 1767 980 a&

107 1005 154 1062 illa
167 1007 297 1063 nitescere
309 1015 336 1064 et
347 1008 513 1080 quotidianis
526 1008 694 1065 adulantium
713 1008 805 1064 cuneis
822 1023 908 1089 appo-
961 1010 1015 1066 culi
1030 1012 1180 1067 ambitione
1193 993 1300 1078 sectari,
1312 1013 1420 1068 Christo
1438 1029 1503 1069 cum
1522 1011 1668 1070 hominum
1687 1014 1766 1073 laude

107 1097 141 1155 tit
161 1099 318 1172 constipari,
330 1099 375 1157 hic
396 1103 524 1174 squalore
536 1103 659 1159 sordium
671 1110 700 1158 et
711 1100 907 1158 inaccessibilis
961 1118 993 1160 ac
1012 1104 1102 1166 lavore
1115 1106 1226 1173 servire,
1245 1105 1444 1162 districtionem
1458 1107 1580 1165 renatis
1595 1109 1653 1165 sine
1674 1111 1765 1183 cujus·

107 1192 192 1248 eremi
205 1194 329 1249 amunte
340 1195 504 1267 congaudet,
521 1204 739 1269 cunctorumque
749 1193 908 1251 mortalium
962 1197 1035 1268 piam
1057 1187 1191 1254 vel'tenui
1213 1195 1368 1254 ollensionc
1393 1196 1527 1269 proferre.
1549 1201 1699 1273 Postremo
1722 1202 1762 1259 sic

106 1286 280 1357 praesentiam
293 1286 485 1358 perhorrescit.
498 1288 657 1344 Honoribus
671 1288 718 1345 illa
737 1296 765 1344 et
781 1287 908 1343 laudibus
962 1288 1020 1344 vult
1033 1288 1125 1346 futura
1133 1291 1264 1363 consequi
1278 1292 1361 1360 bona,
1376 1299 1407 1347 ut
1418 1292 1562 1363 prasentia
1576 1308 1633 1348 non
1644 1293 1763 1351 amittat.

105 1377 252 1436 hominum
271 1379 440 1449 confovetur,
464 1381 507 1437 bic
526 1383 651 1456 irrogatis
668 1381 721 1439 sibi
742 1381 908 1454 persecutio·
962 1384 1031 1453 Quae
1042 1385 1169 1441 voluntas
1179 1401 1331 1457 numquam
1350 1401 1400 1442 nos
1412 1385 1447 1442 ad
1458 1385 1654 1458 perfectionem
1668 1404 1761 1445 veram

105 1469 185 1527 nibus
199 1471 356 1544 injuriisque
379 1473 496 1529 laetatur.
962 1474 1063 1531 faceret
1079 1477 1228 1548 pervenire,
1248 1477 1296 1534 sed
1319 1478 1347 1533 in
1361 1486 1455 1551 tepore
1473 1479 1595 1551 quodam
1621 1480 1764 1541 teterrima

407 1574 530 1632 CAPUT
548 1574 608 1630 Vll.
962 1568 1119 1638 collocaret,
1140 1569 1263 1642 talesque
1286 1569 1389 1628 maeret
1405 1572 1501 1643 quales
1519 1571 1556 1629 illi
1576 1582 1644 1630 sunt
1666 1576 1713 1647 qui
1734 1576 1762 1634 in

105 1669 170 1737 (ιω
187 1671 224 1726 pp
242 1669 366 1726 voruntas
378 1676 482 1735 msera,
504 1687 565 1741 quw
580 1674 651 1728 mter
665 1673 906 1743 mmmmm
960 1661 1123 1734 Apocalypsi
1143 1661 1328 1736 increpatione
1348 1663 1461 1720 Domini
1486 1665 1657 1736 castigantur
1674 1686 1681 1720 :
1701 1670 1760 1726 sno

229 1801 234 1814 ,
316 1744 403 1798 aaran
416 1747 441 1797 et
453 1744 568 1813 spiritus
579 1746 702 1814 ponitur.
921 1768 1043 1833 Bepara
1059 1758 1116 1816 tua,
1136 1756 1202 1823 qnia
1222 1770 1307 1824 neque
1328 1756 1433 1810 calidus
1456 1771 1492 1820 es,
1512 1772 1596 1826 neque
1614 1760 1757 1828 sapidum

141 1844 217 1898 inter
227 1841 276 1898 lras
287 1843 369 1915 igitur
378 1851 508 1918 utrasque
524 1845 770 1918 concupiscentias,
783 1856 796 1881 ¹
807 1845 908 1903 animae
961 1837 1092 1898 butinum
1102 1844 1224 1912 tripidus
1237 1860 1305 1900 esses
1315 1850 1365 1900 aut
1378 1845 1482 1900 calidus
1493 1864 1502 1900 ι
1514 1861 1586 1901 nanc
1600 1852 1690 1903 autem
1699 1851 1765 1919 qaia

104 1935 232 1993 voluntas
254 1937 282 1994 in
297 1939 450 1995 meditullio
463 1940 586 2010 quodam
608 1939 830 2010 vituperabiliore
841 1955 909 1996 con·
962 1936 1069 2006 tepidus
1081 1951 1118 2000 es,
1127 1939 1256 2007 incipiam
1269 1942 1421 1994 tceuomere
1434 1939 1763 2015 decremeoldpoc.11r);

101 2028 213 2097 metens,
233 2046 286 2087 nec
301 2031 430 2087 vitiorum
444 2031 552 2104 llagitiis
567 2032 729 2102 oblectatur,
749 2047 802 2088 nec
818 2032 907 2088 virtu·
961 2028 1012 2084 nisi
1025 2027 1097 2084 bunc
1116 2028 1315 2100 tepidissimum
1337 2038 1441 2086 statum
1459 2029 1619 2088 altrinsecus
1640 2031 1700 2090 baec
1720 2035 1762 2090 iu·

100 2128 166 2179 mm
181 2122 323 2182 doloribus
336 2125 491 2198 acquiescit,
509 2126 550 2182 sic
564 2140 691 2197 quaerens
706 2140 722 2180 a
735 2125 908 2196 passionibus
960 2121 1096 2192 surgentia
1122 2119 1194 2178 bella
1214 2122 1389 2195 disruperint.
1415 2126 1486 2185 Nam
1511 2140 1576 2180 curn
1599 2125 1791 2204 famulantes

100 2216 260 2275 carnalibus
280 2219 438 2290 temperari,
467 2226 497 2275 ut
519 2234 693 2292 nequaquam
714 2218 780 2285 velit
800 2217 908 2276 dolores
960 2213 1024 2271 huic
1037 2215 1167 2272 voluntati
1182 2225 1285 2273 nostrae
1302 2216 1336 2272 ad
1353 2216 1422 2273 banc
1434 2214 1624 2274 renllssionem
1641 2219 1762 2276 volueri-

101 2309 275 2365 necassarios
290 2308 435 2375 sustinere,
457 2309 516 2366 sine
536 2308 636 2381 quibus
651 2307 783 2365 desideria
798 2307 908 2379 spiritns
961 2322 1024 2364 mus
1040 2309 1223 2381 nosmetipsos
1233 2308 1375 2383 paululum
1387 2309 1524 2380 relaxare,
1534 2310 1682 2367 confestim
1697 2326 1761 2368 acu·

655 2459 783 2514 lusani
794 2434 915 2514 'arzer
933 2457 1211 2515 consumamus.

127 2583 153 2663 ᾗ
169 2581 344 2646 Volunmtem
365 2583 525 2653 quamdam,
545 2582 603 2639 sive
615 2589 718 2639 statum
733 2581 833 2638 animae
856 2597 904 2652 po·
960 2585 1010 2638 Dei
1019 2585 1236 2663 uimpatitnp,et
1247 2583 1357 2637 uiolenti
1366 2585 1478 2663 rapiam
1494 2583 1564 2638 illud
1577 2583 1683 2654 (until.
1702 2587 1756 2652 ιιι).

101 2659 157 2718 nrt,
172 2653 252 2708 veluti
268 2652 391 2709 medium
403 2653 475 2710 inter
484 2663 629 2726 utramque
646 2653 905 2724 concupiscentiam,
996 2645 1009 2704 ¹?
1023 2655 1058 2706 D.
1070 2655 1218 2722 Gregorius
1231 2668 1256 2704 ιιι
1275 2652 1460 2717 ΡιιῑοιιΙι(ιιι
1472 2657 1546 2723 part.
1557 2667 1618 2722 cap.
1628 2655 1671 2723 ³5)
1689 2655 1758 2712 :Ga-

104 2723 195 2779 carnis
206 2719 332 2780 tideliaet
345 2733 373 2781 et
390 2725 512 2797 spiritus,
528 2740 583 2797 quo
600 2726 639 2781 sic
661 2721 780 2779 aiiectus
792 2724 827 2779 sit
847 2722 905 2778 ani·
961 2722 1033 2777 lidus
1041 2727 1080 2777 est
1092 2725 1141 2792 qui
1150 2723 1218 2778 dmin
1229 2723 1355 2777 seminet
1367 2725 1469 2792 arripit
1481 2728 1506 2777 et
1515 2727 1690 2784 consummat,
1703 2727 1758 2790 fri·

106 2808 182 2864 mus,
205 2803 237 2850 ut
250 2795 359 2867 utrique
381 2812 413 2853 ex
429 2812 510 2868 aequo
531 2795 699 2861 satisfacere,
715 2803 746 2850 ut
766 2793 906 2866 utriusque
960 2794 1040 2862 amns
1054 2808 1114 2848 uero
1125 2795 1174 2863 qui
1187 2793 1396 2847 consummanda
1409 2809 1456 2848 nec
1480 2792 1596 2847 inclinat.
1613 2795 1759 2848 Etsiarta
1864 2827 1872 2849 ι

106 2863 254 2921 aflectibus
272 2865 384 2938 obsequi
400 2868 473 2935 velit,
499 2866 552 2923 boc
576 2875 627 2932 eet,
647 2866 761 2922 terrenis
777 2865 859 2921 simul
878 2873 906 2920 et
960 2865 1064 2933 tmpore
1074 2879 1125 2934 per
1133 2871 1248 2934 teporem
1268 2864 1630 2926 transituradcalarem,.ita
1646 2864 1760 2920 aoalore

106 2935 220 2992 aeternis
245 2935 325 2991 bonis
350 2937 460 3010 perlrui,
477 2939 541 2993 etin
564 2947 718 3009 utramque,
738 2943 769 2991 ut
792 2935 903 3002 dicitur,
960 2950 1118 3005 quaqueper
1128 2939 1243 3004 teporem
1257 2934 1362 2989 reditur
1372 2935 1409 2988 ad
1427 2936 1526 3004 tmpus.
1541 2934 1594 2990 Sed
1609 2937 1678 2988 sicut
1696 2939 1759 2990 ante

107 3021 206 3062 aurem
222 3005 353 3073 dormire,
368 3015 396 3064 ct
406 3024 480 3065 nune
493 3008 576 3074 carni,
597 3024 669 3064 nunc
692 3006 797 3077 spiritui
814 3007 905 3062 deser·
961 3008 1076 3075 teporem
1093 3007 1185 3074 tmpus
1201 3006 1250 3060 sud
1268 3020 1315 3074 spe
1328 3009 1377 3067 est,
1392 3007 1433 3060 ita
1451 3009 1513 3074 post
1530 3005 1622 3073 tripes
1636 3009 1711 3074 tepor
1728 3007 1757 3060 in

107 3077 176 3132 rire.
208 3076 299 3145 Quam
321 3093 433 3150 prauam
458 3078 642 3142 allectionem,
670 3087 698 3133 et
723 3077 904 3146 dimidiatam,
961 3076 1150 3146 desperatimn.
1168 3077 1303 3143 Qaierzim
1325 3076 1413 3130 adina
1439 3078 1603 3145 inpeccatis
1628 3080 1676 3138 est,
1699 3090 1755 3130 cen

107 3161 159 3202 seu
182 3146 310 3217 partitam
331 3149 500 3203 voluntatem
527 3155 605 3202 vocat
618 3147 758 3270 Scriptura
780 3148 906 3218 tepidita·
960 3150 1088 3201 versionis
1094 3148 1222 3215 fidrranm
1233 3148 1418 3213 non'amittit;
1435 3149 1485 3215 qui
1497 3161 1558 3201 uero
1571 3149 1632 3216 past
1644 3161 1754 3201 conuer-

108 3225 184 3283 tem;
198 3216 273 3296 quod
287 3217 359 3272 iuter
379 3232 480 3288 aquam
494 3217 608 3272 calidam
625 3225 651 3271 et
685 3217 798 3289 rigidam
818 3217 907 3273 media
960 3218 1060 3271 nonem
1074 3220 1169 3286 tepuit,
1190 3223 1215 3272 et
1231 3233 1305 3287 spem
1323 3233 1384 3286 qua
1399 3232 1454 3272 esse
1469 3218 1557 3287 potnit
1570 3217 1603 3271 ile
1619 3221 1755 3286 peccatore

109 3285 149 3340 sit
160 3285 260 3356 tepida,
277 3301 393 3359 eamque
418 3296 447 3343 ut
462 3287 594 3358 iniquam,
608 3286 766 3349 absurdam,
782 3286 907 3356 impossi-
925 3287 1107 3378 enarrasse.
1120 3291 1176 3343 Ant
1187 3288 1290 3341 calidus
1304 3302 1367 3355 erpo
1379 3291 1492 3357 quisque
1500 3303 1554 3342 esse
1567 3293 1616 3342 aret
1636 3282 1755 3356 sarpidus

65 3416 70 3422 ,
108 3356 194 3411 bilem
215 3357 309 3413 multis
323 3357 391 3414 locis
408 3359 533 3430 suggillat
553 3356 760 3421 acdetestatur.
783 3359 822 3412 lll
838 3359 905 3425 Reg.
961 3361 1106 3425 queritur,
1120 3358 1273 3426 mtepidus
1284 3363 1475 3421 manamaur
1494 3358 1617 3412 vilelicet
1631 3363 1754 3413 antnec-
1855 3420 1858 3429 Δ

109 3441 204 3482 xvrrr:
224 3430 365 3499 Usquequo
374 3429 532 3485 claudicatis
546 3431 574 3482 in
585 3433 728 3496 unumpate
744 3430 910 3497 partemlsi
962 3427 1028 3481 dnm
1048 3443 1185 3483 miramars
1208 3428 1296 3482 adina
1312 3429 1346 3482 de
1362 3443 1389 3483 se
1407 3444 1480 3498 spem
1494 3430 1668 3483 mnuersiom's
1681 3443 1755 3498 pree·

109 3500 239 3554 Dominus
263 3505 302 3554 est
320 3505 400 3563 linis,
416 3501 560 3570 sequimini
582 3514 659 3565 eam,·
675 3501 701 3553 si
719 3505 809 3553 autem
829 3499 906 3562 Baal,
963 3499 1033 3560 beat,
1048 3499 1164 3568 autjam
1181 3513 1320 3554 conuersus
1334 3501 1363 3553 in
1381 3500 1527 3554 meantibus
1538 3499 1707 3566 inardescam
1720 3515 1754 3554 ne

108 3571 905 3714 astruit·stiiinlrsrrrnlrin
958 3570 1754 3711 iiiltititliltniliiii⁰liti0i⁰itlliili

108 3711 563 3785 Lucaev1:llemopotestdaobus
577 3712 808 3766 dominisseruire.
823 3713 907 3767 Lucre
960 3708 1052 3766 ditatis
1081 3713 1177 3767 vitium
1202 3719 1229 3766 et
1248 3711 1400 3782 tepidorum
1426 3713 1625 3769 monachorum
1647 3726 1750 3774 mores.

108 3795 136 3835 rx
151 3803 156 3837 :
173 3786 253 3841 Nemo
269 3787 376 3840 mittens
392 3801 504 3839 manum
517 3783 555 3837 ad
570 3787 706 3844 aratrum,
724 3788 754 3836 et
759 3785 904 3852 respiciens
961 3790 1054 3837 contra
1068 3797 1137 3852 quos
1152 3781 1288 3853 praecipue
1313 3782 1357 3836 bia
1369 3783 1468 3850 agitirr,
1484 3782 1610 3854 graphice
1634 3780 1754 3851 depingit

107 3856 189 3916 retro,
203 3858 283 3934 aptas
296 3862 335 3911 est
351 3872 432 3923 regna
446 3857 504 3911 Dei.
515 3855 541 3907 ll
552 3853 674 3908 Corinth.
686 3868 725 3907 vr.
741 3854 804 3919 Qua
817 3856 904 3923 pcrti-
957 3851 1104 3908 Cassianus
1119 3854 1164 3907 lib.
1176 3870 1193 3907 x
1209 3853 1296 3906 lussit.
1313 3868 1373 3921 cap.
1387 3856 1441 3906 iet
1451 3859 1476 3907 ³.
1493 3852 1541 3906 His
1555 3851 1624 3906 adde
1638 3853 1674 3904 D.
1688 3853 1753 3904 Ber·

107 3924 330 3992 cipatrbpnstitiae
347 3941 406 3979 eum
417 3926 582 3992 iniquitate?
593 3929 641 3976 aut
654 3939 714 3990 qua
725 3926 834 3977 seratas
848 3926 904 3978 luci
956 3923 1072 3978 nardum
1086 3939 1169 3979 serm.
1187 3928 1214 3990 6,
1231 3923 1277 3977 ubi
1299 3921 1357 3978 haec
1378 3923 1518 3994 utriusque
1535 3919 1641 3991 generis
1659 3933 1752 3973 mona-

108 3994 145 4046 ad
164 3994 302 4048 ternadena?
317 3995 481 4060 Qrmautem
495 3994 627 4045 emmentiu
642 3993 743 4047 Christi
754 3992 791 4045 ad
801 3995 902 4049 Belial?
955 3991 1070 4047 chorum
1089 3993 1198 4048 collatio
1216 4014 1221 4047 :
1249 3993 1395 4048 Advertere
1402 3998 1485 4061 potes,
1506 3991 1603 4062 inquit,
1617 3993 1646 4044 in
1671 3991 1755 4043 omni·

108 4065 272 4129 Qiinautem
279 4063 519 4132 cnmernustemplo
530 4063 645 4117 Drinum
653 4061 768 4116 idalc‘s?l
777 4062 900 4120 Timum.
957 4063 1005 4116 bras
1019 4065 1078 4128 fere
1092 4064 1225 4130 relipicsis
1235 4065 1482 4130 oonpreputianibns
1494 4065 1565 4115 uiros
1574 4061 1755 4130 repletascon·

108 4147 145 4185 ιι.
164 4133 245 4189 Nemo
263 4134 385 4189 militans
407 4138 459 4189 Deo
479 4133 603 4203 implicat
620 4147 648 4186 se
664 4135 775 4202 negotiis
789 4135 903 4190 sanda·
954 4134 1092 4194 solatione,
1104 4133 1354 4200 superabundantes
1365 4133 1475 4200 gaudio,
1490 4131 1625 4200 jucundus
1636 4145 1751 4199 semper,

107 4203 194 4256 νέοιο.
208 4204 292 4283 Apoc.
305 4218 344 4259 ιιι
361 4205 488 4260 :Utinam
500 4203 621 4272 fripnlm
631 4218 708 4267 esses,
726 4208 775 4258 aut
787 4205 901 4270 calidus,
955 4207 981 4257 et
995 4203 1106 4265 trilores,
1121 4206 1253 4269 senentes
1265 4204 1375 4270 spiritu,
1396 4201 1439 4256 die
1456 4217 1488 4256 aa
1501 4206 1574 4256 noete
1595 4201 1754 4256 meditantes

106 4281 160 4327 etc.
175 4273 251 4328 Talis
264 4289 345 4344 porra
359 4284 417 4331 erat
436 4276 606 4347 Augustinus
618 4274 696 4329 initio
716 4290 773 4332 suae
787 4291 902 4331 conver·
957 4276 985 4327 in
1003 4274 1057 4342 iege
1077 4276 1134 4339 Dei,
1155 4274 1246 4328 crebra
1266 4274 1436 4343 suspicientes
1456 4275 1484 4328 in
1498 4274 1599 4335 calum,
1622 4277 1648 4327 et
1663 4287 1752 4342 puras

106 4342 201 4410 alonia,
228 4351 258 4398 ut
282 4347 407 4418 superius
430 4347 516 4402 visum
541 4353 582 4400 est
608 4347 684 4415 (Gap.
709 4352 760 4413 ll),
786 4346 899 4419 ancipiti
954 4360 1049 4399 manns
1062 4346 1091 4399 in
1105 4345 1356 4408 cratiamleuantes,
1369 4345 1751 4400 sollicitosodseruatarescon-

104 4415 242 4469 solentne
255 4417 360 4472 nuncin
375 4417 454 4484 nana,
468 4432 540 4472 nunc
550 4416 659 4471 inillam
675 4426 778 4488 panem
791 4419 900 4475 aberra·
954 4417 1080 4478 scantia,
1095 4420 1121 4471 et
1129 4416 1234 4471 macros
1252 4420 1394 4471 sectatores
1407 4417 1534 4472 bonerum
1554 4432 1673 4487 spemn,
1689 4417 1752 4486 aui-

105 4485 342 4543 erasmianam
353 4488 435 4546 modo
445 4488 598 4558 spiritaliter
609 4487 738 4543 aflectum
752 4491 900 4547 Zacbaeum
955 4485 1002 4540 bus
1014 4489 1141 4543 amabilis
1159 4488 1313 4559 disciplina,
1329 4488 1405 4543 dulce
1420 4488 1564 4558 iejnrrium,
1577 4489 1677 4558 uigiliae
1697 4487 1753 4542 bra·

105 4555 266 4612 uenerabilis
295 4559 368 4615 Beda
402 4560 593 4628 interpretatur
618 4577 625 4612 ι
659 4560 712 4625 Qui
742 4562 898 4623 mirantem,
953 4572 1012 4626 urs,
1038 4559 1113 4615 labor
1136 4575 1267 4614 mannum
1289 4561 1467 4626 delectabilis,
1486 4562 1612 4614 urriuersa
1637 4560 1752 4628 denique

105 4627 203 4699 iuquit,
221 4630 321 4685 iericho
344 4628 608 4688 Saloutarernuidere
626 4629 900 4700 qrrarebat,sedproe
953 4635 1159 4687 conuersationis
1176 4632 1257 4701 hirjats
1269 4634 1414 4686 austeritas
1426 4632 1598 4699 reimperium
1614 4630 1749 4682 uideatur.
1849 4694 1853 4699 Ι

10 4748 25 4757 ,
106 4700 186 4767 turba
197 4714 250 4754 non
263 4706 370 4771 poterat
383 4703 454 4770 (Luc.
471 4705 534 4764 xvi:
549 4700 615 4767 quiri
627 4700 723 4766 pratia
736 4700 808 4767 fidei,
818 4717 901 4769 qnam
915 4696 940 4759 D
955 4700 1053 4757 Contra
1064 4720 1129 4758 sane
1146 4705 1265 4758 inuenire
1283 4706 1321 4756 est
1333 4703 1450 4756 homines
1464 4700 1660 4768 pusillanimes,
1675 4702 1700 4750 et
1713 4711 1754 4749 re-

105 4769 202 4823 mando
229 4773 351 4827 Salvator
372 4772 476 4831 attulit,
528 4770 673 4837 1111111111118
699 4770 834 4837 cupiebat,
855 4772 901 4826 sed
953 4774 1057 4835 missos,
1069 4775 1216 4841 deprimeres
1229 4773 1278 4825 stab
1287 4787 1375 4835 onere,
1388 4772 1466 4835 uirqa
1478 4772 1503 4821 et
1514 4764 1662 4819 micantes
1676 4763 1753 4818 indi·

105 4840 201 4895 inolita
223 4844 350 4897 uitiorum
369 4845 475 4897 οοιιιιιιι
547 4855 580 4893 ne
593 4838 733 4891 οιίιοιιιιιι
753 4842 903 4908 perveniret
954 4847 1053 4908 pentes,
1070 4857 1184 4910 qnorum
1201 4843 1313 4894 remissa
1326 4840 1432 4897 latitia,
1444 4836 1625 4905 pusillanimis
1640 4835 1754 4888 tristitia

104 4910 235 4967 adstabat.
247 4915 326 4969 Tales
337 4911 455 4982 denique
469 4911 538 4968 servi
554 4908 674 4975 inutiles,
692 4923 762 4976 quos
776 4911 810 4963 il.
834 4911 902 4966 Gre-
955 4915 1003 4971 est,
1020 4926 1133 4979 quanam
1156 4911 1242 4963 breuis
1258 4913 1283 4963 et
1298 4923 1366 4961 rara
1380 4907 1553 4975 compunctio,
1573 4906 1699 4960 animalis
1714 4920 1755 4960 eo·

104 4981 197 5050 gorius
214 4982 360 5055 depingens
377 4985 473 5044 :snae
500 4979 686 5051 inquitlliom.
701 4981 759 5034 itin
774 4981 902 5049 Euanp.),
956 4982 1064 5047 pitatio,
1088 4979 1179 5048 tepida
1202 4979 1376 5040 conuersatio,
1403 4992 1515 5046 qaorum
1534 4977 1683 5032 obedientia
1697 4980 1755 5032 sinc

103 5053 226 5122 plerique
239 5056 447 5109 intrasanctam
458 5054 604 5109 Ecclesiam
617 5049 741 5121 (pirorum
750 5052 902 5106 r'steserpus
955 5051 1101 5111 aerariam,
1130 5064 1215 5104 senna
1241 5052 1300 5104 sine
1320 5049 1560 5118 eirarmspeetione,
1583 5051 1669 5103 cratin
1696 5049 1756 5103 sine
1850 5090 1853 5098 .

104 5124 248 5192 imaginem
255 5122 900 5198 tenet)quimeliarisuitaniasappredimetnunt,
956 5120 1045 5173 cordis
1059 5121 1214 5183 intentione,
1228 5122 1303 5175 lectio
1317 5122 1373 5175 sine
1390 5120 1576 5190 edificatione,
1592 5135 1658 5189 quos
1680 5120 1756 5174 deni·

104 5199 127 5247 et
139 5199 239 5253 tamem
248 5197 338 5267 jacere
353 5199 383 5249 in
399 5199 442 5251 sui
457 5196 572 5265 torporis
586 5195 696 5262 iqrraoia
707 5208 760 5247 rien
775 5194 901 5262 pertime-
955 5207 1015 5261 que,
1028 5195 1059 5244 ut
1077 5191 1207 5253 uniemur,
1222 5194 1270 5246 uin
1284 5192 1409 5260 pedenna
1423 5198 1508 5248 motus
1520 5191 1631 5254 inhibet,
1646 5192 1694 5245 uia
1705 5206 1758 5261 pu·

104 5269 198 5334 senna·
212 5277 241 5324 et
257 5283 319 5340 quae
330 5275 492 5338 sequuntur.
517 5266 557 5320 ad
568 5264 641 5319 bunc
656 5265 736 5335 igitur
753 5262 902 5319 voluntatis
955 5263 1004 5317 dor
1018 5263 1130 5326 coliibet,
1153 5265 1201 5317 iiia
1220 5264 1313 5330 frenat
1326 5265 1406 5326 rutro,
1424 5266 1472 5318 uia
1491 5262 1635 5333 disciplina
1649 5266 1755 5318 cumaei.

106 5343 255 5407 torporem,
288 5338 462 5395 medietatem
495 5346 522 5392 et
560 5336 730 5407 tepiditatem
759 5334 901 5396 excutien-
954 5336 1013 5391 Non
1028 5335 1080 5388 tibi
1091 5334 1186 5390 baram
1206 5337 1264 5388 uita
1283 5334 1391 5400 inferno
1409 5336 1518 5406 penitas
1537 5336 1758 5405 appropinquare

105 5404 179 5472 111111,
199 5410 282 5468 docet
294 5419 446 5481 opportune
464 5416 493 5463 et
512 5423 611 5480 magno
634 5416 729 5463 nostro
753 5405 900 5462 commodo
953 5405 1069 5469 ametur,
1080 5406 1301 5472 dum,intellectu
1312 5408 1432 5473 aflectui
1444 5410 1471 5461 et
1487 5407 1593 5474 affectu
1610 5407 1761 5460 intellectui
1855 5440 1863 5446 -

107 5475 186 5534 uubis
199 5481 333 5538 insertam
352 5496 385 5536 ac
399 5481 520 5536 relictum
544 5479 614 5534 hanc
628 5493 748 5550 pugnam
769 5479 858 5533 carnis
872 5485 901 5532 et
954 5482 1127 5546 repensante,
1142 5493 1244 5533 necesse
1261 5477 1362 5532 habent
1375 5479 1479 5532 mittere
1500 5493 1610 5532 manum
1623 5477 1660 5529 nd
1680 5491 1760 5545 epera

108 5545 216 5622 pinitus,
231 5550 378 5608 utassiduo
390 5551 443 5607 boc
455 5551 603 5606 certamine
621 5558 649 5606 et
663 5549 790 5606 curillictn
805 5549 900 5604 utrius·
953 5550 1078 5616 sortium,
1092 5551 1141 5620 qui
1158 5550 1215 5604 eido
1227 5551 1346 5615 fortium
1364 5550 1474 5602 minime
1487 5551 1683 5609 sustentantur,
1696 5547 1762 5600 socii

108 5630 161 5688 que
174 5624 258 5692 partis
280 5623 412 5679 excitatus
431 5623 539 5678 animus
554 5622 607 5677 vim
629 5620 899 5691 sinistrarumque
952 5621 1032 5690 plane
1047 5621 1243 5678 tribulationis.
1258 5620 1370 5685 sednon
1392 5620 1588 5686 consolationis,
1611 5627 1663 5673 etc.
1684 5616 1751 5672 Vide

106 5701 187 5758 sarpta
205 5695 328 5766 seipsum
341 5694 437 5767 erigat,
451 5703 477 5748 et
492 5701 551 5748 toto
570 5702 671 5766 cpnatu
685 5703 767 5775 atque
791 5693 898 5748 instari·
953 5692 1081 5749 eumdem
1091 5709 1173 5749 serm.
1186 5698 1220 5746 63
1233 5692 1261 5748 in
1276 5691 1399 5748 Cantica.

106 5763 145 5819 tia
165 5765 200 5822 ad
221 5763 396 5838 perfectionis
417 5765 521 5836 apicem
539 5763 666 5832 enitatur,
688 5779 751 5836 quia
779 5768 902 5834 itepnum
