3848 6158
176 254 229 310 tao
327 274 332 284 ¹
499 299 502 302 Δ
856 246 997 303 tonnuls
1014 244 1166 301 CASSthl
1779 241 1836 297 lul

175 378 235 451 jam
253 377 358 448 positos
390 376 418 431 in
455 374 690 431 consummatione
720 371 848 427 virtutum
879 385 974 429 morsu
992 376 1018 438 Α
1033 371 1158 427 homiues
1179 369 1288 442 proprie
1308 368 1435 441 pertinet.
1451 367 1534 438 Cujus
1546 365 1680 437 originem
1698 380 1729 421 ac
1743 379 1837 422 reme·

181 470 282 529 diriore
290 469 448 543 depascens.
1033 465 1077 522 dia
1088 466 1116 521 in
1135 462 1332 537 posterioribus
1347 461 1427 518 libelli
1443 460 1524 532 hujus
1541 460 1617 530 (Cap.
1640 464 1696 528 nl),
1711 457 1837 516 donante

495 562 615 618 CAPUT
634 563 670 616 ll.
1034 560 1103 625 Deo,
1124 558 1301 629 inquantum
1325 571 1473 628 possumus
1492 568 1683 624 exsequemur.
1701 553 1784 608 Nunc
1802 551 1837 608 de

340 658 417 725 Quod
426 657 557 726 capable
569 656 623 710 dato
638 658 691 711 sint
706 672 817 726 paura.
1034 650 1080 706 illo
1101 651 1203 722 priore,
1220 665 1274 721 quo
1295 648 1399 721 praelati
1420 663 1518 705 sarnus
1540 645 1676 718 periectos
1697 645 1838 718 praecipue

215 757 227 786 ³
247 751 331 824 Cujus
354 751 408 807 duo
421 758 487 807 sunt
510 765 626 823 genera:
643 765 729 806 anum
752 749 806 806 hoc
829 764 885 821 quo
912 747 980 804 diri·
1032 745 1140 812 tentari,
1154 743 1416 816 propositumnobis
1428 752 1469 800 est
1484 757 1567 815 pauca
1582 741 1725 799 disserere.
1844 749 1851 762 ·

183 861 245 902 mus
276 845 412 917 spiritales
444 844 518 901 viros
548 860 729 917 summosque
762 844 874 916 pulsari,
907 841 978 900 aliud
1339 838 1458 894 CAPUT
1475 839 1526 893 111.

182 937 255 1010 quod
280 938 380 1010 etiarn}
390 937 552 1010 incipientes
579 937 756 1009 carnalesque
778 936 978 1008 complectitur.
1082 933 1158 1002 Quod
1175 933 1302 1004 superbio
1316 947 1405 988 omnes
1416 934 1522 1002 pariter
1535 932 1649 985 uirtutes
1663 929 1787 997 auferat.

183 1032 215 1086 Et
235 1029 302 1088 libet
321 1038 471 1101 utrumque
489 1029 624 1102 superbiae
637 1045 724 1102 genus
748 1038 806 1086 tam
831 1031 859 1085 in
878 1033 980 1096 Deam,
1067 1026 1179 1084 Nullum
1202 1035 1244 1084 est
1268 1026 1349 1099 igitur
1362 1022 1458 1082 vitium
1484 1023 1558 1082 aliud
1577 1022 1652 1096 quod
1676 1023 1714 1080 ita
1738 1038 1839 1080 omnes

181 1140 264 1197 quam
280 1125 308 1180 in
327 1124 453 1180 homines
474 1123 553 1179 noxia
575 1122 650 1180 inllet
671 1123 770 1191 elatio;
799 1132 891 1179 umen
915 1121 981 1180 illud
1034 1119 1150 1177 virtutes
1169 1119 1323 1188 exhauriat,
1340 1128 1493 1192 cunctaque
1512 1117 1617 1191 justitia
1639 1125 1667 1173 ct
1690 1116 1839 1174 sanctitate

182 1219 303 1290 primum
318 1217 470 1291 specialiter
485 1215 602 1274 refertar
616 1217 650 1274 ad
662 1219 765 1288 Deam,
781 1217 932 1274 secundum
946 1214 981 1273 ad
1034 1213 1176 1271 hominem
1187 1214 1286 1288 spoliet
1304 1230 1336 1270 ac
1350 1212 1480 1282 denudet,
1494 1203 1549 1270 utb
1563 1209 1697 1297 superbiat
1714 1209 1837 1267 malum:

731 1361 858 1448 thRDl
877 1359 989 1415 GAZAEl
1007 1357 1287 1415 COMMENTARIUS.

183 1488 269 1543 radin
277 1489 380 1559 prebet
395 1487 552 1541 altmonam
563 1486 666 1548 arbori,
686 1484 723 1540 ait
735 1487 762 1541 S.
776 1486 898 1542 Thomas
911 1484 982 1555 (l-t,
1036 1485 1171 1554 cupiditas
1184 1483 1291 1546 reddat,
1306 1483 1414 1553 quando
1425 1485 1539 1553 possunt
1552 1482 1608 1534 sinc
1629 1480 1756 1550 superbia
1771 1480 1839 1537 tales

183 1576 210 1628 q.
231 1565 277 1627 sl,
297 1576 323 1613 a.
340 1563 349 1613 l
369 1562 394 1612 et
406 1561 441 1623 2).
458 1557 688 1612 Cumiderandum
702 1559 783 1624 euim,
797 1556 893 1626 inquit,
909 1556 983 1624 qarod
1036 1558 1106 1624 lteri,
1119 1559 1175 1610 sine
1187 1571 1240 1624 qau
1255 1558 1365 1610 omnin:
1382 1570 1435 1608 non
1446 1555 1558 1623 possunt
1575 1553 1625 1608 Dei
1631 1555 1768 1621 precepta
1777 1567 1838 1606 oon·

183 1633 213 1684 iu
224 1632 328 1685 octabus
337 1629 510 1688 uoluntariis,
521 1628 671 1695 cujusmodi
679 1631 868 1697 suntpeccata,
883 1628 984 1696 dupleac
1037 1630 1129 1694 temni,
1144 1629 1240 1696 quibus
1252 1627 1430 1696 praelibentur
1439 1626 1529 1678 omnia
1539 1623 1588 1677 illu
1600 1623 1674 1677 mala
1684 1638 1746 1692 quae
1757 1638 1837 1694 supe-

183 1701 248 1753 ordo
260 1701 405 1764 inuenitur,
418 1699 521 1752 scilicet
535 1699 693 1751 intentionis
707 1702 733 1750 et
746 1699 931 1751 insecuturis.
948 1701 983 1753 nt
1035 1699 1093 1751 rius
1102 1697 1459 1768 comprehcndi?ldeoqaesi
1469 1696 1589 1750 uolumus
1599 1708 1838 1750 consummareno·

181 1772 212 1822 in
227 1771 319 1834 priore
332 1768 441 1837 quadem
454 1767 548 1821 ordine
568 1768 638 1820 illud
649 1768 751 1821 dicitur
767 1771 898 1838 primum,
911 1768 983 1838 quod
1035 1771 1089 1822 stri
1094 1770 1247 1823 cemomim's
1253 1783 1368 1830 cursam,
1376 1765 1836 1836 caueamusinprimisoupiditatem

184 1839 263 1894 babet
284 1841 416 1892 rationem
429 1839 502 1907 tinia,
523 1852 569 1892 seu
581 1839 671 1906 tinola's
689 1853 785 1893 cause.
805 1841 879 1894 Finis
892 1843 982 1894 autem
1035 1843 1116 1908 utque
1136 1840 1298 1909 superbiam,
1319 1855 1372 1893 aon
1392 1839 1446 1892 duo
1467 1838 1551 1899 mala,
1575 1836 1622 1891 sed
1642 1852 1737 1898 unum,
1751 1853 1771 1890 a
1784 1852 1836 1907 quo

182 1913 211 1964 in
221 1911 342 1964 omnibns
354 1910 426 1963 bones
436 1909 626 1977 temporalibus
633 1911 815 1978 acquirendis,
827 1915 865 1966 est
872 1915 904 1965 ut
910 1912 985 1966 horno
998 1914 1022 1976 Β
1039 1911 1154 1966 trabunt
1171 1925 1258 1966 omnes
1271 1911 1340 1964 nulli
1351 1915 1424 1963 nctus
1434 1911 1552 1967 initiam.
1567 1910 1636 1965 Nam
1646 1909 1836 1978 sinesaperbiu

181 1997 231 2050 per
238 1982 287 2034 illa
297 1981 443 2049 quamdam
448 1981 638 2049 perfectionem
646 1982 811 2049 uapularem
823 1987 849 2036 et
858 1983 984 2037 eccelleu·
1038 1997 1098 2051 qua
1112 1986 1224 2052 possunt
1247 1982 1342 2036 saltem
1361 1982 1482 2038 luctuari
1498 1984 1616 2050 peccatu,
1632 1995 1692 2033 curn
1705 1980 1833 2035 dicante:

184 2054 251 2107 tram
270 2052 385 2106 babeat:
406 2056 431 2105 et
448 2051 506 2106 ideo
520 2066 553 2105 en
567 2051 616 2106 boc
627 2056 707 2121 parte
720 2054 855 2122 superbio,
871 2069 932 2123 quoa
945 2056 985 2108 est
1038 2055 1151 2108 initium
1164 2055 1247 2106 omnis
1253 2054 1358 2122 peccati
1373 2052 1519 2121 superbia?
1531 2052 1589 2106 Ant
1601 2053 1659 2106 sine
1672 2050 1834 2120 cupiditate,

183 2139 200 2177 a
253 2125 318 2179 titus
334 2122 506 2185 eccellentiae,
517 2125 630 2193 partitur
643 2125 752 2178 initium
768 2126 982 2193 omuispeccuti3
1036 2141 1095 2194 quae
1110 2129 1149 2179 est
1166 2123 1299 2177 malorum
1321 2125 1438 2177 omnium
1460 2123 1553 2190 radin,
1576 2137 1636 2191 quoe
1650 2124 1837 2192 possuutteri

182 2140 985 2265 sffnpnrteensecutionisprimumdicituridquodprebet
1036 2196 1119 2261 mola,
1135 2210 1195 2249 nam
1207 2196 1264 2249 sine
1284 2195 1374 2249 radim
1392 2195 1482 2247 omnia
1500 2198 1549 2247 aut
1564 2193 1641 2247 nrdla
1659 2193 1833 2263 deputentur,

92 2304 96 2326 .
183 2267 412 2338 opportunitatem
429 2265 598 2335 adimplendi
610 2267 701 2319 omnia
721 2266 857 2321 desideria
868 2269 980 2336 peccati,
1035 2271 1083 2321 aut
1094 2265 1332 2320 mortua?Deinde
1343 2267 1368 2319 si
1382 2265 1516 2334 quodlibet
1526 2269 1662 2334 peccatum
1675 2269 1836 2335 perpetratu

183 2339 254 2407 quod
274 2337 353 2390 habet
366 2337 499 2392 rationem
516 2338 627 2399 radicis,
644 2337 869 2399 scilicetdiuitia,
883 2338 982 2391 vetideo
1034 2338 1277 2407 nonpossum,nisi
1299 2337 1379 2390 malo
1395 2337 1564 2390 delectationi
1580 2335 1842 2405 currentemque&

184 2424 217 2463 en
231 2410 279 2463 bac
290 2413 370 2478 parte
383 2409 504 2462 auaritia
513 2407 617 2463 dicitur
627 2408 772 2463 marradio
780 2410 896 2462 omnium
902 2409 983 2463 malo
1035 2409 1195 2477 cupiditatis
1209 2412 1248 2462 cst
1258 2410 1408 2477 proprium,
1425 2411 1450 2461 et
1458 2410 1509 2462 Dei
1515 2410 1649 2477 precepta
1657 2411 1835 2476 contenanum,

183 2496 252 2534 rum.
266 2480 307 2535 lta
330 2481 366 2533 D.
385 2478 506 2534 Thomas
516 2478 582 2549 (Lib.
595 2492 621 2533 11
633 2480 705 2535 Sent.
723 2479 787 2533 dist.
806 2477 860 2549 tl).
884 2480 982 2535 Petrus
1034 2478 1110 2548 quod
1116 2484 1155 2532 est
1163 2479 1293 2548 superbie
1301 2479 1412 2546 rnatu-m,
1422 2479 1552 2547 quoarodo
1560 2493 1610 2533 non
1627 2477 1835 2548 cncupiditotc,

183 2565 246 2606 vero
269 2547 442 2605 lombardus
455 2548 535 2619 paulo
557 2549 633 2604 aliter
649 2549 723 2605 huno
742 2549 846 2605 nodum
859 2548 980 2616 resoluit,
1035 2565 1095 2619 que
1107 2549 1241 2604 estradis
1252 2550 1386 2604 maloram
1401 2552 1531 2617 omnium,
1547 2553 1615 2604 elea
1626 2549 1837 2621 superbiaque

184 2637 238 2693 quo
250 2636 330 2677 sensu
342 2629 488 2692 utrumque
497 2619 574 2675 radix
582 2619 688 2676 dicatur
699 2620 824 2676 omnium
832 2620 981 2688 malorum,
1035 2622 1146 2674 initium
1153 2622 1236 2674 omrem
1243 2623 1345 2690 peccati
1354 2621 1590 2691 dicitrlr,procedit
1598 2622 1838 2689 omnepcocotum?

183 2692 288 2748 scilicet
309 2690 436 2764 superbia
458 2700 486 2746 et
494 2690 639 2762 cupiditas.
666 2694 821 2760 Utmmque,
844 2686 894 2757 ait}
914 2697 983 2747 recte
1035 2692 1184 2762 Hucusque
1201 2693 1238 2747 D.
1256 2695 1371 2762 Prosper
1385 2692 1452 2762 (Lib.
1473 2706 1497 2747 11
1513 2693 1546 2747 de
1569 2693 1634 2747 Vita
1656 2690 1840 2761 Gmtenrplut.

124 2830 131 2836 ⁴
184 2765 285 2820 dictum
295 2778 349 2818 esse
362 2763 534 2830 intellipitur,
549 2765 575 2817 si
585 2767 857 2832 qenerapeccatorum
868 2763 984 2831 sinqulo-
1036 2777 1061 2816 o.
1075 2767 1103 2829 t)
1119 2761 1273 2833 superbiam
1287 2769 1313 2817 et
1327 2762 1502 2834 cupiditatem
1518 2762 1592 2835 largo
1609 2760 1692 2817 modo
1710 2776 1834 2830 sumens,

184 2851 256 2897 mm,
268 2851 322 2891 uon
332 2835 442 2904 sinqnla
455 2849 582 2902 penarum
599 2839 715 2903 utraque
729 2835 858 2888 locutione
879 2834 984 2888 includi
1036 2841 1117 2904 prout
1133 2833 1245 2889 inomni
1261 2842 1369 2903 peccato
1381 2833 1519 2889 invenitur
1535 2834 1645 2905 quidam
1660 2839 1836 2905 contemptus

184 2908 380 2975 intelliqantur.
400 2905 511 2961 Nullum
531 2906 631 2975 quippe
648 2919 729 2973 penus
741 2907 845 2974 peccati
858 2909 898 2960 est
912 2904 983 2973 qaod
1035 2903 1229 2960 mandatorum
1242 2904 1302 2972 Dei,
1319 2912 1350 2959 ut
1362 2903 1466 2961 dictum
1482 2913 1531 2973 est,
1547 2913 1574 2961 ct
1587 2904 1715 2975 quaedam
1727 2904 1836 2976 cupidi-

184 2976 494 3044 interdumeasuperbia
504 2976 984 3044 noaprooenmtnallamettompnoa
1035 2975 1103 3030 tatis
1117 2975 1270 3031 inordinata
1294 2975 1422 3042 allectio,
1438 2975 1579 3047 quomodo
1594 2991 1677 3031 omne
1689 2983 1834 3046 peccatum

183 3062 217 3101 ec
225 3046 749 3117 cupiditatealiquandonondescendat.
763 3047 830 3101 Sunt
841 3049 984 3101 enimnon-
1036 3052 1094 3100 tam
1109 3061 1141 3102 ex
1162 3045 1288 3116 superbia
1308 3061 1389 3118 quam
1405 3062 1437 3100 ex
1452 3047 1599 3119 cupiditate
1621 3046 1751 3118 procedit.
1766 3045 1836 3104 Vide

183 3116 983 3186 nullibonu'namquiaucupia-itatefiantsuper·bi.Bstcnim,
1035 3125 1128 3172 notata
1138 3116 1173 3172 ad
1182 3133 1240 3188 cap.
1254 3124 1271 3173 6
1287 3117 1332 3172 lib.
1347 3133 1400 3172 vn.

183 3193 214 3241 at
223 3189 450 3255 aitAupustiuus,
462 3187 537 3240 bomo
548 3188 597 3254 qui
604 3193 731 3242 nonesset
740 3194 846 3243 ametor
872 3191 981 3252 emnia,
1071 3190 1083 3220 ⁸
1099 3188 1160 3244 Alia
1174 3188 1271 3244 divisio
1284 3189 1418 3260 superbiae
1432 3189 1459 3244 in
1469 3188 1636 3260 spiritualem
1645 3197 1673 3257 et
1685 3184 1833 3243 carnalem.

183 3261 238 3311 nisi
248 3274 298 3328 per·
310 3259 356 3312 boc
363 3262 475 3327 pataret
488 3273 515 3312 se
529 3259 738 3313 excellentiorem
749 3274 819 3326 esse,·
829 3204 939 3330 ussoque
952 3264 984 3314 ut
996 3294 1019 3358 C
1037 3259 1211 3329 Spiritualem
1229 3269 1310 3316 vocat
1330 3274 1391 3332 quae
1409 3260 1562 3332 spirituales
1575 3269 1602 3315 et
1618 3258 1753 3331 perlectos
1771 3259 1834 3328 pul·

184 3329 431 3398 esculentioribus
445 3329 984 3402 rupitrtalilrominieasuperbiaobori
1037 3338 1098 3397 sat,
1118 3332 1254 3387 carnalem
1289 3345 1350 3414 quae
1369 3333 1501 3396 carnalos,
1524 3331 1549 3386 id
1572 3338 1623 3396 est,
1646 3328 1832 3401 imperfectos.

184 3406 229 3455 tar·
240 3402 385 3472 trepiditas.
402 3403 437 3455 Et
449 3405 488 3454 est
498 3401 598 3469 aliquis
613 3404 661 3470 qui
672 3417 724 3456 non
738 3406 840 3456 amaret
848 3403 982 3465 euceltcre,
1037 3401 1170 3457 Eantdem
1184 3401 1389 3458 distinctionem
1403 3402 1523 3475 agnoseit
1534 3409 1561 3456 et
1582 3401 1696 3472 explicat
1710 3403 1745 3456 D.
1764 3401 1834 3455 Gre-

183 3475 238 3526 uisi
248 3477 357 3541 prataret
366 3488 417 3542 per
427 3473 473 3525 boc
485 3471 598 3541 majores
610 3473 722 3526 diuitias
732 3474 844 3537 tubera·
854 3473 913 3527 ideo
922 3487 983 3542 erqo
1036 3471 1128 3542 gorius
1141 3472 1184 3526 his
1206 3472 1294 3528 verbis
1314 3474 1380 3543 (Lib.
1395 3488 1490 3528 xxxxv
1504 3475 1602 3527 Moral.
1619 3489 1641 3528 c.
1665 3475 1708 3536 lu)
1719 3489 1727 3524 :
1740 3472 1834 3527 Scien-

182 3543 982 3611 eneeltnetoborot,qnmdinitursbaberaamat:tanariae
1036 3543 1101 3596 darm
1121 3543 1193 3612 qaod
1211 3543 1267 3597 brec
1285 3547 1355 3613 ipsa,
1368 3545 1406 3598 'de
1424 3561 1477 3614 qua
1498 3549 1653 3607 tractamus,
1668 3543 1747 3598 elatio
1763 3543 1834 3597 alios

182 3615 412 3684 scitarsupcrbia,
425 3614 513 3676 idest,
526 3630 602 3668 amor
610 3615 812 3668 recollectione
821 3613 978 3682 cupiditate.
1034 3628 1067 3667 en
1081 3613 1159 3667 rebus
1168 3614 1351 3677 secularibus,
1363 3618 1431 3669 alios
1442 3632 1503 3669 tuero
1512 3632 1545 3670 en
1554 3617 1633 3670 rubra
1646 3613 1834 3685 spiritualiora

183 3689 259 3740 Patet
269 3701 329 3754 erqo
340 3685 411 3756 quod
422 3685 586 3755 routperbia
596 3684 745 3754 aliquando
754 3684 898 3753 cupiditas,
912 3689 939 3738 et
946 3699 980 3738 en
1030 3684 1167 3754 possiiet:
1188 3685 1257 3739 aiter
1277 3688 1347 3739 enim
1366 3688 1519 3741 intumescit
1536 3688 1697 3749 ananciten
1714 3685 1833 3755 eloquio:

182 3757 330 3826 cupiditate
342 3756 490 3826 aliquando
501 3756 627 3827 superbia
638 3757 740 3821 oritur;
750 3759 776 3809 et
788 3754 848 3809 ideo
858 3755 891 3808 de
900 3758 979 3808 utra·
1032 3754 1361 3824 alteriufimisetterrenis
1371 3759 1459 3824 remis,
1470 3759 1540 3812 alter
1551 3760 1661 3812 summis
1671 3757 1833 3811 celestibus·

183 3844 234 3899 que
246 3834 314 3883 recte
325 3828 433 3890 dicitur,
446 3828 519 3899 quod
530 3829 566 3880 sit
580 3826 663 3880 radim
672 3828 757 3879 omrris
768 3826 843 3879 mali.
857 3825 924 3880 Haec
934 3825 978 3882 ille
1034 3839 1084 3894 que
1093 3826 1259 3881 narrantia?
1275 3843 1331 3881 ann
1346 3832 1433 3882 tomen
1452 3829 1596 3898 eadmnque
1612 3843 1653 3883 res
1668 3832 1732 3882 onte
1745 3827 1833 3882 andos

182 3905 230 3965 (De
245 3902 337 3957 denes.
351 3900 388 3953 ud
402 3900 520 3957 litteram
534 3898 579 3951 lib.
596 3910 654 3952 11c.
672 3898 723 3966 to).
737 3895 797 3952 Alio
814 3897 880 3951 item
894 3896 978 3952 modo
1031 3898 1082 3952 Dei
1107 3899 1212 3966 aqitur,
1232 3901 1354 3968 quamuis
1379 3899 1417 3954 ad
1442 3900 1561 3954 humano
1581 3900 1661 3954 corda
1676 3901 1784 3954 rreateas
1803 3900 1833 3953 in

183 3975 217 4025 D.
233 3975 350 4044 Prosper
371 3979 514 4038 utramque
535 3966 711 4024 sententiam.
724 3967 901 4023 Ecclesiastici
918 3971 978 4032 (Eo-
1031 3983 1120 4023 eorum
1128 3970 1264 4025 obtutibus
1277 3971 1380 4026 dinemo
1388 3973 1488 4025 amictu
1495 3972 1635 4042 pallietur.
1645 3972 1715 4026 Haec
1726 3970 1833 4039 Grego-

181 4044 241 4097 cles.
258 4042 287 4110 x)
307 4041 407 4097 scilicet
418 4039 580 4110 ethpostoli
593 4039 613 4110 (l
629 4039 742 4094 Timoth.
758 4043 825 4111 ,vrb
840 4039 976 4105 conciliat,
1034 4038 1102 4106 rius;
1117 4048 1144 4095 et
1163 4040 1205 4096 his
1220 4041 1316 4097 similia
1333 4041 1498 4114 smaragdus
1515 4041 1599 4098 abbas
1622 4041 1723 4113 incip.
1742 4042 1833 4096 olie-

184 4122 331 4183 utrumque
346 4112 451 4175 vitium,
466 4110 620 4180 superbiam
633 4110 694 4166 dico
704 4117 731 4165 et
744 4109 928 4181 cupiditatem,
941 4110 978 4166 ita
1033 4110 1104 4182 qulae
1113 4113 1145 4166 D.
1162 4111 1310 4168 Benedicti.

182 4185 252 4239 inter
260 4200 290 4240 se
300 4198 462 4254 comparans
475 4201 480 4237 :
496 4183 562 4240 Cum
575 4184 692 4254 Spiritus
703 4185 809 4239 sanctus
820 4185 869 4253 qui
877 4183 979 4237 lucanus
1068 4174 1269 4239 1'Occasionem
1283 4181 1404 4253 praebent
1429 4183 1580 4242 haecrerba
1594 4183 1621 4240 in
1642 4181 1833 4255 airendiquale

182 4255 453 4321 eripe-epiphoram,
466 4271 517 4323 per
529 4256 687 4324 Apostolum
701 4254 917 4324 quoqueiocutus
930 4255 978 4316 sir,
1033 4260 1174 4376 peccatum
1196 4253 1232 4307 sit
1248 4253 1384 4323 superbia.
1405 4257 1439 4310 Et
1460 4254 1571 4327 quidem
1587 4200 1687 4311 eritne
1710 4254 1832 4311 Cassiani

182 4336 227 4373 nec
239 4322 292 4373 sibi
301 4325 387 4387 possit
401 4339 456 4375 esse
464 4324 592 4386 diunius,
605 4325 717 4378 sollicite
727 4325 895 4380 considerare
905 4324 981 4378 debe·
1043 4336 1105 4389 oco,
1117 4336 1204 4376 immo
1215 4338 1247 4376 ex
1260 4330 1321 4378 toto
1335 4324 1415 4396 hujus
1429 4326 1492 4382 libri
1506 4334 1636 4393 tractatu,
1659 4326 1727 4383 sutis
1738 4333 1831 4400 aperte

181 4405 239 4443 mua
249 4404 333 4470 quare
345 4390 390 4441 itte
398 4393 508 4467 initium
516 4395 618 4470 percuti
626 4395 787 4460 snperbiam,
801 4395 843 4448 bia
859 4394 979 4447 radicem
1033 4390 1170 4461 colligitur
1179 4400 1323 4517 peccatum
1347 4410 1406 4451 esse
1428 4406 1525 4453 natura
1544 4413 1593 4454 saa
1607 4414 1656 4454 seu
1676 4413 1710 4453 en
1733 4411 1832 4470 genere

181 4473 299 4511 omnium
312 4458 445 4510 malorum
459 4459 635 4525 cupiditatem
648 4463 788 4514 amninari
798 4464 921 4518 uelauit.
933 4464 979 4518 rin
1033 4475 1085 4517 suo
1096 4462 1176 4517 morti
1189 4478 1279 4530 erum,
1292 4465 1365 4535 quod
1379 4475 1407 4523 ct
1420 4472 1457 4523 D.
1467 4469 1589 4525 Thomas
1602 4468 1828 4541 confirmatlhrt.
1856 4516 1859 4521 .

180 4529 252 4593 sorte
277 4539 420 4607 summram
443 4526 626 4607 propheticum
652 4529 755 4609 Dantur
779 4534 924 4599 apostotus,
948 4537 980 4586 ut
1033 4536 1061 4598 5,
1074 4532 1122 4586 ubl
1144 4533 1248 4605 supra).
1278 4539 1364 4592 Docet
1391 4547 1484 4596 tamen
1510 4540 1537 4597 id
1563 4538 1771 4611 intelligendum
1792 4539 1827 4596 do

180 4597 255 4679 solet,
267 4596 638 4679 eaposmthaandoqmdcm
650 4600 819 4679 secernitiurn
828 4604 912 4682 omnis
919 4617 979 4671 pec·
1033 4602 1157 4673 superbia
1179 4606 1333 4676 completa,
1348 4624 1401 4679 qua
1416 4611 1519 4667 scilicet
1532 4612 1593 4693 quis
1619 4612 1656 4667 ita
1675 4611 1825 4677 extollitur,
1849 4666 1854 4673 ,

182 4672 248 4729 cota.
258 4681 313 4751 noe
322 4666 441 4722 radicem
448 4667 703 4750 monumentorum
712 4669 795 4732 arear,
804 4672 979 4727 aaamiaem-
992 4673 1018 4736 D
1033 4680 1064 4729 ut
1079 4675 1167 4730 Deum
1187 4684 1355 4747 contemnat,
1372 4681 1413 4736 vel
1424 4682 1476 4753 legi
1491 4683 1590 4739 divana
1608 4681 1746 4738 aetianae
1759 4682 1825 4738 suh·

181 4754 231 4807 que
244 4740 382 4808 sanificet.
395 4742 478 4795 Porro
491 4738 625 4810 cupiditas
640 4742 720 4808 atque
734 4741 859 4824 superbia
874 4742 903 4824 in
918 4747 978 4798 tan·
1029 4744 1127 4816 jectus,
1139 4747 1179 4803 vel
1192 4748 1280 4820 quiex
1293 4749 1344 4806 hoc
1356 4760 1515 4825 contemptu
1526 4752 1726 4826 praepeditur
1737 4754 1762 4809 le
1797 4769 1825 4809 ru

181 4815 238 4864 tum
250 4815 289 4893 est
302 4826 385 4866 arnum
393 4811 504 4875 maium
515 4815 546 4865 ut
561 4825 606 4865 racc
616 4811 977 4894 superbus'stnecuprditate,
1032 4816 1094 4886 Dei,
1119 4826 1166 4874 aut
1183 4829 1315 4902 praecepta
1331 4823 1501 4893 superiorum
1522 4827 1650 4894 (Leonor.
1673 4828 1747 4881 hess.
1780 4840 1828 4884 .1r

179 4896 226 4963 nec
242 4884 432 4964 sanesuperbia
442 4882 554 4954 cupidus
563 4887 650 4953 posset
662 4886 788 4939 inueniri.
802 4885 940 4954 Siquidem
954 4891 979 4941 et
1032 4904 1090 4958 cap.
1109 4894 1146 4954 4).
1168 4893 1238 4946 Nam
1253 4906 1275 4947 sr
1291 4893 1436 4963 loquamur
1448 4895 1482 4951 de
1502 4895 1629 4967 superbia
1643 4895 1824 4967 incompleta,

179 4951 312 5036 diabolus,
325 4969 354 5005 m
367 4971 419 5022 prro
434 4954 638 5024 tenctsuperbia
649 4957 844 5025 principatum,
859 4960 979 5028 propria
1033 4974 1082 5015 sen
1095 4960 1265 5031 imperfecta,
1282 4962 1341 5019 haec
1352 4979 1407 5019 non
1419 4981 1526 5038 semper
1540 4975 1582 5023 est
1597 4975 1738 5038 peccatum
1752 4983 1828 5022 mor·

177 5027 527 5094 potcstatrsacperditioms
541 5026 663 5079 bumana
673 5029 786 5097 cupidus
800 5029 872 5094 fnit3
885 5033 911 5083 et
921 5031 978 5099 ipse
1029 5030 1093 5086 talo.
1107 5034 1194 5088 sunta·
1205 5036 1286 5096 euim,
1302 5035 1351 5100 ait,
1361 5037 1390 5090 iu
1400 5038 1591 5107 aliisqnaea
1604 5055 1652 5093 sato
1662 5044 1827 5109 qeneresrant

179 5095 977 5234 bomo'per·offetitamarborisinterdicta,acdininoesimi-
1025 5108 1134 5171 peccata
1149 5106 1284 5167 mortalia,
1304 5111 1371 5175 puta
1387 5109 1416 5160 in
1434 5111 1652 5174 fornicationem
1667 5110 1827 5173 adultiorio,
1852 5156 1856 5165 .

179 5167 339 5222 litadanrsa
363 5171 497 5227 ectrunem,
524 5166 651 5220 morbosa
676 5168 801 5237 affectum
818 5170 976 5238 cupiditatis
1028 5179 1090 5227 sunt
1108 5174 1197 5243 aliqui
1207 5181 1294 5230 motas
1314 5179 1362 5246 qui
1373 5184 1436 5232 sunt
1454 5185 1561 5248 peccota
1577 5182 1694 5236 ueninlia
1713 5186 1828 5252 propter

178 5239 302 5292 ostendit.
314 5242 353 5293 De
363 5236 489 5320 superbia
499 5251 615 5319 namque
623 5241 897 5320 monetariorum,
908 5243 978 5296 sciri·
1029 5248 1425 5318 eonamimpersectiouemquia
1432 5253 1828 5321 scilicetpraueniuntratiouis

95 5329 98 5336 ·
146 5308 469 5369 ·smata‚detractrones,
478 5308 592 5371 rriurdra,
600 5309 754 5372 aratorius,
759 5313 979 5379 pontentiacum.
1024 5313 1171 5382 judicium,
1185 5322 1210 5372 et
1223 5321 1462 5390 srtntprnterejas
1477 5327 1697 5388 consumamto
1712 5327 1830 5380 niomet

179 5379 526 5460 tentionesanimositates,
548 5380 667 5441 ambitio,
683 5381 774 5460 elatio,
789 5384 974 5452 praesumptio,
1028 5387 1101 5440 circa
1122 5389 1277 5457 superbiam
1293 5391 1389 5445 accidit
1409 5393 1480 5461 quod
1493 5395 1582 5464 aliqui
1597 5401 1683 5451 mahts
1694 5397 1830 5466 surperbioe

178 5453 296 5528 vanitas,
313 5449 976 5520 turparetudo,mendacium,perpuriam,etooetera
1028 5457 1084 5510 sim
1095 5463 1205 5527 peccota
1226 5462 1354 5524 ueumlia,
1383 5462 1449 5517 dum
1462 5467 1498 5520 eis
1519 5468 1591 5520 ratio
1612 5483 1664 5522 non
1687 5470 1826 5523 consentit.

178 5519 341 5586 brqusmodi.
352 5520 404 5576 Sed
418 5522 473 5574 brec
483 5523 544 5590 quis
556 5522 660 5604 dubitet
670 5521 859 5604 encaprditate
871 5538 977 5593 quoque
1029 5527 1115 5582 Porro
1134 5543 1191 5583 non
1203 5530 1294 5586 solum
1306 5532 1423 5589 mortale
1441 5550 1473 5590 ac
1484 5536 1662 5595 mortiferum
1682 5547 1829 5610 peccatum

173 5592 327 5658 procedere,
341 5592 976 5661 comumnes,qursramrntrllrsomnibusmorbris
1028 5606 1157 5654 censetur
1181 5601 1307 5672 superbia
1326 5605 1469 5675 completa,
1495 5608 1543 5665 sed
1565 5609 1648 5665 etiarn
1669 5609 1828 5667 maximum

177 5675 242 5729 quos
260 5665 399 5745 nominaui
416 5665 543 5732 menapii,
565 5664 715 5718 habeantur
733 5664 887 5746 etcupidi?
907 5669 976 5722 Item
1028 5675 1056 5725 et
1092 5669 1285 5742 gravissimum
1302 5683 1488 5747 peccatorum,
1512 5693 1545 5733 er
1572 5680 1716 5736 communi
1749 5681 1828 5738 theo·

175 5746 235 5786 cum
245 5734 360 5816 pulosos,
376 5739 592 5804 intemperantes,
604 5735 728 5802 ebriosos,
738 5735 839 5799 auidos,
853 5752 973 5807 rapaces,
997 5751 1001 5756 ’
1028 5738 1154 5812 loqorum
1176 5743 1311 5800 sententia
1335 5747 1463 5803 asseritur
1475 5751 1594 5815 (Novar.
1617 5767 1640 5808 c.
1669 5755 1703 5807 25
1731 5769 1760 5810 n.
1785 5757 1826 5818 8).

159 5803 342 5876 fontanos,
352 5806 975 5882 adulterosstupratores,incestuatluqitiosos
1028 5810 1111 5884 Quod
1124 5821 1217 5871 umen
1230 5829 1288 5872 non
1310 5815 1347 5874 ita
1367 5819 1556 5894 accipiendum
1581 5830 1634 5895 est,
1656 5823 1736 5899 quasi
1753 5825 1827 5884 inter
