3848 6158
140 267 192 322 553
673 261 842 321 counitio
861 265 892 320 ll.
912 293 950 308 -
967 267 1013 322 DE
1031 267 1266 326 [assentatoris.
1744 288 1797 343 554

424 389 546 445 CAPUT
565 389 646 444 xlll.
953 393 1085 461 Acarnis
1104 393 1263 453 lassitudine
1289 397 1375 455 nimia
1402 410 1570 473 praegravata
1592 402 1797 466 condormitare

136 489 282 573 Responsio
293 487 424 558 quoaodo
442 487 574 557 mediceo
594 489 762 550 continentie
777 488 822 543 lec
836 491 942 546 serensi
994 490 1078 559 [lips.
1095 492 1123 543 iii
1138 506 1228 561 marg.
1243 491 1403 564 dormitare]
1417 496 1609 569 compellitur,
1628 498 1666 555 ita
1684 514 1796 558 rursum

488 557 590 613 demat.
994 580 1135 638 nimietate
1152 583 1309 642 voracitatis
1329 602 1458 660 oppressa
1476 590 1600 647 emittere
1618 607 1681 649 suas
1703 608 1797 664 preces

171 665 282 738 Moyses
300 683 307 719 :
325 667 339 697 ²
357 661 386 721 si
407 661 488 719 vultis
508 660 625 735 experiri
647 660 705 720 vim
730 663 826 722 statuti
849 663 941 738 hujus,
995 672 1030 731 ad
1041 677 1130 732 Deum
1145 692 1227 750 puras
1241 678 1367 753 levesque
1380 698 1436 740 non
1450 685 1560 757 poterit.
1581 685 1636 744 Sed
1648 702 1699 744 nec
1711 688 1797 748 cesti-

133 755 255 814 modum
270 756 353 813 istum
367 753 633 829 iugiterrstinete,b
651 754 759 813 nullum
774 757 942 816 extrinsecus
994 767 1096 826 moniac
1115 770 1227 843 quidem
1245 772 1328 845 ipsius
1346 776 1497 849 puritatem
1520 777 1672 854 indisrupta
1696 782 1797 840 valebit

134 850 273 908 coctionis
295 849 468 923 pulmentum
483 846 700 906 ⁰diedominico
712 849 755 908 vel
767 848 940 922 sabbatius·
990 857 1106 934 jugitate
1128 863 1336 935 senercunis
1358 863 1388 924 ei
1406 870 1490 926 etiam
1512 869 1608 929 diebus
1626 872 1678 929 illis
1697 875 1796 946 quibus

132 959 189 1019 (1⁰0
203 944 256 1003 ⁸1¹¹)
271 943 361 1017 anilla
375 941 580 1001 adlffliffltillffl
596 941 716 1001 fimum
734 946 879 1003 occasione
892 958 939 1002 δῦ·
993 968 1104 1013 earnem
1113 957 1217 1015 acriore
1229 957 1513 1022 videturcontiuentis
1525 967 1668 1041 castigare,
1681 979 1795 1042 praeter·

131 1045 257 1109 mentes3
273 1053 340 1095 nain
358 1037 403 1095 liis
422 1036 525 1095 relecta
551 1051 617 1094 caio
640 1037 809 1095 non‘solum
833 1038 940 1097 minore
992 1048 1030 1105 ite
1052 1049 1105 1106 eibi
1133 1052 1256 1121 materia,
1284 1055 1408 1126 quamvis
1432 1057 1466 1114 ad
1489 1074 1609 1130 presens
1630 1061 1736 1123 delecto
1760 1067 1796 1125 sit

130 1135 290 1209 quantitate
303 1133 400 1192 diebus
419 1132 537 1191 residuis
549 1132 651 1206 poterit
667 1135 825 1205 metentaii,
841 1151 938 1195 serum
992 1157 1116 1217 corpore,
1127 1145 1218 1218 ignem
1231 1148 1581 1223 carnalisconcuptscentiae
1592 1154 1793 1218 subministrat.

130 1226 217 1285 mam
226 1232 316 1286 totam
331 1227 508 1285 relectionem
516 1226 575 1283 sine
588 1225 682 1285 labore
694 1226 815 1299 differre,
829 1228 939 1288 illorum

129 1320 238 1379 scilicet
248 1321 374 1380 ciborum
388 1336 459 1395 quos
471 1320 640 1379 extrinsecus
654 1323 801 1396 sumpserit
810 1323 938 1397 adjectio-
990 1358 995 1371 ·
1245 1286 1388 1344 ‘CAPUT
1407 1288 1518 1345 xxm·

131 1429 169 1472 ne
178 1413 302 1472 suilulta.
316 1414 397 1485 Quod
406 1413 572 1472 nullomodo
580 1413 681 1484 iacere,
692 1431 743 1473 nec
753 1415 937 1476 relectionem
1028 1403 1758 1490 Quemadmodumaonndontioebamoiumsenentiam

132 1507 332 1583 penisdiiierre
343 1509 372 1564 in
385 1508 460 1566 diem
477 1515 619 1581 posterum
628 1509 796 1582 praerelebit,
808 1512 935 1587 quisquis
1304 1482 1481 1547 mmmm·

130 1599 217 1658 fuerit
227 1615 336 1674 semper
347 1600 486 1674 praedictae
503 1615 641 1659 mensurae
655 1602 805 1675 quantitate
819 1610 932 1661 conten·
1026 1601 1096 1655 Nam
1114 1599 1187 1672 quod
1208 1601 1290 1658 semel
1306 1617 1355 1676 per
1376 1618 1500 1662 escarum
1514 1604 1708 1663 abundantiam
1728 1624 1794 1665 cou-

132 1701 189 1752 tus.
201 1695 310 1751 Etenim
325 1693 438 1751 memini
451 1695 574 1752 seniores
584 1701 694 1752 nostros
707 1695 791 1768 (quod
804 1711 857 1754 uos
867 1712 935 1771 quo·
990 1700 1097 1749 cretum
1118 1692 1248 1750 fueritin
1272 1696 1409 1767 medullis,
1425 1712 1535 1755 necesse
1557 1706 1600 1756 est
1613 1700 1695 1773 egeri,
1711 1708 1792 1774 atque

131 1801 190 1859 que
209 1787 314 1845 retineo
337 1787 495 1859 frequenter
512 1787 599 1846 fuisse
618 1793 840 1863 perpessoslcum
858 1800 973 1881 tantoB
990 1785 1209 1858 ebipetnetttrae
1222 1788 1281 1861 lege
1292 1789 1417 1863 propelli,
1432 1806 1495 1864 quae
1515 1792 1720 1852 exuberantiam
1742 1811 1792 1852 cu·

132 1878 439 1939 laboreacdiillcultate
454 1881 526 1939 banc
542 1883 744 1955 percimoniam
757 1891 934 1955 sustentasse,
985 1879 1099 1952 Juslibet
1116 1879 1238 1938 liumnris
1251 1883 1394 1954 superllui,
1413 1884 1486 1942 velut
1506 1885 1616 1944 noriam
1639 1887 1691 1943 sibi
1710 1897 1796 1962 atque
1876 1952 1880 1957 ,

131 1980 262 2046 mutaque
275 1974 392 2047 viatque
406 1975 496 2033 inedia
511 1975 669 2049 praedictam
686 1978 836 2036 custodisse
855 1994 935 2036 men·
988 1973 1164 2042 manniam,
1176 1973 1202 2029 5¹¹
1212 1975 1358 2048 semetipsa
1372 1976 1492 2034 relidere
1507 1993 1565 2035 non
1583 1979 1692 2050 petitur·
1709 1979 1789 2039 Μυο-

129 2080 238 2136 susam,
256 2077 289 2125 ut
299 2067 373 2125 insiti
383 2069 600 2142 quodammodo,
610 2087 662 2130 uec
671 2072 730 2129 sine
741 2073 845 2146 gemitu
854 2082 935 2147 atque
988 2082 1043 2142 que
1056 2067 1210 2125 rationabili
1221 2081 1331 2141 semper
1343 2076 1370 2125 et
1383 2070 1480 2142 equali
1495 2078 1537 2128 est
1549 2087 1648 2144 corpus
1662 2082 1790 2131 nostrum

134 2159 246 2218 tristina
257 2161 331 2220 bunc
342 2163 424 2221 mem
435 2163 647 2223 sibireiectiouis
669 2164 856 2240 imponerent.
989 2162 1372 2238 parcimoniacasugindum‚
1390 2173 1422 2222 ul
1436 2165 1459 2223 ii
1472 2164 1588 2223 flamrtfi
1603 2166 1655 2224 ¹¹⁸0
1673 2169 1791 2226 nemsi·

425 2266 644 2324 cppurxxn,
874 2246 877 2251 ’
988 2264 1045 2314 tate
1067 2265 1270 2314 commorantes
1292 2257 1320 2313 in
1335 2272 1416 2315 carne
1434 2258 1604 2316 omnimodis
1623 2275 1714 2317 carere
1731 2277 1789 2318 nou

208 2361 323 2428 minum
336 2360 468 2429 pennalis
480 2362 649 2416 monentia
662 2376 694 2416 oe
710 2362 864 2430 refectionis
883 2377 888 2387 ·
987 2366 1145 2426 postumus,
1160 2351 1257 2410 saltem
1271 2352 1419 2409 rariusnos
1431 2361 1459 2409 et
1473 2345 1484 2386 ¹
1502 2369 1558 2411 uon
1572 2354 1690 2427 amplius
1707 2370 1791 2428 quam

465 2431 560 2487 ”W
570 2434 615 2487 δῦ·
985 2446 1055 2504 trina
1067 2447 1125 2504 rice
1138 2460 1278 2520 respersos
1299 2445 1351 2504 ista
1371 2447 1527 2505 colluvione
1545 2448 1631 2506 totius
1645 2449 1709 2505 auni
1729 2465 1790 2507 cur·

168 2532 306 2592 Generalis
321 2541 417 2589 temen
434 2531 481 2589 bic
494 2533 672 2611 continentiae
690 2532 790 2591 modus
806 2543 857 2600 est,
874 2536 930 2593 utd
985 2554 1032 2596 sus
1052 2540 1183 2596 inveniat.
1198 2538 1278 2609 Quod
1295 2546 1388 2595 umen
1403 2539 1463 2595 sine
1484 2538 1540 2597 ullo
1554 2540 1661 2611 pruritu
1680 2542 1790 2613 quietus

128 2626 283 2687 seeundum
289 2625 469 2700 capacitatem
480 2626 653 2697 viritum,rel
665 2626 800 2701 corporis,
813 2629 853 2685 sel
867 2637 932 2686 nta-
985 2638 1078 2704 egerat
1095 2646 1188 2703 sopor,
1207 2645 1265 2687 non
1279 2629 1359 2686 iallas
1373 2630 1463 2703 imago
1479 2630 1562 2688 index
1580 2633 1694 2688 occultae
1713 2635 1788 2692 volu·

131 2720 180 2791 tis,
194 2727 301 2777 tantum
310 2719 422 2777 sibimet
434 2718 486 2776 cibi
498 2719 685 2793 unusquisqne
697 2719 933 2794 concedatquan·
986 2712 1174 2796 ptatiselioiit.
1188 2721 1440 2793 Quamobrembaec
1448 2726 1790 2798 esttemperantie,quam

132 2823 194 2872 mm
203 2812 364 2872 sustentatio
378 2814 478 2883 caruis,
492 2828 548 2870 non
560 2823 693 2887 quantum
706 2813 872 2872 desiderium
887 2831 931 2872 sa·
985 2817 1116 2886 diximus,
1127 2816 1294 2875 coutinentia
1308 2824 1335 2874 et
1347 2817 1464 2890 qualitas
1480 2825 1563 2889 atque
1574 2833 1714 2888 mensura,
1728 2834 1790 2892 quae

129 2908 251 2967 multatis
264 2907 414 2981 exposcit.t
427 2910 458 2964 ln
474 2916 592 2980 unaque
604 2907 677 2966 enim
694 2916 771 2982 parte
788 2909 932 2969 sustinebit
984 2919 1094 2985 patrum
1105 2909 1325 2984 quoquejudicio
1334 2910 1543 2983 comprobatur,
1555 2919 1586 2968 ut
1600 2912 1789 2983 quotidianam

128 3003 286 3060 maximum
299 3002 509 3072 detrimentum,
529 3002 651 3076 quisquis
663 3003 874 3078 inaequalitatem
887 3013 931 3062 te-
985 3005 1063 3079 penis
1083 3002 1263 3062 relomionem
1283 3003 1441 3076 quotidiana
1459 3002 1606 3060 comitetur
1626 3003 1741 3073 esuries,
1761 3003 1790 3064 in

128 3110 294 3167 nens,uuuc
308 3096 606 3170 reniremJejuntornm
620 3095 746 3154 nuditate
756 3100 929 3171 coumringit
984 3113 1040 3157 nno
1054 3097 1205 3170 eodemque
1218 3105 1292 3154 statu
1307 3098 1427 3154 ammam
1441 3098 1541 3170 pariter
1552 3112 1704 3171 corpusque
1720 3114 1789 3156 con-

133 3205 211 3247 nnnc
227 3205 352 3248 escamm
375 3190 518 3246 nimietate
540 3188 682 3247 distendit.
705 3192 747 3248 Ut
760 3192 836 3247 euim
852 3207 932 3248 mens
946 3218 969 3283 C
985 3208 1112 3261 serians3
1127 3207 1178 3248 nec
1194 3192 1291 3265 jejunii
1310 3189 1467 3265 fatigatione
1485 3191 1638 3260 concidere,
1661 3209 1712 3250 nec
1727 3209 1789 3267 gra·

129 3282 186 3342 cibi
196 3284 323 3341 inanitate
334 3283 432 3340 lassata
453 3281 705 3355 perditorationnm
718 3283 930 3358 vigorem,dum
984 3285 1040 3341 sari
1059 3292 1180 3340 mentem
1202 3284 1346 3340 saturitate
1367 3284 1534 3356 permittens.
1559 3287 1647 3342 Tanta
1670 3301 1789 3360 namque

679 3391 807 3448 stanni
827 3393 938 3450 Gazittt
957 3389 1238 3450 COMMENTARIUS.

170 3490 183 3520 ⁸
198 3487 230 3547 ld
249 3494 291 3545 est
306 3487 431 3560 probare,
446 3502 514 3543 num
528 3486 573 3544 illa
589 3501 728 3558 mensura,
740 3489 819 3547 unius
829 3489 932 3548 seilicet
983 3489 1064 3557 solet,
1078 3497 1110 3546 ut
1123 3502 1155 3546 es
1167 3487 1237 3545 Vitis
1257 3487 1370 3545 Petrum
1384 3494 1413 3545 et
1431 3487 1574 3546 Lousiacis
1596 3486 1715 3546 historiis
1735 3504 1788 3546 no·

130 3556 213 3616 librae
229 3558 303 3631 panis
316 3560 346 3614 iu
360 3558 444 3626 diem,
458 3558 495 3614 sit
510 3559 577 3616 satis
590 3557 699 3617 modica
715 3567 744 3617 ct
760 3561 869 3635 exigna,
898 3578 931 3620 ac
983 3569 1043 3618 tum
1054 3569 1104 3618 est.

128 3628 376 3698 servitudiiticilis3
391 3628 516 3687 eamdem
525 3644 633 3703 semper
641 3646 674 3689 ac
686 3640 929 3706 perpetnotenete,
1019 3620 1082 3689 dlta
1097 3634 1132 3688 D.
1154 3629 1271 3688 Basilius
1297 3629 1332 3687 do
1352 3631 1444 3689 lnstit.
1464 3632 1593 3693 lionaeb.
1614 3647 1640 3688 c.
1664 3637 1696 3688 lo
1718 3631 1788 3688 lianc

129 3699 610 3759 nulleocsasioneeameroedentes.
984 3702 1064 3762 docet
1089 3717 1149 3761 esse
1170 3716 1331 3759 mensuram
1346 3701 1522 3759 continentiae
1543 3703 1635 3775 quoad
1654 3703 1743 3768 cibos,
1756 3712 1788 3759 ut

171 3773 185 3808 δ
204 3772 419 3830 pulmentarium
445 3772 512 3828 dixit
530 3776 565 3829 D.
585 3773 752 3832 Benedictus
767 3775 830 3832 loco
847 3790 929 3848 supra
984 3783 1066 3848 prout
1081 3789 1149 3832 usus
1168 3772 1300 3846 deposcit,
1325 3773 1365 3828 vel
1379 3781 1456 3840 setas,
1480 3773 1522 3828 vel
1542 3773 1634 3839 labor,
1647 3774 1688 3828 rel
1702 3772 1789 3829 robur

127 3841 840 3915 citamubitunecremaius:permanentemque,
853 3848 931 3902 mul·
982 3860 1018 3903 co
1069 3845 1117 3914 ris,
1139 3844 1181 3901 rel
1203 3842 1386 3901 commoditas
1407 3850 1465 3911 est,
1482 3842 1520 3898 ita
1540 3843 1622 3899 etiam
1637 3842 1739 3897 modiis
1761 3851 1790 3897 et

131 3913 170 3970 tis
182 3914 270 3973 modis
286 3914 425 3982 dicuntur,
447 3912 601 3969 secundum
619 3913 780 3968 varietatem
792 3915 930 3994 materia·
983 3930 1037 4039 ξω
1048 3920 1101 3972 tias
1113 3914 1169 3971 cibi
1183 3921 1370 3986 temperetur:
1386 3916 1476 3985 Neque
1487 3916 1568 3982 mim,
1584 3912 1682 3983 inquit,
1698 3914 1788 3981 possi·

128 3998 231 4042 rumex
258 3986 337 4043 uibus
348 3986 433 4052 liunt,
442 3982 548 4039 sedboc
559 3981 621 4037 loco
635 3980 848 4063 pulmentarium
856 3983 931 4041 idem
1002 3987 1038 4040 ile
1051 3991 1091 4041 est
1103 4001 1190 4040 omnes
1201 3989 1315 4053 fratres,
1330 4000 1413 4041 nimos
1426 3986 1555 4049 ordinm,
1571 3999 1603 4038 oc
1616 3983 1735 4045 modom,
1748 3984 1790 4039 vel

126 4002 259 4128 monia
268 4056 441 4129 pulmentum
456 4051 561 4108 lactum
574 4065 606 4107 eii
619 4050 747 4123 piscibus,
761 4052 826 4109 autl
882 4055 928 4110 mi·
985 4056 1105 4125 repetam
1118 4056 1261 4110 oisstodire.
1274 4058 1312 4111 lli
1322 4070 1384 4110 cero
1394 4058 1442 4125 oui
1453 4058 1514 4110 sons·
1522 4059 1594 4115 suist,
1605 4057 1718 4123 possioit
1733 4068 1789 4107 om-

128 4125 222 4194 nibus,
237 4128 293 4184 sive
305 4127 339 4181 de
353 4122 455 4189 berbii,
468 4122 509 4179 vel
519 4121 618 4186 ianua,
640 4131 688 4180 aut
701 4138 790 4180 caseo
802 4125 842 4179 Pn
855 4139 930 4180 men·
983 4140 1030 4181 ries
1040 4127 1159 4181 eamdent
1166 4140 1316 4180 mestrem
1327 4124 1636 4179 tmereincbstineatio.
1647 4127 1790 4180 immutari

128 4205 191 4256 tum
206 4199 293 4263 enim,
315 4203 346 4249 ut
355 4194 421 4250 dicit
437 4192 558 4250 Isidorus
576 4195 644 4262 (tib.
658 4209 697 4251 iit
714 4195 832 4267 Etpmol.
854 4210 876 4251 o.
891 4199 929 4263 i),
985 4201 1076 4252 cutem
1088 4199 1190 4268 oporiet
1197 4210 1248 4266 per
1259 4195 1388 4265 supulos,
1399 4197 1428 4249 iit
1439 4194 1537 4266 quibus
1552 4210 1633 4250 conso
1645 4195 1740 4265 ols'quo
1749 4195 1788 4252 di·

127 4268 233 4327 dicitur
250 4283 265 4320 a
279 4265 368 4347 pulte3
386 4264 442 4320 sive
457 4265 532 4321 enim
546 4266 604 4322 sola
620 4266 691 4339 puls,
705 4266 762 4324 sive
777 4265 844 4351 quid
857 4265 930 4326 eliud
984 4270 1120 4325 versitatis
1129 4268 1234 4330 eeistit,
1247 4266 1418 4337 procidentis
1427 4281 1459 4321 oc
1466 4269 1619 4337 provisione
1630 4281 1719 4322 eorum
1731 4268 1789 4337 qui·

127 4354 192 4397 eus
206 4335 384 4410 permistione
394 4344 528 4402 sumatur,
538 4337 709 4408 pulmentum
716 4354 771 4410 uon
781 4353 930 4412 incongrue
985 4339 1033 4394 biis
1044 4338 1222 4410 dispensandi
1235 4354 1300 4394 ostra
1315 4338 1371 4393 lieo
1391 4340 1530 4394 cominabso
1550 4344 1597 4395 est.
1616 4337 1693 4394 ldem
1708 4336 1789 4395 docet

147 4409 243 4466 icitur.
262 4408 360 4465 liicuut
370 4407 450 4463 etiam
460 4407 541 4479 aliqui
551 4407 624 4479 quod
637 4409 768 4483 quidquid
777 4409 841 4493 pani
854 4409 931 4468 addi-
983 4409 1062 4468 divus
1082 4409 1244 4467 Benedictus
1265 4409 1353 4483 capite
1375 4409 1411 4465 tri
1429 4408 1516 4466 mmo
1535 4420 1624 4475 sexto,
1644 4409 1787 4482 trigesimo

129 4488 187 4548 tur,
206 4479 344 4536 utmellus
357 4478 526 4542 comedatur,
545 4480 718 4551 pulmentum
733 4481 844 4538 dicitur.
862 4483 930 4539 llaec
982 4496 1068 4548 nono,
1084 4490 1112 4538 et
1123 4480 1331 4555 quadragesimo
1341 4424 1465 4555 tigifle
1480 4480 1537 4539 Ubi
1544 4480 1578 4539 de
1588 4497 1655 4538 cura
1664 4481 1787 4538 infirmo·

129 4550 187 4608 ille.
203 4551 379 4608 Pulmentum
395 4550 495 4620 itaque,
509 4550 566 4606 sivo
587 4550 800 4622 pulmentarium
818 4553 929 4626 proprie
982 4567 1046 4609 inm
1058 4552 1194 4621 habendi,
1207 4562 1235 4609 et
1247 4553 1282 4610 de
1294 4568 1423 4610 mensura
1435 4552 1490 4610 cibi
1512 4560 1540 4609 et
1554 4561 1646 4626 potus,
1669 4568 1718 4625 pro
1739 4567 1788 4607 ra-

130 4621 231 4679 dicitus
251 4620 459 4695 puls,veloibus
474 4621 502 4676 in
515 4620 815 4692 modumpultisiactus
827 4642 834 4677 :
847 4638 928 4697 gene·
982 4623 1058 4681 tione
1078 4624 1177 4694 aetatis,
1199 4624 1370 4693 valetudinis,
1394 4623 1494 4681 laboris
1507 4623 1636 4690 fratrum,
1660 4629 1787 4677 accurate

129 4691 217 4750 ratius
227 4701 321 4750 nmen
336 4691 495 4765 proquovis
507 4690 623 4748 obsonio
637 4691 769 4759 sumitur,
780 4691 929 4751 obsonium
982 4695 1113 4766 disponit.

129 4771 236 4831 autem,
248 4763 382 4837 quidquid
392 4764 419 4818 in
430 4763 536 4831 cibum,
568 4769 762 4834 rteterpanem,
773 4762 927 4822 adhibetur.
1019 4767 1166 4839 elliiplicat
1186 4765 1270 4820 modo
1291 4763 1360 4837 quid
1374 4764 1425 4819 sibi
1444 4761 1563 4843 'voluerit
1580 4758 1627 4840 illa
1642 4758 1786 4840 sententia.

128 4833 215 4893 Unde
228 4836 412 4906 pulmentum,
423 4842 451 4891 et
464 4778 616 4918 ansegisi
631 4833 723 4891 Graece
734 4834 848 4904 dictum,
896 4835 932 4893 od
944 4817 971 4880 Ῑ)
985 4835 1118 4909 dammare
1142 4836 1270 4914 latmsrs3
1296 4833 1359 4915 qnia
1382 4833 1514 4888 nimirum
1529 4835 1790 4912 “utriusquenimie-

129 4904 167 4962 ad
180 4904 295 4976 pultem,
308 4907 335 4964 id
349 4914 401 4969 est,
414 4921 512 4973 panem
527 4905 693 4978 adjungatur
707 4907 736 4961 iu
748 4852 929 4963 cibumffil-
985 4907 1060 4974 tatis,
1084 4907 1141 4962 sive
1155 4911 1346 4969 extremitatis,
1368 4899 1423 4957 boc
1440 4907 1492 4968 est,
1508 4914 1607 4982 nimiae·
1621 4899 1788 4958 abstinentiis

129 4984 189 5033 tem
200 4974 272 5032 euim
285 4978 381 5049 priseae
394 4976 431 5033 illi
444 4977 606 5033 Latinorum
620 4977 693 5048 genti
705 4991 754 5050 pio
769 4992 836 5048 pane
847 4976 932 5034 fuisse
985 4986 1013 5035 et
1026 4975 1118 5031 nimiae
1130 4973 1281 5040 edacitatis,
1296 4971 1409 5044 aequalia
1431 4971 1585 5030 sentiuntur
1599 4973 1786 5043 incommoda,

129 5044 246 5104 idoneus
259 5057 354 5105 auctor
364 5056 406 5104 est
415 5048 522 5105 Plinius
532 5049 601 5114 (lto.
612 5061 692 5104 xviii
704 5065 728 5103 c.
739 5049 779 5117 t),
792 5062 822 5103 ar
859 5062 932 5104 meu·
985 5048 1042 5104 sire
1056 5044 1146 5119 quoad
1160 5043 1325 5110 orationem,
1343 5044 1401 5100 sive
1436 5042 1504 5100 uoad
1523 5042 1694 5099 castimonie
1709 5043 1788 5116 puri-

129 5125 215 5190 toqne
230 5119 258 5174 id
270 5135 330 5176 esse
345 5127 439 5202 potest
452 5119 530 5192 quod
544 5116 724 5189 pulmentaria
740 5133 788 5190 pro
802 5119 825 5175 ci
845 5120 868 5175 is
882 5134 931 5176 sua
986 5126 1082 5186 tatem,
1099 5123 1130 5174 ut
1142 5115 1186 5171 bic
1200 5114 1357 5188 explicetur,
1374 5121 1401 5171 et
1413 5115 1430 5171 li
1454 5156 1459 5168 .
1475 5113 1711 5172 tlnstitut‘ionum
1726 5128 1784 5187 cip.

129 5189 214 5246 etiam
227 5200 308 5247 aetate
324 5190 489 5248 dicerentur.
510 5193 540 5246 ln
554 5193 626 5245 Euan
663 5190 697 5246 lio
716 5205 824 5263 quoque
853 5193 931 5247 loon.
986 5194 1079 5248 tete.

129 5259 847 5334 ni)legimus:Pueri,aumqetdpumontoriumba
880 5264 933 5318 tis?
1023 5260 1136 5332 ‘Quam
1149 5257 1264 5316 moleste
1273 5258 1387 5316 tulerint
1399 5267 1426 5316 et
1439 5274 1471 5317 er
1486 5259 1583 5316 intimo
1603 5256 1687 5313 animi
1706 5272 1788 5316 sensu

130 5331 182 5388 ubi
196 5334 349 5404 προσφάγιον
364 5335 468 5403 Graece,
487 5342 514 5390 et
531 5332 742 5405 pulmentarium
762 5333 861 5390 Latine
883 5348 932 5405 pro
988 5332 1171 5407 ingemuerint
1183 5331 1235 5388 viri
1256 5330 1301 5387 reli
1322 5331 1383 5402 'osi,
1395 5330 1417 5388 si
1432 5331 1541 5403 quando
1561 5329 1733 5403 contingeret
1742 5345 1789 5387 eos

130 5400 255 5482 piscibus
277 5405 398 5476 positum
413 5421 471 5462 esse
486 5404 660 5465 consentiunt
679 5403 857 5476 interpretes3
876 5420 932 5477 quo
988 5404 1015 5460 in
1030 5403 1245 5471 somersetiam
1259 5347 1333 5459 unffi:
1355 5416 1404 5459 sua
1417 5402 1506 5475 culpa,
1539 5402 1621 5472 ollui;
1640 5407 1669 5455 et
1685 5408 1788 5473 quanto

131 5478 218 5529 etiam
228 5477 312 5533 inodo
327 5476 472 5533 versimile
484 5483 525 5534 est
542 5493 557 5533 a
569 5475 601 5530 l).
613 5474 760 5533 Benedicto
772 5476 857 5547 accipi
869 5477 934 5544 (Ubi
987 5476 1079 5533 studio
1092 5484 1119 5532 et
1127 5473 1307 5531 sollicitudine
1317 5472 1469 5530 laborarint
1478 5480 1509 5529 ut
1521 5419 1573 5529 Eoo
1584 5472 1625 5528 vel
1634 5485 1790 5547 numquam

128 5543 239 5670 Wff·
987 5547 1030 5605 sel
1043 5546 1183 5604 radmimc
1195 5552 1364 5619 paterentur,
1375 5553 1449 5618 patet
1457 5552 1516 5601 tuni
1532 5560 1566 5601 ex
1577 5548 1632 5600 lioc
1646 5542 1718 5611 loco,
1729 5551 1789 5599 tuin

170 5621 181 5647 ⁴²
224 5622 318 5690 troque
330 5619 461 5676 nimirum
475 5618 547 5693 apud
560 5619 714 5679 orientales
727 5618 824 5677 iestivo
840 5625 868 5676 et
884 5634 931 5678 so·
987 5618 1124 5692 praecipue
1137 5632 1170 5674 cx
1191 5616 1283 5675 collat.
1306 5623 1352 5685 tt,
1368 5616 1415 5673 ubi
1430 5616 1465 5675 de
1486 5616 1576 5673 causis
1592 5613 1749 5687 pollutionis
1763 5620 1790 5668 et

129 5684 228 5755 lemni,
245 5696 274 5743 nt
290 5690 353 5746 alibi
376 5691 478 5762 saepius
499 5698 638 5759 notatum;
659 5691 761 5766 qulbus
782 5707 833 5765 pro
856 5706 932 5748 reve·
987 5689 1129 5748 nocturnis
1152 5688 1323 5746 illusionibus
1344 5687 1448 5760 plenius
1468 5686 1625 5757 disseritui3
1643 5683 1790 5756 dequibus

127 5756 220 5814 sentia
234 5758 400 5828 testivitatis,
412 5761 514 5835 aliquid
527 5761 642 5820 subinde
656 5764 698 5819 vel
718 5763 781 5830 olei,
795 5762 838 5818 rel
851 5761 933 5819 oleris
987 5762 1075 5820 etiam
1093 5760 1150 5833 agit
1164 5759 1300 5819 climacus
1316 5760 1403 5835 gradu
1415 5760 1522 5819 decimo
1534 5760 1642 5831 quinto.

127 5829 215 5898 cocti,
228 5846 279 5904 pro
291 5833 407 5889 obsonio
418 5847 468 5890 seu
477 5832 619 5906 pulmento
631 5833 776 5892 monacbis
797 5832 932 5908 indulgeri

242 5921 375 5980 Parnon.
394 5921 492 5978 xllx
1627 5911 1667 5963 ἢ
