3848 6158
88 220 94 230 .
133 193 201 249 ress
407 138 413 149 ’
602 179 771 240 ιοιιιιιι
790 180 883 238 ιιιι.
903 208 939 222 -
958 178 1004 235 nn
1023 175 1324 235 uoarrrrmrrona.
1727 180 1795 239 ιιιι

129 321 173 373 rio
180 315 303 371 omidunt
310 313 422 384 pigrum
437 307 569 380 (Proonb.
580 306 656 378 xxx).
673 308 744 363 llam
755 313 784 362 et
796 304 875 362 nobis
886 320 936 377 po·
949 307 976 370 Α
989 305 1067 376 ponit
1080 318 1153 373 spem
1165 317 1245 358 mam
1259 305 1289 357 in
1302 302 1408 358 bomine
1420 302 1524 373 (ternu.
1539 303 1639 375 xvix);
1657 311 1697 370 et,
1709 307 1799 364 Nolite

130 414 220 467 terent
230 407 290 462 haec
307 418 369 475 quae
381 399 597 458 commendastis
606 397 759 455 carnalium
773 393 937 454 commodo-
991 399 1123 468 confidere
1133 398 1165 453 in
1176 398 1317 470 princibus
1331 398 1416 465 (Psoi.
1432 398 1533 467 exsul.
1550 398 1697 456 Potuimus
1710 400 1796 457 etiam

129 517 195 559 rum
221 515 278 556 non
299 496 395 554 (ιιιιιι
416 493 595 566 compendia,
621 493 645 549 si
670 491 883 549 credidissemus
905 507 937 549 ea
993 490 1104 548 cellulas
1116 490 1215 548 saltem
1241 500 1352 549 nostras
1375 505 1458 564 super
1471 491 1526 547 Nili
1541 491 1665 549 fluminis
1687 493 1796 553 alveum

131 603 226 653 nostro
241 592 386 651 convenire
398 589 550 663 proposito,
564 596 613 645 aut
630 586 714 644 talem
727 602 761 642 ex
775 585 829 643 illis
847 601 935 644 amoe·
992 585 1172 655 collocantes,
1195 600 1297 659 aquam
1314 584 1418 642 babere
1432 600 1483 658 pro
1499 582 1606 642 foribus
1617 595 1641 656 ⁸,
1656 601 1692 643 ne
1707 603 1797 645 eamn

132 690 249 747 nitatem
275 683 460 753 voluptatibus
488 681 608 738 fructum
639 679 719 737 nobis
739 679 940 752 judicassemus
992 687 1112 752 quatuor
1131 678 1253 736 millibus
1264 694 1396 752 passuum
1423 678 1527 736 nostris
1556 695 1719 753 cogeremur
1745 680 1798 739 de·

133 799 214 856 posse
235 778 373 848 conferri,
399 772 486 851 qualis
501 777 553 835 iste
573 776 673 849 estqui
699 775 734 833 de
749 773 940 832 hoclocorum
995 770 1065 829 icere
1086 771 1254 842 cerrieibus,
1281 771 1334 829 nisi
1365 787 1418 830 nos
1443 771 1670 846 adtolerantiam
1695 773 1798 832 laboris

134 876 261 948 squalore
282 879 310 928 et
338 870 463 942 eorporis
487 868 652 927 contritione
682 867 863 939 conquiritur.
884 870 940 924 lie-e
995 866 1076 924 istius
1087 865 1240 925 indefessos
1251 866 1349 925 beatus
1369 865 1517 939 Apostolus
1536 865 1667 937 reddam,
1685 866 1738 925 boc
1747 867 1797 942 ju-

134 982 232 1024 sumus
245 965 282 1021 ita
307 971 454 1037 parentum
467 962 565 1019 solatio
578 960 719 1027 destituti,
743 968 775 1018 ut
790 959 880 1017 desint
893 959 940 1031 qui
995 960 1207 1032 giteranimoret
1219 958 1326 1033 eloquio
1341 979 1349 1014 ι
1367 962 1566 1031 Unusquisque,
1578 960 1718 1033 inquiens,
1730 977 1796 1032 pro·

135 1059 170 1117 de
183 1060 239 1116 suis
251 1056 413 1114 substantiis
427 1064 584 1112 sustentare
598 1071 650 1111 nos
664 1053 811 1128 gaudeant,
824 1052 876 1110 nisi
886 1069 939 1109 no-
992 1055 1082 1123 primu
1113 1053 1259 1110 mecedem
1284 1055 1396 1124 acupiet
1417 1053 1563 1109 secundum
1581 1068 1661 1109 suum
1680 1053 1796 1110 laborem

135 1152 176 1208 bis
191 1151 382 1208 illasententia
398 1150 544 1207 salvatoris
567 1164 730 1217 occurrens,
744 1147 877 1220 quidquid
905 1145 940 1203 ad
994 1150 1016 1213 (1
1036 1148 1096 1205 Cor.
1112 1147 1169 1219 111).
1193 1151 1249 1205 Nec
1270 1147 1429 1219 ignoramus
1441 1163 1500 1205 esse
1515 1148 1645 1206 nonnulla
1665 1148 1692 1205 in
1706 1148 1797 1223 reglo-

137 1245 225 1303 iotum
236 1245 318 1318 liujus
335 1245 455 1317 pertinet
471 1244 561 1301 carnis
574 1243 749 1311 excluderet,
761 1259 815 1316 qua
827 1240 938 1307 dieitur,
993 1241 1077 1297 nibus
1090 1239 1193 1296 nostris
1215 1254 1325 1296 amoena
1350 1247 1470 1308 secreta,
1485 1240 1629 1311 inquibus
1648 1256 1797 1311 pomorum

137 1343 192 1409 Qui
205 1356 257 1395 reon
271 1342 412 1410 reliquerit
425 1339 480 1395 sire
500 1338 589 1396 oderit
603 1344 723 1410 putrem,
739 1343 765 1393 et
778 1342 903 1405 matrem,
914 1339 940 1390 et
995 1333 1083 1404 eopia,
1094 1333 1273 1388 etbortorum
1293 1330 1390 1402 gratia,
1402 1331 1445 1386 rel
1460 1329 1588 1399 ubertas,
1603 1331 1796 1388 necessitatem

135 1436 215 1504 tilios,
231 1439 257 1490 et
271 1436 385 1504 iratres,
402 1451 456 1490 non
467 1438 556 1505 potest
566 1449 639 1489 metes
651 1448 705 1488 esse
718 1430 868 1503 discipulus
882 1432 940 1484 Lu·
995 1427 1085 1482 rictus
1110 1410 1199 1481 nostri
1221 1422 1337 1479 minimo
1357 1421 1452 1478 labore
1472 1423 1597 1495 corporis
1620 1424 1796 1497 expedirent:

137 1543 173 1583 cu
186 1529 259 1600 xxv).
275 1528 355 1599 Quod
371 1529 393 1585 si
416 1536 560 1600 parentum
582 1542 692 1599 quoque
700 1541 825 1583 essemus
847 1523 939 1597 praesi·
994 1519 1048 1575 nisi
1076 1515 1283 1591 impingendam
1299 1516 1379 1573 nobis
1392 1516 1467 1572 illam
1486 1516 1721 1588 exprobrationem
1735 1533 1798 1590 qum

137 1619 183 1677 dio
200 1622 335 1687 destituti,
360 1620 489 1677 certesei
513 1628 659 1692 potentum
674 1619 768 1677 mundi
793 1618 871 1675 istius
889 1615 941 1672 ob·
995 1612 1029 1669 ad
1042 1612 1119 1669 illum
1140 1612 1166 1667 in
1192 1610 1339 1683 Evangelio
1363 1608 1467 1667 directa
1487 1617 1529 1667 est
1551 1611 1674 1682 divitem,
1689 1627 1798 1668 verere-

137 1714 229 1786 sequia
244 1712 339 1770 deesse
353 1729 408 1770 non
422 1722 543 1785 possent,
566 1716 613 1785 qui
628 1715 835 1785 promptissima
858 1709 979 1783 largi-B
995 1721 1058 1762 mur
1077 1725 1084 1760 ε
1102 1707 1169 1774 Quia
1181 1707 1305 1776 recepisti
1319 1706 1524 1760 consolationem
1544 1708 1620 1760 tuom
1639 1707 1738 1761 irruite
1750 1712 1799 1763 tua

139 1814 195 1863 tate
221 1806 426 1862 necessitatibus
459 1805 562 1862 nostris
597 1820 660 1862 eum
688 1806 762 1862 omni
789 1805 940 1880 gratiarum
996 1800 1081 1871 (Luce
1095 1798 1262 1867 xri).¹³sed
1275 1797 1411 1872 despectis
1425 1798 1727 1856 illisomnibusetcum
1741 1801 1800 1859 uni·

140 1900 245 1956 actione
263 1899 473 1956 subministrare
498 1897 659 1970 gauderent,
685 1915 802 1971 quorum
824 1899 941 1957 munili-
995 1909 1073 1952 versa
1087 1891 1184 1951 mundi
1200 1891 1281 1966 buius
1295 1892 1436 1967 voluptate
1449 1891 1677 1965 contemptisrbiss
1690 1900 1798 1950 lanium

139 1994 230 2049 centia
242 1992 404 2057 sustentati,
428 1991 541 2064 parandi
559 1990 646 2048 rietus
666 1990 849 2050 sollicitudine
865 2008 940 2050 care·
996 1987 1169 2061 squaloribus
1191 1986 1373 2057 delectamur,
1398 1986 1585 2060 universisque
1606 1986 1710 2045 deliciis
1730 1988 1798 2044 bor-

139 2101 244 2155 remus,
259 2086 311 2142 nisi
332 2101 382 2142 nos
396 2084 576 2142 vehementer
594 2085 639 2141 illa
653 2084 814 2158 prophetica
831 2086 944 2143 maledi·
997 2080 1112 2139 rendam
1137 2079 1298 2138 solitudinis
1324 2081 1403 2138 istius
1432 2080 1603 2152 preterimus
1631 2080 1799 2152 vastitatem,

140 2178 196 2234 etio
209 2178 360 2236 deterreret
374 2195 381 2233 ι
403 2193 470 2234 nam
483 2178 655 2241 Maledictus,
680 2178 780 2251 inquit,
797 2179 874 2235 bomo
896 2183 946 2250 qui
998 2195 1088 2251 neque
1101 2178 1165 2235 buie
1179 2194 1327 2236 arenarum
1340 2178 1517 2236 amaritudini
1532 2179 1693 2252 quantasvis
1706 2177 1800 2237 uberis

692 2339 819 2396 ALdell
838 2341 950 2397 GbZAEl
969 2339 1250 2397 COMMENTARIUS.

141 2492 267 2546 uocabulo
277 2491 945 2562 denotaturquiuultreqnurecumdomino,etnon
999 2492 1096 2547 cedem
1121 2491 1196 2559 erod
1208 2507 1267 2545 eum
1280 2490 1400 2545 audisset
1413 2504 1504 2552 senec,
1519 2491 1589 2556 forti
1602 2492 1693 2544 animo
1708 2493 1800 2558 factrus

139 2566 202 2632 pati
213 2578 309 2618 cumea
326 2581 334 2616 r
349 2563 482 2618 delectant
493 2566 621 2634 prumia,
638 2580 696 2619 cum
707 2566 877 2635 pollicentur,
896 2564 945 2619 dc-
996 2563 1158 2633 promptior,
1185 2565 1209 2615 ιι
1228 2561 1318 2616 adbuc
1338 2561 1442 2631 lonqius
1457 2563 1547 2631 posuit
1561 2558 1654 2616 cellam
1676 2577 1753 2617 sunm
1765 2563 1801 2617 ab

144 2637 245 2688 terrent
256 2637 403 2689 certamina
418 2650 477 2689 cum
484 2635 625 2704 jubentur.
641 2639 679 2690 lie
690 2651 743 2705 quo
758 2635 867 2691 lacobus
880 2638 921 2690 ait
936 2654 944 2689 :
999 2650 1072 2704 aqua
1084 2631 1143 2687 illa.
1163 2633 1231 2688 llaec
1244 2631 1290 2689 ibi.

147 2705 197 2761 Vir
210 2704 313 2774 duplas
326 2708 414 2760 animo
431 2708 586 2761 inconstans
600 2711 639 2761 est
653 2708 681 2759 in
695 2707 815 2762 omnbus
825 2709 877 2761 uiis
888 2707 946 2762 suis
1036 2698 1103 2760 bSic
1115 2706 1148 2758 l).
1163 2703 1352 2775 Hieronymus
1364 2700 1479 2782 libriin
1490 2701 1664 2759 toriniacum
1679 2704 1799 2776 (Capi),

144 2774 211 2845 (luc.
228 2775 260 2845 ι).
276 2780 311 2831 Et
317 2777 391 2845 ilius
402 2777 498 2831 sirecte
512 2795 520 2830 :
534 2781 582 2831 ιιι
595 2780 729 2846 peccatori
736 2782 836 2833 terrum
850 2779 945 2846 inqre-
1000 2781 1148 2847 postquam
1172 2774 1267 2830 multis
1289 2772 1411 2830 ostendit
1428 2771 1606 2829 solitudinem
1628 2776 1800 2848 contempla·

144 2846 231 2899 diruti
241 2846 344 2900 duabus
354 2849 403 2900 iiis
416 2847 520 2916 (Eccles.
539 2849 585 2914 xx).
1001 2844 1068 2900 tioni
1084 2844 1172 2915 magis
1183 2852 1395 2900 consentaneam
1417 2850 1446 2898 ct
1465 2844 1647 2900 necessariam
1662 2862 1669 2900 ε
1684 2850 1744 2913 His,
1756 2846 1800 2901 in-

180 2917 243 2967 ·ltn
255 2914 295 2967 itti
307 2916 393 2968 sancti
406 2916 531 2969 eremitae
546 2925 574 2970 et
592 2916 721 2972 monaehi
735 2916 867 2997 AEgyptii,
881 2931 945 2972 cum
999 2915 1070 2985 quit,
1085 2916 1241 2971 rationibus
1252 2917 1361 2971 inuicti
1366 2915 1447 2969 multi
1456 2915 1675 2986 pbilosophorum
1683 2918 1802 2989 relique·

165 2989 259 3039 essent
273 2982 312 3036 rel
328 2981 363 3036 ad
377 2982 432 3037 liiii
454 2983 538 3052 ripas,
552 2984 595 3037 rel
611 2984 672 3039 aliis
690 2986 720 3038 in
734 2987 803 3039 locis
818 2999 945 3041 commo·
1000 2990 1066 3040 runt
1076 2988 1246 3055 frequentias
1258 2986 1378 3052 urbium,
1389 2989 1414 3041 et
1431 2986 1551 3041 hortulos
1563 2986 1740 3057 macarianos,
1755 2988 1804 3043 ubi

146 2997 274 3109 simibus
286 3052 363 3107 sedes
375 3052 468 3123 figere,
481 3051 529 3107 ubi
542 3053 692 3124 eproximo
704 3069 804 3125 aquam
818 3054 874 3109 suis
888 3056 946 3110 usi·
1000 3070 1064 3123 uqer
1083 3060 1203 3125 irruguus
1221 3062 1246 3111 et
1260 3057 1387 3112 arborum
1408 3071 1497 3120 come,
1516 3061 1541 3111 ιι
1555 3072 1684 3115 susurrus
1698 3061 1800 3124 onium,

147 3122 198 3180 bus
224 3122 406 3179 necessariam
435 3122 594 3192 haurirent;
620 3132 711 3180 tamen
736 3123 892 3180 macerandi
920 3134 948 3182 et
1000 3127 1084 3192 sorrtis
1097 3128 1243 3197 specmmn,
1257 3129 1332 3183 ricus
1342 3130 1562 3191 immurmurans,
1577 3133 1602 3184 et
1613 3131 1705 3186 multo
1717 3131 1802 3186 omlo-

148 3193 298 3264 castigandi
313 3192 436 3265 corporis
461 3193 570 3262 studia,
597 3195 656 3250 loca
700 3195 773 3252 otius
797 3194 888 3263 arida,
902 3196 945 3251 in·
1001 3212 1062 3251 rum
1075 3200 1235 3268 auriumque
1247 3199 1387 3266 illecebru3
1401 3199 1600 3268 neperlumtm
1618 3205 1644 3256 ct
1655 3202 1803 3257 abundan-

147 3274 309 3393 urss
323 3211 945 3394 aaaronerlisereren
965 3269 1802 3396 emmerammensis

148 3352 230 3463 meris
243 3408 277 3464 ad
301 3377 364 3464 s’uas
378 3352 489 3463 cellulas
506 3416 553 3464 aut
566 3353 729 3465 ministeria
741 3406 849 3464 deterre
863 3423 946 3480 coge·
997 3353 1062 3462 {lere
1072 3424 1123 3478 per
1134 3423 1193 3477 quae
1202 3352 1350 3476 demando
1359 3410 1453 3488 captus
1467 3354 1516 3469 sig,
1530 3354 1661 3463 effloruere
1675 3415 1701 3465 te
1721 3359 1804 3484 capsi:

148 3487 253 3535 rentur.
276 3479 320 3535 Sic
335 3478 473 3535 Palladius
494 3478 567 3535 inter
579 3479 647 3535 alies
660 3478 766 3536 abbatis
779 3479 883 3552 Moysis
895 3495 947 3536 eu·
1001 3481 1117 3533 cimento
1125 3481 1286 3533 committere
1300 3478 1398 3547 quibus
1415 3477 1564 3546 difficulter
1579 3494 1679 3536 careas.
1691 3484 1762 3539 Nam
1776 3487 1804 3539 et

148 3551 379 3606 steritateszPost
395 3552 460 3613 buc,
473 3549 572 3622 inquit,
588 3552 671 3606 ulrum
689 3552 947 3621 emisuqqessitra-
1001 3553 1053 3618 Pqt
1110 3551 1174 3604 oraei
1188 3548 1373 3619 nujuscemodi
1387 3549 1567 3617 frequentium
1586 3551 1759 3619 declinantes,
1774 3558 1804 3610 in

149 3623 247 3676 tionem
260 3638 363 3693 aspero
377 3625 440 3678 situ
451 3622 574 3692 apendre.
591 3623 737 3692 digrediens
750 3623 795 3677 ιιι
805 3623 885 3692 puqtt
899 3623 949 3680 sa-
1002 3622 1085 3675 solitu
1105 3623 1149 3674 ine
1159 3625 1184 3675 et
1197 3620 1307 3675 desertis
1321 3610 1383 3675 locis
1398 3619 1519 3674 babitare
1532 3629 1729 3679 connumerant.
1741 3627 1804 3682 Pla-

149 3697 219 3747 tanre
232 3693 316 3763 (eane
325 3696 464 3748 enimcum
472 3709 501 3747 co
512 3694 668 3760 dmertaoit)
678 3694 798 3749 noctibus
809 3693 904 3749 abibat
912 3693 950 3748 ad
1003 3693 1085 3746 tonici
1094 3707 1198 3761 quoque
1211 3696 1236 3746 et
1244 3692 1326 3748 Stoici
1331 3692 1361 3744 in
1373 3690 1531 3760 templorum
1545 3692 1608 3747 locis
1618 3698 1644 3748 ιι
1657 3697 1804 3765 porticibus

147 3764 225 3818 celliis
238 3765 428 3819 monoclerum
444 3767 532 3833 quise
550 3765 696 3820 exercendo
714 3767 907 3820 consenuerant
919 3766 949 3821 in
1002 3763 1189 3829 versabantur,
1202 3766 1233 3816 ut
1240 3761 1543 3829 admonitiauqustioris
1552 3763 1700 3819 habitaculi
1706 3772 1805 3823 saneti·

151 3834 301 3899 laboribus,
318 3840 343 3889 et
355 3852 406 3903 per
413 3851 440 3889 se
454 3852 554 3902 aquam
567 3851 621 3890 non
633 3841 759 3904 poterant
769 3836 886 3905 amplius
895 3837 950 3890 im·
1004 3838 1068 3896 tate,
1079 3835 1149 3889 nibil
1163 3832 1241 3888 aliud
1250 3848 1332 3903 quum
1347 3832 1382 3888 dc
1394 3833 1544 3888 uirtutibus
1550 3836 1704 3903 copitarent.
1714 3838 1767 3894 Sed
1779 3843 1804 3893 et

146 3910 273 3974 portare;
289 3909 315 3957 et
324 3905 457 3972 accipiens
479 3903 602 3971 qurios.
623 3906 661 3957 cis
674 3907 867 3970 nescientibus,
887 3907 950 3961 illas
1004 3907 1061 3974 ipse
1072 3906 1150 3960 Pluto
1164 3920 1223 3960 cum
1237 3909 1304 3959 esset
1315 3904 1398 3967 ditus,
1412 3907 1437 3959 ιι
1452 3902 1541 3960 thoros
1555 3904 1612 3974 ejece
1624 3908 1752 3977 Diogenes
1763 3911 1804 3964 lu·

149 3972 952 4114 restititilitttt{tribunitii
1004 3976 1805 4116 tttitlltntttltitlsstititttitlltttlit

467 4082 494 4109 ‘r
941 4087 949 4109 r
1635 4087 1638 4091 ¹

151 4117 202 4169 ulii
210 4132 270 4170 uero
282 4116 319 4170 ad
331 4118 462 4185 quinque,
471 4115 522 4168 alii
531 4130 593 4169 ocro
603 4116 640 4169 ud
653 4116 805 4170 dimidium.
821 4116 952 4172 &zeme-
1003 4114 1147 4182 mentum,
1162 4115 1208 4170 sed
1229 4117 1255 4168 et
1272 4114 1454 4184 pestilentum,-
1468 4118 1500 4168 ut
1512 4129 1577 4169 cura
1595 4122 1621 4171 et
1643 4120 1806 4177 msidubnte

152 4203 203 4241 nus
228 4187 299 4241 idem
324 4201 440 4241 narrans
459 4184 516 4241 bace
539 4192 677 4257 postrema
694 4186 774 4242 verba
789 4187 829 4242 sic
842 4187 952 4257 exponit
1004 4184 1156 4240 morborum
1169 4185 1291 4239 libidinis
1302 4185 1610 4255 impetussranqeretur,
1626 4188 1807 4262 discipulique

153 4258 223 4323 (Lib.
235 4272 265 4311 vr
276 4272 334 4327 cap.
346 4260 391 4321 ιιι)
405 4274 412 4310 :
424 4260 475 4312 lies
485 4262 544 4312 erat
554 4255 632 4313 valde
641 4258 792 4323 laboriosoq
806 4274 870 4313 nam
880 4259 951 4313 locus
1004 4258 1049 4310 sui
1057 4256 1162 4311 nullam
1173 4257 1258 4311 aliam
1267 4258 1395 4311 sentirent
1408 4256 1580 4326 voluptatem,
1595 4260 1651 4315 nisi
1658 4276 1752 4317 eurum
1764 4280 1806 4319 re·

151 4327 223 4383 unde
234 4328 506 4397 aquombauricbant
517 4329 552 4383 ab
563 4329 725 4384 oliisdecem
738 4330 842 4398 stadio,
854 4330 954 4399 uiginti
1004 4343 1065 4382 rum
1088 4342 1155 4397 quas
1176 4328 1317 4383 discerent.
1340 4326 1474 4395 erosdcm
1488 4328 1599 4397 lcqe'mns
1618 4330 1740 4401 effodisse
1753 4335 1807 4390 sibi

151 4399 185 4454 ab
198 4400 270 4462 aliis,
287 4400 321 4453 ab
341 4400 402 4453 aliis
415 4400 532 4469 amplius
551 4401 667 4469 triginta
687 4401 790 4467 obfuit.
805 4400 952 4457 Cassianus
1005 4399 1100 4462 oculos,
1118 4414 1150 4454 ne
1158 4414 1210 4469 per
1222 4413 1314 4454 eorum
1325 4399 1444 4455 nnuma
1462 4401 1679 4471 contemplatione
1687 4405 1806 4476 pbiloso-

152 4469 268 4539 denique
278 4469 326 4524 lrb.
335 4485 355 4524 v
367 4470 488 4525 institut.
502 4486 562 4542 cap.
575 4476 628 4526 ae:
646 4474 742 4534 Tanta,
756 4471 853 4543 inquit,
864 4473 951 4542 ipsius
1001 4470 1077 4539 phire
1087 4473 1275 4526 avocarentur.
1288 4470 1362 4526 Unde
1375 4475 1401 4525 et
1413 4471 1504 4529 Grates
1514 4471 1562 4526 illc
1576 4473 1806 4548 Thebanusprojc·
1895 4494 1918 4515 ··

153 4557 231 4609 aquae
242 4543 360 4609 penuria
378 4544 607 4611 restringuntur,
626 4547 657 4597 ut
672 4544 723 4597 tali
735 4558 793 4598 eom
808 4544 951 4613 diligentia
1004 4546 1045 4596 cto
1055 4543 1083 4597 in
1097 4558 1172 4598 mare
1184 4558 1238 4597 non
1246 4557 1332 4613 porro
1351 4542 1541 4613 auripondcre
1558 4559 1568 4597 .·
1589 4545 1679 4615 Abitc,
1702 4547 1804 4618 inquit,

152 4614 326 4682 scrupuloque
342 4612 506 4682 dispensent,
527 4614 604 4682 quali
615 4629 690 4669 nemo
704 4615 950 4684 frugalissimorum
1002 4627 1117 4682 pessum,
1132 4615 1212 4669 malie
1228 4613 1390 4683 cupiditates
1413 4632 1421 4667 z
1437 4630 1483 4683 eqo
1496 4629 1541 4669 eos
1558 4630 1688 4684 mergum
1703 4632 1736 4671 ne
1749 4620 1806 4688 ipse

153 4686 266 4755 speciem
289 4684 454 4753 pretrbssimi
470 4686 530 4738 viret
545 4691 681 4739 consumat
695 4691 721 4740 et
752 4689 831 4741 arcit.
857 4687 953 4742 Tribus
967 4686 993 4750 Ι)
1007 4700 1139 4754 mergara
1150 4686 1231 4740 uobis.
1247 4686 1359 4751 Quodsi
1371 4687 1432 4754 quis
1444 4686 1584 4739 ιιιιιιιιαι
1596 4691 1622 4740 ιι
1636 4688 1806 4744 oburadautic

152 4768 268 4822 nuncque
276 4756 407 4822 millibus,
418 4756 461 4810 cel
471 4772 500 4811 eo
512 4757 639 4825 amplius,
650 4772 709 4811 eam
742 4774 755 4812 ι
766 4758 891 4826 praedicti
899 4760 954 4826 llu-
1007 4757 1137 4818 ciborum,
1150 4758 1341 4826 potionumque
1352 4770 1379 4810 se
1389 4756 1511 4825 perfrui,
1526 4758 1553 4811 et
1564 4772 1660 4813 cacare
1671 4774 1748 4828 posse
1758 4774 1807 4815 sa-

153 4826 232 4877 minis
241 4825 476 4881 aleeonecessariis
488 4828 581 4882 usibus
595 4828 745 4893 αιιιιιιιιιιις
761 4829 835 4897 quod
848 4832 955 4883 tantum
1005 4829 1127 4898 pientiae,
1144 4827 1190 4881 boc
1204 4831 1252 4888 est,
1267 4831 1292 4881 et
1305 4828 1409 4880 versari
1425 4828 1454 4879 in
1473 4826 1588 4895 deliciis,
1603 4832 1628 4882 et
1648 4829 1806 4886 deliciorum

153 4895 826 4966 intererrllumarenosisdieisummontibus,laboris
839 4900 955 4968 difficul·
1007 4901 1081 4953 uitiis
1094 4913 1146 4953 nen
1160 4900 1253 4961 imeri,
1266 4899 1381 4967 seipsum
1394 4896 1509 4967 decipite
1521 4912 1581 4953 eum
1591 4902 1661 4955 enim
1671 4901 1756 4957 abbis
1770 4918 1808 4959 re

154 4968 209 5020 tote
222 4968 383 5033 pronissime
406 4968 571 5036 duplicetur.
588 4971 633 5025 Sic
648 4969 717 5041 ipse.
734 4971 874 5040 erantum
889 4985 954 5027 vero
1006 4972 1075 5025 moti
1087 4984 1156 5039 sape
1170 4971 1426 5039 capiemur-naturae
1439 4968 1581 5033 illecebris,
1595 4976 1621 5027 et
1635 4987 1762 5043 copamm
1775 4989 1807 5029 eu

153 5037 243 5091 meriti
261 5051 292 5092 ac
300 5035 437 5092 mercedis
449 5038 521 5109 apud
536 5042 626 5095 Ιιιιιιιι
637 5040 690 5096 lroc
701 5040 792 5097 labore
801 5049 954 5112 spontaneo
1007 5056 1102 5111 cupere
1111 5056 1224 5110 quorum
1235 5041 1338 5110 copiam
1352 5055 1404 5095 nen
1416 5039 1553 5105 babemus,
1569 5048 1671 5112 quanto
1684 5046 1769 5113 moqis
1782 5047 1808 5098 si

153 5107 202 5163 sibi
214 5108 418 5179 compararint,
439 5107 468 5163 in
489 5109 558 5166 Vitis
571 5112 684 5167 Patrem
704 5111 756 5169 boc
771 5113 895 5183 exemplo
908 5112 953 5170 de·
1007 5111 1169 5167 circumdati
1173 5111 1273 5167 retibus
1284 5112 1450 5182 uoluptatum
1464 5127 1518 5168 esse
1531 5128 1577 5167 nos
1589 5115 1684 5170 liberos
1693 5116 1807 5170 arbitre-

153 5177 273 5234 claratur
288 5181 357 5249 (Lib.
371 5195 391 5234 v
404 5180 493 5236 libello
505 5181 537 5251 7)
553 5200 559 5235 :
575 5184 662 5238 Senon
676 5184 787 5254 quadum
802 5185 911 5240 sedebat
923 5186 954 5239 in
1006 5186 1084 5238 mur!
1097 5184 1195 5240 Scarus
1219 5186 1306 5237 noster
1319 5183 1389 5237 illud
1410 5184 1511 5251 coqitat
1525 5183 1596 5254 quod
1610 5185 1693 5249 videt,
1715 5185 1805 5249 audit,

154 5264 252 5315 eremo,
266 5253 313 5319 qui
322 5252 397 5320 lonqe
412 5252 526 5307 bribebut
542 5269 642 5323 aquam
656 5271 673 5308 a
687 5256 753 5310 cello
765 5271 814 5311 aaut
825 5272 877 5326 per
887 5256 953 5311 duo·
1007 5255 1148 5318 odoratur,
1161 5257 1263 5324 qusint,
1276 5257 1417 5319 αιινιιιιιις
1428 5259 1454 5308 ιι
1465 5253 1568 5323 udcjus
1579 5258 1621 5310 rei
1630 5257 1752 5311 trabitur
1763 5272 1807 5328 ap

155 5320 239 5374 decim
258 5322 359 5387 rnillm3
373 5323 422 5378 ubi
431 5325 496 5379 dum
509 5327 588 5380 semel
596 5327 648 5381 iret
660 5327 772 5383 haurire
783 5343 893 5397 aqum,
907 5328 953 5383 de·
1004 5328 1129 5397 petitum,
1143 5327 1220 5396 cujus
1233 5327 1340 5396 capitur
1353 5324 1488 5395 uoluptate
1500 5344 1508 5379 ι
1527 5327 1599 5395 quod
1611 5342 1685 5382 mens
1702 5327 1805 5395 uideat,

156 5392 232 5458 iecit,
245 5395 269 5445 ιι
281 5392 356 5447 discit
370 5409 380 5447 :
393 5395 465 5461 Quid
476 5412 576 5452 necesse
590 5401 629 5451 est
642 5402 674 5451 ut
690 5398 760 5453 bunc
774 5400 891 5455 laborem
900 5415 954 5469 po·
1008 5402 1033 5452 ct
1045 5413 1117 5452 mens
1131 5397 1239 5460 oudini,
1250 5401 1276 5453 et
1284 5396 1356 5468 quod
1367 5411 1412 5452 nec
1425 5396 1522 5451 aurlire
1535 5398 1689 5468 quidpiam,
1704 5414 1751 5454 nec
1764 5401 1807 5455 ui-

156 5465 233 5517 tinr?
250 5464 343 5524 l'erriu,
363 5467 388 5517 ιι
399 5463 489 5522 babito
503 5471 572 5524 circa
588 5485 688 5539 aquam
702 5471 779 5525 tmnr.
792 5474 894 5527 Etcum
907 5472 953 5526 boc
1007 5468 1218 5539 derepossimus,
1232 5470 1287 5522 nisi
1296 5483 1388 5523 seresus
1400 5470 1428 5520 in
1441 5482 1541 5536 caque
1557 5471 1721 5525 cernimuset
1733 5469 1807 5527 audi-

156 5534 283 5601 dinisset,
294 5549 432 5589 conracrsus
440 5538 510 5592 uidit
519 5541 816 5611 quemdnmscqueutem
826 5557 854 5596 se
867 5547 892 5596 ct
904 5558 954 5598 nu-
1007 5555 1067 5594 mus
1080 5541 1168 5607 {uerit
1188 5543 1317 5594 arctentur.
1340 5540 1409 5594 llaec
1423 5538 1563 5610 eleganter
1577 5546 1604 5595 et
1616 5540 1759 5612 aptissime
1768 5544 1805 5598 Ι).

156 5611 303 5659 merentem
319 5607 433 5674 vestigia
451 5622 507 5664 sua.
524 5612 703 5681 interruperit
716 5618 806 5667 aretem
828 5628 897 5680 eum,
908 5614 953 5668 di·
1008 5611 1204 5683 Hieronymus,
1232 5608 1366 5682 religiosis
1387 5609 1517 5666 omnibus
1538 5616 1565 5665 et
1586 5613 1806 5685 contemplativis

155 5692 214 5730 cerrs
229 5678 314 5757 conis
324 5692 350 5731 es
365 5678 513 5734 tull-:title
523 5680 598 5737 discit
612 5686 750 5754 :Anqelus
763 5687 871 5742 bonrini
882 5699 952 5750 sum,
1007 5682 1131 5754 apprime
1148 5678 1354 5738 consideranda.

157 5750 182 5801 et
193 5763 291 5802 messus
301 5763 359 5802 sum
369 5763 510 5805 nummore
518 5756 632 5822 restiqiu
642 5761 698 5824 tua,
714 5763 739 5813 et
748 5757 814 5813 dare
827 5758 878 5812 libi
887 5772 954 5812 mer·
