3824 6164
56 269 107 323 oli
531 262 698 322 cultello
718 263 763 319 Vl.
783 293 819 305 -
837 265 883 326 lta
900 265 990 320 NECE
1008 265 1227 324 sanet'oltittt.
1662 275 1714 328 olo

57 400 184 465 porrecta
202 393 263 460 [At.
284 392 428 463 porrecti].
440 402 453 428 ⁸
476 394 508 448 ln
529 392 581 449 liae
598 408 715 451 summae
742 393 806 451 iilae
826 408 858 450 ac
870 396 897 459 Α
911 393 1036 451 euriim‘l
1057 394 1227 480 walacram
1239 409 1272 450 ac
1294 396 1425 468 reliquias
1449 397 1626 469 possiderent,
1653 399 1715 457 aliis

58 486 213 544 sanctitatis
239 487 370 542 monachi
395 485 548 544 diutissime
579 495 796 555 commorantes.
815 503 860 545 re-
914 486 1017 543 scilicet
1034 486 1716 564 deiiciniacommorationisipsorum,aliisdoori-

58 588 137 652 pente
147 588 209 636 sunt
222 579 481 638 arimenensium
490 582 689 639 macenorum
703 581 862 639 latrunculis
914 580 985 653 ginis
994 581 1194 655 propinquitate
1203 578 1398 656 gloriantibus
1408 594 1569 655 nontamen,
1579 585 1620 643 iel
1630 589 1716 644 nostri

57 675 222 747 interempti.
245 675 370 745 Quorum
393 675 599 749 corpora,licet
616 676 752 733 sciremus
770 683 862 732 tama
916 675 959 733 iel
991 677 1175 749 quorumdam
1203 694 1258 735 non
1290 678 1464 737 mediocriter
1496 696 1530 737 eii
1557 680 1608 737 bac
1640 692 1716 754 parte

58 768 234 841 pontificibus
252 765 372 841 regionis
396 770 572 843 illiusquam
590 769 626 828 ab
647 769 773 827 universa
782 768 860 844 plebe
913 769 1181 829 recanduiiantium
1191 769 1310 829 iratriim
1319 771 1473 831 offensione
1483 776 1611 847 permoti,
1625 776 1715 849 inqui·

58 866 209 921 Arabum⁰
248 872 324 921 tanta
352 865 530 923 veneratione
562 873 706 938 praerepta,
729 872 763 923 et.
792 864 861 922 inter
913 872 1058 936 realesque
1083 880 1133 921 cur
1156 865 1226 921 tanti
1249 867 1341 927 meriti
1364 883 1397 924 ac
1423 875 1561 925 tantarum
1583 868 1713 926 virtutum

58 957 187 1030 reliquias
207 963 363 1030 martyrum
382 960 503 1027 condita,
520 967 552 1017 nt
570 959 710 1017 innumeri
734 958 862 1032 pupulis
914 956 965 1013 riri
995 957 1032 1014 ita
1059 958 1114 1015 sint
1140 974 1157 1015 a
1190 958 1349 1017 latrunculis
1376 961 1519 1031 interlecti,
1551 971 1714 1034 tantumque

58 1049 167 1108 duobus
179 1051 284 1124 oppidis
298 1063 492 1112 concurrentes
501 1054 695 1132 gravissimum
708 1051 761 1110 sibi
776 1061 861 1109 certa·
915 1052 1054 1109 Dominus
1071 1068 1165 1125 passus
1188 1051 1270 1111 luerit
1292 1069 1356 1127 erga
1384 1058 1462 1126 suos}
1475 1057 1592 1114 famulos
1612 1057 1716 1114 lacinus

61 1161 125 1202 rnen
133 1145 290 1217 indixerint,
299 1155 327 1205 et
337 1163 423 1220 usque
435 1148 471 1205 ad
481 1148 634 1222 gladiorum
646 1146 862 1219 conllictumpro
916 1147 1074 1219 perpetrari,
1088 1155 1118 1202 ut
1132 1147 1203 1204 uiros
1216 1149 1321 1204 cunctis
1342 1149 1481 1206 mirabiles
1500 1153 1530 1208 in
1549 1166 1648 1209 manus
1659 1162 1716 1207 tra-

60 1249 155 1297 sanota
177 1240 272 1314 rapina
290 1241 327 1298 sit
350 1257 448 1299 eorum
470 1256 612 1314 progressa
630 1240 774 1312 contentio,
796 1239 863 1298 dum
915 1241 1164 1315 deretimpiorum,
1190 1243 1284 1298 moesti
1302 1240 1336 1299 ad
1361 1238 1513 1301 sanctunt¹
1537 1244 1715 1301 Theodorum

61 1335 105 1405 pia
136 1335 209 1392 inter
233 1351 263 1392 se
290 1335 432 1394 detonans
461 1336 602 1393 decertant
631 1336 742 1408 quinam
761 1335 863 1407 Justius
916 1335 1083 1408 singularem
1113 1337 1142 1392 in
1174 1337 1379 1394 conversatione
1412 1338 1512 1395 actuali
1546 1338 1716 1410 perreximus
1753 1318 1759 1337 ’

608 1516 736 1592 atiani
754 1535 867 1591 ciani
887 1534 1165 1592 cosummatus.

62 1711 173 1786 quidem
192 1711 268 1769 vallis
281 1711 315 1772 de
329 1713 399 1771 cmlo
411 1720 482 1771 tacta
503 1711 575 1771 luit:
591 1714 706 1772 minima
719 1723 822 1784 tamen,
838 1723 865 1773 et
919 1715 1131 1788 persecutiones,
1144 1723 1173 1772 et
1190 1714 1392 1774 monachorum
1406 1716 1494 1774 caedes
1506 1717 1542 1773 ab
1565 1717 1605 1776 eis
1625 1726 1716 1791 patra·
1791 1753 1798 1763 κ

61 1793 183 1843 extrema
207 1800 279 1856 pars,
307 1785 365 1842 sire
390 1801 450 1854 ora,
468 1786 593 1858 squalida
618 1796 646 1843 et
665 1787 756 1846 cinere
775 1788 865 1845 soluta
918 1795 954 1844 tra
967 1805 973 1840 :
988 1786 1037 1843 sed
1054 1801 1093 1843 eae
1107 1787 1151 1843 vel
1173 1785 1248 1855 alibi,
1272 1804 1354 1860 qnam
1372 1788 1400 1844 in
1424 1789 1580 1856 raimerus,
1607 1792 1646 1848 vol
1670 1793 1716 1849 diii

62 1856 165 1913 mansit
177 1874 185 1912 :
197 1854 271 1913 unde
280 1859 377 1914 cincrm
388 1858 562 1915 Sodmncnim
576 1858 659 1928 dicti;
675 1858 704 1914 in
717 1859 865 1931 quostiam
918 1867 983 1915 anto
996 1858 1114 1915 Cassiani
1127 1866 1250 1940 tempora
1260 1859 1443 1930 contigerunt.
1456 1863 1497 1916 De
1517 1861 1615 1934 quibus
1629 1863 1717 1919 sidere

60 1942 108 1985 ora
122 1927 250 1985 visuntur
263 1929 373 1986 arbores
393 1936 477 1986 testes
495 1929 606 1986 ultionis
617 1929 726 1997 diiinae,
746 1945 863 2003 quarum
879 1934 903 1997 Β
917 1929 981 1986 licet
998 1938 1078 1986 nutas
1098 1929 1206 1986 Barcmi
1224 1928 1259 1986 ad
1282 1931 1519 2006 Martyrologium,
1538 1934 1659 1990 ianuarii
1672 1940 1715 2005 lt,

60 2014 153 2071 poma,
181 1998 245 2056 licet
263 1998 373 2071 pulcltra
394 2008 506 2073 aspectu
525 2008 554 2057 et
576 2008 685 2057 matura
709 1999 863 2070 videantur,
917 2000 1055 2058 Februarii
1071 2006 1104 2056 ta
1118 1994 1221 2057 etidaii
1236 2004 1276 2059 td.

59 2078 186 2127 coarmata
199 2079 246 2128 aut
257 2070 350 2128 leviter
370 2071 500 2128 manibus
513 2086 606 2144 pressa
617 2068 724 2128 sumum
748 2069 864 2129 fetidum
954 2075 1021 2129 elin
1035 2087 1173 2128 sacramm
1196 2071 1384 2145 reliquiamm,
1399 2075 1551 2144 prasertim
1558 2085 1716 2134 sanctoruni

57 2141 200 2211 exhalant,
233 2149 261 2198 et
290 2143 319 2199 in
344 2141 464 2198 favillam
493 2143 677 2200 resolvuntur.
704 2145 773 2199 Tota
800 2158 863 2200 iero
918 2151 1080 2216 martyrum,
1095 2143 1232 2200 veneratio
1246 2144 1355 2216 egregio
1367 2144 1536 2271 antiquitatis
1557 2149 1715 2205 testimonio

57 2212 136 2271 sullis
162 2213 287 2285 interior,
318 2220 346 2270 et
377 2213 457 2287 longe
487 2214 585 2286 major,
616 2221 680 2285 post
707 2210 863 2271 incendium
917 2223 946 2271 et
959 2213 1083 2296 exemplo
1092 2215 1415 2286 comprobatafflcmcsc.
1441 2218 1632 2275 ,ivilelie'clea
1645 2226 1713 2287 16):

54 2284 204 2342 submersa
216 2292 267 2350 est,
280 2292 410 2356 etoperta
426 2285 503 2356 aquis
516 2284 691 2342 crassissimis
708 2292 736 2341 el
757 2283 864 2342 densis·
917 2285 1222 2358 cujusetianisuperius
1236 2302 1273 2343 ex
1296 2287 1491 2370 Martyrologio
1515 2290 1599 2345 Rom.
1625 2288 1716 2348 babila

54 2355 138 2413 simis
150 2372 184 2413 eit
198 2356 256 2428 ipso
271 2365 352 2413 terrae
370 2355 430 2412 solo
449 2356 678 2428 erumpentibus:
711 2355 766 2414 uod
787 2371 863 2413 mars
916 2357 1031 2425 mentio,
1045 2373 1127 2429 quam
1140 2365 1167 2413 et
1177 2357 1306 2414 adversus
1324 2358 1505 2431 Vigilantiam
1528 2368 1637 2417 suenus
1651 2378 1715 2432 pro·

52 2430 204 2511 Mortuum
214 2428 372 2501 appellatur.
383 2428 450 2509 Haer
460 2425 548 2486 fusius
558 2371 861 2499 Josepbusqibmsselli
936 2429 1245 2501 agitatetcommendat
1267 2420 1304 2485 D.
1330 2429 1513 2503 Hieronymus
1537 2434 1665 2497 (Harii
1687 2437 1715 2488 iii

48 2499 167 2556 Judaiei
187 2515 212 2556 c.
230 2505 257 2568 5,
276 2497 388 2555 Tertull.
401 2514 429 2554 m
452 2498 584 2556 carnide
603 2497 735 2567 Sodoma,
748 2499 862 2557 Orosius
915 2443 989 2556 gaci.
1002 2499 1127 2569 axitia).
1137 2501 1370 2569 Porroreliimias,
1382 2500 1616 2575 inquitorigenes,
1629 2504 1715 2559 dicere

50 2570 107 2629 lib.
122 2587 142 2626 i.
915 2571 1037 2634 solemus,
1053 2587 1112 2626 cam
1125 2573 1239 2641 spiritus
1253 2576 1418 2640 separatura
1431 2588 1553 2642 cuipmer
1562 2574 1634 2629 uelat
1644 2578 1715 2630 eiiirii

94 2653 110 2679 ⁸
131 2645 261 2714 Magnam
282 2640 348 2699 buic
371 2641 432 2699 locu
455 2640 535 2699 allert
557 2641 760 2709 auctoritatem,
787 2642 861 2713 quod
915 2643 1107 2712 mojorepaite
1121 2642 1542 2712 bembininspi'ritatleputato,
1559 2660 1716 2714 quasaper-

51 2713 165 2772 liorum
185 2714 383 2770 monachorum
398 2714 531 2772 memoria
555 2712 657 2770 tabulis
675 2712 863 2770 ecclesiasticis
915 2717 1037 2784 estpars
1057 2713 1189 2782 cuipma,
1207 2713 1330 2780 reliquia
1343 2715 1525 2769 remitmittere.
1543 2716 1578 2768 Et
1595 2715 1716 2769 ambro·

47 2785 223 2859 consignata
235 2785 349 2843 babetur
360 2785 453 2857 quinto
462 2785 593 2843 kalendas
606 2786 622 2839 J
624 2785 680 2841 unii
695 2784 736 2841 liis
751 2783 859 2841 verbis:
915 2783 1013 2839 sinsin
1027 2783 1096 2855 psal.
1109 2797 1205 2838 xxxvi
1220 2801 1226 2836 :
1243 2783 1374 2852 Reliquis
1386 2783 1513 2838 dimittar
1523 2785 1622 2839 martiii
1634 2784 1716 2838 laomi-

54 2858 533 2919 TliccuciaPalccsta‘iia,annctoiam
547 2858 735 2913 monoclerum
754 2860 861 2926 morlu-
914 2856 958 2910 nis
974 2857 1087 2910 enaiim.
1099 2855 1161 2911 ideo
1175 2854 1296 2924 reliquie
1311 2856 1378 2923 quia
1392 2859 1583 2924 postmortem
1604 2854 1717 2910 bomiiiis

52 2946 125 2984 rum
132 2932 192 2999 qai,
202 2934 317 2999 tempore
327 2928 598 2999 Tliecdosiijimi‘cris,
609 2930 772 2987 aScracem's
781 2929 863 2984 occisi
914 2927 1039 2982 siccitas
1047 2941 1191 2996 superesse.
1207 2927 1356 2997 Supersunt
1362 2927 1443 2990 enim,
1454 2941 1515 2996 quic
1525 2930 1669 2982 serviantur
1680 2927 1718 2982 acl

47 3006 145 3065 sanir
158 3016 273 3071 quornm
279 3014 369 3055 samos
376 3000 507 3069 reliquias
516 3000 610 3056 nauale
624 3001 777 3070 colligentes
789 3014 863 3055 sum·
914 3000 1138 3055 resurrectionem.

48 3071 453 3128 manceiiciutlcnelicbiieiniit.
465 3070 589 3127 Haeeibi.
605 3070 710 3139 Quaado
719 3069 863 3127 monacbis
951 3069 1038 3126 “Alia
1052 3066 1217 3139 exemplaria
1240 3066 1341 3126 liabent
1359 3069 1497 3139 :sepulcra
1516 3068 1553 3123 cd
1573 3069 1714 3140 reliquias.

64 3144 114 3199 bic
126 3141 281 3199 aCassiano
289 3143 510 3199 commemoratis
520 3140 697 3213 intelligenda
706 3138 774 3197 dicit
783 3143 864 3204 Baro·
916 3139 999 3196 Vides
1016 3138 1060 3196 bic
1078 3155 1162 3212 qnam
1182 3138 1260 3195 avide
1276 3146 1303 3195 et
1325 3138 1468 3196 ambitiose
1489 3139 1537 3196 SS.
1561 3150 1716 3214 martyrum

45 3216 137 3271 rrius.
917 3210 1039 3282 reliquias
1059 3208 1160 3267 fuerint
1174 3225 1189 3267 a
1204 3211 1309 3282 populis
1328 3210 1493 3269 Christianis
1511 3212 1646 3283 expetitae.
1672 3213 1715 3270 Si·

99 3283 600 3356 ”nemramcorcmgentepjmque
619 3281 720 3355 origine
733 3280 793 3338 haeu
814 3278 863 3335 ba·
918 3281 1014 3343 milam
1027 3296 1092 3337 sero
1109 3280 1352 3344 contentionemet
1373 3281 1605 3339 concertationem
1628 3283 1716 3342 Picta-

51 3356 111 3415 liet
124 3355 297 3424 Nicephorus
309 3356 414 3411 Hister.
429 3355 476 3411 lib.
491 3370 517 3411 ii
529 3370 588 3426 cap.
602 3359 636 3409 li
654 3354 865 3412 :suscessorem
880 3323 903 3387 C
918 3367 1016 3408 vorum
1028 3352 1265 3408 et'l'uronensium
1276 3367 1326 3423 pro
1340 3353 1460 3424 reliqniis
1471 3355 1499 3408 S.
1513 3354 1624 3409 Martini
1637 3355 1716 3411 aulc-

52 3445 137 3499 qciis,
164 3429 295 3497 piiinnm,
320 3429 473 3498 copiiominc
495 3427 529 3482 ab
546 3425 655 3482 leniacis
677 3429 790 3495 accepto,
817 3425 866 3493 qai
916 3422 1008 3480 randis
1024 3420 1110 3479 refert
1122 3421 1272 3494 Gregorius
1295 3422 1466 3480 Turonensis
1484 3423 1553 3494 (Lib.
1569 3426 1662 3481 lHi'st.
1692 3444 1714 3481 c.

54 3500 185 3557 Abrabae
199 3501 348 3569 filiusfni't,
363 3499 504 3556 ismaelitis
520 3497 555 3552 ab
577 3499 708 3567 antiquis,
726 3496 760 3551 de
781 3497 866 3566 prisci
916 3498 981 3563 4³.)
994 3494 1083 3552 Aliana
1099 3493 1193 3550 itidem
1217 3492 1305 3549 videre
1319 3502 1361 3549 est
1379 3494 1452 3567 apud
1468 3496 1504 3549 D.
1520 3494 1716 3568 Hieronymum

54 3587 157 3627 coium
179 3573 300 3641 pareatis
316 3572 505 3642 appellatione,
524 3571 611 3625 acciti
632 3573 705 3627 sant.
725 3570 760 3625 tit
775 3571 865 3622 cutem
915 3566 944 3622 in
968 3566 1030 3623 Vita
1052 3565 1206 3630 Hilarionis,
1236 3564 1282 3621 ubi
1304 3565 1363 3622 liaeo
1378 3566 1405 3623 in
1420 3566 1495 3623 line:
1512 3566 1611 3624 Genios
1634 3585 1717 3638 iisque
1743 3572 1757 3590 ““

56 3643 198 3698 maculam
212 3643 347 3711 illegitimi
357 3648 432 3698 citas
449 3645 476 3697 el
496 3643 634 3697 seruitutis
652 3644 744 3696 notam
767 3638 775 3709 l
788 3654 865 3695 seina
916 3639 993 3693 bodie
1004 3640 1105 3699 miram
1117 3639 1187 3693 inter
1200 3637 1502 3709 Palestincsctcgpiics
1515 3642 1715 3701 molestiarum,

57 3716 137 3769 etaim
150 3715 206 3781 fuit
222 3714 391 3770 muterilli'tts
404 3714 531 3785 chr)a
548 3729 575 3769 se
590 3712 863 3773 anniamimscrc-
917 3712 1066 3780 incoepta
1087 3710 1246 3770 Hilarionis,
1256 3709 1310 3773 illis
1357 3710 1598 3765 iri'tantseluibeie
1612 3717 1717 3765 reitan-

59 3800 141 3841 cenoa
168 3787 265 3855 impios
290 3788 471 3847 nominarunt,
498 3785 612 3855 perinde
640 3789 720 3853 utque
750 3799 767 3837 a
794 3783 864 3838 Sora
917 3783 1140 3837 tibiisEllcmeii
1159 3782 1188 3833 in
1201 3782 1322 3849 atrisque
1346 3783 1717 3849 ocismcgnaqnotidi‘esiquc

61 3855 183 3911 abruta
202 3857 314 3925 conjaqe
327 3859 439 3925 stirpem
458 3857 594 3909 anement.
614 3856 744 3909 Caeterum
768 3854 864 3908 seriem
917 3855 985 3920 fiunt
998 3871 1006 3906 :
1021 3853 1067 3909 seii
1080 3852 1166 3920 magis
1176 3853 1203 3904 iii
1217 3851 1322 3905 bmtulo
1335 3851 1430 3920 Cypri,
1442 3853 1569 3917 [oinium
1578 3854 1644 3919 quia
1655 3852 1716 3919 plus·

56 3926 236 3994 qenaisinde
247 3926 490 3986 tsi-clientesmodem
497 3925 666 3977 cuniladoeis
676 3922 864 3976 aioeiidi'mcre
917 3924 995 3976 illam
1014 3923 1099 3978 locum
1113 3922 1249 3976 dilacerat.
1266 3922 1333 3977 Haec
1350 3922 1396 3976 ibi.

58 4002 195 4052 clienter.
216 3998 284 4050 Nom
302 3995 527 4048 circumcisionem
544 3993 585 4045 ita
607 3995 637 4044 iit
660 3992 705 4045 itti
722 3992 819 4056 colant,
840 3995 866 4044 ct
954 3992 1203 4048 ‘’scandalizantes
1231 3991 1378 4047 Ciaconius
1401 3989 1559 4046 scandalunt
1586 3989 1718 4059 patientes

57 4067 186 4121 oscillis
202 4065 326 4118 carnibus
346 4064 491 4125 abstinent,
508 4061 788 4130 niulthaeprmlarea
804 4061 866 4113 illc-
919 4060 976 4114 sire
1002 4062 1196 4117 scandalizatos
1222 4061 1416 4131 interpretatur
1441 4060 1514 4129 quod
1542 4076 1558 4115 a
1583 4058 1718 4123 theologis

66 4152 129 4190 iiim
141 4138 396 4198 iiistiiiitcsercant,
417 4142 469 4189 etc.
484 4133 609 4204 (Hieron.
624 4132 762 4198 moueat.
783 4130 865 4186 Hebr.
919 4131 1018 4186 dicitur
1030 4129 1188 4185 scandalum
1211 4130 1355 4197 passivum.
1381 4133 1420 4185 lta
1434 4130 1552 4185 Hilarius
1567 4131 1594 4185 in
1620 4130 1715 4186 blattis.

62 4213 94 4262 et
111 4208 283 4276 epistile).
299 4206 385 4260 Porro
399 4203 433 4261 de
448 4203 498 4259 bac
512 4205 710 4260 §macenorum
722 4201 752 4258 in
768 4203 866 4272 AEgyp·
919 4217 979 4255 aian.
998 4207 1050 4255 30:
1067 4204 1162 4255 Patina
1174 4215 1224 4268 pro
1241 4201 1306 4267 fidei
1316 4215 1372 4254 siim
1388 4202 1473 4255 calme
1483 4201 1631 4270 respondit,
1641 4208 1716 4256 enitt-

62 4287 138 4340 tum,
155 4276 339 4340 Palaesticam,
354 4276 472 4347 aliasque
490 4273 588 4330 vicinas
619 4272 753 4329 rosinoias
773 4272 865 4343 irrup·
919 4275 958 4327 iis
973 4273 1034 4328 licet
1056 4270 1313 4334 scandalizantibus,
1339 4287 1486 4342 iiiimqiium
1499 4287 1526 4327 sc
1547 4273 1716 4328 sociiiluli'ic-

64 4350 143 4405 tione
157 4356 185 4404 et
198 4347 372 4474 grassatione,
398 4361 450 4417 qua
463 4290 646 4417 contigitilios
668 4353 777 4426 sanctos
802 4357 864 4398 mo·
919 4350 1021 4405 titiam.
1344 4382 1349 4393 .

68 4420 200 4477 nachosa
234 4417 665 4484 illisinterimi,meniinitetiam
679 4418 714 4471 D.
729 4419 864 4487 Hierony·
952 4414 1053 4472 fHunc
1076 4412 1669 4474 illum'ibccdcruuiesscomnicceiistimc
1684 4417 1718 4473 ‹lc

69 4507 128 4548 mus
141 4491 168 4546 in
179 4491 258 4561 epist.
273 4496 306 4545 82
319 4490 352 4545 ad
374 4488 572 4554 Marcellinum,
588 4488 635 4545 ubi
649 4503 680 4544 se
702 4488 736 4543 ab
753 4486 808 4542 illis
822 4487 865 4541 iix
920 4503 974 4559 quo
986 4488 1132 4544 Cassianus
1146 4486 1191 4542 lib.
1211 4502 1227 4540 r
1242 4502 1300 4559 cap.
1318 4493 1352 4543 :33
1367 4494 1395 4543 et
1411 4487 1519 4544 duobus
1531 4490 1715 4560 sequentibus.

69 4562 183 4619 erasisse
201 4570 316 4618 testatur
330 4561 372 4616 bis
391 4560 479 4616 verbis
495 4577 501 4611 :
518 4563 573 4615 Hac
599 4563 689 4614 cutem
712 4575 782 4614 amic
805 4575 865 4613 cciii
919 4574 1001 4630 quem
1013 4560 1141 4616 abbatem
1152 4558 1278 4616 nominat
1291 4574 1401 4616 summa
1412 4560 1556 4616 sanctitate
1565 4568 1593 4615 et
1600 4560 1717 4628 perfecta
1817 4626 1819 4629 ι

71 4641 120 4691 tres
136 4635 310 4705 replicassem
331 4634 413 4687 libros
437 4629 600 4699 (Ezechielis
622 4629 737 4697 scilicet)
760 4631 865 4685 subitas
918 4631 1198 4704 scicntiaprmditum,
1220 4646 1277 4686 non
1298 4632 1388 4687 solum
1413 4630 1442 4684 in
1458 4631 1555 4686 actuali
1579 4629 1644 4697 sita,
1670 4631 1719 4685 sed

71 4710 183 4777 trapetas
198 4707 381 4766 barbarorum,
393 4703 427 4758 de
449 4703 627 4772 quibustuae
646 4700 712 4756 dieii
729 4702 863 4770 Virpilins
878 4707 903 4769 [t
917 4701 999 4757 etiam
1013 4702 1110 4759 notitia
1128 4702 1341 4773 Scripturarum,
1362 4716 1446 4771 quam
1457 4702 1483 4755 ei
1499 4714 1556 4753 non
1576 4707 1633 4751 tani
1657 4707 1717 4752 stii-

71 4778 194 4841 (AEneirl.
219 4783 290 4841 ivl:
318 4777 564 4844 latequeocqcntca
580 4773 693 4829 aaroni.
714 4772 750 4826 itt
771 4776 865 4826 sancta
917 4771 993 4829 dium
1022 4772 1156 4837 lectionis,
1184 4772 1225 4826 uel
1253 4771 1402 4826 litteratura
1429 4766 1523 4822 mundi
1550 4764 1716 4833 contulerat,

71 4850 208 4920 Scriptura
226 4848 259 4902 ile
273 4847 405 4902 ismaele:
428 4848 526 4898 Cotti-itt
549 4844 647 4910 tarem
667 4843 784 4895 maciem
800 4838 865 4908 ira·
918 4856 999 4913 qcam
1009 4842 1066 4897 sola
1081 4842 1185 4912 puritas
1197 4841 1304 4904 eordis;
1319 4839 1493 4909 quemqueS.
1510 4833 1649 4891 Pachumii
1675 4837 1718 4893 di-

71 4924 140 4975 trum
154 4935 263 4975 sucrica
286 4917 415 4972 liabitcui't
441 4916 546 4986 (Genea.
560 4928 612 4970 xit
622 4913 649 4983 il
664 4913 774 4982 meppia·
791 4912 865 4966 limi·
918 4909 1054 4981 scripulum
1067 4919 1096 4965 et
1109 4924 1293 4965 successorem
1307 4909 1333 4962 in
1348 4904 1549 4961 monachorum
1566 4905 1601 4961 ab
1623 4924 1655 4964 eo
1678 4908 1718 4964 in·

72 4996 129 5056 lem¹
147 4991 311 5051 Palaestinae,
325 4988 469 5049 Plioeiiices,
482 4988 571 5056 Spa-irc
581 4987 729 5057 perctarit,
742 4987 768 5037 cl
779 4984 867 5037 instar
920 4978 1225 5051 stitutorumregimine
1237 4978 1322 5034 tradit
1336 4976 1493 5058 Gennadius
1504 4977 1538 5034 de
1550 4979 1640 5051 srript.
1667 4984 1717 5036 lic·

72 5064 195 5119 lorreiita's
215 5065 307 5116 cuncto
327 5074 413 5114 senam
428 5060 545 5119 trabeas,
560 5061 592 5112 iit
610 5057 658 5110 eir
669 5070 763 5110 manus
777 5069 866 5108 eoram
919 5054 984 5106 eles.
999 5066 1058 5120 cap,
1073 5056 1100 5113 8,
1116 5048 1298 5120 eumdemque
1310 5066 1326 5105 a
1340 5049 1469 5106 Cassiano
1484 5049 1513 5104 in
1526 5048 1595 5106 libro
1609 5052 1719 5108 decol-

71 5133 254 5189 mbemcoi’dic
282 5131 382 5188 Carisa
403 5131 571 5199 potuerimus
590 5127 709 5182 eeiiileie.
733 5123 867 5180 Eamdcm
921 5118 1326 5177 lationibuscditomultimode
1340 5120 1579 5187 oonimendatum3
1600 5121 1717 5190 quodde

72 5219 180 5278 quoque
194 5203 375 5260 calamitatem
390 5200 441 5256 sub
451 5200 547 5256 iisdem
567 5197 737 5268 temporibus
746 5209 867 5250 comme
922 5193 972 5248 liac
984 5192 1133 5248 collatione
1150 5190 1222 5247 baud
1246 5191 1328 5249 dubie
1349 5191 1555 5263 intelligendum
1578 5200 1629 5259 est,
1654 5209 1717 5250 cuin

73 5275 252 5332 moraldirus
269 5272 438 5345 Augustinus
451 5272 480 5326 in
497 5272 575 5344 epist.
601 5274 652 5324 122
675 5268 709 5325 ad
734 5266 866 5323 Victoria·
921 5264 984 5320 iilibi
997 5263 1024 5319 in
1049 5263 1091 5320 bis
1111 5261 1308 5344 Collationibus
1330 5280 1386 5322 non
1413 5262 1578 5335 cistercius
1604 5265 1716 5330 mentio,

74 5361 147 5415 num,
160 5345 208 5403 ubi
231 5346 317 5403 totius
334 5342 421 5401 ferme
435 5343 510 5399 orbis
528 5341 617 5398 clades
634 5357 650 5396 a
674 5338 795 5396 barbaris
814 5338 867 5393 illis
920 5336 1024 5393 nedum
1036 5334 1350 5393 commemoratorio
1369 5335 1522 5391 nutavitCu
1541 5334 1620 5391 cliius
1629 5334 1657 5391 in
1667 5353 1717 5392 au-

74 5415 156 5475 illatas
168 5418 206 5475 ita
229 5416 371 5489 deplorat:
386 5418 465 5471 Totas
487 5415 604 5469 matidies
624 5414 708 5467 tantis
728 5412 868 5479 csiliqitiii·
921 5407 1083 5480 liquissimis
1098 5406 1297 5479 exemplaribus
1306 5407 1369 5479 poni
1390 5349 1638 5463 abbatissimam
1660 5409 1718 5463 eol-

74 5489 200 5554 uadibus,
225 5494 257 5543 ut
276 5504 343 5559 pene
356 5502 422 5556 pars
436 5486 511 5541 nullo
532 5490 663 5541 terciam
677 5486 722 5546 sit,
749 5483 798 5537 ubi
815 5498 867 5536 non
922 5478 1049 5536 lationem
1075 5487 1137 5551 post
1147 5486 1293 5549 utramque
1326 5477 1418 5537 Sereni
1444 5476 1558 5540 abbatis,
1586 5478 1660 5548 quod
1693 5488 1717 5533 et

75 5562 148 5628 talia,
167 5561 265 5632 parilia
272 5560 414 5628 scripsisti,
431 5559 631 5613 cmnmittciatur
640 5561 721 5624 atqua
732 5555 866 5624 plangan-
922 5550 1010 5607 l‘liclii
1021 5551 1184 5633 elegissetis
1198 5549 1335 5620 congruit,
1360 5548 1407 5621 qui
1429 5547 1719 5630 collationemuaibbalis

74 5626 867 5703 certaniinisparcamtnnpaseticmtnillissctitccmtous
922 5621 1012 5678 Sereni
1023 5631 1102 5679 tertio
1117 5623 1177 5678 laco
1194 5629 1401 5679 commemorat.
1418 5618 1471 5677 Sed
1497 5623 1640 5690 Dionysius
1654 5622 1718 5677 Car-

75 5706 192 5774 AEpppti,
206 5704 253 5759 ubi
263 5704 424 5758 rnoiinstarln
437 5704 471 5757 ab
482 5702 675 5769 cmiiistrepitii
686 5699 869 5768 quesisse-reta
922 5692 1063 5752 lliusianus
1080 5693 1253 5752 collationem
1275 5691 1409 5751 Theodori
1425 5691 1477 5748 boc
1491 5692 1550 5747 loco
1575 5690 1718 5747 nobiscum

75 5775 215 5845 degebant,
231 5792 247 5830 a
264 5776 382 5831 barbaris
396 5774 600 5841 asceticarum
610 5773 719 5838 streties.
733 5770 800 5824 Haec
813 5772 868 5822 ilu-
922 5766 1007 5837 pouit.
1026 5817 1029 5823 .

75 5847 208 5915 guatinas.
239 5847 375 5903 Feruntur
397 5851 488 5902 autem
519 5852 546 5900 et
578 5842 638 5899 aliae
668 5843 868 5898 Saracenorum
