3848 6158
188 323 239 376 143
491 337 495 343 ·
818 327 821 333 “
859 317 1000 376 ioannis
1018 318 1219 376 cassianis
1272 334 1274 357 ³
1446 324 1456 357 ⁴
1786 323 1842 377 itt

177 443 277 525 'unctis
292 441 441 501 reiectione
462 441 700 514 contenti.,Quod
715 456 766 502 uos
785 456 894 514 quoqne
909 442 986 500 omni
1000 447 1029 509 Α-
1045 443 1136 500 verius
1152 441 1283 512 dixerim,
1304 461 1362 501 nnn
1380 444 1532 517 superllua,
1552 445 1600 501 sed
1620 445 1773 502 necessaria
1793 454 1844 501 m-

119 582 122 586 .
190 537 383 594 obseruatione
394 537 534 594 custodire
547 536 685 600 convenit,
700 544 731 592 ut
746 535 851 593 scilicet
863 538 988 593 contenti
1042 537 1123 594 luerit
1132 548 1287 607 einputure.
1298 541 1415 611 Propter
1425 537 1499 611 quod
1508 538 1615 609 majore
1625 537 1722 594 fenore
1731 552 1844 594 neema

190 646 292 690 somno
306 634 352 705 qui
367 632 448 689 nobis
463 639 525 703 post
540 630 698 704 vigiliarum
716 631 831 687 Missam
851 645 937 703 usque
953 629 988 688 ad
1043 640 1085 688 est
1103 632 1210 704 ligilias
1225 632 1413 705 compensari,
1435 633 1459 688 si
1477 629 1582 687 luerint
1597 646 1682 704 nsque
1701 629 1735 687 ad
1751 630 1843 688 lucem

191 728 259 784 lucis
273 726 430 799 indulgetur
444 726 605 792 adventum,
621 723 650 781 id
663 732 717 791 est,-
730 726 816 798 usque
830 714 990 780 ad'mntuti·
1044 724 1246 783 inconsiderata
1254 724 1673 799 atqucirratiouabilinimietate
1682 733 1843 797 ptntractae.

188 836 241 876 nos
264 818 402 892 psalmos,
427 825 519 873 totum
542 817 672 888 deinceps
697 817 772 874 diein
798 817 827 882 iu
851 831 935 889 opere
955 831 988 873 ac
1026 819 1161 897 ‚Ideoque
1175 835 1221 876 eas
1236 822 1252 867 ἓ
1268 819 1413 892 tripartitis
1428 818 1604 891 distinguunt
1624 817 1735 891 ciliciis,
1750 827 1782 876 nt
1801 818 1844 877 in-

189 912 353 968 necessariis
379 910 514 967 ducamus
537 909 651 979 uinctis,
671 926 706 965 ne
727 924 879 978 somnum,
903 925 988 982 quem
1034 911 1095 969 bor
1108 911 1160 969 hac
1172 911 1329 971 diversitate
1342 911 1446 971 diuisus
1458 911 1640 968 delectatione
1654 909 1776 983 quadam
1790 911 1843 969 de-

187 1005 262 1060 noeti
283 1003 486 1069 subtraximus,
506 1017 648 1058 resumere
662 1016 712 1074 per
732 1002 807 1058 diem
832 1001 988 1075 vigiliarum
1043 1003 1190 1062 lectionem
1204 1007 1327 1080 corporis
1344 1007 1455 1063 relevet.
1476 1002 1548 1062 Nam
1562 1021 1627 1061 cum
1642 1005 1749 1062 stantes
1763 999 1842 1062 a'nti·

188 1094 350 1153 lassitudine
364 1104 391 1151 ct
406 1086 539 1152 inanitate
555 1094 704 1168 compulsi,
719 1112 777 1152 non
790 1091 850 1174 tam
863 1082 988 1168 requiem
1043 1099 1150 1173 phonas
1163 1107 1218 1158 tres
1232 1102 1444 1168 concinuerunt,
1461 1099 1540 1167 humi
1558 1107 1620 1172 post
1632 1098 1693 1157 bec
1707 1099 1748 1155 vel
1766 1098 1844 1158 sedi-

189 1191 298 1264 corpori
317 1190 496 1259 subtraxisse,
515 1206 601 1262 quani
615 1189 717 1262 quietis
731 1198 846 1262 tempus·
856 1198 883 1246 et
902 1187 989 1247 relec-
1044 1194 1117 1252 libus
1126 1195 1292 1251 humillimis
1304 1179 1464 1263 insidentes,
1474 1203 1530 1250 tres
1541 1192 1663 1267 psalmos
1678 1200 1735 1249 uuo
1744 1192 1847 1250 modu-

189 1286 297 1342 tionem
315 1293 482 1341 nocturnam
499 1292 687 1369 commutasse
701 1281 854 1340 videamur.
869 1283 991 1340 Nullnte-
1045 1287 1119 1344 laute
1132 1287 1308 1360 respondent,
1326 1289 1382 1359 qul
1392 1295 1487 1344 nmen
1500 1287 1603 1360 singuli
1619 1300 1635 1343 a
1655 1285 1772 1359 singulis
1786 1285 1847 1345 lra-

190 1393 244 1435 nus
258 1378 334 1435 euim
350 1370 451 1447 poterit
465 1376 570 1451 fragilis
580 1392 644 1434 caro
656 1378 692 1433 ita
702 1378 789 1435 totius
798 1377 890 1435 noctis
899 1376 991 1450 quiete
1046 1382 1133 1438 tribus
1146 1381 1267 1438 vicissim
1282 1379 1491 1438 succedentibus
1507 1366 1561 1436 sibi
1577 1379 1745 1451 prebeatur,
1760 1388 1846 1452 atque

192 1470 327 1540 fraudari,
351 1466 381 1530 iit
402 1487 449 1545 per
470 1479 685 1545 consequentem
705 1469 780 1528 diem
803 1471 864 1528 sine
887 1470 992 1529 dormi·
1047 1474 1090 1533 bis
1104 1475 1157 1532 suh
1172 1475 1269 1532 eadem
1290 1476 1380 1547 quiete
1396 1472 1580 1553 residentibus
1598 1480 1691 1530 ternas
1705 1473 1842 1545 adjiciunt

190 1567 295 1623 tatione
309 1566 411 1622 mentis
428 1566 572 1637 animique
585 1572 699 1635 torpore
713 1564 907 1620 inconcussam
924 1579 990 1636 pos-
1046 1569 1189 1625 lectiones.
1207 1572 1302 1641 ltaque
1317 1568 1348 1623 lit
1364 1576 1395 1633 ut
1409 1583 1575 1640 corporeum
1590 1565 1749 1622 minuentes
1764 1566 1842 1623 labo·

192 1660 229 1716 Sil
244 1676 353 1717 servare
367 1652 548 1732 vigilantiam.
567 1659 634 1729 Quae
649 1647 815 1731 impedietur
829 1672 861 1714 ΘΧ
877 1657 930 1714 1¹⁰⁰
944 1674 995 1730 1²⁰-
1046 1680 1118 1732 rem,
1134 1664 1249 1738 Vigilias
1269 1679 1334 1720 suns
1348 1662 1454 1734 majore
1472 1658 1629 1733 intentione
1646 1661 1749 1716 mentis
1764 1675 1846 1716 exer-

191 1755 257 1823 tius,
276 1770 359 1826 quam
373 1752 530 1824 juvabitur;
545 1752 600 1809 nisi
621 1760 683 1823 pust
703 1751 860 1823 vigiliarum
876 1752 991 1808 Missam
1047 1766 1137 1816 ceant.

192 1849 283 1903 somni
296 1846 579 1919 quantulumcumque
593 1845 755 1917 gustaverit.
770 1846 806 1900 Et
821 1845 924 1902 idcirco
939 1845 991 1902 sal·
1006 1810 1031 1872 B
1353 1850 1478 1908 CAPUT
1492 1850 1545 1905 IX.
1568 1853 1569 1856 ’
1607 1851 1622 1879 ·’
1653 1854 1659 1861 ’

191 1947 248 1996 tem
259 1936 774 2025 uniu1⁵h⁰rae⁵⁰⁹⁰''quemadm0dum
785 1937 915 2003 ‘mimus'
928 1947 992 1997 ame
1046 1972 1133 2038 Quare
1143 1971 1308 2025 inarescente
1321 1969 1365 2023 die
1376 1960 1485 2023 subbati
1496 1950 1606 2036 Vipiiiu
1619 1970 1728 2022 stutittce
1742 1969 1808 2033 sint,
1823 1970 1849 2020 et

192 2032 261 2089 lucis
270 2031 419 2089 adventum
430 2032 453 2087 si
464 2031 547 2088 inerit
562 2032 731 2104 impartitus,
742 2031 912 2090 lucrabimur
926 2048 991 2088 om·
1081 2057 1163 2111 quare
1172 2057 1221 2111 per
1234 2056 1336 2095 mnam
1349 2041 1493 2116 praesim,
1508 2038 1639 2094 adulatio
1648 2039 1790 2109 jejunus„
1799 2036 1846 2092 die

192 2142 242 2183 nes
262 2127 417 2199 vigiliarum
433 2126 531 2193 boras,
550 2141 618 2198 quas
635 2135 693 2182 tota
713 2134 795 2183 nocte
816 2128 846 2182 in
865 2127 991 2183 oratione
1082 2113 1190 2168 Sllbbssil'
1201 2115 1394 2182 presumatur.
1432 2112 1446 2188 ¹,
1483 2158 1486 2165 =

193 2219 744 2291 ⁰⁰¹¹⁸¹¹¹¹¹llsl¹m¹⁸iimllifflientlsnaturill
761 2210 928 2292 (Ῐΰθᾶὃῦὓῐῐὶ
939 2229 990 2284 θθῐι
1083 2222 1849 2300 Quasatemporepraedicationisapostolicai,quoreli-

194 2329 243 2370 nec
252 2313 386 2370 habentes
396 2315 589 2370 necessitatem
600 2314 759 2370 resumendi
770 2330 818 2386 per
833 2313 907 2370 diem
918 2314 993 2387 quud
1048 2323 1093 2395 gio
1108 2338 1139 2377 ac
1155 2321 1223 2378 rides
1236 2320 1390 2378 Christiana
1402 2316 1517 2375 tundata
1532 2326 1582 2386 est,
1596 2311 1609 2349 ¹³
1624 2333 1672 2389 per
1686 2317 1847 2373 universum
1883 2388 1893 2397 .

193 2409 270 2464 nocti
288 2408 486 2464 subtraximus.
502 2411 604 2464 Totum
619 2408 693 2463 euim
707 2408 782 2464 carni
798 2407 864 2464 huic
878 2409 992 2480 procul·
1037 2408 1192 2493 ,Orientem
1208 2412 1313 2495 idcireo
1324 2419 1461 2468 statutum
1483 2402 1524 2468 est
1538 2410 1711 2466 illucescente
1730 2408 1850 2466 sabbato

194 2500 280 2561 dubio
294 2502 399 2570 reddet,
415 2503 540 2576 quisquis
559 2503 583 2559 ei
598 2519 654 2559 nnn
670 2502 871 2560 rationabiliter
884 2512 991 2575 partem
1044 2501 1145 2559 dehere
1158 2500 1301 2569 celebrari,
1317 2499 1391 2573 quud
1409 2499 1532 2557 Domino
1551 2506 1579 2555 et
1593 2498 1732 2555 salvatore
1751 2506 1850 2555 nostro

197 2597 372 2666 subtrahere,
391 2597 439 2655 scd
456 2607 545 2655 totum
566 2597 712 2655 tentaverit
730 2597 879 2670 denegare,
900 2606 942 2666 et,
962 2606 994 2654 ut
1047 2604 1123 2653 sexta
1136 2593 1420 2662 ⁶sabbaticruciiiio,
1433 2591 1560 2664 discipuli
1575 2588 1775 2647 adhucreeenti
1788 2590 1849 2664 ejus

741 2754 868 2810 lilani
887 2754 1002 2809 GAZAEl
1021 2749 1302 2809 COMMENTthUS.

192 2895 296 2952 (licitur
308 2895 485 2967 gallicinium.
501 2897 611 2951 llnrcus
623 2909 688 2965 ergo
702 2893 741 2949 rei
756 2893 784 2950 iu
799 2896 880 2950 Petro
893 2902 989 2964 gestae,
1044 2893 1171 2957 chorum,
1184 2889 1230 2962 qui
1243 2887 1390 2970 duodecim
1403 2886 1522 2957 psalmos
1533 2884 1715 2941 cumcarteris
1724 2883 1848 2966 partibus

195 2974 226 3020 ut
246 2981 261 3020 a
285 2968 366 3022 Petro
383 2967 517 3030 audierat,
536 2973 692 3023 accuratam
712 2965 881 3036 prescribens
904 2964 990 3020 histo·
1045 2964 1072 3020 in
1091 2961 1259 3034 quotidianis
1280 2958 1547 3040 Vigiliisliabebaut,
1567 2965 1597 3012 ut
1611 2970 1663 3038 suo
1679 2955 1739 3011 loco
1758 2970 1848 3034 issum

195 3036 276 3102 nam,
290 3036 434 3106 utriusque
451 3043 549 3093 cautus
565 3034 629 3106 galli
648 3035 775 3095 meminit
793 3056 801 3092 :
816 3035 913 3107 reliqui
926 3051 991 3091 soro
1045 3042 1100 3102 est3
1118 3046 1287 3103 consequens
1301 3045 1359 3087 esse
1379 3029 1484 3085 videtur
1497 3037 1544 3084 aut
1562 3025 1736 3098 antiphonas.
1752 3033 1780 3080 et
1794 3025 1849 3099 lec:

195 3114 252 3162 tres
263 3105 432 3176 euangelistae
447 3106 606 3178 posterioris
621 3115 729 3163 mutum
744 3114 841 3164 mutus
854 3105 919 3178 galli
933 3121 993 3165 me·
1046 3105 1137 3162 tiones
1149 3104 1211 3159 illas
1221 3100 1467 3179 iuisseadmodum
1477 3100 1659 3170 proliias,aut
1669 3096 1742 3152 lente
1751 3095 1849 3152 admo-

194 3176 345 3243 minerunt,
358 3177 445 3248 utqui
457 3177 494 3234 sit
507 3178 672 3248 precipuus,
686 3186 712 3234 et
724 3193 741 3235 u
752 3193 809 3250 quo
823 3192 888 3248 puis
902 3176 994 3233 noctis
1047 3176 1126 3243 dum,
1149 3174 1279 3248 graviter,
1302 3181 1330 3228 et
1348 3170 1458 3227 tractim
1480 3169 1573 3253 [uisse
1583 3168 1740 3251 decantatas
1763 3186 1779 3248 :¹
1796 3175 1845 3224 aut

194 3246 486 3320 dicuturgalliclnium.
501 3248 615 3305 Sic-ille.
631 3249 712 3306 Nulla
724 3248 993 3321 ergodiscrepautla,
1049 3247 1189 3303 residuum
1210 3243 1297 3326 noctis
1313 3259 1327 3299 s
1346 3243 1433 3325 atium
1451 3242 1513 3298 aliis
1532 3247 1645 3313 privatis
1663 3236 1847 3305 orationibus,

195 3318 243 3374 sed
257 3333 364 3376 sumina
379 3319 537 3384 eoncordia,
560 3329 588 3376 et
607 3320 754 3381 consensio
774 3320 845 3377 iuter
866 3323 993 3391 Evange·
1008 3300 1030 3364 C
1048 3328 1075 3374 et
1088 3316 1314 3373 meditationibus
1358 3328 1412 3369 isse
1425 3326 1600 3383 impensum:
1613 3319 1848 3392 cummanum

196 3389 272 3445 listas
291 3387 383 3461 quoad
402 3391 466 3464 galli
485 3399 606 3446 cantum.
628 3393 698 3447 llam
718 3397 830 3451 etanta
849 3405 989 3456 auroram,
1044 3389 1160 3445 alteram
1174 3385 1370 3443 tantummodo
1382 3384 1479 3439 horem
1493 3392 1555 3454 post
1567 3389 1655 3438 totius
1668 3389 1849 3461 noctisexcu·

197 3459 271 3532 quod
289 3468 397 3532 tempus
410 3462 518 3534 proprie
535 3462 703 3532 gallicinium
716 3461 877 3533 appellatur,
894 3463 992 3517 Petrus
1046 3460 1115 3527 bias,
1139 3468 1170 3515 ut
1191 3458 1229 3513 ait
1249 3460 1363 3521 Auctor,
1387 3453 1444 3536 'sibi
1467 3461 1637 3537 reservarent
1659 3451 1693 3507 ad
1720 3465 1848 3522 corporis

195 3539 238 3586 ter
249 3529 389 3587 Christum
400 3533 523 3603 negarim
538 3541 568 3588 ut
582 3533 741 3599 Matthaeus,
754 3534 854 3600 Lucis,
866 3539 894 3587 et
907 3534 991 3589 Joen·
1044 3529 1286 3593 refocillationem,
1301 3535 1333 3582 et
1347 3532 1479 3597 quietem,
1497 3536 1529 3582 ut
1547 3526 1653 3597 dictum
1677 3529 1717 3578 est
1748 3536 1783 3577 ne
1805 3523 1846 3577 sel

196 3616 246 3658 nes
257 3600 383 3658 scribunt
394 3623 400 3658 :
413 3612 441 3659 et
450 3603 524 3674 qnod
539 3603 611 3659 idem
624 3611 677 3670 est,
690 3610 837 3675 antequam
850 3603 936 3673 gnllus
949 3601 991 3659 his
1045 3601 1130 3658 nimia
1143 3598 1311 3663 lassitudine,
1324 3605 1352 3654 et
1364 3597 1505 3671 pervigilio
1516 3597 1677 3660 delicerent3
1690 3564 1733 3649 sci
1747 3608 1847 3649 somno

195 3679 331 3736 cantaret,
351 3675 434 3730 semel
455 3674 489 3730 ad
513 3674 635 3730 mediam
656 3682 781 3738 noctem,
805 3675 906 3731 iterum
929 3680 993 3728 ante
1046 3671 1166 3731 interdiu
1181 3674 1368 3743 grauarentur.
1741 3735 1746 3746 Ι

196 3758 341 3810 ιιιοιιιι,
361 3753 403 3801 tei
431 3746 528 3801 Petrus
555 3745 677 3816 negavit,
707 3753 738 3800 ut
763 3746 871 3801 Marcus
897 3743 992 3801 scribit
1080 3736 1095 3777 ¹³
1119 3742 1151 3800 ld
1174 3750 1226 3809 est,
1250 3755 1298 3811 per
1327 3739 1468 3798 universas
1496 3738 1619 3799 Orientis
1646 3734 1790 3799 Ecclesiae,
1817 3742 1848 3815 ut

197 3815 279 3884 (Vide
292 3816 474 3872 uuidmutn
488 3832 548 3887 cap.
565 3831 640 3880 xxvi
653 3817 776 3883 dietih).
790 3818 826 3872 Et
838 3814 891 3871 hoo
904 3814 991 3873 modo
1044 3813 1208 3897 paulopost
1226 3811 1349 3883 exponit.
1368 3811 1451 3867 Fncta
1476 3815 1551 3871 enim
1571 3809 1710 3891 divisione·
1725 3808 1846 3862 Romam

194 3885 386 3958 intelligendus
400 3891 433 3943 D.
448 3888 635 3959 Hieronymus
645 3887 673 3943 iu
684 3903 744 3958 cap.
758 3901 811 3943 xii
826 3886 914 3942 Esaiae
926 3885 994 3941 scri·
1046 3885 1169 3957 imperii,
1190 3883 1299 3940 dnobus
1322 3881 1448 3939 videlieet
1469 3879 1680 3956 imperatoribus
1703 3893 1733 3933 in
1754 3883 1847 3948 partes

196 3957 263 4012 bens
282 3977 288 4012 :
311 3959 455 4028 Apostolus
471 3962 568 4016 Petrus
585 3963 730 4029 cirthunin
747 3957 835 4029 qnllre
854 3961 990 4019 cantaret,
1045 3955 1266 4019 succedentibus,
1279 3953 1401 4014 Ecclesia
1420 3954 1606 4012 Occidentalis
1619 3951 1693 4033 dicta
1707 3955 1758 4030 est,
1782 3961 1845 4017 quae

193 4028 292 4084 scilicet
305 4031 528 4093 sccunclocuntu,
544 4034 585 4085 ter
606 4032 748 4087 Dominrsm
769 4031 879 4098 nequiit
898 4029 993 4097 :quod
1039 4028 1165 4099 ,imperio
1183 4024 1353 4085 Occidentali
1369 4026 1579 4091 continebatum
1597 4019 1748 4093 Ouentnlis
1769 4033 1845 4100 uero,

194 4098 345 4155 medionon
355 4103 524 4171 intelligitur.
534 4104 678 4172 Postquam
687 4101 991 4170 autemnoaprcecessit,
1046 4115 1109 4172 quae
1127 4098 1270 4156 Orientali.
1291 4096 1341 4153 llln
1358 4097 1478 4165 ltaliam,
1497 4093 1692 4157 Germaniam,
1713 4089 1845 4157 Galliam,

195 4173 221 4223 et
234 4173 313 4239 cupit
329 4173 386 4227 dies
407 4175 635 4243 appropinquare,
649 4174 783 4244 supermis
800 4172 896 4226 medin
909 4173 992 4225 nocti's
1047 4170 1170 4228 niumm
1185 4166 1429 4237 complectebatur.
1443 4169 1526 4227 ⁴Unde
1538 4176 1566 4224 et
1579 4170 1717 4227 Romana,
1737 4168 1766 4216 et
1787 4162 1846 4242 Ln-

194 4239 320 4303 tenebris,
331 4246 357 4296 et
368 4245 440 4309 pullo
454 4244 519 4298 lascis
532 4247 627 4298 arsatio
640 4247 790 4306 recensete,
805 4244 877 4310 pontt
888 4257 991 4307 umnec,
1046 4241 1115 4306 tiun,
1129 4240 1186 4296 sive
1203 4239 1366 4294 Latinorum
1382 4240 1502 4298 Ecclesia
1518 4239 1591 4296 dicta
1604 4242 1655 4292 est.
1673 4235 1741 4293 Haec
1753 4232 1846 4313 lllyri-

195 4310 990 4382 eti'ntelteui'tpeecutnmsuismetcotemporedicerepotni't:
1045 4327 1119 4379 cum,
1133 4310 1253 4382 syriam,
1271 4311 1429 4381 AEgyptnm,
1450 4311 1598 4375 Graeciam,
1615 4308 1736 4386 aliasque
1756 4317 1847 4375 regio-

195 4378 241 4439 Ad
248 4394 382 4449 uesperum
391 4382 578 4449 decorabitur
585 4385 702 4449 panset
710 4384 747 4436 nd
753 4384 917 4437 matutinum
924 4379 992 4443 iati-
1028 4398 1096 4438 nes
1109 4396 1203 4437 versus
1220 4380 1356 4439 orientem
1372 4385 1459 4440 solem
1479 4384 1554 4440 sitas.
1573 4382 1710 4437 ceterum
1725 4381 1784 4438 ista.
1794 4376 1847 4430 Ec-

104 4480 107 4485 ·
195 4452 235 4503 tin
247 4451 331 4513 (Psoi.
351 4453 450 4521 xxiii).
464 4451 517 4508 Sed
535 4451 666 4508 hactenus
678 4451 713 4506 de
726 4451 873 4524 gallicinio,
887 4459 916 4507 et
928 4452 991 4524 galli
1045 4453 1191 4509 elesiarum
1215 4450 1431 4511 distinctiones
1453 4470 1485 4511 es
1509 4454 1565 4509 situ
1581 4449 1668 4514 orbis,
1690 4443 1845 4502 secuudum

194 4525 275 4576 cantu
292 4536 341 4590 pro
355 4521 438 4594 liujus
452 4521 505 4578 loci
515 4521 660 4583 occasions
670 4522 737 4579 satis
749 4521 867 4579 dictum.
1045 4532 1171 4580 exactum
1188 4523 1454 4596 cosmographorum
1474 4514 1773 4598 descriptionemiacta
1792 4522 1845 4580 est,

231 4595 242 4623 ⁸
267 4593 371 4664 Nempe
394 4593 477 4650 trium
500 4592 720 4664 antiphonarum.
736 4593 892 4665 (legendum
915 4592 990 4651 enini
1045 4595 1094 4651 sed
1110 4610 1159 4666 pro
1174 4593 1280 4651 ratione
1298 4597 1390 4665 partiti
1411 4596 1531 4654 Romani
1550 4592 1671 4663 imperii.
1692 4597 1724 4647 ut
1737 4586 1846 4668 dictum

194 4663 359 4740 antiphonas
373 4672 440 4734 tres,
452 4673 483 4720 ut
495 4664 646 4737 Dionysius
655 4673 684 4720 et
697 4663 741 4720 alii
755 4664 864 4720 codices
877 4663 989 4734 babent)
1007 4674 1096 4752 Dest.
1111 4665 1193 4724 Unde
1208 4664 1274 4721 illud
1293 4666 1403 4734 accidit,
1418 4676 1449 4724 ut
1461 4665 1600 4723 interdum
1615 4676 1676 4733 quae
1688 4661 1717 4716 in
1728 4657 1846 4740 meridie

130 4796 133 4802 .
193 4743 222 4792 et
238 4740 325 4796 trium
341 4737 522 4809 psalmorum,
540 4743 567 4790 et
586 4735 671 4791 trium
684 4735 845 4803 lectionum,
861 4743 891 4790 ut
911 4738 991 4806 paulo
1046 4735 1316 4807 potiuscollooaudae
1329 4747 1429 4806 essent,
1448 4734 1688 4806 interorientales
1702 4743 1844 4812 reperian-

194 4820 256 4879 post
276 4809 398 4879 exponit.
416 4809 476 4879 Quo
490 4823 525 4863 ex
539 4807 598 4863 loco
615 4806 752 4879 colligitur
770 4808 849 4879 quale
868 4805 990 4863 oibcinm
1045 4817 1090 4865 tur
1112 4815 1312 4873 annumeratae3
1331 4818 1359 4865 et
1376 4818 1471 4867 contra
1487 4805 1681 4865 occidentales
1701 4800 1778 4858 idem
1799 4797 1844 4881 di-

192 4891 360 4938 nocturnum
383 4878 531 4936 habuerint
554 4878 592 4943 illi
608 4877 750 4946 monachi,
774 4893 863 4949 quoio
882 4879 946 4945 ritu,
963 4886 992 4934 et
1045 4887 1154 4947 cantur,
1170 4893 1232 4951 quse
1244 4888 1369 4949 spectant
1384 4881 1419 4937 ad
1438 4879 1594 4941 lleridiem,
1609 4880 1656 4934 aut
1669 4875 1845 4951 Septentrio-

194 4952 278 5015 modq
299 4949 366 5005 illud
386 4950 550 5021 peregerint.
575 4952 648 5006 Nam
671 4950 763 5021 primo
778 4949 838 5005 loco
855 4949 991 5008 habebunt
1044 4967 1125 5020 nem;
1148 4966 1205 5009 non
1228 4949 1280 5006 alia
1302 4950 1414 5021 quidem
1438 4951 1559 5010 ratione.
1580 4962 1664 5021 quani
1686 4940 1764 5026 quod
1784 4940 1846 5023 ιΙΙιι

194 5027 250 5077 tres
264 5019 439 5090 antiphonas,
454 5021 507 5076 hoc
520 5028 670 5078 estsnaves
683 5020 990 5077 iiaritionessihinmi-
1044 5021 1203 5087 orientalis,
1226 5021 1268 5077 hae
1288 5022 1473 5078 Occidentalis
1494 5030 1586 5094 partes
1604 5023 1698 5074 essent
1722 5027 1843 5096 imperii.

190 5090 297 5160 juribus
309 5090 433 5154 traditas,
446 5106 515 5162 quas
527 5107 590 5147 cuni
604 5091 694 5162 aliqua
708 5091 898 5148 modulatione
908 5106 990 5147 cane-
1042 5093 1102 5162 Qua
1122 5091 1158 5149 de
1170 5106 1200 5149 te
1213 5093 1299 5148 semel
1319 5092 1364 5149 hic
1378 5093 1507 5150 lectorem
1523 5090 1661 5149 monitum
1675 5086 1763 5151 voturi
1780 5097 1845 5140 cum

193 5161 262 5218 bant
279 5168 394 5227 stantes,
411 5169 440 5216 et
456 5161 539 5217 erecti
557 5180 563 5214 :
584 5171 616 5217 ut
633 5162 722 5218 solent
741 5161 813 5232 apud
826 5177 879 5218 iios
891 5162 989 5218 insita·
1042 5177 1116 5233 saepe
1132 5162 1215 5234 hujus
1232 5161 1421 5220 distinctionis
1439 5166 1543 5221 Auctor
1569 5157 1734 5217 inemiuerit.

192 5233 264 5289 toria
293 5247 358 5287 cuin
380 5231 486 5302 psalmo
509 5246 579 5286 nona
600 5233 687 5289 esimo
712 5240 811 5314 quarto
835 5231 987 5298 decantari.
1049 5270 1052 5277 -
1078 5233 1142 5291 eld
1156 5241 1207 5299 est,
1227 5230 1291 5290 leria
1306 5243 1394 5292 sexta.
1409 5237 1481 5292 llam
1499 5232 1573 5307 apud
1592 5231 1726 5289 uenraeos
1742 5224 1844 5282 sabba·

193 5301 301 5360 Deinde
321 5302 416 5369 humi,
439 5302 478 5358 iel
500 5248 632 5358 sedilihus
653 5302 816 5368 humillimis
832 5301 989 5359 insidentes
1043 5310 1104 5361 turn
1125 5312 1153 5362 et
1171 5312 1295 5376 protota
1318 5305 1501 5367 bebdomada.
1522 5314 1550 5362 et
1564 5319 1615 5376 pro
1632 5300 1752 5381 septimo
1769 5294 1846 5379 ‘heb-

192 5383 248 5431 tres
265 5371 389 5444 psalmos·
402 5388 458 5429 nuo
476 5372 631 5439 inchoante,
653 5381 680 5429 et
699 5373 873 5444 precinente,
897 5375 989 5430 carten
1042 5375 1169 5432 domadis
1195 5375 1241 5433 die
1262 5376 1397 5447 pecipitur
1418 5398 1424 5432 ε
1442 5392 1560 5447 cumque
1574 5408 1576 5415 ι
1590 5381 1692 5430 totam.
1703 5367 1845 5442 signillcnt

191 5445 392 5507 succinebant:
417 5443 464 5515 qui
483 5459 545 5510 mos
563 5444 794 5516 spudplerosqne
808 5442 934 5511 usitatus,
956 5460 990 5501 ac
1044 5441 1258 5513 hebdomadum,
1272 5447 1375 5518 primus
1388 5448 1448 5506 dies
1463 5444 1644 5506 hebdomadae
1667 5441 1755 5523 priuis
1777 5438 1846 5496 sab-

181 5515 334 5572 -tamtttaris
356 5513 420 5580 ¹fuit,
441 5523 472 5569 ut
494 5522 568 5585 patet
586 5531 619 5572 ex
637 5514 752 5586 epistola
773 5517 806 5569 D.
827 5514 919 5570 Basilii
940 5521 985 5571 tls.
1042 5517 1118 5587 bati,
1131 5517 1267 5574 securrdus
1281 5519 1403 5576 secunda
1418 5519 1544 5586 sabbati,
1559 5516 1758 5573 tertiustertia
1775 5510 1846 5567 sab-

189 5588 282 5642 'lertio
296 5585 408 5641 demum
424 5584 497 5652 loco,
517 5588 626 5647 Tenus,
648 5585 688 5640 ait
701 5585 860 5651 Cassianus,
874 5587 987 5657 adjicie-
1041 5587 1110 5654 bati,
1120 5587 1273 5661 eodemque
1284 5590 1366 5647 modo
1380 5598 1525 5664 sequentes
1541 5589 1599 5647 dies
1610 5585 1791 5658 appellantur.
1807 5584 1843 5637 D.

192 5659 258 5713 boot
277 5658 413 5719 lectiones:
428 5671 494 5712 cum
510 5654 582 5727 apud
597 5656 739 5728 AEgyptins
751 5657 903 5714 monachos
916 5672 988 5713 uuus
1040 5658 1232 5731 Hieronymus
1241 5661 1270 5717 iu
1284 5661 1391 5731 epistol.
1406 5662 1443 5719 ad
1458 5660 1606 5719 lledibiam
1617 5665 1715 5728 quaest.
1728 5658 1747 5709 4
1762 5670 1768 5705 :
1785 5654 1844 5709 Una

190 5734 299 5785 mulum
316 5727 435 5797 psalmom
454 5726 621 5793 decantaret,
642 5727 753 5784 ceteris
766 5728 794 5784 iu
813 5728 922 5785 silentio
936 5743 987 5784 au·
1039 5731 1160 5799 sabboti,
1175 5730 1275 5802 inquit,
1291 5736 1429 5790 Dominicis
1443 5731 1686 5802 iutelliqmdcest:
1701 5729 1771 5798 quin
1785 5738 1848 5780 ιιι-Δ

190 5797 381 5857 scultentibus.
391 5799 471 5868 Quod
481 5797 595 5872 quidem
601 5795 726 5854 uinctum
734 5814 797 5855 cum
807 5798 888 5856 breve
895 5797 997 5874 edmo-⁴
1040 5804 1084 5857 itis
1098 5802 1269 5859 hebdomade
1283 5805 1313 5860 hi
1322 5805 1477 5866 subnotem,
1491 5807 1517 5859 ct
1527 5806 1561 5858 ,τί
1568 5803 1698 5873 primum,
1713 5801 1740 5854 et
1753 5811 1847 5852 secun

187 5869 258 5927 dum
280 5871 406 5929 rideatur
424 5871 632 5945 comparatione
649 5868 733 5929 officii
749 5871 867 5929 aliorum
888 5885 986 5928 mona·
1040 5872 1116 5936 dani.
1129 5876 1293 5938 startiam,
1308 5875 1680 5946 etqunrtnmetqm'utcm,
1694 5874 1721 5926 et
1736 5871 1848 5924 sentum
