3848 6158
136 282 184 335 591
677 276 819 333 Juauuls
838 276 989 332 casstelll
1008 277 1252 334 collationes.
1744 283 1796 337 tut

135 406 270 468 Israelem,
280 408 371 458 utrium
383 402 511 455 audirent
519 400 651 454 mandato
663 401 780 462 Domitii,
797 416 858 469 qua
868 417 941 471 prm
954 405 981 466 Α
996 402 1139 468 insertam,
1154 400 1237 456 etiam
1251 402 1278 457 iu
1292 402 1426 474 Apostolo
1439 401 1617 476 italegimus(
1629 403 1667 457 ad
1684 404 1746 460 dut.
1760 419 1789 460 v.

137 506 241 570 ceperat
251 499 376 570 patribus
390 510 479 551 etrum
497 510 547 565 per
568 509 676 547 manum
695 496 805 562 Moysis,
825 513 861 549 an
875 513 936 550 non
991 505 1081 559 ”Caro
1092 507 1162 558 enim
1172 507 1332 575 concupiscit
1341 506 1468 561 adrasus
1478 507 1613 576 spiritum,
1624 507 1796 575 spiritusqu-

137 598 226 664 Qfflffl
251 593 346 661 ὓῑῑᾳυθ
374 604 493 660 pugnam
520 601 576 641 ⁰⁰¹¹
603 586 728 642 iniidflffl
754 590 828 643 ⁰⁰⁰⁸
851 590 936 661 (1ιιίθῑί
990 610 1042 660 tem
1056 605 1185 661 aduersus
1199 623 1313 663 carnum.
1326 611 1482 664 lloecautcm
1492 610 1604 661 ictuicem
1614 607 1795 664 adversantur

139 687 258 750 israelis,
272 700 323 739 nce
336 683 409 738 male
428 681 518 737 eidem
530 682 695 749 consulens,
711 682 760 739 sed
775 683 864 740 sciens
877 699 936 740 esse
988 712 1052 778 sigi,
1066 711 1709 781 wmnqnoemmquewpm,masadan-3·Habe,
1719 710 1795 768 ethic

134 777 321 854 utilissimam,
332 774 489 841 reservavit,
501 782 532 829 ut
541 773 607 829 dum
618 775 741 846 gentium
753 792 862 847 semper
875 777 937 832 ista·
990 824 1107 880 pugnam
1121 819 1132 844 ,
1144 809 1331 866 invisceratam
1342 808 1546 881 quodammodo
1561 809 1669 880 conmori
1686 818 1793 866 nostro,

136 885 198 925 ‘⁰¹¹¹
213 868 416 940 impugnatme
430 867 646 939 deprimerem*
659 885 813 942 numquam
829 886 859 926 ⁵⁶
875 886 936 927 Μ’
990 905 1189 978 dispensatione
1215 907 1329 962 Domini
1355 914 1525 978 procurante.
1557 904 1699 975 Quidquid
1723 905 1794 963 enim

137 963 201 1018 tirct
219 961 322 1017 auxilio
344 961 457 1017 Domini
472 978 526 1017 nou
540 977 633 1035 egere,
651 972 679 1019 ct
694 963 730 1019 ob
745 963 774 1020 id
786 979 894 1037 semper
909 963 937 1020 iu

137 1053 195 1128 ejus
208 1055 386 1112 meditatione
396 1063 423 1110 et
434 1055 603 1112 invocatione
613 1057 768 1127 persistens,
782 1073 832 1114 nec
842 1058 937 1115 inertia
990 1005 1148 1113 gemmifer
1161 1013 1189 1112 ef
1208 1004 1266 1113 ΨΘ
1276 1004 1391 1113 aiiij
1416 1004 1576 1110 exceptiqnf
1594 1004 1733 1110 ,omibus
1753 1004 1793 1060 Μ’

917 1152 924 1165 ,
991 1109 1043 1168 est,
1065 1100 1133 1172 quid
1154 1100 1226 1157 aliud
1242 1100 1363 1173 pudicam
1393 1107 1492 1172 potest,
1517 1115 1569 1155 nisi
1594 1114 1644 1170 ipsi
1665 1099 1794 1160 bumana

137 1150 298 1219 solveretur,
316 1166 367 1206 nec
389 1149 508 1206 bellandi
527 1166 616 1257 'usum
640 1159 667 1206 et
690 1152 818 1208 exercitia
832 1152 939 1209 virtutis
991 1198 1150 1254 submmiae
1163 1205 1226 1269 post
1238 1198 1442 1270 ruinamprimi
1466 1196 1597 1264 hominis,
1621 1197 1696 1253 velut
1713 1208 1794 1256 nam·

137 1255 282 1303 ammem'
303 1248 470 1317 Frequenter
490 1261 563 1302 emm
581 1261 650 1317 ‘¹⁰⁰⁵
670 1261 867 1318 summm
886 1263 938 1319 Ρο-
992 1295 1084 1354 naliter
1103 1294 1279 1362 attributum,
1307 1301 1334 1351 et
1359 1293 1433 1365 quod
1460 1293 1593 1349 universis
1619 1296 1812 1366 congenitum·

137 1348 249 1396 tuerunt
260 1339 389 1407 adversa,
404 1338 535 1394 securitas
549 1348 577 1394 et
590 1339 758 1411 prosperitas
772 1339 936 1412 dejecerunt.
992 1402 1203 1464 concretumque
1213 1391 1439 1464 deprehenditur,
1456 1390 1661 1463 quomodonon
1682 1391 1794 1450 creden,

464 1433 508 1485 ΑΡ
607 1434 643 1486 ll.

138 1432 481 1595 Deutilitateejuspupssoe
494 1434 739 1595 qumnposioiu
751 1529 866 1597 ponitin
884 1528 940 1582 cot·
993 1488 1103 1546 dum&
1120 1487 1232 1543 ”hm
1248 1487 1360 1545 omnini
1383 1504 1440 1544 ¹¹⁰⁰
1468 1488 1601 1559 ⁰⁰oe¹¹fi⁸t
1628 1489 1678 1546 Μ
1700 1507 1794 1550 6011511·

322 1596 465 1650 inconcinne
478 1599 571 1651 cumn
588 1603 613 1651 ec
626 1599 749 1666 spiritu.
993 1587 1074 1643 lentis
1093 1586 1244 1643 insertum?
1264 1586 1381 1642 Causam
1403 1601 1467 1641 vero
1493 1585 1574 1658 hujus
1598 1586 1675 1657 belli,
1688 1588 1717 1645 id
1743 1597 1793 1661 est,

174 1690 186 1719 ⁸
207 1688 287 1743 lianc
301 1702 420 1760 pugnam
441 1688 541 1744 utiliter
560 1689 786 1760 nostrisquoque
807 1689 941 1745 membris
992 1687 1081 1745 carnis
1093 1696 1122 1744 et
1139 1687 1259 1759 spiritus,
1285 1686 1355 1742 banc
1376 1701 1435 1742 esse
1460 1686 1588 1744 describit
1610 1688 1643 1742 :d
1674 1691 1710 1745 Ut
1731 1704 1793 1759 non,

567 1838 576 1847 ·
682 1815 811 1871 amnui
830 1815 941 1871 GAZAEI
961 1811 1240 1870 COMMENTARIUS.

136 1936 195 1990 Non
204 1938 357 2003 propterea,
374 1933 472 2004 inquit,
490 1935 588 2005 cupitis
596 1935 694 1990 tabere
704 1951 808 2005 pacem,
823 1941 849 1989 ct
862 1937 936 1990 murti
989 1931 1137 1998 desiderat,
1158 1929 1234 1986 etad
1254 1945 1286 1986 ea
1308 1930 1482 1986 vehementer
1502 1928 1668 1997 accenditur3
1694 1938 1793 1988 contra

138 2020 230 2074 putere
247 2006 386 2074 copiarum
400 2005 544 2061 abundare
558 2011 590 2060 ut
601 2007 644 2061 tis
663 2006 737 2061 bonis
750 2007 857 2060 honeste
870 2010 935 2061 uta-
990 2020 1053 2060 verc
1072 2004 1192 2086 spiritus,
1208 2016 1269 2073 qum
1283 2000 1412 2083 spiritalia
1426 2008 1499 2065 suut,
1512 2009 1541 2055 et
1560 2002 1661 2057 veritati
1683 2017 1717 2057 ac
1739 2002 1796 2058 bu·

137 2077 215 2136 mirri,
229 2077 340 2137 bocest,
354 2076 482 2139 modeste,
498 2076 594 2138 sobrie,
611 2080 799 2146 temperanter,
812 2079 873 2147 pie;
887 2077 935 2131 sed
990 2083 1089 2130 nestatr
1102 2077 1295 2138 consentanea,
1323 2079 1433 2142 expetit.
1463 2073 1565 2126 Verum
1594 2072 1679 2142 quaeri
1707 2080 1798 2155 potest

137 2147 935 2216 ntinfinitariorutuscoluptatuminsanisesnnionibusea
989 2143 1214 2216 quomodocami
1237 2142 1374 2198 tribuatur
1396 2150 1473 2197 actus
1500 2142 1728 2214 concupiscendi,
1749 2144 1796 2214 qui

137 2219 277 2286 pretiatur,
288 2217 462 2286 secundisque
470 2218 556 2280 reden,
565 2233 597 2271 ea
608 2219 814 2272 malacriantur
822 2221 935 2273 inmari·
989 2216 1167 2288 propriuscst
1180 2212 1301 2269 animaet
1325 2213 1482 2283 Respondet
1508 2215 1538 2268 u.
1557 2213 1681 2269 Thomas
1704 2214 1796 2286 idom·

138 2289 195 2350 bus,
207 2288 737 2358 quoesauientibuspejorosintnostibus.
746 2290 784 2345 At
793 2289 934 2358 itieScipio
986 2293 1068 2342 ment.
1081 2283 1144 2356 ejus'
1153 2287 1204 2340 ioci
1216 2289 1242 2339 et
1265 2290 1317 2352 lu,
1331 2302 1359 2354 q.
1373 2291 1417 2351 70,
1433 2290 1487 2339 art.
1508 2290 1539 2338 tl
1548 2284 1570 2356 ),
1584 2284 1738 2341 secuudum
1758 2288 1794 2341 D.

134 2364 265 2430 pontificu
276 2361 411 2414 manium
419 2364 514 2422 uestem
523 2360 568 2413 ille
578 2361 660 2414 totius
666 2364 775 2414 senatus
778 2360 885 2429 judicio
891 2361 935 2414 cir
950 2347 974 2408 B
988 2357 1182 2429 Augustiuum,
1197 2356 1270 2425 quod
1282 2371 1343 2410 coro
1352 2356 1455 2410 dicitur
1466 2358 1657 2426 concupiscere,
1669 2358 1699 2411 in
1708 2372 1796 2426 quon·

137 2435 264 2500 optimus,
280 2433 362 2485 istam
377 2430 459 2492 uobis
474 2434 599 2500 ,metuens
615 2432 808 2494 calamitatem,
832 2431 939 2485 nolebat
996 2430 1153 2483 tomanima
1163 2426 1307 2482 secundum
1317 2427 1798 2497 comunatsccteconurpiseitmicut

137 2504 262 2556 amulam
285 2505 347 2556 tuna
364 2503 472 2570 imperii
482 2504 597 2558 Romani
609 2502 799 2571 Cartbaqinem
812 2502 898 2564 dirui,
913 2505 939 2556 et
994 2500 1083 2554 oculus
1092 2500 1192 2553 dicitur
1203 2497 1303 2580 vetere,
1316 2512 1377 2551 cum
1385 2500 1476 2581 potius
1489 2500 1585 2551 anima
1594 2500 1636 2552 uel
1649 2501 1707 2568 ipse
1720 2499 1797 2554 bomo

137 2573 286 2629 decernenti
297 2578 327 2628 ut
340 2572 505 2636 dirueretur,
518 2573 715 2628 contradicebat
729 2575 833 2636 Catoni,
844 2574 938 2627 timens
990 2587 1041 2641 per
1053 2571 1138 2627 acutos
1150 2569 1250 2623 uideat.
1268 2570 1311 2625 Sic
1322 2584 1386 2636 erqo
1394 2584 1487 2623 anima
1495 2584 1546 2639 per
1559 2585 1667 2624 earnem
1677 2573 1798 2642 erumpi·

137 2645 940 2715 infirmitanimisbostemsennr'tatem,ettumquampupiltis
993 2645 1053 2705 scit,
1069 2641 1178 2712 quondo
1199 2656 1229 2695 ea
1247 2655 1307 2710 quae
1321 2640 1488 2694 delectabilia
1501 2645 1564 2694 sunt
1577 2641 1728 2696 secundum
1743 2657 1798 2696 cur·

136 2717 365 2771 ciuibusidoneum
372 2720 497 2784 tutorem,
505 2718 683 2770 necessarium
692 2716 784 2770 uidens
792 2719 938 2770 esseterro-
993 2729 1053 2767 nom
1066 2713 1177 2782 expetit.
1192 2714 1356 2766 Persevera
1375 2713 1467 2765 anima
1489 2714 1661 2781 concupiscit,
1688 2712 1798 2782 qumodo

138 2803 201 2841 run.
219 2789 270 2841 Nec
285 2804 344 2842 eum
357 2790 490 2841 amtentiu
503 2787 606 2855 fefellit
621 2805 629 2839 t
641 2788 731 2855 reipsa
740 2786 886 2855 probatum
900 2793 940 2839 est
992 2783 1138 2837 delectatur
1151 2785 1181 2836 in
1193 2783 1235 2836 tis
1243 2785 1375 2851 quasunt
1386 2783 1531 2837 securrdum
1539 2785 1678 2852 spiritum,
1691 2789 1725 2838 ut
1733 2789 1798 2840 sum

137 2873 219 2924 qnam
232 2873 323 2910 ,aerum
336 2857 444 2918 diceret,
458 2865 511 2911 etc.
992 2868 1071 2922 opera
1088 2855 1232 2916 uirtutum,
1247 2853 1432 2922 contenplatio
1440 2854 1602 2915 diuinorum,
1618 2859 1645 2908 et
1657 2855 1799 2911 meditatio

172 2927 519 2995 'Legesextamannotat
535 2922 935 2994 ll.Cuycbiiadiinemoperis.
992 2925 1140 2993 sapimtioe,
1151 2924 1236 2992 juata
1251 2923 1320 2978 iliud
1341 2925 1405 2994 Sap.
1428 2939 1456 2977 rs
1480 2925 1721 2994 :Concupiscentia
1746 2929 1798 2981 t‘tu·

172 2986 185 3025 b
201 2994 275 3048 ldem
295 2993 353 3048 aliis
367 2994 454 3047 verbis
469 2994 617 3062 Apostolus
639 2991 675 3048 ad
690 2996 770 3048 Rom.
787 3006 832 3048 v11
845 3012 851 3047 ε
868 2995 938 3050 don·
992 3010 1042 3063 que
1054 2996 1195 3064 sapientia
1208 2994 1321 3050 deducet
1332 2995 1374 3048 ad
1393 3010 1506 3064 repnum
1514 2999 1685 3076 perpetuum.
1710 3001 1749 3051 At
1760 2996 1798 3053 di·

137 3064 250 3118 delector
265 3066 317 3132 lepi
334 3064 535 3119 Dcisecundum
559 3065 713 3117 interiorunt
728 3064 860 3118 bominem
875 3069 937 3120 :ci-
991 3079 1036 3120 ces
1056 3082 1063 3118 :
1086 3065 1113 3120 Si
1134 3080 1197 3120 curo
1221 3065 1389 3136 concupiscit
1410 3080 1457 3136 per
1486 3066 1625 3136 spiritum,
1652 3066 1796 3139 quomodo

136 3135 183 3189 deo
195 3135 379 3188 aeternalium
394 3134 474 3202 tepem
487 3136 516 3187 in
529 3133 653 3188 membris
664 3137 729 3190 meis
742 3141 936 3205 repuqnantem
988 3136 1156 3208 concupiscit
1175 3135 1305 3191 adversus
1328 3139 1409 3192 eum?
1431 3137 1587 3206 itespmdet,
1610 3138 1642 3190 in
1664 3153 1702 3200 eo,
1724 3138 1798 3208 quod

137 3207 297 3275 tenimentis
309 3221 373 3260 meu
387 3209 412 3260 et
432 3207 611 3275 captivantem
629 3221 670 3261 me
694 3208 725 3259 in
744 3207 799 3276 teqe
817 3210 934 3276 peccati,
989 3208 1795 3279 concupiscentiocamisimpcditmmuprscentinmspiritm3

136 3294 196 3347 qua
211 3279 288 3333 estin
300 3277 425 3332 membris
438 3278 513 3332 meis
538 3276 641 3332 Eodem
663 3286 767 3347 spectat
784 3277 848 3334 illud
869 3279 936 3334 biat-
989 3295 1048 3334 cum
1055 3282 1125 3335 enim
1137 3281 1231 3345 enimc
1238 3280 1310 3334 circu
1319 3279 1458 3334 sensibilia
1472 3279 1649 3345 etinseriora,
1662 3296 1725 3348 qua
1734 3285 1798 3335 stant

136 3348 199 3404 tbaei
212 3364 285 3404 xxvi
303 3350 340 3405 :S
359 3351 439 3402 tritus
449 3347 640 3418 quidemprom
659 3352 763 3414 tuaest;
776 3365 837 3404 caro
847 3354 937 3405 autem
990 3353 1088 3413 carnis,
1102 3354 1246 3419 occupatur
1258 3354 1284 3405 et
1297 3351 1427 3418 afficitur,
1441 3351 1624 3404 retrahitura
1642 3353 1797 3420 superirri-

136 3421 253 3487 infirmu.
268 3365 503 3486 duodecumam
519 3433 569 3474 suc
581 3364 666 3474 modi>
683 3418 806 3475 ridentur
823 3421 934 3493 experti.
991 3421 1049 3488 bus,
1059 3437 1119 3491 quoe
1126 3426 1189 3475 sunt
1197 3421 1325 3501 spiritus(
1337 3421 1404 3476 Vide
1411 3424 1504 3474 notato
1514 3421 1638 3502 instead
1649 3437 1708 3491 cup.
1732 3421 1794 3495 ts).

139 3488 341 3545 UndeOvidius
354 3503 400 3543 vri
425 3488 607 3560 bletamorph.
623 3508 629 3544 :
1025 3501 1036 3526 ⁰
1050 3490 1197 3561 Quomodo
1211 3491 1342 3562 intelligat
1357 3491 1443 3549 abbas
1470 3492 1562 3547 Daniel
1575 3493 1645 3548 lianc
1668 3507 1793 3564 pugnam

989 3561 1044 3617 sive
1068 3561 1316 3631 concupiscentiam
1337 3561 1425 3617 curnis
1443 3561 1572 3618 adversus
1591 3563 1729 3634 spiritum,
1752 3563 1796 3620 in-

989 3641 1089 3687 sertam
1102 3639 1129 3687 et
1143 3631 1331 3687 invisceratam
1355 3632 1486 3688 membris
1507 3633 1607 3689 nostris
1632 3643 1661 3688 et
1682 3635 1794 3706 corpori

951 3727 974 3791 C
992 3710 1087 3759 nostro
1101 3701 1291 3774 procuratione
1304 3702 1407 3772 diviua,
1423 3703 1503 3759 docte
1516 3704 1627 3775 explicat
1643 3704 1692 3759 lio.
1715 3706 1796 3778 Cuy·

137 3773 208 3846 Quid
234 3791 316 3846 porro
340 3790 387 3845 per
408 3789 518 3829 carnem
532 3782 559 3828 et
572 3772 709 3844 spiritum,
726 3773 783 3828 sive
797 3787 844 3844 per
852 3773 939 3846 legem
993 3771 1108 3829 cbiusin
1120 3788 1169 3829 sua
1182 3788 1307 3840 censura,
1321 3790 1404 3900 guam
1427 3774 1517 3831 videre
1541 3776 1621 3832 lector
1640 3790 1704 3829 meo
1723 3791 1794 3832 con·

137 3847 327 3903 membrorum
342 3856 369 3901 et
385 3846 473 3917 legem
484 3844 583 3900 mentis
597 3844 683 3899 intelli
703 3850 775 3909 atur,
797 3843 898 3899 diserte
912 3855 939 3902 et
993 3843 1054 3900 silio
1074 3861 1129 3901 uon
1152 3845 1269 3900 omittet.
1292 3844 1326 3899 Vi
1346 3844 1433 3901 endus
1461 3861 1542 3917 porro
1562 3846 1641 3902 etiam
1654 3845 1736 3902 lacus
1757 3849 1794 3903 D.

137 3919 275 3974 enucleate
289 3916 438 3988 explicatur
452 3908 670 3986 insequentibus
683 3860 763 3986 {Cap
782 3918 815 3969 10
838 3920 863 3970 et
879 3917 937 3986 11).
992 3914 1138 3987 Augustini
1151 3915 1184 3970 ab
1199 3932 1231 3971 eo
1246 3916 1343 3971 citatus
1356 3915 1401 3971 lib.
1426 3932 1441 3968 v
1455 3928 1550 3974 contra
1569 3917 1718 3985 lulianum,
1748 3918 1796 3976 sed

135 3992 203 4046 Tota
219 4005 283 4045 vero
296 3988 376 4058 bujus
392 3986 443 4043 loci
454 3986 603 4057 disputatio
615 4002 648 4042 eo
662 3994 776 4057 spectat,
790 3993 821 4040 ut
843 3985 938 4043 intelli·
994 3987 1130 4059 praecipue
1140 4003 1199 4059 cap.
1215 3987 1300 4059 seJ'us
1326 3986 1398 4053 libri,
1414 3986 1458 4042 ubi
1471 3988 1542 4043 inter
1561 3988 1612 4045 alia
1634 3987 1719 4045 refert
1740 3992 1795 4047 Au·

135 4078 231 4134 gamus
247 4061 298 4115 boc
318 4059 418 4114 bellum
438 4058 606 4122 intestinum,
620 4072 668 4112 seu
693 4055 940 4127 concupiscentiam
993 4059 1130 4130 gostinus,
1143 4057 1277 4114 exstitisse
1297 4056 1429 4129 quosdam
1447 4059 1600 4124 hacreticus,
1616 4060 1795 4117 Paterniancs

137 4133 226 4187 carnis
246 4131 375 4186 adversus
399 4128 535 4200 spiritum,
557 4136 585 4184 et
600 4127 710 4199 spiritus
729 4127 859 4184 adversus
880 4145 939 4186 car·
993 4136 1019 4184 et
1032 4129 1321 4198 venustianosdictos,
1344 4128 1505 4185 lilauiebaeis
1522 4131 1696 4203 similes,qui
1721 4130 1793 4187 dicc-

136 4217 200 4256 nem
218 4201 226 4271 1
234 4217 295 4270 quae
308 4200 369 4255 buic
380 4199 523 4255 collationi
539 4207 568 4254 ut
581 4201 750 4270 praecipuum
766 4199 882 4268 praebuit
894 4216 937 4256 ar·
994 4199 1070 4263 bant,
1086 4218 1102 4255 a
1116 4201 1213 4256 lumbis
1221 4217 1304 4270 usque
1312 4202 1350 4256 ad
1358 4201 1439 4271 pedes
1451 4201 1588 4256 diabolum
1595 4205 1693 4270 secisse
1702 4217 1794 4274 corpus

137 4278 311 4341 gumeutum,
326 4279 354 4324 et
369 4270 405 4324 ita
426 4270 553 4341 titulum)
575 4270 656 4326 uobis
671 4286 728 4326 esse
740 4271 834 4325 utilem
852 4286 884 4326 ac
892 4286 936 4327 sa·
993 4272 1127 4336 dommim
1151 4274 1302 4341 superiores
1322 4288 1383 4326 uero
1396 4277 1486 4341 partes
1506 4276 1598 4335 linem,
1622 4276 1697 4328 uelut
1713 4289 1794 4343 supra

137 4339 263 4403 lutarem,
280 4339 392 4409 ideoque
406 4338 497 4395 divina
510 4340 712 4411 dispensatione
729 4356 777 4396 scu
792 4340 936 4422 providen·
993 4342 1078 4396 basim
1091 4342 1213 4411 aliquam
1227 4343 1378 4408 coltocasse;
1394 4344 1517 4413 nihilque
1529 4345 1564 4398 ab
1576 4345 1694 4399 bumiais
1703 4345 1793 4399 studio

138 4408 173 4463 tia
186 4409 212 4462 in
225 4408 304 4463 uobis
313 4424 371 4464 csse
388 4410 511 4465 relictam
524 4419 551 4465 et
584 4411 769 4467 uodammodo
791 4412 937 4468 inviscera·
991 4415 1197 4482 repatriantem
1211 4418 1241 4467 ut
1255 4416 1793 4485 animatquamincorporeetstomocto

137 4487 205 4534 tam.
220 4478 300 4549 Quod
314 4484 406 4534 tamen
429 4426 634 4552 intelligendum
648 4481 681 4537 de
691 4478 793 4547 carna,
814 4497 872 4537 uon
892 4499 938 4539 se·
991 4484 1112 4538 babitare
1123 4484 1265 4550 dicebant)
1279 4483 1625 4556 marcomannicum
1634 4502 1696 4541 uera
1708 4488 1793 4541 stom·

136 4551 257 4607 cundum
271 4550 427 4622 primaevam
439 4552 634 4613 conditionem,
646 4552 674 4606 in
684 4567 736 4623 qua
748 4551 835 4608 Adam
845 4561 872 4608 et
883 4557 937 4611 Eva
990 4556 1068 4609 m'bus
1081 4557 1248 4624 ttaqitiorum
1255 4556 1391 4611 oblinatur
1399 4557 1576 4621 sordibus,ad
1587 4574 1666 4612 uram
1677 4572 1795 4628 nonper-

135 4623 237 4679 conditi
251 4631 325 4687 sunt,
339 4623 387 4679 sed
402 4623 435 4679 dc
456 4639 537 4680 carue
556 4632 666 4695 peccata
689 4622 867 4686 vitiata,.iicet
890 4641 937 4696 per
991 4628 1073 4681 tinere
1085 4642 1176 4680 curam
1192 4647 1198 4681 ι
1212 4629 1254 4681 itu
1267 4631 1298 4681 ut
1310 4642 1413 4698 semper
1422 4628 1477 4696 ipsi
1485 4629 1595 4683 libidini
1611 4632 1729 4698 turpiter
1742 4643 1795 4684 scr-

135 4695 301 4766 baptismum
310 4695 438 4752 mundata
453 4714 459 4747 :
474 4698 580 4751 dionem
593 4697 699 4750 enimin
714 4694 859 4764 baptizatis
875 4712 937 4752 con-
989 4699 1056 4760 ciat,
1071 4699 1180 4752 titulum
1194 4700 1343 4768 cipropriae
1359 4701 1501 4768 potestatis
1521 4701 1703 4770 astnqebant.
1727 4701 1794 4755 nuc

135 4771 333 4837 cupisecntiam,
354 4769 540 4835 seusomttem,
555 4772 584 4821 ut
598 4770 702 4828 uocant,
714 4768 936 4836 sanctasynodus
990 4767 1026 4823 1111
1048 4768 1211 4840 impuritatis
1228 4767 1401 4836 dcieusores3
1426 4768 1525 4840 quibus
1549 4771 1640 4842 ipsum
1663 4769 1792 4843 Augusti·

136 4836 937 4909 TridenttSess.5.indecretochcccatooriqr'n.)semndum
989 4854 1055 4895 uum
1066 4838 1155 4895 favere
1167 4845 1200 4895 ac
1209 4839 1370 4909 patrocinari
1390 4839 1447 4895 suis
1468 4841 1574 4912 scriptis
1599 4841 1728 4897 Julianus
1750 4839 1792 4896 ille

134 4912 287 4970 sanctorum
298 4911 410 4963 Petrum
425 4911 576 4965 doctrinam
588 4909 730 4979 definivit:
745 4910 933 4980 quuquidem,
990 4908 1160 4981 impudenter
1187 4910 1340 4981 objiciebat.
1367 4911 1457 4979 Quam
1478 4911 1647 4967 calumniam
1671 4910 1792 4967 refutans

134 4979 224 5050 iuquit
241 4980 368 5046 [Aupust.
384 4980 431 5034 lib.
448 4980 668 5036 delirantium.
693 4998 752 5052 cap.
776 4983 826 5036 ult.
836 4983 855 5054 ),
876 4997 936 5036 cum
988 4982 1171 5053 Augustinus:
1187 4984 1253 5051 Epo,
1265 4981 1359 5052 inquit,
1374 4981 1519 5037 secundum
1529 4985 1689 5039 catdolimm
1700 4983 1791 5052 fidem

133 5051 170 5104 ad
191 5065 301 5119 aponum
326 5051 417 5104 relicta
438 5052 484 5112 sit,
512 5066 603 5106 nocere
628 5069 681 5107 non
699 5054 932 5117 adsentientibus,
988 5056 1074 5108 totum
1088 5054 1227 5116 bominem,
1242 5053 1572 5117 totamscilicetanimum,
1587 5060 1793 5123 tommquemr·

133 5122 181 5174 scd
194 5123 312 5175 uiriliter
325 5137 375 5190 per
394 5121 495 5176 Christi
511 5124 572 5176 Jesu
585 5127 702 5191 qratiam
721 5125 933 5194 repupnantibus
947 5108 972 5171 D
986 5140 1038 5194 pus
1052 5124 1110 5193 ejus
1120 5128 1172 5180 Dea
1183 5139 1285 5179 summo
1299 5129 1324 5179 et
1335 5140 1396 5179 uero
1405 5125 1494 5180 tribuo
1506 5127 1638 5188 Creatori,
1654 5126 1792 5180 diabolum

133 5204 186 5243 non
198 5192 285 5256 ualet;
296 5194 442 5260 quivcimmo
455 5193 504 5261 qui
509 5192 626 5261 legitime
637 5197 789 5257 certauerit,
798 5193 935 5248 coronabi-
989 5200 1078 5249 autem
1088 5196 1146 5249 dr'co
1159 5198 1313 5258 humanam,
1323 5196 1364 5250 uel
1375 5196 1482 5265 aliquid
1493 5197 1550 5266 ciris
1564 5214 1617 5252 aon
1626 5195 1793 5257 creassent

133 5262 189 5314 tur.
202 5264 237 5316 lit
246 5263 315 5315 barre
323 5265 659 5334 corrcvrpiscerttiam,quum
672 5264 820 5332 aliquando
826 5265 937 5333 Apostc
988 5267 1227 5320 citiasscnuturum
1237 5286 1245 5320 :
1257 5270 1494 5337 cannaqueipsum
1503 5269 1663 5324 diabolicam
1667 5268 1791 5336 ptupam.

133 5331 175 5385 tus
186 5335 275 5398 (ltom
293 5347 326 5387 vr
340 5338 366 5388 et
376 5347 436 5389 vm
445 5338 453 5398 1
463 5338 601 5404 peccatum
611 5335 738 5404 appellat,
755 5332 847 5388 uidem
857 5350 937 5405 syno-
989 5351 1049 5405 qua
1064 5339 1112 5391 Dei
1125 5338 1488 5406 opitulationesunandacst,
1499 5340 1624 5396 donecab
1638 5352 1668 5392 en
1679 5341 1794 5407 penitus

132 5402 183 5457 dus
211 5403 330 5458 declarat
350 5406 493 5460 Ecclesiam
513 5406 669 5461 carnaticum
692 5420 841 5475 numquam
857 5407 932 5460 intel·
989 5406 1140 5469 liberemur,
1152 5408 1227 5462 scobis
1240 5423 1295 5463 esse
1306 5410 1492 5478 puqnandum.
1510 5414 1562 5468 Noc
1583 5411 1717 5471 anima-m,
1740 5425 1792 5480 qua

131 5473 228 5528 lecese
242 5479 381 5544 pecarium
400 5477 544 5546 appellari,
569 5476 641 5547 quod
655 5490 715 5530 uere
736 5481 760 5529 et
780 5480 892 5547 ptoprte
907 5480 935 5532 in
988 5479 1793 5549 corpusuiaitmundum.qrmntuminbacuitamtmdusbo·

130 5547 229 5598 renuatis
243 5550 435 5614 peccatumsit,
446 5548 724 5617 sedquiaeapeccato
735 5550 783 5609 est,
796 5549 935 5619 etudpee-
988 5564 1030 5603 mo
1043 5554 1091 5615 est,
1104 5565 1179 5618 posse
1193 5553 1305 5614 seruari,
1320 5553 1572 5623 siconcupisccntioe
1591 5554 1680 5608 cornis
1699 5552 1739 5607 od
1750 5554 1792 5620 pa·

130 5618 351 5670 catuminclinut.
363 5619 430 5672 llaec
443 5617 492 5672 ibi.
511 5623 548 5672 Er
563 5615 662 5688 quibus
675 5617 854 5690 intelligimus
866 5621 936 5675 banc
988 5622 1057 5688 pitin
1068 5622 1251 5691 perpetranda
1270 5625 1297 5675 et
1318 5637 1431 5692 quaque
1452 5625 1596 5680 immunda
1619 5624 1788 5679 consenserit.

130 5685 218 5741 carrus
230 5693 257 5741 et
278 5687 386 5756 spiritus
411 5687 615 5758 repugnantium
635 5688 824 5756 provenirent
840 5690 935 5747 relicta
990 5692 1056 5747 Haec
1072 5693 1249 5763 Augustinus,
1261 5707 1323 5763 quae
1344 5692 1386 5748 bic
1399 5692 1554 5752 adscribere
1577 5694 1657 5752 libuit
1676 5695 1713 5773 qd
1737 5707 1792 5748 am·

132 5764 193 5828 post
206 5767 347 5828 peccalum
372 5759 552 5829 propensione
567 5757 600 5813 aid
622 5773 652 5812 ea
668 5774 729 5830 quai
744 5761 843 5832 cuique
865 5762 934 5833 parti
989 5763 1125 5835 pliandam
1148 5762 1260 5835 Cuycbii
1272 5762 1488 5823 decidationem.

125 5837 191 5886 suut
203 5829 349 5888 comrrroda
362 5839 389 5886 et
411 5828 508 5886 artrica.
535 5832 604 5886 Nam
626 5846 689 5886 earo
713 5846 774 5905 quac
800 5848 849 5889 sua
872 5842 937 5890 sunt
1024 5821 1097 5902 illi,
1111 5834 1279 5919 conjunctio,
1294 5849 1367 5908 saepe
1385 5850 1441 5892 non
1455 5850 1579 5905 causam,
1596 5835 1646 5894 sed
1662 5843 1791 5895 erectum
1809 5912 1823 5931 ο

199 3607 268 3653 biens
275 3603 340 3652 aliud
351 3602 454 3652 suadet:
466 3603 539 3652 video
548 3602 660 3663 meliora,
671 3605 810 3667 proboque;

199 3667 325 3716 Deteriora
335 3679 434 3727 sequor.
