3848 6158
118 303 174 358 too
406 299 450 354 ott
469 296 706 354 cOEhooloaolt
725 297 847 354 INSTIT.
871 297 934 353 tto.
956 297 1010 352 llll.
1030 326 1066 337 -
1086 297 1130 352 DE
1149 296 1284 354 SPlRlTU
1304 299 1496 357 SUPERBIAE.
1736 309 1788 364 tto

119 434 186 495 tus;
199 423 245 481 sed
255 422 309 480 buc
322 421 439 494 illucque
448 422 572 496 stupidus
583 421 790 479 circumferatur
802 422 922 487 intuitus,
938 428 1027 490 Acar
1041 423 1075 478 ab
1085 438 1118 478 eo
1133 421 1168 478 sit
1186 422 1215 478 in
1229 421 1380 481 bumilitate
1400 435 1571 499 praetentus,
1586 429 1695 501 gravius
1714 431 1788 490 indi-

120 521 256 578 aliorsum
271 525 299 575 et
316 516 343 573 in
362 517 515 590 obliquum,
530 533 614 590 quam
632 516 716 574 moris
731 525 782 581 est,
798 516 871 574 oculi
882 515 932 574 de·
985 523 1094 588 gnatur.
1115 514 1213 588 Fitque
1231 517 1256 572 ci
1277 517 1402 577 salutaris
1417 519 1557 578 humilitas
1577 537 1609 579 ac
1620 522 1786 590 satisfactio,

124 615 254 688 figantur.
279 613 333 669 Pro
353 609 475 682 suspiriis
500 611 574 666 enim
599 610 776 678 salutaribus,
797 617 876 683 sputa
899 608 933 666 dc
986 623 1047 681 quae
1068 607 1151 665 finem
1175 607 1318 666 diabolicis
1336 612 1532 671 tentationibus
1554 618 1637 687 [Lrps.
1655 619 1685 671 ia
1698 633 1786 689 mara.

121 710 196 767 sicco
232 713 344 780 gutture
370 703 582 770 contrahuntur,
618 705 818 761 exscreationes
848 705 933 761 etiam
987 704 1186 762 intentionibus
1234 706 1312 774 solet·
1328 706 1446 778 inferre,
1473 725 1554 767 causa
1577 711 1789 772 vehementioris

125 804 188 861 sine
219 802 275 859 ulla
306 799 525 871 interpellatione
551 799 715 874 phlegmatis
740 807 930 872 provocantur,
985 799 1115 855 incendii.

122 897 200 973 digiti
214 895 327 964 ludunt,
343 904 369 951 et
384 895 411 951 in
432 893 548 951 modurn
567 893 697 967 quiddam
712 894 852 951 scribentis
864 893 934 951 voli·
1249 898 1370 956 CAPUT
1386 901 1517 956 xxvlll.

121 996 184 1045 tant
194 995 276 1058 atquc
287 985 439 1059 depingunt
458 1005 464 1041 :
481 992 509 1041 et
530 985 566 1041 ita
579 984 634 1041 huc
652 993 734 1057 atquc
744 985 807 1042 illuc
818 985 930 1041 unirer·
1158 993 1195 1046 Dc
1208 991 1307 1057 (ratus
1323 993 1464 1062 cujasdam
1477 997 1612 1064 saper-bic.

78 1070 82 1078 ’
120 1076 784 1151 samembracarporiscommorentur,utdum
803 1077 931 1150 spiritalis
1023 1081 1124 1138 Audivi
1148 1082 1176 1138 in
1191 1081 1242 1138 bac
1275 1083 1417 1140 dumtaxat
1435 1087 1547 1158 regione
1575 1086 1671 1159 (quod
1695 1087 1790 1146 horret

121 1175 242 1248 agitatur
254 1171 479 1238 collatio,totum
497 1185 528 1227 se
541 1170 582 1227 rel
596 1170 766 1240 scatentibus
775 1170 929 1228 vermibus,
984 1175 1121 1248 pudetque
1156 1176 1308 1247 resolvere)
1341 1177 1490 1250 quemdam
1526 1180 1686 1251 juniorum,
1721 1198 1788 1240 cum

122 1266 166 1323 vet
188 1264 352 1323 acutissimis
375 1261 504 1331 sudibus,
524 1261 618 1320 credat
643 1262 773 1331 insidere,
796 1271 824 1319 ct
848 1260 932 1334 quid-
984 1284 1070 1326 asuo
1090 1271 1276 1344 increparetur
1290 1272 1401 1339 abbata,
1418 1287 1467 1328 cur
1489 1271 1689 1342 humilitatem,
1702 1290 1788 1346 quarn

123 1358 192 1433 quid
214 1359 329 1432 simplex
356 1358 466 1416 collatio
495 1357 530 1414 ad
554 1357 764 1414 aedificationem
787 1357 932 1430 protulerit
982 1364 1143 1421 renuntians
1165 1363 1322 1436 permodico
1341 1373 1465 1437 tempore
1479 1373 1644 1429 retentarat,
1659 1366 1789 1437 roepissct

123 1453 309 1522 audientium,
331 1453 368 1509 ob
386 1467 465 1510 suam
487 1451 706 1524 suggillationem
726 1451 844 1507 aestimet
870 1465 931 1508 esso
983 1457 1135 1527 excederet,
1145 1474 1176 1514 ac
1190 1456 1322 1515 diabolica
1337 1458 1429 1515 iollari
1443 1458 1588 1530 superbia?
1602 1473 1710 1515 summa
1722 1474 1789 1516 con·

123 1548 272 1624 prolatum.
291 1552 416 1619 Totoque
430 1553 553 1617 tempore
564 1560 618 1617 quo
640 1543 766 1616 spiritalis
780 1544 843 1600 vitae
863 1560 929 1601 exa·
982 1551 1100 1606 tumacia
1115 1551 1309 1622 respondisse:
1325 1550 1466 1623 Numquid
1481 1550 1516 1607 ob
1531 1550 1585 1607 hoc
1595 1551 1788 1624 memetipsam

124 1641 239 1698 minatio
275 1640 429 1711 ventilator,
456 1639 513 1695 suis
540 1637 737 1710 suspicionibus
762 1644 925 1710 occupatus,
981 1640 1120 1700 humiliavi
1134 1660 1183 1716 pro
1195 1653 1318 1717 ternpore
1329 1685 1337 1713 ,
1350 1653 1381 1701 ut
1399 1659 1507 1717 semper
1521 1645 1645 1701 subditus
1657 1646 1731 1702 sim?
1747 1645 1789 1703 sd

121 1749 177 1791 non
193 1734 259 1808 quid
272 1733 370 1791 exinde
389 1731 423 1789 ad
442 1730 593 1806 proiectum
607 1747 689 1788 suum
703 1746 799 1804 capere
814 1729 925 1798 debeat,
980 1737 1054 1807 quod
1069 1738 1128 1810 eJ'us
1147 1748 1204 1794 tam
1218 1738 1384 1796 effrenatum
1404 1740 1608 1811 scelestumque
1623 1755 1787 1811 responsum

121 1836 284 1900 aucupatur,
299 1825 346 1885 sed
360 1842 455 1883 causas
470 1842 519 1882 cur
533 1824 748 1898 unumquodque
761 1825 798 1881 sit
809 1823 925 1892 dictum,
941 1824 965 1886 B
980 1831 1016 1887 ita
1041 1840 1082 1888 est
1107 1833 1199 1889 senior
1219 1832 1442 1905 obstupefactus,
1464 1835 1612 1906 onrnisque
1627 1834 1686 1906 ejus
1704 1835 1789 1891 inter-

120 1920 237 1978 sollicita
259 1928 351 1978 mente
365 1919 513 1992 perquirit;
533 1920 574 1976 vel
590 1919 655 1991 quid
670 1919 708 1976 cis
724 1918 811 1991 possit
828 1918 930 1991 objice·
985 1932 1079 1996 ceptus
1104 1933 1145 1981 est
1168 1927 1275 1997 sermo',
1298 1927 1380 1983 veluti
1403 1926 1449 1998 qui
1471 1928 1506 1984 ab
1533 1927 1577 1983 illo
1600 1928 1659 1999 ipso
1676 1927 1787 1999 antiquo

123 2029 166 2083 re,
180 2014 263 2070 tacita
286 2013 357 2070 intra
381 2027 410 2070 se
426 2013 516 2071 cordis
540 2013 705 2069 volutatione
726 2013 879 2085 conjectat;
900 2019 930 2068 ut
983 2016 1113 2073 Lucifero
1134 2018 1215 2074 verba
1231 2019 1292 2075 haec
1307 2019 1425 2091 prolata,
1440 2035 1494 2074 non
1517 2018 1551 2073 ab
1566 2018 1677 2075 homine
1695 2033 1788 2091 perce·

125 2105 196 2162 nihil
208 2120 242 2160 ex
256 2105 301 2161 his
324 2120 384 2177 quaa
399 2106 578 2163 saluberrime
599 2113 663 2162 sunt
681 2105 800 2177 digesta,
823 2104 930 2177 penitus
985 2111 1076 2182 pisset,
1090 2120 1121 2168 ut
1136 2112 1239 2169 nullam
1249 2129 1345 2169 rocem
1358 2112 1488 2168 adversus
1501 2118 1606 2167 tantam
1620 2112 1788 2182 proterviam

126 2196 332 2270 apprehendere
349 2207 397 2255 aut
414 2200 443 2256 in
458 2200 548 2272 aliquo
570 2199 657 2256 valeat
677 2198 826 2255 emendari.
841 2201 877 2255 Et
894 2199 929 2255 ita
984 2205 1018 2261 de
1030 2221 1078 2262 ore
1098 2222 1149 2263 suo
1164 2223 1276 2279 prorsus
1293 2207 1434 2274 emittere,
1447 2205 1499 2261 nisi
1520 2206 1638 2276 gemitus
1654 2205 1688 2261 dc
1707 2205 1790 2264 corde

129 2288 203 2347 litut
223 2305 280 2347 non
297 2292 387 2348 solum
409 2291 435 2348 in
456 2294 531 2349 nullo
549 2293 572 2349 ei
594 2292 718 2365 proficiat
740 2293 847 2349 collatio
873 2292 930 2366 spi·
982 2300 1175 2356 tantummodo
1186 2316 1218 2356 ac
1231 2300 1347 2373 suspiria
1363 2299 1492 2372 potuerit,
1506 2298 1572 2355 illud
1584 2298 1674 2354 solum
1690 2298 1789 2356 tacitus

125 2383 230 2453 rtralts,
256 2385 448 2441 verumetiam
470 2385 601 2443 damnosa
628 2386 713 2459 nragts
732 2386 847 2454 existat,
867 2385 929 2443 effl-
983 2394 1052 2451 inca
1067 2396 1246 2467 semetipsum
1264 2397 1384 2465 volvens,
1399 2394 1475 2468 qaod
1493 2394 1527 2449 de
1542 2393 1680 2450 Salvatorc
1692 2401 1787 2450 nosco

124 2475 265 2548 ciaturque
282 2475 307 2534 ei
328 2493 407 2535 causa
424 2477 536 2550 majoris
554 2478 664 2551 peccati.
684 2482 758 2535 Dum
777 2479 850 2535 enirn
872 2495 931 2552 pro·
982 2489 1084 2545 dicitur
1099 2511 1105 2546 :
1123 2491 1176 2557 ραι·
1188 2506 1248 2544 cerm
1267 2492 1297 2544 ah
1318 2491 1410 2557 forma
1429 2490 1479 2544 lter·
1496 2493 1574 2550 esset,
1595 2489 1789 2543 homiliariter

125 2569 289 2627 conscientia
304 2586 353 2628 sua
368 2581 461 2629 totum
479 2581 608 2630 contrase
627 2574 779 2646 suspicatur
796 2589 854 2630 esse
868 2589 931 2646 pro·
983 2584 1073 2650 sactus
1088 2583 1223 2647 obediam,
1238 2597 1294 2637 non
1309 2583 1348 2652 (ut
1360 2581 1405 2637 ille
1425 2581 1475 2648 nit,
1491 2579 1628 2636 diabolico
1647 2578 1741 2650 spiritu
1756 2593 1788 2634 ac

126 2664 232 2733 latum,
247 2665 444 2724 vehementiori
469 2668 561 2724 cordis
573 2668 757 2725 obstinatione
769 2669 930 2740 obduratur,
983 2684 1091 2732 tumore
1110 2674 1259 2748 possessus)
1274 2667 1288 2705 b
1303 2689 1352 2746 pro
1366 2681 1501 2745 tempore,
1512 2671 1560 2728 sed
1572 2673 1702 2741 usquead
1716 2686 1789 2725 rnor-

124 2759 171 2817 irae
184 2775 295 2834 quoque
312 2761 431 2818 stimulis
455 2763 543 2819 acrias
562 2762 728 2834 instigatur:
749 2760 846 2819 deinde
867 2769 930 2833 post
984 2776 1036 2826 rem
1050 2771 1181 2839 (Ptstlapp,
1197 2768 1242 2839 ιι),

123 2855 198 2925 haec,
215 2857 319 2914 excelsa
341 2874 407 2927 vox,
422 2875 512 2915 sermo
533 2859 652 2932 rigidus,
666 2874 758 2915 amara
781 2867 808 2915 et
831 2857 929 2915 turbu·
1257 2871 1378 2927 CAPUT
1397 2870 1510 2925 xxix,

123 2949 371 3023 ¹0⁰1²Y⁰⁵P⁰¹¹⁵502
387 2953 509 3010 incessus
528 2962 632 3010 θῐθθῑῦἓ
644 2969 675 3011 ³⁰
691 2953 819 3020 m⁰bi¹i⁸r
838 2952 930 3026 influa
983 2971 1098 3036 lardicia,
1114 2971 1210 3041 peribas
1220 2970 1347 3038 superbia
1360 2968 1479 3022 carseolis
1490 2969 1590 3022 arriraar
1604 2968 1688 3020 irresse
1697 2979 1789 3034 eoquo·

124 3042 228 3113 facilis,
251 3061 349 3118 procax
372 3046 492 3119 loquela,
514 3063 565 3104 nec
581 3063 714 3121 umquam
738 3040 931 3104 taciturnitatis
1340 3041 1436 3093 scitur.

125 3137 232 3206 amica,
244 3139 294 3196 nisi
305 3155 369 3197 cum
384 3146 479 3197 contra
494 3140 605 3197 fratrem
620 3156 763 3198 rancorem
783 3139 931 3213 quemdam
1020 3145 1056 3198 Et
1073 3150 1103 3198 ut
1116 3141 1227 3198 brevius
1237 3155 1268 3197 ea
1285 3154 1346 3213 quar
1366 3138 1437 3196 dicta
1459 3145 1523 3193 sunt
1544 3134 1578 3192 de
1591 3136 1643 3191 hoc
1654 3133 1789 3207 superbire

125 3230 220 3288 instro
241 3232 323 3290 corde
345 3234 509 3306 conceperit,
522 3234 632 3306 fitquca
652 3234 788 3290 silentium
807 3235 866 3306 ejus
877 3249 933 3291 non
949 3223 972 3288 C
986 3251 1085 3310 genere
1099 3235 1331 3309 perstringamus,
1345 3232 1472 3306 quaedam
1487 3232 1561 3304 signa
1581 3231 1640 3303 ejus
1654 3229 1683 3285 in
1700 3217 1788 3301 quan·

132 3325 364 3397 compunctionis,
384 3342 435 3383 nec
450 3325 610 3383 hamilitatis
623 3325 719 3393 ullius,
734 3324 781 3380 sed
800 3322 934 3397 superbia
986 3338 1045 3385 tum
1058 3342 1206 3400 possumus
1219 3326 1390 3399 colligentes,
1406 3334 1437 3381 ut
1450 3325 1492 3381 his
1511 3324 1556 3396 qui
1575 3323 1609 3379 de
1624 3321 1789 3395 perfectione

80 3408 84 3414 ’
126 3423 156 3471 et
179 3415 374 3488 indignationis
388 3417 528 3483 indicium,
551 3419 587 3476 ita
602 3416 713 3489 utquid
727 3417 754 3472 in
768 3431 801 3473 co
813 3415 935 3474 detcstr-
986 3420 1079 3478 sitiunt
1092 3420 1206 3489 erudiri,
1218 3418 1424 3493 quodammodo
1438 3418 1608 3475 characteres
1620 3417 1679 3488 ejus
1694 3415 1728 3473 de
1739 3431 1788 3473 ex·

125 3507 207 3566 bilius
222 3510 264 3581 sit,
284 3511 356 3570 haud
371 3512 450 3569 facile
462 3511 641 3582 discernatur,
661 3520 755 3569 utrum
767 3510 870 3570 diffusa
889 3511 934 3568 illa
986 3515 1095 3572 terioris
1113 3513 1233 3570 bominis
1248 3513 1368 3570 motibus
1381 3512 1583 3584 exprimamus3
1604 3509 1788 3566 necessarium

130 3602 308 3678 petulansque
327 3606 439 3680 latitia,
455 3623 489 3664 an
503 3607 562 3665 dira
584 3608 642 3665 hacc
663 3606 851 3681 simlentaqae
864 3607 932 3689 taci-
988 3619 1053 3691 puto
1066 3609 1159 3682 paucis
1172 3608 1268 3665 eadem
1282 3607 1416 3680 replicari,
1431 3614 1462 3663 ut
1475 3603 1697 3678 compendiosius
1711 3617 1789 3677 agno

127 3697 251 3756 turritas.
277 3703 308 3756 ln
338 3700 383 3758 illa
407 3717 526 3775 namquo
548 3717 640 3759 sermo
667 3716 723 3757 non
746 3709 932 3774 opportunus,
987 3713 1112 3768 mamus,
1139 3696 1240 3771 quibus
1269 3712 1331 3753 eant
1355 3696 1509 3753 discernere
1527 3710 1559 3751 ac
1588 3691 1790 3766 deprehendere

128 3792 199 3849 risus
220 3792 286 3850 levis
302 3809 333 3851 ac
348 3793 452 3866 fatuus,
475 3795 609 3853 effrenata
632 3803 714 3867 atquc
734 3794 934 3867 indisciplinate
986 3794 1123 3850 valeamus
1136 3790 1260 3858 indiciisr
1275 3805 1330 3862 quo
1352 3788 1463 3845 nudatae
1481 3796 1561 3859 atque
1575 3787 1601 3841 in
1616 3784 1790 3856 superficiem

127 3885 217 3944 cordis
230 3887 330 3957 elatio;
346 3889 375 3946 in
387 3890 437 3945 ista
450 3904 531 3956 vero,
545 3888 586 3943 ira
608 3887 936 3958 plenum,'vimlentum-
987 3887 1127 3959 productae
1145 3884 1278 3958 passionis
1298 3882 1380 3954 hujus
1402 3880 1520 3949 radices,
1540 3889 1568 3935 et
1590 3877 1721 3933 oculatim
1743 3875 1790 3932 de·

132 3993 186 4051 que
199 3980 351 4047 silentium,
366 3987 395 4036 ct
413 3978 490 4050 quod
509 3976 546 4032 ob
568 3975 620 4031 hoc
640 3982 749 4029 tantum
773 3976 933 4046 concipitur,
987 3979 1128 4050 prehensae
1142 3987 1225 4050 atquc
1246 3985 1407 4048 perspectae,
1425 3975 1465 4031 vel
1487 3971 1602 4029 convelli
1618 3969 1723 4025 facilius
1739 3984 1790 4026 va·
1871 4009 1875 4015 =

130 4079 162 4129 ut
183 4074 317 4131 adversus
339 4071 450 4127 fratrem
477 4083 578 4124 rancor
599 4065 787 4123 taciturnitate
812 4077 936 4126 servatus
989 4071 1071 4136 leant,
1087 4071 1128 4125 rel
1147 4070 1236 4125 vitari.
1256 4071 1335 4125 Tunc
1348 4068 1420 4124 enim
1435 4066 1534 4138 poterit
1552 4061 1662 4136 pestifer
1675 4061 1791 4119 morbus

128 4166 257 4236 protelari
278 4163 377 4219 diutius
392 4160 488 4233 possit,
507 4175 564 4217 non
576 4167 609 4217 ut
621 4175 654 4216 ex
669 4173 702 4215 eo
723 4159 810 4215 virtus
825 4157 936 4217 humili·
988 4162 1023 4220 ad
1036 4164 1171 4235 integrum
1182 4160 1325 4227 declinari,
1341 4169 1513 4216 cumcontra
1528 4157 1612 4231 ipsius
1624 4155 1791 4228 perniciosos

125 4259 192 4316 tatis
218 4272 249 4311 ac
265 4255 400 4327 patientiae
424 4254 588 4328 praebeatur.
612 4255 648 4310 Et
671 4268 736 4310 cum
755 4252 812 4325 ipse
826 4262 935 4311 tumore
988 4263 1071 4316 aestus
1085 4265 1113 4313 et
1125 4257 1244 4328 impetus
1256 4256 1366 4322 noxios,
1381 4270 1437 4311 non
1454 4269 1513 4311 sera
1523 4252 1694 4310 observantia
1704 4295 1712 4322 ,
1724 4267 1791 4310 cum

122 4363 286 4424 possessus,
308 4347 386 4404 facile
409 4348 513 4406 cunctis
532 4347 654 4404 tristitias
667 4345 781 4416 inierat,
802 4356 886 4420 atque
900 4346 936 4405 ad
984 4352 1043 4426 iam
1058 4349 1243 4419 dominantur,
1270 4348 1435 4418 assumitur;
1454 4347 1501 4405 sed
1522 4363 1586 4404 cum
1606 4345 1790 4419 praecedcntes

124 4440 344 4501 satisfactionem
374 4443 430 4500 laesi
455 4442 548 4499 fratris
571 4441 747 4514 semetipsum
772 4442 932 4500 submittere
986 4445 1046 4517 ejus
1068 4444 1116 4515 (ut
1135 4444 1172 4501 ita
1194 4442 1334 4511 dixerim)
1358 4441 1443 4499 lineas
1462 4449 1659 4515 agnoscentes,
1677 4438 1790 4513 provida

127 4534 288 4607 dedignetur
316 4556 321 4591 :
341 4535 423 4591 etiam
448 4537 481 4593 ab
508 4534 553 4592 illo
566 4533 675 4590 sibimet
686 4533 808 4591 oblatam
827 4534 932 4607 respuit
985 4556 1049 4597 eum
1066 4539 1208 4613 sagacique
1221 4539 1386 4596 discretione
1399 4537 1602 4611 pracurrimus.
1620 4539 1658 4592 De
1673 4534 1790 4592 exterio·

129 4637 211 4702 atque
229 4630 390 4687 contemnit.
417 4634 451 4687 Et
470 4645 526 4685 non
547 4628 637 4685 solum
652 4629 725 4685 nulla
743 4628 835 4686 fratris
848 4629 930 4686 satis·
945 4613 970 4676 Ῐ)
985 4633 1022 4689 ris
1034 4648 1170 4706 namque,
1186 4632 1257 4689 sicut
1269 4630 1458 4704 praediximus,
1472 4629 1593 4685 hominis
1606 4635 1697 4694 motu,
1717 4627 1791 4683 intc-

129 4719 247 4809 factione
269 4722 463 4796 compungitur
483 4736 570 4794 neque
584 4715 716 4789 mollitur,
731 4737 827 4778 verum
848 4723 932 4781 etiam
985 4727 1065 4783 rioris
1080 4734 1169 4783 status
1183 4725 1366 4798 agnoscitur.e
1379 4723 1429 4779 llis
1451 4723 1532 4792 igitur
1547 4719 1654 4775 indiciis
1672 4717 1790 4775 carnalis

679 4864 805 4920 astaol
825 4864 937 4921 GAZAEI
956 4864 1239 4922 connumeratos.

166 4990 230 5043 Ἰ).
246 4986 393 5058 Gregorius
405 4987 451 5043 lib.
467 5000 563 5043 xxxxv
576 4984 721 5041 bloralium
735 5000 794 5056 cap.
807 4988 841 5042 20
854 5005 861 5041 :
876 4987 936 5042 Ate
989 4995 1033 5041 tas
1050 5003 1056 5038 :
1071 4985 1117 5040 Aa
1129 4983 1236 5038 abbatis
1252 4983 1366 5037 mrrtatr'a
1387 4981 1575 5035 monasterium
1588 4994 1667 5034 sorem
1683 4980 1790 5033 mertare
1893 5002 1902 5017 =

130 5061 241 5131 quaudo
264 5061 375 5129 superbi
392 5064 528 5131 proterea,
542 5073 602 5126 qua
614 5059 748 5120 sanarat,
767 5072 936 5128 nequaquam
988 5055 1135 5111 nolentibus
1143 5056 1173 5107 ia
1182 5055 1273 5124 aliquo
1281 5055 1484 5122 patrocinetur?
1497 5052 1549 5108 hoc
1556 5059 1606 5117 est,
1617 5067 1651 5107 au
1660 5052 1687 5106 in
1698 5055 1791 5106 morto

127 5132 257 5202 prodmu,
269 5136 295 5184 et
306 5132 456 5201 liquorum
466 5131 613 5199 loquacitas
626 5130 937 5198 recomposcrrarmoa·
988 5127 1030 5182 vel
1045 5122 1223 5183 translatione
1240 5123 1345 5197 praelati
1360 5124 1420 5195 plus
1435 5122 1536 5194 aliquid
1551 5121 1681 5177 libertatis
1694 5118 1792 5176 subdi·

131 5218 322 5272 aamqrramra
333 5203 390 5256 sola
398 5200 584 5256 amaritudine
591 5201 683 5254 intimi
693 5201 812 5255 roacare
820 5200 936 5255 obmute-
989 5194 1210 5263 tis·(monachis)
1231 5194 1407 5262 concedatur,
1421 5210 1475 5267 quo
1496 5193 1617 5249 licentius
1632 5191 1737 5264 possint
1755 5205 1789 5249 oo

132 5279 229 5329 scunt:
243 5275 296 5340 Qui
305 5288 353 5342 per
364 5273 481 5327 dolorem
493 5273 589 5326 mentis
602 5273 777 5341 procacitatis
790 5285 846 5325 saa
855 5269 937 5325 cerba
989 5267 1104 5324 articulo
1120 5266 1250 5338 temporis
1263 5269 1381 5340 migrare
1396 5280 1452 5339 quo
1465 5264 1613 5330 voluerint,
1626 5265 1711 5319 altero
1726 5278 1791 5320 nec·

132 5346 333 5406 subtrahentes,
349 5359 408 5399 com
421 5344 494 5398 mole
517 5343 592 5412 loqui
608 5343 724 5405 soleant,
735 5341 814 5412 pejus
832 5347 935 5408 tamatr
990 5339 1056 5397 dum
1077 5338 1245 5394 substituto?
1266 5337 1414 5464 respondet
1437 5337 1571 5409 negative.
1596 5339 1666 5394 Nam
1684 5338 1790 5405 sporum

135 5417 201 5484 quia
213 5420 419 5485 compeccantes
430 5413 937 5484 aliquiddecomectioaeaodiaat,ia-
986 5409 1288 5482 professionesinquit,
1323 5408 1524 5465 eabbotisoita
1537 5423 1591 5462 non
1601 5410 1685 5462 sumit
1696 5408 1791 5461 tami-

137 5485 277 5553 dignantes
291 5490 373 5541 atram
383 5487 559 5557 responsionis
573 5485 654 5539 cerba
667 5485 833 5554 srrspeuduat
844 5484 934 5556 (Grcq.
989 5499 1069 5547 aamr
1084 5483 1131 5536 sed
1140 5482 1173 5537 dc
1185 5483 1333 5552 prasentia
1347 5481 1536 5535 testimonio-m.
1552 5479 1792 5548 Profitcatir'taqttc

137 5557 232 5611 Marci.
245 5559 262 5613 l.
278 5573 303 5611 v.
320 5574 342 5613 c.
357 5561 392 5613 29
402 5562 427 5613 et
440 5562 484 5624 al,
499 5560 525 5611 et
536 5555 628 5617 niihil.
990 5554 1084 5608 modus
1093 5555 1130 5608 sit
1142 5567 1191 5607 soa
1205 5555 1273 5615 nita,
1286 5567 1339 5606 aaa
1350 5551 1449 5606 clama.

173 5627 230 5683 lld
249 5636 301 5695 est,
323 5629 357 5685 ad
371 5636 490 5699 tempus,
503 5635 534 5683 ut
557 5624 703 5698 Dionysius
722 5625 846 5698 exposuit
860 5624 934 5696 (bib.
1025 5623 1165 5693 ‘Similia
1181 5623 1268 5679 immo
1279 5622 1373 5679 eadem
1389 5620 1444 5677 fere
1461 5618 1597 5691 superbire
1618 5617 1718 5675 indicia
1731 5626 1790 5674 tra·

133 5697 168 5753 de
180 5701 313 5770 Praecpta
327 5705 352 5755 et
371 5702 482 5770 hispan.
501 5715 524 5753 c.
544 5701 599 5765 tt),
613 5696 689 5768 quasi
705 5712 769 5753 vero
784 5694 937 5752 monastice
990 5693 1030 5752 dit
1042 5697 1078 5750 l).
1094 5695 1242 5768 Gregorius
1256 5694 1416 5751 Cassianum
1429 5692 1552 5747 imitatus
1572 5691 1633 5747 loco
1650 5704 1732 5761 supra
1752 5687 1792 5744 ci·

130 5767 266 5844 professio
281 5778 308 5826 et
320 5770 473 5827 obedientia
492 5767 655 5840 temporaria
670 5776 750 5833 esset,
765 5776 793 5824 et
803 5782 859 5823 non
873 5780 935 5839 per·
990 5773 1059 5822 tato.
1076 5767 1198 5829 Cunctis,
1212 5767 1308 5838 inquit,
1321 5765 1436 5836 superba
1450 5763 1526 5834 apud
1538 5777 1566 5816 se
1575 5764 1791 5839 capitationem·

131 5849 225 5914 petua.
240 5843 276 5896 D.
294 5842 448 5898 Bernardus
461 5839 585 5898 insimili
599 5845 762 5912 argumento
780 5837 937 5910 interroga·
990 5838 1308 5894 mmromtmrtctamor
1319 5840 1349 5893 ia
1359 5836 1499 5897 lomtioae,
1513 5833 1666 5887 amaritudo
1675 5832 1704 5880 iu
1714 5828 1783 5882 cam
