3848 6158
88 238 154 293 lost

599 231 768 292 cutberto
787 233 869 291 xvtl.
888 262 924 275 -

943 233 989 289 DE
1006 231 1224 289 uertutttttuo.
1677 242 1746 298 ltttt

83 360 147 417 sarii
163 368 191 416 et
207 359 293 417 saneti
312 358 373 415 linis
389 358 501 429 intuitu,
516 358 701 431 vituperabilis
714 356 782 415 initii
801 358 885 415 susti·
899 361 989 425 Anco
1002 357 1053 413 iste
1071 357 1188 414 salutem
1205 358 1300 415 statuit
1313 357 1430 431 operari.
1449 359 1520 417 lllud
1533 360 1609 417 enim
1629 376 1680 433 pro
1697 376 1744 420 re-

85 452 149 509 nuit
162 452 361 510 necessitatem.

382 590 505 649 catur
527 592 593 649 Xll.

88 720 165 790 (lumi
180 722 242 777 boni
249 724 396 792 persecutus
409 722 536 789 mulipais
551 721 705 779 electoribus
717 737 771 777 note
779 720 889 792 profete

212 796 280 860 rint,
294 808 341 848 nec
356 793 430 848 bonis
442 794 517 848 mule
529 798 604 863 postu
617 796 765 849 reocucriut.

123 934 159 989 Et
173 938 203 989 ut
218 930 276 989 bcec
296 930 391 989 eadem
406 929 440 989 de
458 938 616 988 sanctarum
631 930 833 1004 scripturarum
846 927 889 986 di·

89 1024 242 1084 lucidemus
264 1024 406 1098 exemplis,
432 1024 497 1098 quid
520 1024 657 1081 salubrius
679 1024 777 1097 quidve
798 1024 891 1082 utilius

89 1119 216 1178 universo
229 1119 289 1177 orbi
306 1120 397 1191 putuit
409 1118 550 1191 procurari
563 1134 648 1191 quiam
661 1117 815 1175 Dominicae
828 1132 889 1189 pas·

89 1212 174 1270 sionis
185 1213 304 1270 salutare
316 1210 487 1269 remedium?
497 1222 509 1247 ⁸
519 1213 553 1268 Et
566 1220 658 1270 tamen
668 1228 724 1269 non
733 1212 824 1269 solum
833 1225 888 1268 non

88 1306 200 1379 profuit,
220 1307 413 1364 verumetiam
435 1306 462 1362 in
479 1314 586 1362 tautum
605 1305 643 1362 illi
659 1305 748 1363 obfuit
762 1304 888 1362 traditori

88 1398 166 1471 cujus
175 1399 328 1456 ministerio
339 1399 471 1471 probatur
484 1398 636 1471 impletum,
647 1406 677 1454 ut
689 1398 813 1454 absoluto
826 1413 889 1470 pro·

87 1492 227 1549 nuntietur
240 1492 274 1548 de
289 1493 346 1562 illo,
360 1496 460 1549 Beuum
473 1496 532 1548 erut
544 1493 578 1552 ei.
594 1494 620 1547 si
632 1497 714 1547 nectus
726 1508 779 1547 non
793 1494 891 1561 fuisset

89 1588 167 1642 botruo
187 1588 232 1642 iile
252 1586 360 1657 (metet.
380 1586 479 1657 xxvi).
496 1586 558 1641 Non
572 1584 646 1641 enim
664 1584 817 1642 secundum
837 1584 890 1643 hoo

86 1678 161 1752 quod
174 1678 274 1748 evenit,
291 1678 396 1736 fruetus
411 1679 449 1735 illi
474 1687 515 1736 est
528 1679 569 1735 sui
589 1678 679 1751 operis
693 1679 889 1751 repensandus,

942 450 1092 509 tributione
1102 450 1236 507 mercedis
1244 451 1319 525 juste
1331 452 1478 526 unicuique
1489 463 1658 526 repensatur,
1668 454 1744 528 quod

943 542 1129 617 principaliter
1150 550 1243 599 mente
1270 544 1439 617 conceperit,
1465 560 1521 601 nou
1545 545 1621 618 quod
1644 546 1743 605 exinde

942 637 1011 695 bene
1033 636 1075 693 xcl
1096 636 1167 693 male
1186 645 1282 694 contra
1308 645 1404 694 votum
1431 638 1568 711 operantis
1590 641 1742 699 emerserit.

942 729 1062 803 ideoque
1070 730 1239 803 justissimus
1247 731 1332 804 judex
1342 731 1541 802 excusabilem,
1555 733 1641 791 immo
1652 732 1748 791 lauda-

942 825 1025 883 bilem
1040 820 1128 883 talisb
1147 825 1280 883 mendacii
1298 826 1405 883 censuit
1425 834 1664 899 praesumptorem,
1682 827 1747 901 quia

943 921 1002 977 sine
1016 937 1049 978 co
1063 918 1098 977 ad
1112 919 1329 979 benedictionem
1345 921 1550 994 primitivorum
1568 938 1623 980 non
1641 930 1748 995 poterat

944 1014 1091 1086 peruenire.
1113 1023 1123 1051 ⁸
1138 1017 1195 1072 Nec
1210 1014 1302 1073 debuit
1323 1016 1350 1071 in
1363 1016 1468 1073 crimen
1484 1017 1573 1075 uocari
1588 1016 1662 1090 quod
1675 1017 1747 1075 desi-

941 1108 1018 1165 derio
1033 1106 1231 1166 benedictionis
1246 1118 1371 1166 exortum
1386 1119 1435 1167 cst.
1451 1111 1581 1183 Alioquin
1592 1127 1648 1167 non
1662 1110 1746 1170 modo

942 1201 1052 1273 iniquus
1073 1200 1101 1257 in
1120 1200 1233 1259 fratrem
1249 1202 1400 1273 patriarcba
1420 1204 1644 1274 praedictasset
1664 1204 1747 1261 etiam

943 1294 1148 1352 circumventor
1170 1295 1198 1351 in
1219 1304 1324 1369 patrem
1338 1302 1366 1352 et
1384 1296 1533 1369 sacrilegus
1547 1296 1704 1365 exstitisset,
1725 1296 1747 1355 si

943 1388 1046 1446 babens
1059 1390 1143 1445 aliam
1160 1390 1231 1446 tiam
1248 1406 1301 1462 quta
1321 1390 1356 1447 ed
1369 1390 1569 1447 benedictionis
1586 1390 1658 1448 illius
1679 1406 1740 1465 gra·

942 1486 1009 1537 tiam
1029 1482 1190 1555 perveniret,
1211 1482 1282 1539 itanc
1302 1498 1363 1556 qua*
1383 1483 1461 1540 fratri
1476 1483 1610 1541 damnosa
1631 1492 1701 1542 esset
1714 1500 1748 1542 ac

944 1576 1037 1645 noxia,
1056 1583 1181 1648 expetere
1196 1576 1344 1633 maluisset.
1360 1575 1467 1633 Videtis
1485 1592 1549 1648 ergo
1572 1575 1642 1649 apud
1657 1579 1748 1633 muna

944 1682 1001 1723 non
1016 1684 1175 1741 processum
1190 1670 1292 1741 operis,
1306 1668 1353 1726 sed
1366 1668 1578 1726 destinationem
1594 1668 1694 1725 mentis
1709 1668 1746 1723 in-

88 1771 137 1828 sed
154 1771 304 1828 secundum
321 1771 348 1828 id
365 1771 438 1843 quod
453 1770 542 1828 facere
558 1771 655 1841 uoluit,
672 1771 714 1828 tel
728 1770 804 1844 quod
818 1770 887 1829 effe·
905 1762 929 1824 B
945 1760 1023 1831 ‘lulli-
1053 1760 1105 1816 ¹¹5⁸
1135 1762 1224 1833 itaque
1253 1762 1431 1832 lllaeslsucllsa
1457 1767 1489 1817 ¹¹²
1516 1760 1550 1817 id
1580 1759 1746 1834 ll⁰l³0⁵f¹im

90 1873 198 1921 etunrm
214 1880 243 1921 se
257 1880 317 1922 csse
329 1864 453 1921 credidit.
469 1868 505 1921 Et
520 1881 625 1934 rursus,
638 1865 703 1936 quid
718 1865 891 1923 criminosius

94 1958 158 2015 dolo
177 1968 257 2031 atque
272 1958 426 2026 mendacio,
440 1958 521 2014 etiam
538 1959 565 2013 iu
578 1967 748 2028 extraneum,
762 1974 797 2016 nc
811 1959 890 2017 dixe-

92 2052 144 2108 rim
165 2052 192 2108 in
215 2067 375 2125 germanum
397 2060 536 2124 patremve
557 2053 722 2110 commisso?
744 2056 779 2109 Et
797 2063 889 2111 tamen

90 2160 147 2200 non
161 2145 250 2201 solum
266 2143 372 2199 nullam
388 2160 437 2215 pro
454 2143 498 2200 bis
512 2144 719 2201 damnationem
738 2154 783 2201 aut
796 2161 890 2219 repre·

92 2239 251 2293 bensioncm
265 2238 350 2294 iacob
365 2237 518 2310 patriarcba
535 2240 683 2308 contraxit,
698 2240 889 2297 verumetiam

89 2339 219 2402 perpetua
231 2330 429 2387 benedictionis
442 2331 601 2388 becreditate
613 2332 716 2389 ditatus
730 2340 773 2389 est
785 2333 888 2403 (Geacs.

91 2428 201 2493 xxrrt).
226 2427 283 2481 ttee
303 2425 454 2496 immerito,
476 2427 537 2498 qtria
563 2435 591 2483 et
605 2428 655 2484 iste
672 2426 889 2485 benedictionem

90 2520 273 2592 primogenito
287 2520 450 2578 destinatam
467 2536 524 2577 non
539 2537 571 2578 ex
587 2522 728 2594 praesentis
745 2522 811 2578 lueri
825 2538 888 2578 aua·

89 2614 161 2681 ritia,
181 2613 229 2671 secl
243 2630 275 2671 ex
298 2614 351 2671 lide
366 2614 588 2672 sanctificationis
603 2625 740 2687 perpetum
755 2616 889 2686 concupi-

89 2707 142 2773 x·it;
160 2716 188 2763 ct
201 2707 245 2763 ille
259 2722 316 2763 non
333 2706 461 2765 lrumanae
475 2708 570 2765 salutis
584 2708 710 2777 obtentu,
727 2708 775 2766 sed
788 2708 891 2781 plrilur-

89 2801 174 2873 pyrite
184 2801 300 2857 crimine
311 2801 391 2858 morti
403 2801 515 2858 tradidit
526 2803 651 2857 omnium
663 2800 888 2873 Redemptorem.

90 2894 124 2945 Et
146 2892 246 2948 idcirco
266 2894 373 2963 utrique
391 2910 487 2951 eorum
510 2893 616 2951 fructus
632 2894 798 2966 operationis
820 2912 887 2965 suae,

91 2983 241 3040 secundum
254 2985 463 3042 destinationem
483 2987 584 3043 mentis
601 3003 697 3044 eorum
712 3004 743 3043 ac
763 2969 890 3060 proposi-

91 3086 150 3133 tum
170 3076 319 3135 voluntatis
331 3077 465 3150 ascriptus
483 3086 522 3134 est
544 3080 608 3150 quia
627 3094 676 3135 uec
690 3080 734 3136 ille
752 3080 887 3150 fraudem,

342 3162 356 3203 r

946 1854 1129 1924 quaestionem
1150 1853 1186 1911 ob
1204 1870 1288 1927 quam
1305 1855 1364 1912 lraec
1383 1855 1509 1911 uniuersa
1526 1854 1667 1928 premissa
1683 1864 1748 1911 suut

946 1955 1126 2018 reuertamur,
1142 1948 1330 2021 respondeatis
1342 1949 1409 2005 milri
1423 1950 1551 2023 primitus
1566 1949 1656 2018 uelim,
1669 1948 1748 2021 cujus

946 2040 985 2096 rei
1003 2055 1085 2097 causa
1097 2057 1145 2099 ros
1160 2041 1230 2101 illius
1244 2041 1398 2114 sponsionis
1412 2042 1528 2099 nexibus
1543 2043 1692 2100 vinxeritis.

1236 2182 1356 2239 CAPUT
1372 2184 1453 2238 Xlll.

945 2315 1091 2383 Responsio
1104 2317 1208 2375 caestre,
1224 2328 1284 2383 quc
1298 2328 1379 2367 c'cttrsu
1394 2330 1411 2367 u
1426 2312 1500 2385 trebie
1514 2315 1633 2381 eccpcrit
1649 2328 1747 2369 secrc-

1196 2390 1314 2439 mcutem
1328 2386 1487 2455 sponsiculs.

980 2523 1134 2579 Germanus
1147 2541 1153 2577 :
1167 2522 1273 2589 Prima,
1285 2531 1315 2577 ut
1327 2522 1457 2584 diunius,
1469 2521 1571 2577 exstitit
1587 2536 1679 2591 causa,
1693 2536 1747 2594 qua

944 2627 1054 2673 nostros
1077 2616 1251 2672 moestilicare
1275 2615 1397 2673 seniores
1424 2632 1455 2671 ac
1481 2616 1624 2688 precceptis
1650 2630 1747 2671 eorum

946 2710 1078 2766 obsistere
1089 2710 1261 2766 verebamur.
1272 2709 1408 2777 Secunda,
1422 2724 1474 2781 qua
1484 2708 1506 2764 si
1516 2707 1581 2780 quid
1595 2706 1746 2779 perfectum

945 2813 1027 2875 atqnc
1041 2802 1217 2876 magnificum
1235 2802 1275 2859 rel
1293 2803 1351 2859 risu
1366 2803 1408 2858 sel
1421 2800 1515 2859 auditu
1531 2802 1747 2873 percepissemus

944 2910 960 2951 a
976 2896 1060 2963 robis,
1076 2911 1139 2952 eum
1158 2895 1258 2952 reversi
1270 2894 1304 2952 ad
1323 2895 1481 2952 coertobium
1496 2893 1651 2963 fuissemus,
1666 2909 1748 2951 exer-

944 3004 1005 3045 cere
1025 3004 1076 3045 nos
1090 3004 1170 3061 posse
1187 2988 1417 3045 inconsultissima
1436 2988 1612 3061 persuasione
1626 2986 1747 3046 credidi-

945 3097 1018 3137 naus.

642 3234 769 3289 ,ttsttbt
789 3235 900 3291 zect
920 3234 1197 3292 lluttttllxtxtttt's.

127 3374 139 3403 ³
159 3370 235 3426 idem
256 3370 337 3427 etiam
356 3370 448 3429 docuit
468 3371 552 3429 abbas
566 3373 728 3431 Tlrcodorns
747 3375 839 3432 collat.
861 3382 890 3446 6,
909 3378 1018 3443 etune,
1037 3389 1093 3430 non
1110 3387 1170 3428 csse
1186 3356 1341 3437 mentitum,
1356 3370 1404 3426 scd
1418 3386 1513 3428 rerunt
1525 3371 1634 3439 dixisse,
1650 3381 1677 3428 at
1689 3373 1744 3431 alio

90 3458 150 3513 cap
164 3448 181 3498 u
196 3462 202 3495 ε
216 3445 306 3512 ,tipum
318 3445 398 3506 cutm,
411 3444 457 3511 ait,
466 3448 603 3514 patientia
617 3447 665 3501 iub
680 3448 824 3502 reccaredum
836 3448 891 3502 cm
946 3461 1027 3502 sensu
1046 3458 1129 3517 quam
1152 3449 1226 3514 pater
1246 3441 1305 3514 ejus
1322 3440 1498 3514 intelligebat.
1515 3443 1651 3499 intellexit
1671 3444 1745 3503 euim

93 3514 160 3571 italo.
171 3517 220 3581 ptr-i
232 3530 292 3568 eum
303 3515 475 3570 illustriorem
486 3518 543 3570 suis
554 3518 747 3572 tentutr'cuibus
758 3519 890 3582 rattruut,

90 3586 138 3639 sed
153 3585 197 3638 illi
208 3586 264 3655 ipsi
277 3589 326 3655 pai
337 3600 381 3641 cus
395 3588 514 3641 cr'rn'litcr
528 3589 653 3657 pertulit,
669 3591 829 3657 ceptae-tnta·
845 3606 891 3645 uec

91 3656 174 3711 itacius
193 3660 288 3712 eterni
305 3658 435 3727 supplicii
458 3661 626 3714 immunitate
646 3659 803 3727 detenditur,
824 3663 889 3729 qrrr'c

90 3728 210 3796 proditio
221 3729 278 3798 cp'us
290 3728 327 3782 cd
338 3730 452 3783 saltitem
463 3730 567 3797 perieris
576 3729 685 3799 profuit
695 3730 817 3784 humani.
831 3734 890 3787 ,l'un

91 3802 161 3853 eru'm
169 3805 314 3867 protentus·
324 3800 534 3854 considerandus
545 3806 582 3855 est
592 3801 890 3871 oper·is,sc1.lapcr·uulis

89 3868 211 3939 <effeetus
224 3870 280 3925 Ubi
289 3874 433 3937 proteruus
445 3867 516 3923 idem
526 3869 601 3940 quod
610 3885 749 3939 processus
759 3887 850 3943 supra,
862 3870 888 3929 id

90 3947 142 4004 est,
159 3953 310 4004 successus,
324 3938 363 3993 uel
378 3946 501 3993 eventus.

127 4004 140 4040 ¹³
165 4012 207 4063 De
236 4008 325 4063 uerbis
354 4004 439 4063 Jacob
464 4006 636 4079 patriarcba,
664 4024 728 4079 qum
755 4009 890 4068 habentur

92 4080 164 4135 Gen.
178 4094 279 4147 xxxtr,
293 4087 348 4134 tres
357 4087 421 4134 suut
432 4078 582 4134 seutentiae.
594 4080 686 4135 Prima
695 4081 792 4136 asserit
802 4082 888 4138 iacob

91 4165 154 4205 sere
168 4164 226 4205 esse
240 4149 395 4216 metullum,
409 4163 464 4204 non
480 4158 571 4205 tamen
583 4166 720 4222 peccasse,
732 4152 794 4222 quia
810 4168 888 4208 nten-

91 4220 200 4277 daeium
219 4220 285 4276 illud
305 4235 361 4275 non
381 4218 465 4276 modo
485 4219 536 4276 fuit
556 4221 718 4289 excusabile,
739 4222 888 4280 sedetiam

91 4290 226 4347 laudabile
248 4300 274 4347 et
295 4294 352 4347 lico
372 4299 523 4363 acceptum.
544 4295 584 4348 lta
604 4291 689 4349 altbas
708 4293 811 4365 ioseplr
836 4293 888 4351 boc

91 4365 162 4420 loco.
179 4362 231 4419 Sed
246 4363 305 4419 lrauc
319 4362 449 4418 sententia
463 4362 497 4419 ab
512 4363 639 4420 omnibus
654 4364 786 4447 rejicitur,
803 4373 832 4419 ut
846 4364 888 4425 di·

89 4442 166 4489 ctum
182 4443 232 4489 est.
254 4434 308 4490 Alii
327 4443 437 4490 censent
457 4434 499 4489 illa
518 4434 600 4491 uerba
616 4444 756 4491 continere
775 4436 889 4492 menda-

90 4505 163 4561 cium
177 4504 344 4573 officiosum,
355 4514 381 4560 et
395 4504 508 4575 prolude
520 4506 623 4577 aculpa
636 4507 728 4563 veniali
740 4523 796 4563 nou
809 4523 889 4580 posse

90 4577 222 4632 excusari.
236 4578 276 4633 lta
285 4578 421 4646 Lyranus,
433 4574 587 4641 albulensis,
598 4577 752 4647 caietanus.
765 4581 803 4633 At
812 4594 888 4635 com·

90 4648 201 4704 mutarier
229 4655 270 4704 cst
294 4649 342 4703 SS.
374 4649 485 4703 Patruus
514 4646 658 4715 sententia,
683 4648 729 4719 qui
759 4649 888 4719 praedicta

944 3532 974 3573 se
990 3531 1048 3572 esse
1064 3518 1147 3580 Esau,
1170 3528 1225 3569 non
1242 3512 1269 3567 in
1283 3527 1408 3583 persona,
1425 3512 1473 3569 scd
1494 3513 1521 3568 in
1531 3518 1593 3585 jure
1607 3514 1744 3589 primoge-

943 3586 1042 3643 niturm
1055 3585 1106 3642 sibi
1119 3583 1212 3641 debito
1228 3590 1256 3639 et
1271 3583 1390 3655 legitime
1407 3584 1537 3656 acquisitu
1554 3604 1560 3640 :
1580 3585 1651 3642 sieut
1665 3586 1742 3645 Clui-

942 3666 1002 3714 stus
1012 3655 1133 3713 ilattluei
1144 3671 1176 3711 xr
1185 3661 1211 3710 et
1220 3670 1287 3711 xvrr
1299 3654 1369 3711 dixit
1378 3656 1511 3711 ioannem
1522 3658 1673 3727 baptistam
1685 3673 1745 3719 esse

948 3728 1045 3795 Elium,
1059 3743 1117 3783 non
1135 3725 1163 3781 in
1177 3740 1302 3798 persona,
1315 3726 1362 3780 secl
1376 3729 1402 3780 in
1421 3728 1522 3796 spiritu
1534 3733 1560 3782 et
1574 3730 1683 3787 virtute.
1701 3732 1745 3789 Sic

944 3798 1131 3855 Tlreodotetus
1144 3812 1172 3868 q.
1193 3804 1229 3853 80
1242 3796 1270 3852 iu
1283 3796 1410 3852 Genesim
1427 3814 1433 3849 :
1454 3798 1498 3851 An
1513 3814 1566 3851 raon
1580 3806 1629 3861 est,
1643 3800 1742 3872 inquit,

945 3886 1010 3926 testes
1023 3869 1104 3925 Jcrcob
1115 3868 1262 3930 mendacio,
1278 3883 1336 3922 cum
1348 3867 1422 3922 dieii
1437 3885 1445 3920 :
1458 3869 1515 3941 Epo
1526 3882 1584 3922 sum
1597 3872 1671 3925 Esau
1683 3875 1744 3941 pm·

943 3944 1092 4010 mopcru‘tus
1106 3943 1188 3994 treus?
1199 3942 1391 4000 trinitatem,
1405 3943 1503 3993 eutctnt
1517 3942 1589 3993 emim
1603 3941 1648 3996 ille
1658 3943 1743 4012 prici-

943 4012 1013 4079 iepiu
1023 4010 1379 4079 primcpcuilurccobnexum
1391 4024 1448 4063 cere
1459 4011 1545 4077 cipitur·
1554 4012 1743 4082 senppellubttt

941 4084 1159 4151 prirnopmitnm.
1174 4078 1275 4135 Eadem
1286 4079 1390 4133 ratione
1402 4077 1457 4133 div.
1469 4080 1524 4134 Gre
1544 4081 1618 4138 orius
1629 4082 1715 4139 Jacob
1726 4099 1742 4140 a

943 4151 1086 4207 mendacio
1102 4157 1212 4203 excusat
1225 4147 1320 4203 homil.
1339 4147 1398 4203 tin
1417 4094 1598 4218 Ezechielem,
1620 4160 1647 4207 et
1661 4155 1743 4211 luno·

943 4222 1047 4278 centius
1060 4222 1101 4276 lll
1112 4235 1171 4291 cap.
1186 4219 1350 4282 caementa,
1363 4216 1397 4273 de
1413 4218 1543 4274 Dlrorliis
1559 4220 1627 4291 (tlt.
1643 4238 1676 4281 tv
1689 4228 1742 4283 De-

941 4294 1034 4347 cretnl.
1047 4295 1089 4347 tit.
1105 4291 1158 4357 19).
1172 4289 1232 4345 uic.
1244 4288 1375 4352 litemus,
1387 4294 1449 4357 2-t,
1460 4297 1557 4361 qumst.
1573 4296 1634 4362 110,
1643 4303 1694 4350 art.
1708 4302 1740 4355 o:

942 4364 1032 4427 icrcob,
1050 4361 1147 4433 inquit,
1167 4363 1277 4429 rispetti-e
1291 4360 1365 4415 tlt'ur't
1383 4374 1410 4415 sc
1422 4376 1476 4415 cese
1488 4363 1561 4417 Enru
1572 4368 1741 4435 primopcui-

944 4440 1000 4489 turn
1013 4438 1097 4496 lsccc,
1108 4435 1172 4503 peric
1186 4432 1305 4487 videlicet
1316 4434 1498 4501 prirteopenitu
1512 4434 1585 4489 iilius
1598 4437 1703 4507 dejure
1716 4441 1742 4496 et'

943 4506 1107 4561 debebantur·
1128 4524 1136 4558 :
1157 4518 1221 4559 usus
1239 4508 1278 4557 est
1291 4506 1380 4557 exulem
1394 4503 1441 4557 lroc
1455 4504 1531 4559 erectio
1551 4505 1680 4576 loquendi
1693 4526 1743 4580 per

941 4578 1070 4647 spiritum
1081 4577 1230 4645 prrcpltelicc
1241 4574 1278 4628 acl
1289 4574 1488 4642 desipttumlum
1499 4580 1670 4647 nyssaeum,
1686 4590 1740 4637 etc.

977 4658 987 4683 ⁶
1008 4651 1128 4704 Excusat
1146 4646 1191 4702 bic
1204 4644 1287 4701 abbas
1304 4644 1486 4715 patriarcham
1500 4646 1595 4718 Jacob,
1608 4647 1683 4721 quod
1697 4649 1743 4707 de-

91 4718 172 4773 xerba
188 4720 273 4775 Jacob
289 4715 431 4775 mendacio
444 4732 537 4772 carere
548 4716 698 4786 affirmant,
714 4726 744 4774 ut
759 4719 813 4775 dir.
830 4722 887 4774 Au·
942 4717 1042 4775 siderio
1064 4715 1262 4789 consequendae
1288 4715 1496 4783 benedictionis,
1520 4732 1583 4773 cum
1607 4734 1666 4775 earu
1688 4720 1741 4777 alin

91 4789 216 4858 gustinus
230 4789 277 4843 lib.
298 4798 393 4844 contra
407 4788 577 4843 Mendacium
592 4804 652 4859 cap.
672 4794 705 4843 10
719 4798 746 4844 ct
763 4786 810 4843 tiu.
832 4805 886 4846 xvr
902 4760 928 4822 D
943 4788 1047 4844 ratione
1059 4787 1187 4858 consequi
1206 4802 1260 4841 non
1275 4794 1376 4858 posset,
1392 4787 1472 4913 guasi
1485 4796 1594 4845 coaetus
1609 4790 1742 4849 mentitus

91 4858 125 4913 de
138 4858 216 4912 Citit.
232 4874 292 4928 cap.
308 4864 353 4924 tlt,
369 4859 477 4915 taumtsi
490 4857 563 4931 qcrod
574 4858 649 4928 dicit,
664 4857 767 4914 factum
780 4859 840 4931 ejus
853 4860 887 4917 ad
943 4860 1032 4915 luerit.
1056 4861 1124 4927 Quum
1140 4866 1213 4913 certe
1233 4857 1371 4913 excusatio
1412 4856 1488 4914 ebilis
1510 4868 1552 4916 est
1570 4868 1598 4917 et
1619 4861 1739 4933 infirma,

90 4944 120 4984 m
132 4928 252 4984 'sterium
268 4926 439 4983 referendum
452 4945 520 4997 esse,
536 4946 627 4986 reuera
642 4930 819 5002 qtraestionern
833 4947 888 4987 non
942 4929 994 4986 nisi
1015 4930 1054 4986 sie
1074 4928 1206 4998 intelligas
1224 4926 1310 4983 Jacob
1330 4929 1483 4984 necessario
1504 4932 1650 4989 mentitum
1670 4949 1740 5005 esse,

91 5015 122 5055 so
135 5000 182 5055 xit.
199 5000 270 5055 liam
292 5013 388 5054 seusus
402 5002 543 5071 mysticus,
565 5002 637 5057 sieut
657 5001 819 5057 lristoricurn
833 5017 889 5057 nou
943 5010 974 5057 ut
993 4998 1211 5055 benedictionem
1223 4997 1285 5071 jure
1307 4997 1359 5055 sibi
1377 4998 1498 5055 debitam
1519 5014 1740 5085 consequeretur.

93 5070 174 5136 tollit,
192 5070 229 5126 ita
244 5085 303 5125 rem
316 5077 420 5142 gestam
435 5086 490 5125 nou
503 5080 624 5127 excusat.
640 5073 735 5143 licque
747 5072 835 5129 simile
849 5082 890 5129 est
943 5074 1002 5127 llao
1023 5070 1096 5128 euim
1117 5070 1225 5126 ratione
1248 5078 1354 5127 certum
1372 5079 1412 5127 est
1433 5075 1567 5141 excusari,
1591 5088 1614 5128 st
1632 5090 1692 5130 non
1706 5076 1741 5132 ab

91 5140 124 5197 de
141 5141 320 5213 metaphoris,
339 5140 484 5213 parabolis,
499 5142 613 5213 aliisque
632 5142 754 5215 figuratis
773 5142 889 5201 locutio·
944 5143 1019 5200 omni
1035 5141 1188 5209 mendacio,
1200 5140 1296 5197 saltem
1313 5142 1346 5197 ab
1361 5142 1479 5214 eoquod
1495 5142 1593 5199 dicitur
1609 5145 1742 5215 pernicio

91 5212 171 5269 nibus
187 5232 193 5267 ε
211 5213 271 5283 qtria
290 5228 381 5268 sermo
396 5211 517 5284 tropicus
535 5220 643 5269 tautum
659 5214 809 5270 secundum
830 5223 889 5270 tro·
944 5230 1018 5283 sum,
1052 5214 1096 5269 tria
1115 5213 1230 5286 justitiae
1243 5220 1269 5268 et
1286 5212 1414 5269 clraritati
1434 5213 1612 5281 contrarium,
1628 5213 1741 5286 ideoque

91 5299 158 5355 pum
175 5284 284 5354 intelligi
301 5282 391 5348 debet,
409 5292 438 5339 et
457 5283 591 5355 parabola
612 5300 667 5341 non
684 5286 737 5341 nisi
757 5285 891 5367 paraboli·
944 5231 1127 5342 ntorulqerum.
1142 5287 1235 5366 Neque
1248 5282 1330 5339 refert
1344 5282 1415 5355 quod
1426 5300 1509 5357 grane
1522 5284 1652 5341 danruum
1664 5284 1743 5343 fratri

90 5370 156 5409 curn
176 5352 277 5409 babent
290 5368 423 5411 sensum:
446 5355 558 5411 lristoria
579 5370 639 5412 uera
659 5357 764 5413 etiamst
785 5365 891 5430 myste-
945 5373 995 5414 suo
1014 5358 1067 5413 lroc
1088 5355 1162 5413 facto
1184 5353 1316 5423 retulerit,
1337 5356 1400 5426 quia
1419 5356 1446 5411 id
1465 5356 1540 5428 juste
1563 5354 1639 5424 fecit,
1662 5363 1742 5415 ttteus

91 5426 163 5481 rium
184 5425 331 5492 contineat,
349 5442 412 5483 vera
430 5434 523 5484 tatrteu
536 5442 591 5483 non
605 5426 668 5495 crit,
684 5429 736 5485 nisi
750 5443 811 5501 quae
832 5445 891 5484 nar·
942 5428 1005 5500 jure
1021 5444 1082 5493 suo,
1098 5443 1153 5511 quo
1167 5442 1196 5483 se
1220 5430 1289 5481 Esau
1304 5426 1463 5506 spoliauerat
1486 5426 1582 5506 :ltnnle
1597 5427 1702 5485 nullam
1718 5431 1742 5488 ei

91 5505 189 5552 rantur
205 5496 241 5551 ita
259 5504 334 5567 gesta
350 5497 405 5552 siut
422 5498 462 5554 uti
482 5507 640 5555 narrantur.
661 5500 749 5571 Quale
763 5507 805 5554 est
824 5499 891 5557 illud
947 5499 1009 5554 fecit
1029 5500 1167 5570 inlunem,
1190 5497 1251 5571 qnia
1269 5496 1342 5552 nulla
1362 5496 1459 5567 injuria
1476 5497 1527 5551 ursi
1549 5507 1643 5556 contra
1660 5500 1743 5573 justi·

91 5566 126 5622 de-
141 5567 247 5625 duobus
259 5566 376 5625 alltralrae
390 5568 453 5623 liliis
466 5569 567 5639 (ficiet.
582 5570 636 5641 tv),
652 5570 737 5627 altero
747 5586 781 5625 ex
793 5568 888 5639 libera,
947 5569 1023 5626 titum.
1038 5569 1099 5625 Diu.
1119 5570 1269 5640 Gregorius
1282 5566 1328 5623 abt
1346 5582 1426 5639 supra
1443 5588 1449 5623 z
1464 5568 1553 5633 Jacob,
1569 5569 1666 5643 irrrprit,
1679 5576 1745 5643 pri-

88 5638 177 5695 aitcro
191 5655 223 5695 cx
240 5640 346 5705 ancilla,
360 5638 470 5710 genitis,
485 5649 513 5696 et
526 5642 577 5697 alia
593 5657 676 5713 quarn
688 5640 818 5724 plurima.
835 5642 887 5698 l‘e·
946 5643 1074 5709 rrttaperritr'
1087 5640 1302 5702 benedictionem,
1318 5656 1368 5694 acm
1385 5655 1436 5710 per
1449 5641 1577 5708 fratruclem
1592 5648 1742 5715 subripuit,-

91 5708 149 5764 rior
163 5710 252 5783 itaque
265 5727 296 5767 ac
308 5710 419 5768 solidior
430 5710 546 5768 aliorum
561 5715 673 5769 Patr-um
687 5713 888 5785 mterpretatio,
944 5714 991 5769 scel
1004 5718 1033 5769 ut
1045 5713 1099 5768 sibi
1112 5712 1231 5769 debitam
1246 5714 1355 5782 antecepit,
1371 5727 1464 5783 poetic,
1478 5714 1632 5773 corrceclcntc
1641 5720 1742 5784 fratre,

91 5780 176 5837 Jacob
198 5781 307 5855 quaudo
327 5782 418 5839 dixit:
442 5785 498 5853 Epo
516 5799 575 5839 sam
596 5788 670 5841 Exclu
690 5787 889 5857 prr'rncpeuilus
945 5785 1011 5841 elatu
1027 5784 1105 5841 lentis
1120 5784 1237 5841 tuerccrlc
1251 5788 1360 5841 cucerat.
