3848 6158
130 264 183 319 999

609 262 777 319 COLLthi)
796 264 865 317 xttt.
883 292 919 303 -
938 262 983 317 hu
1002 262 1242 321 ructuatione
1261 268 1327 322 hut.

1738 276 1792 331 etc

131 390 545 461 suluostlai,etaelapnitioncm
555 388 681 443 resuntis
691 388 810 455 uertired
820 388 935 443 Timoli.
950 392 976 453 A
991 394 1047 455 tur,
1066 387 1103 444 ito
1122 388 1262 461 Scriptura
1279 396 1395 447 testante
1411 410 1417 447 :
1433 394 1504 459 Quia
1517 396 1588 450 Deru
1598 401 1709 451 mortem
1735 412 1790 453 nort

132 488 179 551 ιι).
193 484 263 551 mea
281 497 334 538 rtorr
347 487 399 550 cst,
422 480 522 554 inquit,
534 483 658 535 culmelos
679 484 743 535 ante
764 482 874 535 murm
894 496 938 535 ce-

134 582 224 634 strum
236 579 286 647 pul
293 580 322 632 iu
333 578 406 633 calis
419 580 469 639 est,
481 580 512 631 ut
523 578 618 646 pereat
629 590 699 629 unus
712 590 747 631 ec
754 574 865 645 pusillis
876 576 936 629 istis

132 668 242 743 (diutili.
259 674 355 739 xrtrr).
380 672 413 726 Et
432 669 533 725 iterum
553 670 636 725 :Non
649 668 727 737 eruit,
742 666 843 739 iuquit,
867 669 936 723 licus

128 770 220 837 perire
228 768 360 830 crnimam,
372 764 420 820 sed
429 767 561 820 retractat
573 765 695 834 capitone
703 764 790 833 [lips.
805 764 835 817 iu
847 778 934 831 marp.

130 870 282 919 retraetans
295 858 409 933 cogitat]
422 874 456 914 nc
471 860 581 929 pendan
592 861 686 928 pereat
701 858 752 927 qui
763 856 882 925 abjectius
897 860 935 911 est

131 958 337 1024 (teneurunt.
355 956 577 1024 vernarumque
600 959 646 1007 est
673 956 701 1007 et
720 964 776 1006 non
792 949 934 1005 mentitur.

129 1051 216 1115 Deus,
239 1062 304 1104 curn
318 1047 502 1103 obtestatione
522 1045 659 1103 deliniens
679 1062 686 1099 ε
716 1048 782 1103 Viro
796 1060 854 1113 epo,
868 1044 934 1099 dicit

130 1145 259 1199 Dumium
269 1146 347 1203 Dein,
358 1144 423 1211 quein
435 1142 616 1197 nodomarium
627 1141 715 1209 impii,
725 1138 773 1193 sed
784 1140 816 1191 ut
826 1152 933 1193 coiecer-

130 1239 207 1291 tatur
220 1254 237 1290 a
248 1239 294 1291 citt
307 1251 357 1290 sua
370 1238 395 1291 et
405 1238 479 1290 ciem
495 1234 601 1302 (Erech.
614 1236 734 1297 xxxru).
750 1230 803 1303 Qui
820 1230 893 1287 enim
903 1238 934 1285 ut

131 1336 224 1402 pereat
238 1344 307 1385 unus
325 1343 362 1383 ex
378 1326 482 1398 pusillis
500 1324 652 1382 nonhabet
666 1324 845 1391 voluntatem,
861 1337 934 1395 qino-

130 1421 216 1479 modo
228 1421 287 1479 sine
305 1419 407 1491 ingenti
422 1418 562 1492 sacrilegio
576 1416 714 1490 putandus
727 1424 780 1485 est,
799 1431 856 1473 non
871 1416 933 1472 uni-

130 1516 271 1572 uersaliter
283 1528 391 1581 omnes,
408 1513 457 1569 sed
477 1511 610 1584 quosdam
622 1510 710 1567 salvos
722 1510 782 1565 lieri
798 1507 865 1565 uelle
880 1524 932 1580 pro

129 1609 279 1667 omnihus?
292 1618 305 1644 ⁸
320 1608 390 1682 Ergo
403 1606 572 1681 quicumque
594 1614 726 1680 pereunt,
749 1614 846 1663 contra
861 1603 934 1663 iliius

128 1710 246 1775 pereunt
268 1703 455 1771 voluntatem,
472 1702 510 1759 ita
536 1717 569 1759 eo
588 1708 684 1759 contra
710 1714 934 1772 unumquemque

990 482 1064 549 leod,
1078 497 1126 537 aec
1138 483 1240 551 partdet
1258 486 1288 538 in
1310 484 1461 553 perditione
1473 490 1593 543 uiuorum
1608 488 1738 560 (mmet.
1754 490 1786 561 ι).

991 576 1028 631 m
1036 574 1099 631 hide
1109 584 1151 633 est
1164 576 1239 647 quod
1253 576 1414 650 plerumque
1422 578 1489 637 dum
1500 596 1550 653 pro
1561 582 1639 647 uobis
1651 585 1790 641 contraria

990 668 1174 740 postulamus,
1197 672 1238 727 uel
1250 670 1361 742 ¹tardius
1376 672 1417 729 rel
1440 688 1611 748 nequisquam
1631 686 1724 734 nostre
1740 694 1789 735 ex-

989 764 1101 821 auditur
1124 765 1226 834 oreti03
1252 773 1280 821 et
1305 782 1417 835 romeu,
1432 782 1464 823 ea
1486 784 1549 841 ques
1570 769 1709 827 eredimus
1731 786 1791 829 esse

989 860 1135 929 contraria,
1152 860 1265 931 utiliter,
1279 870 1309 917 ut
1322 862 1536 935 benignissimus
1558 865 1690 934 medicus,
1704 866 1791 923 etiam

989 951 1159 1009 invitissimis
1180 955 1316 1011 Dominus
1330 955 1431 1012 interne
1445 956 1590 1029 dignatum
1605 974 1637 1015 nc
1649 975 1788 1015 nonnum-

987 1060 1072 1116 quam
1102 1045 1270 1116 perniciosas
1307 1047 1499 1119 dispositiones
1522 1060 1631 1108 nostras
1663 1052 1787 1110 lethales·

985 1153 1040 1210 quc
1071 1148 1188 1196 conatus
1213 1140 1250 1195 nh
1281 1140 1381 1197 ellectu
1419 1142 1573 1199 detestabili
1607 1146 1726 1203 retardat
1756 1162 1790 1203 nc

987 1240 1112 1301 revocat,
1138 1248 1171 1287 ac
1205 1242 1381 1306 properantes
1403 1234 1438 1291 ad
1471 1244 1590 1291 mortem
1614 1236 1730 1294 retrahit
1755 1238 1791 1295 ad

986 1324 1114 1393 salutem,
1140 1334 1166 1381 et
1202 1326 1236 1381 dc
1266 1326 1364 1383 intenti
1401 1327 1523 1384 lanrilzus
1558 1329 1674 1386 extrahit
1708 1330 1788 1405 igno-

987 1428 1089 1475 rantes.

1279 1514 1403 1567 CAPUT
1423 1513 1499 1567 t'ttt.

1122 1608 1160 1659 ilc
1176 1606 1267 1673 pratia
1280 1606 1339 1673 Diti,
1360 1609 1386 1661 ct
1396 1606 1510 1660 err-bilrii
1524 1608 1654 1661 libertate.

1024 1700 1114 1769 Quam
1133 1715 1227 1755 curam
1240 1707 1322 1771 atque
1337 1700 1538 1772 prouidentiam
1551 1702 1623 1759 cirea
1643 1718 1694 1759 nos
1706 1718 1785 1759 suam

129 1812 226 1853 eorum
240 1795 364 1868 quotidie
372 1797 559 1869 proclamante
572 1797 811 1853 :doricetirninia
824 1797 876 1849 uiis
888 1810 935 1850 ec·
951 1780 975 1843 Β
990 1793 1041 1849 sub
1067 1793 1154 1866 ligura
1175 1794 1325 1849 nteretricis
1352 1793 1506 1851 Jerusalem
1527 1802 1554 1851 et
1577 1796 1727 1867 perniciosa
1751 1796 1787 1853 ad

130 1887 935 1962 strispessimis‚etarear-emoriemini,domuslsrael(ldicl.)?

131 1986 167 2039 Et
180 1986 300 2042 iterum:
318 1989 426 2052 Quoties
439 1986 514 2041 uolui
527 2000 690 2055 eorrpreaarc
703 1986 772 2055 filias
782 1991 853 2053 tuos,
863 1986 933 2041 sicut

130 2080 235 2147 pallium
248 2081 485 2150 conprepatpullos
495 2096 556 2136 suos
568 2080 619 2135 sub
631 2082 691 2135 alas
701 2095 776 2142 sures
786 2084 811 2134 et
822 2081 935 2134 cecinisti

130 2174 242 2242 (Meritis.
257 2178 366 2243 uxum?
378 2178 414 2231 ut
427 2192 521 2246 quare,
538 2174 635 2247 inquit,
645 2190 757 2231 auersus
766 2178 806 2230 est
816 2175 932 2245 pupulus

128 2272 179 2327 iste
186 2273 214 2325 in
223 2272 381 2340 leucaten,
389 2274 526 2329 auerrione
534 2272 720 2327 carricatiosa?
732 2270 933 2325 Indurucerunt

128 2366 211 2433 succus
225 2368 309 2434 [lips.
322 2370 445 2436 inarare.
457 2364 583 2439 cervices}
593 2380 667 2433 suas,
679 2367 823 2419 noluemut
832 2368 931 2419 resecti

129 2460 235 2527 (terrem.
251 2466 330 2525 ιιιι).
347 2452 471 2515 'Praesto
485 2466 527 2515 est
540 2474 604 2530 crgo
616 2456 737 2530 quotidie
752 2456 852 2513 Christi
867 2473 930 2529 gra-

127 2553 176 2619 tia,
190 2570 251 2625 quae
263 2554 331 2611 dum
343 2556 400 2610 uruit
419 2572 507 2611 ornnes
520 2556 638 2610 hornincs
658 2554 744 2609 salros
758 2556 821 2625 ficri
829 2596 838 2617 ‚
854 2559 879 2609 el
894 2555 931 2609 uel

128 2650 295 2717 aperitionem
310 2651 433 2703 renitentis
444 2652 544 2713 vestire,
556 2656 672 2704 cunctos
681 2646 846 2719 absqueulia
858 2662 932 2703 eree·

129 2742 221 2815 ptione
234 2750 379 2811 convocat,
394 2743 506 2800 diceus:
526 2746 620 2802 Vertite
632 2743 670 2797 ad
689 2758 749 2805 met,
772 2757 861 2797 omncs
882 2746 931 2811 quei

128 2834 477 2899 lodor·atiscloacr·aticstis,
488 2842 566 2905 clepo
579 2836 749 2905 reficiam-ms
760 2832 867 2905 (dietih.
875 2834 928 2901 ιιι).

129 2928 157 2984 st
170 2934 261 2981 sutem
272 2944 329 2982 uon
342 2944 439 2983 omnes
457 2930 653 2997 universaliter,
669 2928 718 2984 sed
737 2927 873 2998 quosdam
887 2926 931 2983 ad·

129 3026 219 3087 vocat,
234 3020 358 3089 sequitur
370 3028 401 3075 ut
410 3034 459 3075 uec
468 3036 569 3077 ontnes
580 3022 635 3077 sint
649 3020 769 3087 onerati,
784 3022 825 3077 vei
845 3022 933 3091 origi-

128 3114 185 3171 nali
206 3115 246 3170 uel
270 3114 370 3170 actuali
386 3123 506 3185 peceato,
522 3130 571 3171 nec
596 3131 658 3171 sera
670 3116 706 3171 sit
717 3115 762 3171 illa
775 3116 930 3171 sententia:

988 1886 1127 1943 idolorum
1154 1888 1260 1945 cultum
1288 1888 1427 1946 alacritate
1448 1889 1595 1959 tendentis,
1615 1906 1663 1963 per
1683 1892 1784 1949 Ossam

989 1982 1151 2055 prophetam
1173 1998 1266 2039 sermo
1287 1982 1395 2040 diritius
1413 1984 1548 2057 eleganter
1574 1987 1714 2059 expressit.
1735 1986 1787 2041 Di·

986 2085 1065 2134 cente
1086 2092 1204 2148 nautque
1219 2094 1251 2134 eu
1267 2094 1274 2133 :
1298 2079 1404 2133 l'udum
1415 2084 1478 2148 post
1490 2084 1624 2135 rimatores
1636 2096 1724 2143 areos,
1738 2082 1791 2151 orti

986 2171 1452 2241 deculpancsmiln',eta‹1uusreseas,
1464 2172 1555 2227 lunam
1562 2188 1658 2235 meane,
1667 2178 1691 2227 et
1702 2174 1789 2227 lintrem

985 2280 1082 2333 meum,
1098 2264 1183 2319 oleum
1194 2280 1293 2327 eruum,
1308 2270 1335 2320 ct
1352 2270 1448 2335 protum
1462 2282 1561 2335 aueum,
1579 2266 1732 2337 respoudit,
1747 2280 1786 2323 sa·

985 2356 1034 2413 luti
1048 2358 1125 2429 ejus,
1139 2373 1199 2414 non
1213 2356 1358 2425 voluntati,
1368 2357 1516 2415 consulens
1531 2358 1622 2414 dirius
1636 2358 1759 2431 dignatio
1778 2378 1785 2413 :

984 2454 1050 2509 Eece
1058 2468 1104 2523 epo
1116 2456 1218 2523 sepiam
1228 2455 1300 2508 ciam
1316 2454 1374 2523 cjies
1385 2455 1483 2523 spinis,
1498 2459 1523 2509 ct
1534 2456 1635 2524 sepiam
1648 2470 1706 2509 eam
1725 2470 1786 2510 rner-

984 2550 1065 2611 ecrtn,
1081 2552 1106 2603 et
1118 2551 1227 2605 scenitas
1243 2562 1307 2603 suas
1321 2564 1374 2602 non
1388 2550 1550 2611 internectat
1562 2552 1779 2618 sequeturaum-

985 2644 1134 2705 tarcssuas,
1145 2646 1171 2697 ci
1182 2657 1235 2698 nort
1250 2641 1432 2711 apprrelreudet
1441 2659 1451 2709 ς
1461 2645 1488 2696 ιι
1505 2646 1668 2711 qurereteos,
1682 2643 1786 2695 acciit-

984 2742 1070 2795 ueniet
1082 2741 1150 2807 illos,
1158 2742 1183 2793 ct
1195 2739 1266 2793 dicct
1275 2755 1283 2792 ε
1293 2736 1558 2793 Reuertaraduirum
1566 2754 1653 2793 mcum
1663 2738 1782 2807 priorem

983 2835 1048 2903 quia
1056 2833 1118 2887 deute
1127 2834 1259 2887 militaret
1273 2836 1336 2887 turtc
1344 2832 1431 2900 serapis
1440 2846 1522 2901 quam
1532 2837 1649 2887 riteetcest
1661 2832 1730 2903 (Ose.
1739 2831 1784 2902 ιι)-

984 2928 1026 2981 Ac
1037 2940 1135 2981 rursus
1153 2925 1342 2981 contumacias
1361 2931 1468 2979 nostras
1489 2932 1571 2996 atque
1590 2932 1786 2996 contemptus,

985 3018 1083 3091 quihus
1095 3034 1158 3074 eum
1172 3017 1207 3074 ad
1226 3018 1361 3074 salutares
1375 3016 1535 3073 inritantem
1549 3034 1675 3074 recursus
1691 3016 1783 3073 rebelli

985 3113 1079 3185 spiritu
1091 3113 1285 3185 dedignamur,
1301 3113 1348 3168 tali
1363 3113 1570 3184 comparatione
1581 3112 1710 3169 describit
1727 3132 1733 3169 :
1750 3118 1785 3169 Et

130 3208 227 3265 Orneus
241 3210 313 3263 cre-im
323 3212 496 3277 puececucunt
508 3216 534 3263 ct
547 3215 625 3277 epact
639 3211 727 3279 pluria
742 3212 801 3272 Dei,
815 3224 865 3265 nec
883 3228 933 3279 pcc
948 3200 970 3263 C
987 3208 1058 3272 disci,
1075 3208 1173 3279 iuquit,
1189 3210 1298 3263 Patrem
1317 3208 1423 3262 cacalis
1438 3222 1488 3269 rete,
1510 3212 1536 3261 et
1547 3212 1608 3277 prosi
1627 3222 1668 3262 me
1682 3207 1788 3275 irrprudi

130 3316 221 3358 omnes
237 3303 356 3357 homiues
364 3317 435 3357 mars
443 3305 622 3373 pertransisse
633 3301 761 3360 credatur
771 3307 857 3369 (dom.
870 3304 929 3375 ιιι).
985 3316 1038 3355 reon
1051 3300 1172 3355 cessabis.
1183 3301 1235 3356 Sed
1250 3300 1382 3369 accomodo
1391 3302 1416 3353 si
1431 3304 1581 3353 tottlcumut
1598 3302 1695 3355 mulier·
1707 3316 1786 3355 ‹rinct-

129 3398 167 3453 Et
180 3396 206 3451 iu
221 3403 330 3452 mutum
343 3412 440 3453 omues
452 3398 498 3469 qui
510 3407 634 3469 pereunt,
644 3405 742 3455 contra
757 3398 808 3456 Dei
819 3408 934 3471 pereunt
987 3396 1068 3449 torem
1082 3410 1172 3461 suum,
1183 3395 1222 3449 sic
1235 3395 1391 3463 carrlernpsii
1411 3410 1452 3449 irre
1465 3394 1560 3449 dantus
1573 3394 1668 3456 israel,
1683 3396 1723 3449 nil
1736 3397 1785 3449 lla·

129 3486 310 3555 voluntatem,
323 3496 354 3542 ut
365 3504 414 3544 nee
426 3489 513 3560 ipsam
522 3498 642 3546 morte-m
655 3492 732 3547 Deus
743 3489 844 3546 fecisse
860 3490 931 3545 dica·
986 3493 1076 3545 minus
1089 3486 1341 3555 (urrunnunsans
1354 3502 1483 3559 congrue,
1491 3488 1622 3559 quonium
1631 3488 1785 3543 ierusalem

679 3643 806 3697 dahiud
826 3643 939 3697 oth-m
958 3639 1236 3696 tlohtttuntutlttt's.

131 3778 232 3834 haees.
246 3779 376 3845 Thomas,
389 3794 422 3835 eu
443 3780 635 3836 lienusdeiude
646 3781 769 3852 pluribus
781 3780 930 3852 qtraedira-
984 3780 1084 3851 posuit.
1103 3780 1237 3835 Volumus
1251 3779 1324 3833 euim
1334 3778 1404 3849 signi
1417 3775 1520 3833 dicitur
1532 3777 1642 3847 signum
1664 3779 1784 3833 volunta-

129 3857 175 3905 tur
190 3853 402 3905 voluntasnnte.
437 3866 494 3913 cus,
506 3866 568 3918 qtrae
574 3866 743 3919 coruscatione
753 3866 833 3919 3quae
845 3853 930 3906 lector
983 3852 1018 3906 tis
1029 3852 1097 3922 ejus,
1114 3860 1145 3906 ut
1157 3857 1221 3906 sum
1235 3857 1371 3919 praecepta
1385 3856 1412 3902 et
1426 3848 1537 3903 consilia
1554 3866 1561 3901 :
1580 3849 1649 3902 sieut
1662 3848 1781 3905 dicimus

129 3920 201 3992 apud
217 3921 308 3990 ipsum
327 3920 457 3988 requirat.
475 3924 561 3973 Porro
577 3920 736 3973 Damasceui
750 3922 883 3975 sententia
895 3922 930 3975 de

128 3993 271 4048 voluntate
287 3990 332 4044 [tei
351 3988 526 4043 antecedente
538 3998 565 4041 et
578 3996 761 4058 consequente
772 3990 813 4043 sic
827 3989 928 4045 hahet:

128 4064 272 4119 scultetum
283 4066 321 4114 est
328 4064 412 4114 Dcrtm
420 4058 604 4113 antecedenter
610 4059 677 4112 selle
682 4074 771 4113 omnes
780 4061 894 4121 seritur-i,
905 4066 930 4115 et

129 4149 214 4203 reptio
226 4135 311 4200 ipsius
324 4131 418 4200 potiri.
429 4130 566 4185 Neaeram
577 4130 787 4199 eulpttm'cmlum
799 4134 930 4197 recurarit
985 4146 1038 4200 que
1052 4132 1085 4184 nd
1099 4130 1270 4200 probandum
1284 4128 1417 4184 aturribus
1433 4129 1582 4185 nominihus
1596 4140 1713 4202 protem
1733 4147 1781 4189 otc

129 4220 196 4264 uos:
210 4204 266 4262 sard.
280 4207 418 4269 tanumem
426 4201 622 4261 durrusadsuoe
633 4202 929 4256 horritatr‘scommundr-
985 4210 1012 4256 et
1027 4201 1087 4255 lucu
1099 4200 1158 4257 dari
1171 4200 1308 4255 suihciens
1326 4198 1459 4257 auxilium
1473 4200 1589 4271 gratia,
1612 4216 1667 4273 quo
1681 4148 1777 4260 scofina

129 4272 626 4340 nera;premtoresrrutemsullpunirc,
639 4274 929 4342 tamqnamjustusdli-
986 4272 1100 4341 possint,
1116 4272 1266 4327 seeuudum
1282 4269 1493 4339 probabiliorem
1509 4272 1700 4345 theologorum
1716 4292 1780 4331 sen-

129 4347 275 4411 ciens-repo
286 4345 362 4412 prior
375 4344 928 4413 uolrentasctrttecalens,cthcrtcplaeitum,
986 4343 1110 4398 tentiam.
1127 4346 1227 4398 Verum
1251 4344 1355 4413 aliquid
1375 4344 1441 4398 latet
1464 4344 1490 4398 in
1505 4360 1630 4413 recessu,
1654 4347 1727 4419 qttod
1746 4348 1781 4403 nd

131 4417 747 4485 praeminseeorreepitrultecaucroronscquens
759 4419 931 4486 etpumrssrh
984 4414 1216 4486 Pelagianismum
1230 4424 1347 4484 spectat,
1364 4422 1395 4468 ut
1413 4429 1445 4470 es
1469 4414 1552 4471 dictis
1567 4416 1656 4489 colligi
1680 4427 1778 4489 potest.

129 4501 166 4541 ea
176 4486 369 4540 rendist-ausura
379 4487 487 4542 haberes.
503 4487 568 4541 ilaue
580 4489 774 4542 lisimascenus.
788 4490 933 4542 Votuutnte
987 4486 1127 4541 Sententia
1141 4485 1275 4557 siquidem
1291 4485 1496 4557 Pelagiauoruut
1513 4486 1572 4555 luit,
1588 4497 1615 4544 et
1628 4506 1723 4545 corum
1733 4493 1779 4560 quii

130 4556 223 4627 itaque
238 4557 413 4612 antecedente
426 4558 482 4611 cult
498 4560 570 4612 Deris
584 4558 781 4614 orrtrtessalsos
795 4558 863 4621 heri.
875 4559 928 4614 hoc
945 4589 970 4651 D
988 4558 1139 4625 Pelneianis
1159 4558 1185 4612 iu
1204 4559 1292 4614 Gulha
1306 4558 1414 4613 occulte
1436 4557 1581 4623 latebant,
1598 4561 1713 4629 gratiam
1730 4563 1780 4616 Dei

131 4637 180 4689 est,
196 4637 329 4696 eitrerntuur
346 4628 373 4682 iu
393 4643 422 4683 sc
434 4635 485 4691 est,
500 4636 527 4682 et
540 4644 571 4681 cs
593 4638 669 4698 parte
682 4644 742 4693 sua,
757 4630 819 4699 qttia
832 4646 928 4686 omues
985 4630 1116 4683 omnihus
1131 4628 1291 4685 honuuihus
1309 4637 1432 4753 paratam
1447 4644 1522 4693 esse,
1538 4629 1621 4683 niodo
1645 4630 1695 4699 ipsi
1717 4646 1778 4685 erim

1320 4702 1379 4754 iut:
1396 4714 1474 4767 posse
1484 4706 1578 4752 autem
1593 4714 1781 4769 utrtnuqueut-

985 3922 1089 3977 litteras
1117 3921 1250 3991 principis
1272 3936 1332 3976 esse
1354 3919 1524 3975 voluntatem
1554 3918 1650 3989 ipsius,
1674 3920 1700 3976 id
1719 3930 1779 3989 est,

984 3990 1259 4096 siguumroluutntis.
1309 4060 1316 4071 ι
1370 4059 1376 4070 ·
1443 4059 1449 4070 ·
1615 4060 1645 4089 ‚¹
1694 4078 1701 4087 .

1048 4061 1119 4115 Sunt
1132 4059 1190 4114 haec
1204 4076 1294 4128 prtuto
1308 4067 1408 4114 rnlttttu
1424 4074 1466 4181 pta
1480 4066 1508 4113 el
1522 4058 1670 4124 eatltoheu,
1685 4062 1781 4117 tulerit·

129 4698 164 4754 td
178 4708 310 4753 aeteruaut
326 4700 522 4755 beatitudiuem
542 4698 679 4761 cotididit,
701 4707 728 4753 ct
753 4701 929 4770 eorrprueutin
985 4709 1076 4769 petere
1090 4710 1118 4755 et
1131 4701 1257 4771 excipere
1277 4716 1308 4754 re

131 4770 167 4824 nd
187 4786 248 4823 ιιιιι
263 4772 480 4841 consequendam
507 4770 597 4825 nordio
615 4770 744 4824 oumihus
761 4770 879 4825 instituit
903 4780 930 4827 et
983 4784 1036 4840 que
1049 4786 1081 4825 ex
1097 4770 1200 4824 viribus
1219 4770 1295 4825 lihesi
1317 4768 1423 4822 arbitrii
1436 4806 1444 4833 ,
1457 4767 1516 4821 siue
1535 4768 1585 4821 alia
1607 4770 1693 4835 uratia
1708 4786 1781 4843 prec-

130 4848 252 4913 prrcstnt.
269 4840 414 4896 t'otnnnn
428 4851 520 4897 utitem
543 4850 727 4911 eorrsequeute
741 4850 767 4896 et
785 4842 928 4911 absoluta,
984 4841 1108 4895 ueniente
1129 4841 1214 4909 ipsam
1234 4838 1349 4905 gruniant
1379 4846 1521 4908 expelere.
1546 4837 1685 4909 iuvocare,
1706 4843 1781 4899 esci-

130 4915 192 4965 rult
206 4909 353 4979 irnieuique
373 4912 483 4967 renidere
494 4914 570 4983 justa
592 4928 674 4982 opera
694 4928 754 4978 stra,
771 4914 927 4981 prorutum,
983 4926 1056 4981 pere.
1074 4916 1110 4965 nt
1123 4910 1261 4964 sententia
1273 4908 1471 4963 catholicorum
1484 4918 1536 4973 est,
1547 4911 1687 4968 tretrtiuem
1702 4930 1781 4985 posse

129 4982 253 5051 inquiunt,
266 4990 312 5036 ιιι
324 4996 439 5053 nimitum,
450 4984 683 5054 tntrcrrrndmodum
698 4985 739 5037 lex
754 4984 889 5054 asperitatis
902 4993 930 5040 et
984 4987 1074 5052 petere
1089 5020 1097 5046 ,
1113 4981 1238 5035 inuocare
1252 5022 1259 5043 ,
1283 4980 1372 5035 immo
1391 4996 1425 5034 nc
1436 4980 1560 5107 cupitam
1578 4983 1689 5053 uiridem
1703 5028 1711 5049 ,
1727 4988 1777 5041 uisi

127 5054 242 5125 justitiae
257 5056 385 5123 [instrunt.
399 5058 461 5109 Non
475 5056 549 5110 euim
564 5055 722 5110 irrisericors
734 5064 842 5110 tautum
862 5072 930 5127 prtu-
982 5052 1165 5125 preveniente
1180 5050 1227 5105 Dei
1241 5051 1327 5119 uratia
1338 5050 1471 5123 adpetens
1483 5068 1541 5120 um,
1557 5054 1733 5123 ptrisuudum,
1744 5057 1781 5111 iu·

131 5124 250 5185 dicatur,
261 5126 308 5180 sed
324 5126 448 5196 stitutus
464 5130 601 5182 martinus.
983 5122 1138 5179 vocarrdum
1154 5122 1288 5179 excitetur
1306 5131 1344 5203 et.
1354 5132 1494 5179 moueatur
1510 5144 1516 5177 :
1535 5125 1649 5197 proinde
1662 5128 1780 5197 gratiam

168 5204 181 5231 ⁸
201 5198 262 5250 Non
277 5205 372 5252 contra
389 5198 555 5252 voiuumtcm
570 5198 740 5263 absolutam,
757 5214 817 5267 arrae
831 5198 932 5254 dieitur
983 5196 1036 5251 Dei
1049 5204 1077 5249 ιι
1098 5194 1249 5250 ιιιοιίοιιιιιι
1276 5194 1390 5263 Spiritus
1408 5196 1497 5250 sarrcti
1520 5198 1668 5265 praeuenire
1686 5198 1779 5253 ornrrin

132 5266 259 5321 uoluntas
270 5268 439 5337 herreplneiti,
455 5268 489 5324 dc
499 5286 550 5339 qiua
563 5270 666 5325 dietum
680 5280 722 5325 est
736 5290 742 5326 :
755 5272 852 5327 Omnia
863 5288 932 5340 quiec·
982 5266 1135 5330 desideria,
1157 5282 1268 5322 nuntiem
1290 5265 1489 5322 invocationem
1511 5277 1645 5322 lustrum.
1660 5269 1740 5337 Quod
1754 5270 1782 5326 in

131 5338 482 5408 curnqecccolm'tllonu'nus,
497 5342 599 5408 sectilia
613 5342 676 5396 ereio
690 5344 929 5408 orlintcrrall’snl.
982 5340 1097 5395 conscilio
1127 5338 1296 5395 Arausicauo
1319 5336 1464 5391 delinitum
1492 5338 1607 5393 hahetur
1629 5338 1671 5395 his
1693 5341 1782 5397 uerbis

131 5414 277 5477 ctutum?
293 5413 335 5473 iit,
355 5413 497 5467 Voluntati
516 5414 574 5483 ejus
588 5417 649 5483 qaeu
662 5416 760 5469 resistit
776 5418 856 5477 (Rom
870 5418 932 5479 tuli
983 5412 1096 5477 (Curet)
1109 5430 1115 5465 :
1126 5411 1226 5480 Siquis
1237 5410 1523 5465 inroratiouchmnemt
1535 5412 1651 5477 aratiam
1660 5413 1783 5468 dicitlicit

131 5480 182 5537 sed
202 5491 298 5536 econtra
326 5484 491 5539 voluntalem
506 5485 728 5549 autecedentem,
751 5500 805 5553 qun
831 5484 932 5539 dicitur
981 5484 1199 5553 pessccouserri,
1212 5482 1590 5551 eroacrutcmipsampratiam
1600 5485 1784 5549 prementiu-

133 5554 208 5607 Deus
224 5554 289 5607 velle
301 5569 398 5609 ornnes
413 5554 537 5611 homines
556 5559 646 5612 saluos
661 5555 736 5621 heri,
752 5563 887 5625 qtrarttum
903 5556 932 5609 iu
984 5560 1088 5607 uocetur·
1098 5568 1115 5605 a
1125 5554 1216 5616 trahis:
1230 5553 1390 5609 eorrlrrulicit
1409 5554 1489 5607 lsaire
1505 5553 1653 5623 propheta,
1663 5556 1704 5611 sel
1714 5556 1785 5625 Apo-

131 5638 163 5679 tc
176 5633 227 5684 est.
244 5626 307 5695 qrriu
331 5627 470 5682 iteruriuem
490 5627 631 5697 impedita
653 5630 750 5691 salute,
773 5625 819 5681 sed
836 5642 933 5681 orrrrn‘s
984 5627 1052 5680 stolo
1063 5625 1136 5679 idem
1153 5626 1274 5680 dicentii:
1289 5629 1512 5681 incertitusurna
1533 5641 1585 5679 nort
1604 5629 1784 5697 quaerentibus

132 5694 168 5751 nd
182 5711 242 5751 earu
254 5698 349 5752 inritat
361 5709 387 5751 et
399 5707 538 5769 provocat,
549 5709 579 5754 ut
593 5698 696 5753 dietum
710 5706 767 5765 est;
781 5698 820 5751 rui
836 5705 933 5752 contra
984 5713 1041 5762 me,·
1053 5697 1145 5767 polam
1152 5702 1272 5768 appianui
1276 5699 1479 5769 hispnimenou
1486 5697 1688 5769 internecabant
1698 5698 1784 5767 sisara·

133 5764 304 5823 voluntatem
317 5770 395 5840 sigeri,
405 5770 468 5841 quia
485 5770 555 5824 Deris
569 5778 741 5839 praecepturi
753 5769 868 5824 consiliu
884 5786 933 5825 sua
986 5782 1058 5839 ιιι,
1072 5774 1148 5828 Rom.
1169 5772 1210 5842 ι).

134 5836 234 5909 qtrihus
245 5840 280 5895 ad
300 5841 416 5897 salutem
432 5840 542 5897 instuit
555 5847 582 5896 et
600 5841 713 5911 inritet,
726 5840 856 5897 omnihus
870 5856 934 5913 pro·
