3848 6158
129 306 181 360 559
668 293 807 352 t0tN1tts
825 291 975 350 CASSthl
993 287 1236 347 COLLthONES.
1727 276 1781 331 560

128 428 271 486 ecclesiam
308 434 468 489 vexaretur,
506 422 553 480 sed
589 437 639 477 nec
677 434 778 476 vacuus
813 416 968 490 quidemA
1297 408 1419 467 CAPUT
1438 405 1464 460 ll

128 520 226 578 reverti
252 518 349 577 exinde
378 524 543 585 contentus,
569 529 615 570 vas
640 528 739 586 aquae,
766 527 850 586 quam
878 526 927 584 per
1016 518 1054 570 ile
1067 507 1448 580 sermoueey‘usdemaeaia,et
1461 503 1628 574 resportsroue
1642 503 1746 557 nostra

133 624 222 673 totam
253 622 311 670 erat
339 609 540 667 hebdomadam
571 615 750 680 sumptums,
777 604 927 679 cervicibus
1016 613 1105 687 HuJus
1123 613 1205 686 igitur
1217 607 1373 686 magisterio
1389 605 1494 664 institui
1513 603 1665 676 cupientes,
1682 598 1786 675 eogita-

131 709 187 766 suis
198 721 355 778 ⁸¹¹PP⁰¹¹⁰11⁸
372 703 528 777 ¹0P⁰iii¹bat
540 701 574 758 id
592 702 699 759 ⁰0¹¹Pffl·
714 711 727 737 ⁸
741 701 864 773 Cumque
876 715 927 756 ¹¹⁰·
980 710 1089 767 tionum
1104 708 1188 764 etiam
1204 704 1326 764 cumulis
1346 700 1449 776 agitati,
1474 697 1509 756 ad
1533 696 1629 754 cellam
1650 694 1711 768 ejus
1723 694 1786 768 y'am

128 799 302 874 Pissiflssififfl
331 796 489 853 0¹⁰⁶⁵⁵5⁸⁵0¹
512 801 641 864 autem,
663 809 815 866 numquam
834 807 928 866 P³⁸⁸¹¹⁸
982 801 1275 876 dieadvesperasoeute
1286 796 1469 873 pervenimus.
1481 793 1547 864 Qui,
1556 790 1653 847 habito
1664 788 1785 862 aliquan

127 905 169 954 est
188 892 401 966 eamjuniorum
419 891 470 948 sibi
489 890 582 948 labore
596 887 705 948 deferri.
720 889 774 946 Hic
790 887 880 960 itaque
893 884 927 942 ab
983 900 1066 973 pisper
1080 897 1201 963 silentio,
1216 910 1282 954 pum
1299 893 1468 968 propositum
1486 897 1613 946 nostrum
1634 884 1788 959 prmum

128 986 312 1047 adolescentia
333 1001 383 1043 sua
402 983 591 1043 eoenobiorum
612 981 712 1040 scholis
734 990 810 1039 tanto
831 979 929 1038 ardore
982 992 1130 1066 misse),
1156 988 1231 1064 quoq
1246 987 1352 1045 ,cilicet
1373 985 1491 1059 patriam
1515 980 1719 1054 relinquentes,
1745 985 1789 1037 pot

128 1098 157 1139 se
172 1077 295 1147 tradidit,
308 1078 376 1135 utin
390 1078 428 1134 eis
441 1093 524 1150 parvo
538 1085 660 1148 tempore
672 1080 857 1133 commoratus
871 1082 928 1130 lam
983 1086 1127 1161 provincii,
1140 1101 1190 1158 pm
1203 1097 1300 1141 amore
1317 1079 1430 1138 Domini
1444 1075 1623 1152 pegmatis,
1636 1081 1789 1148 egem„

127 1171 306 1246 subjectionis
319 1171 394 1228 bono
406 1185 490 1244 quam
500 1169 686 1226 universarum
700 1168 831 1225 virtutum
841 1165 927 1224 eden·
982 1197 1014 1238 30
1036 1181 1192 1239 pagqtaoem
1215 1176 1300 1235 mm)
1322 1175 1461 1240 tolerare,
1488 1179 1516 1229 et
1539 1169 1639 1227 imitari
1662 1168 1789 1241 figorem

128 1267 166 1324 tia
175 1265 277 1339 pariter
289 1263 430 1322 ditaretur.
444 1262 610 1320 Humilitatis
623 1269 781 1334 nanrqueet
799 1258 930 1318 obedien·
982 1275 1196 1333 gonpemgonqs
1216 1272 1328 1329 qnorum
1349 1276 1491 1340 tantopere
1515 1265 1678 1332 urgeremur,
1703 1278 1789 1336 quem

130 1361 175 1420 tiae
192 1358 343 1431 disciplina,
362 1373 459 1416 omnes
478 1372 542 1414 suas
570 1355 739 1414 mortificans
764 1354 927 1423 voluntates,
983 1370 1025 1426 ,px
1044 1369 1095 1442 ipsi
1116 1368 1161 1443 quq
1180 1369 1207 1424 q„
1228 1365 1324 1423 „gem
1341 1361 1499 1420 „mitam
1514 1367 1597 1433 ,tque
1616 1357 1712 1432 inopia
1729 1357 1788 1414 ,mi

132 1463 162 1512 et
173 1470 221 1527 per
234 1452 304 1509 hanc
316 1451 455 1508 exstinctis
465 1450 598 1508 universis
611 1449 693 1517 vitiis,
704 1447 863 1520 cunctisque
875 1447 928 1503 vir·
983 1462 1143 1535 eguoeppqug
1160 1469 1242 1530 sunt,
1263 1459 1442 1525 sustinerem
1466 1453 1657 1527 mpfflgjmu,
1677 1467 1732 1510 Μ,
1751 1451 1790 1511 01,

132 1546 236 1604 tutibus
249 1544 460 1612 consummatis,
475 1558 542 1616 quas
560 1541 790 1600 monasteriorum
809 1539 932 1596 instituta
985 1556 1012 1613 jd
1026 1555 1061 1614 ,d
1074 1557 1133 1630 ,jus
1154 1553 1310 1612 docuinam
1324 1569 1356 1611 π
1369 1549 1558 1624 magisterium
1576 1547 1739 1617 mmmm,
1757 1553 1791 1604 ut

130 1638 171 1696 vel
191 1636 443 1711 antiquissimomm
459 1639 571 1693 Petrum
592 1633 715 1692 doctrina
727 1630 869 1700 fundavit;
883 1647 932 1689 su·
985 1649 1073 1706 imbui
1087 1648 1258 1720 gpquatfflus
1268 1643 1488 1703 impppugonqbu,
1502 1657 1533 1698 a,
1544 1637 1790 1714 pgffgggonfflq

85 1784 90 1793 .
130 1729 412 1803 blimiorisprofectns
428 1728 524 1787 ardore
533 1743 689 1797 succensus,
702 1726 788 1784 eremi
797 1725 934 1784 festinavit
987 1743 1036 1800 pipp
1057 1757 1217 1816 pommus,
1238 1755 1320 1813 quam
1337 1737 1490 1796 mummi,
1508 1734 1676 1793 document),
1695 1733 1791 1790 pm,

131 1833 233 1883 secreta
259 1832 418 1898 penetrare,
446 1832 476 1881 ut
501 1822 633 1893 Domino,
655 1822 699 1879 cui
723 1822 793 1878 inter
816 1819 930 1877 fratmm
946 1835 971 1897 Β
985 1835 1077 1893 eidem
1089 1848 1271 1903 senseramus,
1283 1848 1339 1889 110„
1357 1839 1389 1889 u,
1410 1829 1566 1902 5115„ng
1576 1835 1666 1885 mg„
1691 1824 1720 1881 yn
1733 1839 1789 1882 no·

133 1918 225 1976 turbas
235 1917 340 1991 positus
348 1916 457 1976 sitiebat
468 1915 686 1989 inseparabiliter
701 1914 843 1983 inhaerere,
857 1913 932 1970 nullo
984 1929 1027 1987 bys
1039 1944 1095 1986 Μ
1113 1935 1214 1992 men„
1230 1925 1357 1983 pudibus
1370 1936 1560 1998 gravmemur,
1571 1919 1651 1976 augi„
1661 1916 1790 1974 dagon„

131 2013 262 2086 deinceps
280 2012 401 2070 humano
413 2011 552 2069 consortio
569 2009 723 2066 retrahente
744 2006 848 2064 facilius
868 2007 932 2064 uni-
985 2024 1080 2094 animi,
1101 2038 1154 2096 qu,
1165 2022 1193 2077 qn
1213 2020 1316 2077 nostr),
1331 2032 1441 2091 qumque
1458 2014 1562 2073 cequpg
1576 2024 1793 2084 nonnumquam

132 2118 220 2165 fetui·
250 2108 305 2166 Ubi
329 2122 439 2163 “mum
461 2113 539 2162 ¹³Pi⁰
563 2103 669 2160 filim
694 2102 778 2159 ‘fiam
809 2102 932 2174 ἰΡθθωῐῦ
985 2117 1158 2193 suggestione
1170 2105 1350 2173 titillabamur
1371 2110 1482 2180 inimici,
1502 2109 1588 2182 ipsius
1608 2119 1721 2180 quoque
1733 2118 1793 2162 ser·

132 2201 359 2259 anachoretarum
373 2201 485 2257 virtutes
496 2213 626 2271 superans
644 2194 777 2255 desiderio
798 2202 825 2253 et
842 2197 932 2253 inten·
986 2210 1114 2269 ,mnibus
1128 2209 1296 2279 inflaremur,
1319 2202 1506 2279 Quambrgm
1526 2201 1573 2258 qna
1593 2198 1677 2256 nob),
1699 2194 1794 2270 pm

132 2296 209 2353 tione
221 2296 296 2370 jugis
310 2309 342 2351 ac
359 2292 457 2351 divinae
471 2292 541 2349 illius
556 2291 677 2360 theoriae,
700 2299 863 2348 cunctorum
883 2289 933 2347 de·
988 2303 1169 2376 precabamur
1179 2300 1296 2371 puppup),
1310 2299 1409 2373 quibu,
1420 2295 1570 2370 compungi
1584 2293 1627 2350 ,ει
1642 2289 1793 2359 pumffiffi,

133 2390 237 2447 vitabat
256 2395 397 2460 aspectus,
415 2387 532 2444 vastiora
550 2393 579 2442 et
593 2383 789 2441 inaccessibilia
806 2381 934 2441 solitudi·
988 2414 1044 2455 110„
1057 2398 1155 2471 quibu,
1176 2393 1380 2468 nobismetipsis
1394 2391 1512 2450 bqangpfq
1533 2388 1683 2461 ,mqqpqug
1698 2398 1793 2460 [Ν.

133 2483 176 2539 nis
192 2488 338 2554 penetrans
348 2480 418 2550 loca,
434 2479 578 2552 multoque
599 2479 628 2535 in
644 2478 681 2534 e'u
693 2485 816 2550 tempore
829 2475 935 2534 delites·
988 2474 1060 2550 ,hug
1143 2487 1145 2491 ·

133 2590 205 2640 cens,
222 2583 251 2632 ut
274 2575 309 2632 ab
331 2574 396 2647 ipsis
416 2590 524 2648 quoque
546 2571 716 2631 anachoretis
739 2569 884 2628 difficulter
902 2585 934 2626 ao
1291 2580 1414 2637 cppqyp
1434 2579 1485 2634 111,

133 2671 270 2728 rarissime
294 2669 488 2744 deprehensns,
514 2667 673 2742 augelorum
691 2665 848 2738 quotidiano
871 2680 934 2721 con·
989 2683 1125 2754 parmi),
1152 2681 1259 2749 aggapg,
1284 2678 1435 2750 Pappum,-
1457 2676 1490 2732 ge
1512 2675 1599 2730 ynam,
1622 2671 1794 2728 mm

133 2765 219 2822 sortio
236 2763 364 2823 delectari
375 2779 407 2821 ac
419 2761 522 2836 perfrui
533 2761 699 2831 crederetur,
713 2767 795 2832 atque
807 2752 857 2815 ei¹‘
873 2774 935 2815 mo·
1062 2752 1213 2823 pecculus,
1232 2754 1258 2806 et
1276 2750 1308 2805 de
1322 2749 1409 2806 tribuo
1427 2742 1720 2804 remunerationem.

133 2858 187 2914 rito
199 2859 305 2916 virtutis
318 2858 401 2930 hujus
418 2857 452 2913 ab
464 2857 530 2930 ipsis
547 2854 665 2912 inditum
679 2852 761 2911 fuerit
772 2851 867 2910 Bubali
886 2867 935 2909 co-
1025 2856 1097 2911 Tum
1115 2851 1210 2909 beatus
1229 2849 1396 2923 Paphnutius
1410 2851 1529 2917 :⁶Tres,
1553 2844 1653 2918 inquit,
1669 2839 1795 2923 xomtio·

136 2958 325 3020 iminium·
989 2961 1057 3002 num
1078 2954 1143 3004 sunt
1164 2944 1293 3015 ordines,
1315 2946 1335 2982 ¹¹
1355 2952 1410 3000 tres
1439 2955 1548 3017 quoque
1574 2936 1796 2998 renuntiationes

682 3088 809 3145 ittaltttl
829 3090 942 3145 GAZAEI
961 3088 1239 3145 COMMENTARIUS.

136 3211 208 3294 apud
221 3210 372 3268 orientales
387 3209 501 3279 festivis,
522 3210 557 3269 ad
571 3211 715 3269 ecclesiam
731 3211 812 3269 simul
834 3228 937 3269 conve·
953 3219 975 3282 c
990 3211 1052 3281 bus,
1069 3227 1172 3270 cornua
1193 3210 1298 3267 hebens
1310 3210 1392 3283 longa
1413 3216 1442 3265 et
1455 3206 1567 3274 inflexa,
1586 3205 1663 3279 parvi
1684 3203 1745 3276 pili,
1765 3211 1795 3261 et

136 3282 257 3349 mebant,
270 3290 300 3339 ut
308 3298 383 3339 sacra
396 3283 526 3357 mysteria
539 3291 698 3356 peragerent
709 3299 742 3340 ac
753 3283 934 3367 perciperent,
990 3299 1080 3355 parvae
1093 3283 1188 3341 caudae
1203 3283 1319 3353 (Plinius
1333 3283 1352 3337 l.
1372 3295 1431 3337 vtrt
1448 3295 1508 3350 cop.
1531 3277 1582 3351 ts).
1595 3276 1722 3360 tlbhanc
1732 3288 1795 3332 cau-

137 3361 167 3410 ut
184 3353 248 3410 alibi
267 3354 440 3419 notavimus;
459 3354 529 3411 sicut
546 3371 620 3413 nunc
634 3355 829 3414 carthusianos
845 3363 873 3411 et
886 3355 936 3412 Ca·
959 3384 967 3407 t
988 3370 1059 3422 sam,
1076 3371 1140 3411 oum
1161 3354 1197 3410 sit
1211 3353 1364 3410 admodum
1377 3359 1482 3423 agreste
1496 3350 1550 3407 hoc
1563 3347 1677 3430 animal.
1701 3344 1795 3428 Peith-

136 3423 560 3483 maldulensesfacerevidemus.
988 3425 1065 3482 notio
1078 3425 1169 3482 abbati
1192 3432 1305 3497 pmpter
1329 3431 1464 3495 agrestem
1488 3427 1516 3478 et
1535 3420 1795 3501 solrtanam,vrtam

171 3505 184 3531 ⁸
195 3499 294 3569 Magna
315 3495 437 3567 profecto
455 3497 636 3554 admiratione
649 3496 763 3568 dignum
777 3503 841 3562 est,
864 3495 937 3552 viros
989 3495 1084 3553 Bubali
1098 3502 1312 3569 cognomentum
1332 3492 1450 3550 inditum
1468 3490 1551 3550 fuisse
1562 3487 1677 3572 radetur,
1691 3501 1795 3560 quem·

136 3575 245 3623 sanctos
272 3574 329 3622 tam
349 3567 377 3621 in
402 3582 495 3622 eremo
514 3582 596 3638 quam
617 3567 645 3621 in
669 3565 844 3622 monasteriis
866 3564 936 3621 adeo
989 3564 1280 3636 admodum·colligere
1295 3564 1359 3620 licet
1376 3573 1436 3620 tum
1449 3578 1481 3619 ex
1499 3561 1553 3619 hoc
1565 3566 1664 3633 capric,
1681 3565 1747 3641 tum
1760 3572 1793 3640 ex

137 3637 219 3694 fuisse
233 3639 382 3710 longaevos,
401 3645 428 3692 et
450 3637 484 3692 ad
496 3645 646 3692 extremam
660 3643 828 3693 senectutem
841 3651 937 3708 perve-
989 3637 1086 3708 quinto
1114 3634 1220 3693 decimo
1245 3634 1333 3706 capite
1356 3633 1471 3691 decimae
1498 3640 1600 3690 ocmvae
1626 3629 1793 3688 collationis.

136 3709 220 3776 nisse,
239 3724 304 3764 cum
323 3706 503 3790 asperrimam
515 3707 615 3774 vitam,
638 3704 768 3763 omnibus
785 3722 853 3779 pene
871 3722 937 3762 cor·
989 3706 1084 3764 Simile
1104 3706 1241 3779 quippiam
1263 3705 1304 3777 (ut
1318 3705 1405 3762 obiter
1420 3703 1450 3762 id
1463 3703 1571 3786 addam)
1591 3702 1626 3760 de
1640 3703 1671 3759 S.
1685 3700 1794 3756 Thoma

136 3779 211 3851 poris
224 3780 379 3836 commodis
393 3777 551 3835 destitutam
572 3778 717 3843 ducerent3
740 3776 814 3849 quod
826 3776 936 3834 illomm
989 3776 1124 3848 Aquinate
1139 3776 1246 3849 legitur,
1264 3792 1347 3859 quem
1362 3777 1392 3832 in
1413 3774 1515 3833 scholis
1531 3776 1582 3831 sub
1602 3773 1719 3857 gilberto
1731 3771 1793 3828 lfa·

137 3850 279 3907 sobrietati
308 3857 337 3906 et
361 3849 534 3921 parcimoniae
566 3848 716 3906 secandum
740 3848 801 3917 Dei·
822 3847 936 3922 gratiam
988 3863 1043 3920 guo
1068 3856 1194 3922 agentem
1213 3847 1280 3905 socir
1300 3847 1397 3904 bovem
1423 3855 1529 3903 mutum
1556 3843 1726 3906 vocitabant,
1756 3840 1795 3899 ob

137 3920 328 3978 ascribendum
341 3936 423 3978 nemo
437 3919 578 3977 dubitarit.
591 3923 623 3976 ln
655 3935 755 3975 uorum
767 3935 882 3978 numero
896 3918 937 3989 (ut
989 3919 1105 3975 nimiam
1132 3919 1355 3984 taciturnitatem,
1376 3927 1404 3975 et
1418 3916 1630 3991 Pythagoricum
1653 3911 1795 3998 quoddam

138 4007 238 4064 paucos
252 3991 420 4064 antiquiores
432 3936 658 4063 commemorem)
674 3991 701 4046 S.
715 3990 817 4048 Paulus
832 3990 936 4062 primus
990 3989 1129 4047 silentium
1140 4010 1148 4059 ;
1159 4006 1212 4062 qua
1225 3988 1259 4047 de
1270 4006 1300 4047 re
1314 3989 1425 4046 memini
1443 3989 1510 4045 olim
1523 3986 1576 4045 hos
1589 3985 1739 4043 versrculos
1756 3981 1793 4040 ad

138 4064 250 4120 eremita
271 4072 381 4121 aetatem
400 4062 435 4120 ad
459 4079 545 4121 annos
566 4062 620 4119 fere
639 4069 750 4119 centum
781 4061 936 4134 quindecim
990 4062 1166 4135 ejuslconem
1181 4062 1297 4119 lusisse:

137 4133 273 4205 produxit,
292 4151 325 4191 ex
339 4134 438 4218 quibus
455 4135 561 4192 circiter
575 4142 687 4191 centum
701 4133 728 4188 in
739 4149 831 4191 eremo
845 4141 934 4189 trans-
1038 4145 1101 4193 licea
1110 4143 1200 4193 bovem
1211 4143 1317 4202 mulum,
1330 4155 1404 4204 quem
1414 4139 1592 4193 turhainsulsa
1606 4140 1722 4201 vocabat,

137 4205 202 4276 ogit,
225 4212 256 4259 ut
270 4206 367 4261 soribrt
380 4209 414 4262 D.
431 4207 625 4278 Hieronymus.
650 4207 679 4263 S.
695 4205 830 4261 Antonius
842 4203 877 4261 ad
893 4218 937 4259 an·
1038 4204 1152 4266 cujusin
1168 4205 1377 4256 0¹210m0r0b⁰³i
1388 4205 1498 4267 mugitus
1510 4207 1571 4255 ¹³⁰⁰·

138 4280 310 4330 noscentem
326 4275 445 4397 quinque
464 4278 540 4343 risit,
555 4294 587 4332 ex
620 4276 698 4332 uibus
715 4277 863 4348 nonaginta
883 4274 937 4346 egit
1026 4275 1077 4330 apg
1094 4283 1146 4341 est,
1164 4283 1220 4332 tres
1233 4274 1318 4343 modi,
1336 4275 1435 4347 quibus
1445 4275 1480 4332 ad
1495 4273 1543 4329 Dei
1563 4274 1680 4342 cultum,
1700 4274 1792 4333 saculi

140 4344 169 4398 ln
182 4357 286 4403 eremo.
301 4359 360 4399 soo
382 4360 453 4416 pane
468 4356 495 4401 et
516 4362 586 4416 aqua
600 4293 725 4417 (iquibus
741 4346 842 4417 aliquid
855 4345 938 4401 oleris
991 4353 1181 4416 contemptum
1201 4355 1229 4403 et
1248 4344 1422 4419 perfectionis
1447 4345 1588 4412 studium,
1612 4361 1745 4404 vocamur
1763 4354 1793 4404 et

140 4412 168 4466 in
183 4418 303 4466 extrema
322 4420 401 4468 aetate
419 4414 544 4485 addebat)
567 4431 666 4486 eorpus
679 4423 853 4483 sustentans,
868 4423 938 4472 teste
992 4415 1165 4484 attrahimur,
1179 4432 1248 4489 quos
1260 4417 1384 4492 sequenti
1398 4416 1484 4488 eapite
1496 4417 1617 4487 exponit

140 4480 297 4536 Athanasio.
331 4483 360 4539 S.
391 4483 557 4554 Paphnutius
582 4485 795 4555 nonagenariam
824 4485 939 4542 excessit
1027 4487 1093 4542 dlle
1110 4486 1600 4569 quisputarettresrenuntiationiss
1650 4485 1691 4543 ies
1703 4485 1793 4545 tribea

139 4559 260 4618 aetatem,
274 4551 333 4609 solo
354 4569 422 4626 pane
440 4561 468 4610 et
488 4569 558 4625 aqua
579 4561 733 4618 contentus,
753 4564 783 4611 ut
801 4555 939 4628 colligitur
992 4557 1179 4614 rocabombus
1202 4560 1315 4642 opponi,
1335 4560 1426 4633 eisque
1446 4557 1542 4615 eodem
1559 4574 1593 4615 or
1612 4560 1659 4615 ine
1681 4574 1793 4631 respon·

139 4639 172 4680 ex
183 4623 235 4679 hoo
245 4623 314 4679 loco.
332 4625 462 4681 Arseuius
472 4624 579 4681 Arcadii
597 4634 624 4681 et
637 4626 753 4682 Honorii
772 4624 936 4710 paedagogus
952 4599 976 4661 D
991 4629 1066 4697 dere,
1088 4645 1185 4701 nempe
1206 4646 1322 4701 primam
1343 4632 1449 4702 primae,
1470 4629 1619 4686 secundam
1643 4630 1791 4696 secundae,
1813 4668 1817 4674 -

139 4697 489 4780 annosoentumriginti,e
519 4695 600 4753 uibus
612 4696 808 4771 qninquaginta
816 4713 937 4772 qumque
989 4700 1099 4757 tertiam
1116 4701 1215 4768 tertiae,
1231 4709 1259 4756 et
1281 4700 1393 4773 proinde
1418 4716 1500 4758 unam
1514 4702 1617 4783 absque
1638 4701 1700 4757 eliis
1721 4698 1793 4758 mm

139 4768 166 4823 in
187 4765 305 4835 deserto,
319 4768 473 4827 admirabili
494 4784 509 4824 a
529 4768 667 4825 stinentia.
682 4768 800 4826 lacobus
810 4771 934 4839 eremita,
989 4787 1065 4838 eere;
1088 4772 1153 4828 dicit
1167 4779 1222 4828 tres
1235 4772 1301 4830 istas
1322 4773 1536 4830 renuntiationes
1554 4771 1637 4829 srmul
1652 4780 1681 4828 et
1694 4772 1793 4845 pariter

139 4841 220 4895 Persa
234 4855 341 4911 genere,
361 4834 502 4914 partimin
519 4856 620 4911 eremo,
638 4841 738 4912 partim
754 4841 781 4897 in
796 4849 937 4898 monaste-
990 4843 1019 4899 in
1040 4843 1116 4900 omni
1137 4843 1288 4899 vocationis
1301 4854 1401 4916 genere
1413 4843 1521 4917 requiri,
1545 4853 1577 4901 ut
1591 4858 1675 4900 verus
1689 4859 1721 4900 aa
1733 4856 1793 4916 per·

138 4909 180 4964 rio
195 4911 323 4978 transegit
337 4929 422 4969 anuos
432 4922 542 4969 centum
551 4921 668 4985 quatuor
683 4913 754 4970 victu
764 4910 936 4981 tenuissimo,
991 4913 1077 4971 fectus
1101 4914 1252 4970 monachus
1274 4915 1335 4986 quis
1354 4931 1413 4973 esse
1426 4931 1459 4972 ac
1475 4914 1527 4972 dici
1546 4914 1643 4986 possit.
1664 4914 1747 4974 Unde
1764 4919 1793 4971 et

140 4986 171 5034 ut
185 4977 269 5037 refert
281 4980 477 5039 Theodoretus.
491 4984 611 5041 Historia
627 4983 761 5054 Religiosa
776 4984 805 5041 in
817 4985 833 5039 J
836 4984 936 5041 uliano.
990 4984 1025 5042 de
1047 4986 1135 5042 tribus
1157 4984 1437 5044 abrenuntiationibus
1451 4985 1574 5049 instituta
1596 4985 1658 5043 haec
1672 4984 1792 5055 eunuc,

141 5052 168 5107 S.
183 5049 364 5122 Epiphaniam
382 5069 468 5109 annos
480 5052 536 5111 iere
547 5065 659 5113 centum
693 5055 830 5113 uindeclm
841 5055 938 5113 vixisse

141 5122 228 5180 Graeci
243 5130 375 5180 testantur
394 5124 421 5178 in
437 5125 593 5196 Menologio
610 5072 692 5198 (Pola
710 5129 821 5183 Maesio.
841 5128 867 5191 8,
887 5126 937 5184 So·

141 5208 265 5247 somenae
276 5194 294 5248 l.
309 5209 343 5250 vr
356 5211 378 5248 c.
394 5199 440 5263 te,
456 5198 596 5267 Nicephor.
608 5198 626 5252 l.
641 5213 665 5253 u
676 5213 735 5267 cop.
750 5196 807 5268 ⁴2).
823 5198 938 5252 Sanctus

140 5262 276 5318 Macarius
295 5265 446 5345 AEgyptius,
468 5266 547 5348 qu'us
560 5268 680 5323 homiliae
694 5275 810 5334 exstant,
824 5267 940 5348 excessit

141 5347 227 5387 annos
239 5345 395 5406 nonaginta,
413 5352 447 5393 ex
462 5337 562 5408 qulbus
580 5339 610 5393 in
625 5352 727 5404 eremo,
742 5336 851 5393 assiduo
870 5339 939 5411 Jeju-

120 5444 122 5448 >
140 5402 198 5471 uio,
219 5406 320 5476 peregit
334 5408 482 5480 sexaginta.
498 5408 620 5481 Denique
641 5410 821 5471 sozomenus,
836 5406 884 5465 lib.
905 5424 938 5467 vr

141 5491 200 5547 cap.
216 5481 260 5543 34,
274 5475 358 5533 refert
369 5478 503 5549 plurimos
514 5479 665 5536 monachos
675 5477 757 5533 vitam
771 5478 804 5534 ad
816 5478 939 5552 longissi-

141 5560 217 5600 mum
232 5555 341 5619 tempus
359 5549 528 5620 produxisse.
544 5548 676 5622 ldemque
692 5548 837 5606 confirmat
858 5550 939 5609 llice·

142 5615 465 5701 phor.·lib.·nrcap.ttl.
507 5692 512 5703 Ι
566 5693 600 5705 ..
781 5694 787 5706 ι

177 5688 325 5757 l>Vrrtutrs,
348 5706 444 5761 nempe
463 5692 626 5760 solrtudmrs,
648 5709 680 5748 ac
700 5691 813 5752 theoriae
829 5695 937 5764 merito,

141 5773 173 5814 uc
188 5757 302 5816 ratione.
319 5762 405 5818 Porro
418 5761 550 5831 Babalus,
563 5763 600 5820 ait
613 5762 757 5836 Cuychius,
772 5775 813 5824 est
830 5766 879 5823 bos
890 5767 939 5824 sil-

143 5830 238 5889 vestris
254 5832 344 5892 colore
358 5834 445 5907 niger,
460 5831 619 5893 fortissimis
642 5836 778 5906 cruribus,
805 5847 833 5896 et
852 5839 941 5896 brevi-

1012 5072 1054 5114 uee
1074 5056 1127 5113 hoc
1150 5056 1232 5112 titulo
1252 5056 1419 5115 inscribitur.
1441 5059 1527 5114 Porro
1550 5056 1795 5115 abrenuntiationis

990 5072 1037 5199 flue
1051 5128 1113 5200 quis
1125 5127 1206 5198 hujus
1219 5127 1292 5203 vocis
1306 5128 1457 5186 barbariem
1473 5137 1521 5185 cut
1532 5129 1685 5186 noviciam
1696 5126 1794 5202 suggil-

992 5198 1038 5272 let)
1054 5199 1103 5255 etsi
1116 5198 1190 5254 nulla
1204 5202 1276 5270 apud
1288 5199 1410 5257 ethnicos
1421 5206 1546 5257 auctores
1565 5201 1697 5257 classicos
1716 5214 1795 5256 man·

992 5270 1042 5337 tio,
1066 5278 1179 5326 utuntur
1202 5277 1294 5327 tamen
1319 5270 1372 5328 hoc
1391 5272 1507 5329 nomine
1529 5280 1641 5329 sanctus
1665 5269 1798 5329 Clemens

993 5343 1135 5397 Romanus
1148 5340 1269 5412 pontifex
1292 5344 1320 5398 in
1333 5343 1481 5401 constitut.
1503 5343 1627 5416 apostol.
1646 5340 1720 5398 libro
1734 5355 1798 5415 sop-

994 5411 1063 5467 timo
1084 5411 1171 5493 capite
1186 5422 1293 5483 quarto,
1311 5413 1357 5471 ubi
1378 5415 1465 5487 ipsam
1480 5411 1729 5472 abrenuntiationis
1742 5411 1798 5471 for

993 5483 1096 5538 mulam
1112 5499 1141 5538 rn
1162 5483 1296 5557 baptismo
1319 5485 1471 5543 etiamnum
1490 5486 1618 5544 usitatam
1642 5498 1679 5540 ex
1699 5482 1797 5549 rimit;

992 5553 1156 5611 Anrbrosius
1175 5557 1202 5611 iu
1219 5571 1278 5628 cap.
1294 5561 1312 5613 2
1327 5556 1406 5629 epist.
1423 5557 1461 5616 ed
1479 5559 1600 5628 coloss,
1613 5563 1643 5613 ot
1657 5498 1733 5613 tigre
1782 5553 1790 5566 “

994 5641 1041 5682 mo
1064 5625 1098 5682 dc
1122 5627 1304 5684 sacramentis
1323 5643 1386 5700 cap.
1409 5634 1439 5697 ²3
1456 5628 1628 5702 Augrstinos
1643 5628 1728 5701 epist·
1786 5664 1794 5679 ·

993 5697 1212 5754 Renuntiatiouis
1224 5697 1386 5756 vocabulum
1402 5699 1468 5772 (quo
1478 5708 1594 5758 utuntur
1602 5699 1795 5761 terruimus.

993 5768 1165 5851 Cyprianus,
1191 5767 1385 5853 Hieronymus,
1408 5770 1587 5840 Ambrosiam,
1607 5765 1795 5845 Augrrstintt)

994 5838 1159 5910 Quintiliano
1178 5839 1228 5899 lib.
1243 5856 1266 5900 x
1288 5858 1318 5899 m
1338 5843 1435 5901 eadem
1453 5841 1651 5915 significatione
1665 5844 1796 5901 aarum
