3848 6158
92 265 145 318 545
626 254 793 312 COLthIO
813 256 846 311 ll.
865 285 901 296 -
920 256 964 311 Dll
983 257 1217 315 DlSCllETIONE.
1699 279 1750 333 litu

89 387 195 462 Apollo
204 387 345 445 seniorum
357 382 566 457 probatiimus
574 381 746 447 occurrisset,
757 378 897 437 laborem·
910 381 1055 454 AJuveuis
1078 382 1124 439 ille
1145 382 1317 443 discesserat.
1344 389 1434 459 Quem
1453 388 1538 449 abbas
1551 392 1651 465 Apollo
1676 399 1751 455 velut

88 499 149 558 que
170 491 198 539 et
221 478 429 555 oppugnationis
448 475 664 543 vehementiam,
688 489 750 547 quae
766 474 795 530 in
814 473 897 532 corde
948 484 1085 533 amentem
1106 476 1212 534 factum
1232 480 1396 551 quibusdam
1417 481 1496 540 furiis
1520 485 1615 558 agitari
1640 493 1750 564 conspi-

89 578 153 651 ejus
165 575 245 632 tacite
266 573 435 642 volvebatur,
456 570 491 628 de
508 568 738 641 contemplatione
755 568 848 627 vultus
868 578 898 626 et
948 572 1038 641 ciens,
1058 573 1192 631 intellexit
1205 574 1321 646 ignitum
1334 576 1434 634 diaboli
1447 577 1545 647 telum,
1558 584 1633 654 quod
1647 583 1752 645 viderat

90 670 247 746 dejectione
261 668 432 742 conjectans,
450 680 563 722 causam
576 671 663 721 tantia
683 662 898 755 perturbationis
948 666 1041 726 abillo
1051 669 1197 742 directum,
1212 673 1241 730 in
1254 675 1405 747 ejnrmrde
1418 677 1501 738 fuisse
1512 680 1647 750 defixum,
1660 683 1752 740 illam·

90 767 252 842 inquireret,
266 776 351 839 atque
364 763 409 821 ille
420 761 540 819 molliter
562 760 777 834 secompellanti
790 761 849 818 seni
862 774 899 819 ne
949 778 1003 836 que
1027 765 1057 821 in
1079 780 1112 823 eo
1127 767 1320 827 confusionem
1342 773 1445 830 mentis
1468 789 1499 831 ac
1520 777 1752 848 perturbationem

92 877 257 937 responsum
273 858 386 935 quidem
408 856 496 914 iilluin
516 864 610 930 posset
631 853 743 925 referre,
764 856 852 929 magis
865 869 899 915 ac
950 872 1081 919 amenum
1096 861 1276 922 intolerandis
1296 867 1410 925 astibus
1431 871 1555 943 operari3
1569 872 1753 947 recedensque

92 958 183 1032 magis
208 971 274 1014 eum
297 955 419 1013 sentiens
443 966 526 1008 senex
553 965 611 1007 non
641 949 762 1006 inaniter
785 964 899 1007 causam
950 951 986 1010 ad
1010 969 1088 1024 euin,
1114 957 1186 1027 Quo,
1210 957 1310 1031 inquit,
1335 976 1473 1034 properas,
1500 972 1548 1020 aut
1571 981 1699 1039 quaenam
1726 975 1754 1024 te

92 1060 180 1112 ianm
201 1051 322 1108 tristitie
350 1046 459 1106 silentio
480 1044 549 1103 velle
572 1052 726 1116 contegere,
752 1058 838 1116 quam
862 1056 900 1101 iis
951 1062 1041 1105 causa
1056 1049 1148 1107 senilis
1162 1049 1237 1107 illius
1259 1053 1398 1123 gravitatis
1418 1055 1535 1114 oblimm
1555 1057 1592 1114 ita
1616 1061 1756 1132 pueriliter

92 1148 174 1206 vultu
185 1144 300 1220 quidem
320 1140 497 1201 dissimulare
511 1139 652 1212 quivisset,
667 1137 798 1196 intentius
809 1138 846 1195 ab
865 1152 899 1196 ec
952 1138 1103 1211 inquietant
1120 1159 1153 1200 ac
1172 1143 1312 1202 mobiliter
1325 1147 1456 1205 cursitare
1469 1150 1656 1222 compellunt?
1670 1157 1755 1213 cuni-

93 1258 193 1302 cansas
203 1239 302 1300 occulti
322 1237 427 1295 doloris
448 1234 531 1308 coepit
555 1233 703 1308 inquirere.
726 1234 835 1307 Quibus
856 1234 902 1291 ille
954 1249 1007 1307 que
1019 1233 1064 1293 ille
1085 1251 1135 1308 pro
1148 1237 1320 1296 conscientiae
1332 1255 1390 1299 suae
1406 1252 1485 1300 reatu
1504 1259 1537 1301 ac
1550 1245 1622 1317 turpi
1635 1250 1756 1321 exagita-

94 1337 271 1399 constrictus,
286 1346 398 1406 pergere
410 1344 440 1386 se
465 1327 500 1385 ad
514 1327 606 1384 vicum
619 1327 776 1396 confitetur,
795 1336 827 1384 ut
838 1327 902 1400 quia
953 1325 1028 1384 tione
1046 1328 1189 1400 confusus,
1201 1330 1328 1390 crederet
1349 1332 1478 1392 ardorem
1498 1337 1540 1393 siii
1565 1340 1684 1409 pectoris
1705 1340 1756 1398 de·

95 1428 249 1490 seeundum
264 1420 761 1485 sententiamilliussenismonachus
769 1436 829 1478 esse
843 1437 901 1479 non
954 1420 1130 1492 prehensum,
1163 1439 1195 1481 ac
1217 1427 1328 1484 retectis
1360 1427 1419 1485 seui
1445 1429 1489 1489 sui
1514 1430 1605 1490 cordis
1635 1435 1756 1504 arcanis,

101 1530 205 1599 posset,
218 1536 272 1578 nec
285 1517 426 1577 refrenare
432 1515 562 1574 stimulos
575 1515 668 1571 carnis
681 1520 710 1570 et
719 1513 901 1599 impugnatio·
954 1514 1057 1572 nullam
1076 1518 1282 1591 responsionem
1306 1524 1492 1594 percunctanti
1518 1524 1631 1591 reddere
1645 1543 1756 1600 prorsus

97 1618 144 1676 nis
157 1614 281 1674 remedia
294 1613 425 1686 consequi
436 1612 496 1686 jam
516 1608 630 1678 valeret,
645 1625 761 1667 uxorem
777 1607 900 1680 duceret,
953 1608 1068 1668 auderet
1089 1631 1097 1666 ι
1121 1615 1282 1695 Revertere,
1310 1617 1411 1689 inquit,
1423 1617 1459 1676 eil
1473 1618 1580 1689 cellam,
1592 1622 1757 1696 tandemque

98 1729 133 1771 ae
165 1712 260 1771 relicto
285 1707 455 1768 monasterio
482 1710 666 1763 reverteretur
695 1704 730 1762 ad
756 1704 898 1762 saeculum.
925 1735 931 1748 ,
954 1710 982 1761 te
1000 1705 1118 1778 intellige
1144 1708 1186 1765 vel
1200 1709 1357 1783 ignoratum
1382 1711 1514 1771 hactenus
1539 1730 1555 1770 a
1582 1715 1703 1787 diabolo,
1716 1719 1757 1776 vel

21 1808 28 1822 “
99 1807 192 1879 Quem
205 1821 287 1864 senex
303 1802 402 1877 Apollo
417 1800 515 1859 blanda
535 1800 721 1859 consolatione
732 1799 901 1872 demulcens,
913 1807 938 1870 Β
954 1797 1123 1873 despectum,
1136 1812 1188 1860 nee
1201 1803 1230 1860 in
1244 1818 1342 1862 eorum
1355 1821 1471 1865 numero
1483 1812 1758 1884 reputatumquibus

99 1916 213 1975 seoque
232 1914 355 1958 asserem
367 1896 464 1955 iisdem
478 1894 602 1969 quotidie
628 1894 829 1952 incentivorum
849 1895 902 1953 sti·
956 1891 1002 1949 ille
1019 1894 1142 1965 quotidie
1155 1896 1304 1972 confligere
1321 1906 1350 1956 et
1361 1901 1504 1959 colluctari
1523 1902 1690 1976 profectibus
1713 1922 1759 1964 eo·

100 1995 188 2053 mulis
208 2003 290 2066 atque
310 1992 422 2051 astibus
445 1989 551 2064 agitari,
572 1996 601 2047 et
623 1987 710 2046 idirco
725 2005 780 2045 non
803 1988 903 2047 debere
957 2001 1020 2044 rum
1033 2002 1065 2044 ac
1084 1987 1181 2046 studbs
1201 1991 1355 2065 instigatur,
1370 1995 1513 2067 quiunum
1525 1997 1585 2071 ejus
1605 1998 1632 2054 in
1645 2007 1671 2056 te
1686 2000 1758 2058 diie-

100 2105 167 2148 eum
182 2102 296 2163 prorsus
308 2086 497 2160 desperatione
510 2083 664 2153 concidere,
682 2099 734 2141 nec
744 2083 840 2141 mirari
855 2099 904 2141 su·
956 2089 1033 2141 etum
1052 2082 1174 2156 jaculum
1189 2092 1252 2157 post
1271 2093 1377 2143 tantam
1388 2103 1524 2147 annorum
1545 2092 1654 2161 seriem,
1675 2108 1759 2166 quani

101 2198 154 2256 per
165 2179 378 2255 impugnationis
399 2178 505 2249 ardore,
517 2179 565 2252 qui
586 2194 644 2236 non
654 2187 713 2236 tam
728 2178 827 2236 laboris
844 2185 904 2236 stu-
957 2175 986 2233 in
1000 2175 1051 2234 bac
1064 2175 1230 2250 professione
1250 2179 1360 2249 trivisti,
1384 2197 1441 2239 non
1455 2182 1545 2240 dicein
1558 2199 1696 2258 respuere,
1710 2189 1759 2246 sed

105 2274 154 2332 dio
166 2289 248 2349 quirin
260 2273 447 2332 misericordia
460 2273 571 2331 Domini
591 2280 618 2330 et
631 2272 715 2346 gratia
727 2272 883 2330 vinceretur
896 2291 902 2328 :
958 2287 994 2329 ne
1007 2270 1108 2330 saliere
1121 2273 1231 2347 quidem
1248 2276 1366 2333 vel‘iino
1383 2276 1426 2335 die
1439 2276 1563 2350 quivisti3
1583 2294 1639 2353 quo
1654 2288 1682 2339 te
1695 2298 1759 2340 saii-

105 2369 189 2425 unius
201 2375 308 2427 tantuin
322 2366 376 2426 diei
385 2369 420 2427 ab
433 2367 531 2426 eodem
547 2367 676 2441 poposcit
688 2365 821 2435 inducias,
833 2375 862 2424 et
874 2376 907 2426 ut
959 2365 1023 2422 clari
1037 2368 1172 2426 Dominus
1184 2368 1287 2426 idcirco
1308 2385 1406 2444 passus
1420 2379 1471 2441 ast,
1483 2373 1623 2431 iitsaltem
1636 2374 1664 2432 in
1678 2391 1760 2434 sene-

102 2469 285 2520 reverteretur
296 2461 329 2520 ad
341 2477 420 2520 suam
433 2461 566 2551 cellolam
573 2460 743 2533 deprecatus,
755 2459 790 2518 ed
804 2476 906 2518 mona·
959 2470 1003 2518 cta
1021 2461 1139 2522 disceres
1152 2465 1270 2539 compati
1294 2465 1503 2525 infirmitatibus
1516 2467 1622 2540 alienis,
1636 2479 1665 2528 et
1677 2470 1761 2546 fragi-

102 2557 220 2616 sterium
241 2556 365 2630 predicti
392 2557 467 2614 senis
491 2563 551 2614 tota
572 2555 749 2613 festinatione
773 2555 902 2629 perrexit.
958 2554 1026 2615 litati
1040 2557 1259 2615 condescendere
1276 2558 1419 2631 juniorum
1444 2561 1498 2618 tuis
1524 2563 1656 2637 exemplis
1681 2574 1762 2639 atque

102 2653 229 2726 Cumque
240 2651 331 2709 eidem
344 2649 537 2725 proximasset,
551 2649 677 2724 expansis
691 2648 830 2718 manibus,
842 2665 905 2707 ora·
957 2649 1124 2721 experientia
1139 2648 1287 2719 docereris,
1308 2651 1355 2721 qui
1371 2653 1519 2724 suscipiens
1541 2655 1668 2727 juvenem
1692 2657 1762 2715 infe·

102 2749 210 2806 tionem
221 2762 286 2805 cum
301 2745 431 2820 lacrymis
450 2744 569 2803 fundens
591 2763 598 2800 :
623 2745 767 2813 Converte,
781 2743 829 2812 ait,
846 2747 906 2801 Do·
959 2742 1222 2801 stationediaboliea
1234 2743 1415 2815 laborantem,
1433 2761 1492 2802 non
1510 2748 1595 2806 modo
1606 2749 1682 2807 nulla
1695 2767 1762 2810 con·

102 2842 189 2913 mins,
205 2841 251 2914 qui
265 2841 433 2900 occultarum
447 2839 546 2898 virium
560 2847 589 2896 et
598 2813 766 2896 infirmitatis
778 2837 906 2896 humanae
959 2837 1096 2897 solatione
1117 2838 1221 2912 fovisti,
1244 2839 1293 2897 sed
1315 2841 1398 2898 etiam
1412 2841 1564 2914 perniciosa
1577 2843 1763 2918 desperatione

103 2937 180 2995 solus
198 2934 303 2993 arbiter
319 2934 381 3008 pius
401 2948 434 2991 ac
444 2941 565 2991 secretus
580 2947 609 2989 es
626 2931 748 2990 medicus
760 2930 907 3005 impugna·
959 2932 1109 3007 dejectum,
1126 2933 1231 2991 inimici
1248 2934 1376 2992 manibus
1385 2934 1531 3006 tradidisti,
1544 2946 1678 3012 quantum
1691 2942 1720 2997 iii
1734 2950 1763 2999 ts

104 3030 208 3088 tionem
220 3028 292 3086 illios
306 3028 415 3102 Juvenis
432 3027 461 3084 iii
474 3040 568 3084 mnam
581 3026 678 3096 istiim,
692 3033 724 3082 ut
736 3024 905 3082 condesocn·
960 3037 1011 3098 est,
1033 3028 1180 3087 abeodem
1204 3028 1356 3104 lugubriter
1373 3029 1573 3102 devorandum,
1598 3049 1681 3107 quein
1706 3034 1766 3092 sine

103 3125 170 3185 dere
182 3122 384 3182 infirmitatibus
404 3121 586 3189 laborantium
598 3128 627 3177 et
640 3120 756 3193 compati
768 3119 907 3193 fragilitati
961 3120 1045 3179 dubio
1072 3137 1245 3196 nequaquam
1267 3131 1326 3180 tam
1348 3121 1503 3181 vehementi
1525 3125 1657 3183 conflictu
1672 3125 1767 3185 fuisset

102 3219 248 3294 juniorum
266 3217 307 3276 vel
332 3217 361 3273 in
380 3222 522 3273 senectute
549 3214 689 3272 doceatur.
714 3215 839 3286 Cumque
861 3214 908 3271 ille
923 3206 946 3271 C
959 3231 1113 3290 aggressus,
1126 3231 1183 3289 quo
1195 3225 1224 3275 te
1243 3232 1417 3290 nuncusque
1433 3226 1615 3293 estappetere
1632 3219 1766 3295 dedigna-

107 3316 181 3373 banc
219 3328 329 3388 precem
367 3325 432 3369 cum
466 3309 570 3382 gemitu
608 3307 794 3375 conclusisset,
825 3307 912 3363 oemit
964 3319 1020 3381 tus,
1045 3311 1098 3367 nisi
1128 3310 1225 3368 futuro
1247 3311 1383 3385 profectui
1411 3313 1471 3386 ejus
1491 3314 1615 3373 invidens
1637 3317 1768 3374 iuimicus

108 3413 124 3443 ¹
138 3408 292 3482 Ethiopem
312 3415 416 3464 tetrum
438 3412 537 3463 contra
551 3402 622 3461 illius
641 3401 767 3476 cellulam
781 3409 911 3468 stantem,
964 3403 1040 3461 illam
1063 3404 1192 3461 viuutem
1215 3420 1300 3478 quam
1324 3406 1416 3463 animo
1442 3407 1501 3480 ejus
1522 3408 1610 3466 inesse
1627 3408 1766 3480 comebat,

107 3509 190 3578 atque
200 3503 331 3561 advemus
342 3516 407 3557 euni
426 3499 507 3573 ignita
515 3496 605 3571 jacula
616 3496 791 3570 dirigentem.
803 3495 912 3568 Quibus
964 3499 1113 3573 anticipare
1131 3515 1164 3556 ac
1182 3505 1336 3570 pervertere
1349 3500 1408 3558 suis
1421 3501 1511 3576 ignitis
1527 3503 1625 3576 iaculis
1638 3502 1768 3562 festinas·

109 3614 178 3656 cum
198 3598 294 3657 fuisset
303 3597 355 3655 ille¹
362 3595 489 3670 protinus
512 3593 660 3663 muciatus,
679 3600 707 3650 et
720 3604 912 3667 progressuse
965 3602 1023 3665 set;
1051 3594 1234 3668 proculdubio
1264 3595 1416 3670 intelligens
1442 3595 1598 3668 fortiorem,
1630 3600 1675 3657 ciii
1692 3608 1768 3658 tanta

109 3693 191 3763 cella,
210 3692 263 3752 liuc
275 3694 393 3765 illucque
410 3691 484 3749 velut
496 3704 590 3747 enisus
600 3697 629 3747 et
642 3688 736 3746 ebrius
755 3688 911 3758 cursitaret,
965 3687 1134 3747 vehementia
1147 3689 1294 3763 confligere
1306 3705 1398 3763 operae
1406 3692 1524 3765 pretium
1532 3692 1675 3766 Judicavit.
1687 3695 1769 3752 Disce

109 3797 194 3863 atque
206 3789 346 3865 egrediens
355 3795 383 3846 et
394 3785 558 3863 ingrediens,
570 3785 629 3858 iam
642 3785 783 3843 continere
794 3800 825 3842 ss
837 3784 866 3842 in
880 3798 912 3841 ea
965 3784 1055 3858 itaque
1069 3784 1124 3842 tuis
1144 3784 1275 3858 exemplis
1290 3783 1478 3842 laborantibus
1499 3788 1630 3859 compati,
1645 3796 1673 3844 et
1695 3789 1768 3860 peri-

107 3901 169 3943 nou
182 3894 285 3959 posset,
309 3883 405 3942 eadem
420 3883 463 3941 via
475 3880 600 3940 concitus
613 3895 724 3953 pergere
741 3879 837 3953 eoepit,
857 3894 913 3952 qua
966 3879 1090 3938 clitentee
1103 3894 1275 3954 nequaquam
1285 3880 1439 3953 perniciosa
1451 3880 1642 3955 desperatione
1653 3890 1768 3955 terrere,

661 4006 789 4072 Ᾱιιιιιιι
808 4015 919 4071 GAZAEI
937 4014 1220 4072 COMMENTARIUS.

107 4147 226 4206 stiiores
252 4142 442 4202 anachoretas.
471 4143 545 4199 Vixit
565 4142 638 4199 enim
663 4150 788 4269 tempore
809 4141 911 4199 loliani
964 4149 1039 4197 trum
1063 4140 1268 4198 cluniacensem
1285 4139 1313 4195 in
1328 4140 1375 4197 lib.
1392 4156 1403 4197 ι
1418 4141 1452 4197 de
1473 4141 1642 4216 blirae.cap.
1667 4151 1694 4202 8.
1715 4148 1769 4207 Sed

107 4224 265 4292 Apostaiae,
286 4215 500 4296 quingentorum
512 4214 710 4270 monachorum
1014 4284 1019 4295 Ι
1595 4285 1601 4297 ¹

106 4292 241 4348 culomm
255 4285 342 4359 gloria
356 4284 477 4341 illustris.
495 4285 562 4356 Ejus
581 4287 665 4342 diem
678 4295 706 4341 et
726 4301 770 4343 res
784 4284 912 4358 praeclare
966 4281 1035 4366 batis
1057 4281 1166 4365 Apollo,
1182 4281 1218 4338 de
1229 4297 1285 4353 quo
1299 4281 1490 4365 suprarefert
1502 4284 1635 4345 Palladius
1648 4287 1690 4346 his
1705 4306 1768 4348 ver·

106 4368 205 4436 gestas
228 4356 362 4413 Palladius
387 4354 452 4413 satis
472 4355 562 4428 ample
582 4356 713 4414 describit
738 4356 848 4414 Lausia.
864 4362 910 4414 52.
966 4354 1073 4437 bis31s,
1090 4362 1189 4426 iuquit,
1201 4369 1265 4409 oiim
1277 4353 1433 4434 quindecim
1447 4364 1648 4438 annosnetusa
1663 4363 1768 4421 mundo

107 4429 240 4491 Meruiuit
253 4423 375 4502 ejusdem
402 4430 570 4485 sozomenus
592 4429 639 4485 lib.
652 4444 683 4486 vi
695 4445 725 4486 ca
748 4471 754 4484 .
777 4433 822 4493 20,
837 4437 865 4485 et
879 4445 911 4485 eii
966 4432 1129 4510 seqessisset,
1141 4432 1169 4508 et
1179 4424 1356 4497 quadraginta
1367 4440 1454 4507 annos
1466 4442 1495 4483 iii
1509 4427 1656 4488 solitudine
1676 4440 1767 4491 trans·

108 4500 224 4560 eoNioe
244 4500 436 4556 borealibxi
452 4505 571 4572 capel,
590 4501 703 4557 etCassi
741 4515 808 4558 orus
827 4501 917 4557 inlli-
969 4505 1078 4570 egisset,
1093 4505 1122 4553 et
1141 4512 1169 4552 iii
1187 4511 1344 4578 eaomnem
1358 4505 1486 4554 virtutem
1509 4503 1683 4572 exercuisset,
1696 4507 1769 4564 visus

108 4573 197 4633 storia
238 4573 332 4645 ripart.
350 4570 396 4627 lib.
418 4584 477 4628 viii
490 4586 551 4653 cap.
576 4575 600 4626 f.
623 4571 720 4627 Dictus
734 4580 775 4628 est
788 4571 913 4643 Apollos,
968 4577 1009 4625 est
1023 4564 1221 4652 posteaaudire
1235 4570 1286 4650 Dei
1301 4581 1395 4650 rocem
1408 4569 1524 4625 dicentis
1538 4570 1563 4627 ei
1578 4591 1584 4627 :
1598 4575 1769 4650 Apollo,per

110 4646 155 4701 vel
169 4643 278 4717 Apollo,
294 4657 360 4699 voce
372 4638 557 4698 indeclinabili
570 4660 576 4696 :
589 4641 825 4724 quomodoetiam
836 4646 915 4714 Apo-
968 4648 997 4696 tc
1009 4649 1174 4723 sapientiam
1192 4646 1346 4711 sapientum
1370 4654 1399 4721 ιιι
1411 4641 1538 4722 Dyme,
1554 4650 1582 4722 et
1597 4647 1769 4715 prudeniiam

111 4715 202 4774 stolus
216 4716 238 4786 (l
250 4718 309 4774 Gor.
326 4728 377 4782 iii,
393 4715 423 4781 4)
437 4712 587 4785 quemdam
603 4712 732 4769 Ecclesiae
759 4721 914 4771 ministrum
968 4721 1089 4785 gentium
1099 4710 1226 4768 abolebo.
1242 4709 1395 4767 Generabis
1405 4725 1478 4766 enim
1492 4710 1560 4765 mihi
1571 4715 1703 4783 populum
1720 4733 1767 4786 pe·

110 4787 238 4844 nominat
253 4784 428 4859 apollonem
441 4783 618 4856 Apollinem;
630 4782 665 4840 ad
677 4783 911 4866 supprimendam,
928 4774 1108 4850 Dauliarem,
1127 4781 1316 4864 emulatorem
1339 4782 1477 4836 bonorem
1491 4794 1615 4861 operum.
1630 4786 1656 4839 ls
1676 4794 1769 4867 autem

111 4865 146 4915 ut
157 4858 263 4929 opinor,
286 4854 392 4929 profani
409 4853 481 4937 illius
503 4862 531 4911 et
550 4852 649 4937 famosi
666 4854 807 4937 ‚Apollims
822 4855 912 4938 Pythii
967 4851 1214 4926 respondensdixit
1224 4873 1231 4909 i
1242 4851 1421 4917 Auferame,
1433 4853 1562 4933 Domine,
1574 4864 1767 4927 arrogantiam,

110 4929 172 4987 sive
186 4927 307 5000 Delphici
315 4940 490 4982 memoriam.
501 4925 629 4984 Meminit
637 4933 721 4981 etiam
735 4924 914 4984 coenobiiab-
968 4939 1004 4980 ne
1024 4923 1094 4978 forte
1116 4922 1202 4978 datus
1220 4937 1301 4996 supra
1328 4922 1538 4990 fraternitatem,
1556 4924 1673 4983 mulctes
1692 4929 1768 4985 omni

112 5000 186 5057 batis
212 4998 311 5071 apollo
341 4995 512 5078 sophronius
536 4996 564 5052 iii
585 4997 666 5052 Prato
690 4995 827 5068 spiritual.
851 5012 912 5072 cap.
969 4994 1044 5050 bono
1058 5007 1148 5066 opere.
1163 4992 1194 5048 let
1208 5001 1301 5051 autem
1312 5009 1407 5050 rursus
1420 4993 1490 5051 diiiit
1501 5009 1552 5050 voi
1565 4995 1653 5079 divina
1668 5020 1674 5057 :
1691 5003 1769 5058 Mitte

114 5077 177 5128 18⁴.
188 5068 253 5128 Fuit
274 5078 302 5126 et
325 5068 488 5142 Apollonius
505 5066 669 5123 anachoreta
693 5082 749 5123 non
769 5067 914 5142 obscurus,
969 5078 1085 5121 manum
1099 5072 1179 5119 tuam
1199 5078 1281 5136 super
1300 5066 1401 5122 collum
1415 5073 1505 5136 tuum,
1521 5075 1550 5122 et
1568 5067 1665 5124 demde
1684 5087 1769 5142 pones

112 5140 218 5216 dequo
238 5139 376 5199 Palladius
396 5138 502 5220 lausia.
516 5142 562 5206 66,
585 5145 613 5193 et
625 5137 796 5211 Nicephorus
813 5138 865 5196 lib.
880 5154 915 5198 ιιι
970 5151 1041 5218 ειμι,
1055 5142 1084 5190 ot
1097 5132 1212 5189 infodies
1223 5149 1323 5191 arenae.
1337 5139 1364 5192 ls
1374 5144 1467 5193 autem
1477 5152 1541 5219 cum
1552 5139 1644 5194 stetim
1653 5156 1768 5225 manum

111 5229 174 5286 ιι·
259 5227 342 5283 ιιι
355 5207 915 5340 reviliuuiuteuitui·
969 5204 1769 5353 utettteelisissesaluritatem

111 5283 501 5425 {qitigliggktpirpgfflm
517 5355 616 5437 Hister.
631 5296 677 5428 ιιιι.
697 5297 870 5439 ιιιςιΑιιιοηΡ.
885 5357 915 5410 iii
969 5319 1044 5408 tem}
1058 5352 1118 5434 Ego
1131 5345 1315 5474 sumfidaemog
1327 5349 1470 5432 superbire.
1485 5352 1551 5408 llaec
1562 5322 1618 5436 lli-².
1627 5357 1662 5411 lit
1674 5372 1768 5441 revera

116 5441 144 5482 n
154 5431 480 5578 ΞἪίιιιιιιιιιιι’ἰιιαιοιιιιιι
494 5425 914 5570 ιιιιιιιιιοεῗιιιιᾳιιιιιιιιιιιιςιί
969 5419 1769 5577 ιιιιιιιῖυιιιιὴιιιιωειιὲοιιῗιιιιῃιιιινιιιθιιςιριιιιιιιιιιιιιιο
1805 5460 1808 5465 -

117 5570 376 5698 fretelli
395 5569 491 5696 'llll
510 5568 915 5698 flltlhltlhllltt·
970 5565 1182 5706 tutha
1195 5570 1608 5707 lhllltetllllel
1633 5571 1772 5713 illest

36 5740 49 5757 ι
114 5657 332 5773 Λιιιοιιιιιιιιιιιε
339 5655 628 5780 Ριιιιιιιιιιιιιιιιιιιιο,
642 5680 916 5769 VictoremUticens:
971 5706 1078 5789 Grecis
1100 5676 1241 5788 incerdens
1261 5706 1302 5762 vel
1327 5675 1450 5762 lucensius
1463 5680 1692 5789 interpretatum,
1708 5727 1770 5785 quse

112 5784 165 5843 lib.
189 5785 438 5843 iPersecutionum
452 5781 581 5847 vandal„
605 5783 769 5856 Gregorium
787 5796 920 5855 pugnum
971 5787 1302 5852 quamipsiconveniant‚
1315 5792 1372 5851 ipse
1385 5777 1490 5834 viderit.
1537 5844 1542 5861 ἢ

114 5855 320 5916 libroseeundo
334 5853 444 5927 Dialog.
465 5858 555 5926 capt
573 5860 603 5911 et
618 5852 667 5912 lib.
683 5868 783 5928 ircap.
806 5854 919 5923 18,Ρο-

744 4223 812 4282 atei·;
824 4213 912 4270 inira-
966 4211 1088 4284 lepidum
1107 4218 1159 4280 est,
1177 4219 1205 4268 et
1227 4211 1361 4267 memoria
1375 4210 1500 4284 dignum,
1516 4212 1589 4285 quod
1603 4215 1633 4271 in
1645 4217 1704 4273 Vita
1719 4220 1768 4277 ab·
