3848 6158
113 253 163 312 ld9
320 255 366 317 DE
384 258 625 321 GOENOBIORUM
644 264 764 322 instit.
785 265 850 322 LlB.
872 264 915 322 lu.
936 295 972 307 -
992 265 1036 321 bs
1055 264 1246 324 institutis
1265 266 1562 326 annuntiantium
1715 272 1766 328 lio

109 381 202 439 dicere
215 382 315 456 aliquid
333 401 430 457 suum,
443 403 626 464 magnumque
638 390 675 447 sit
692 391 794 448 crimen
808 407 841 448 ex
860 407 910 449 ore
924 397 951 459 Α
966 391 1093 465 quodque
1105 392 1133 448 in
1147 392 1247 448 nostris
1263 393 1435 450 monasteriis
1449 393 1553 450 utinam
1574 394 1633 451 fieri
1651 395 1768 452 nescire·

109 476 238 533 monaehi
249 480 423 549 processisse,
442 481 563 540 codicem
584 498 687 552 meum,
704 483 809 542 tabulas
820 500 912 554 meas,
966 488 1062 554 nius),
1075 502 1132 543 non
1141 485 1230 543 dicam
1245 483 1357 555 effectu,
1374 485 1422 544 sed
1433 503 1469 545 ne
1480 487 1644 560 cogitatione
1656 486 1766 561 quidem

109 573 125 603 ⁸
142 569 283 643 graphium
308 587 413 643 meum,
433 575 553 631 tunicam
576 592 683 642 meam,
705 579 802 651 caligas
822 594 911 647 meas,
965 579 1000 636 ab
1014 578 1103 653 aliquo
1117 581 1225 652 penitus
1236 578 1387 638 affectatur.
1405 583 1532 654 Cumque
1543 587 1654 640 totam⁶
1668 581 1766 640 entho-

108 678 215 738 proque
237 663 291 722 boc
319 664 400 740 digna
423 668 578 740 poenitentia
599 670 787 730 satisfacturus
813 672 865 739 sit,
890 665 913 731 si
966 688 1027 730 cam
1040 672 1157 730 coeuobii
1171 673 1357 730 suamcredat
1370 688 1428 730 esse
1441 674 1632 746 substantiam,
1647 675 1765 732 cunctis·
1830 736 1832 740 ,

107 773 175 815 casu
189 757 281 832 aliquo
291 774 341 832 per
360 759 562 837 subreptionem
574 765 614 822 vel
635 767 815 839 ignorantiam
831 767 912 842 liujus
965 782 1018 839 que
1031 766 1114 824 rebus
1125 770 1167 840 {ut
1178 767 1301 823 omnium
1313 767 1439 824 domiuus
1453 763 1587 826 omnem¹
1601 785 1695 826 euram
1709 769 1765 825 sol·

108 851 186 910 modi
200 853 316 911 verbum
326 852 361 911 de
373 869 420 913 ore
432 857 490 930 ejus
501 856 638 933 effugerit.
965 860 1184 934 licitudinemque
1198 860 1346 932 dependam
1360 859 1394 917 ad
1408 861 1575 919 retinendam
1590 861 1767 919 nihilomiuus

399 968 523 1027 cppgcp
541 972 629 1028 xlv-q
963 963 1079 1027 arreptae
1099 954 1228 1011 nuditatis
1246 955 1391 1022 virtutem,
1413 970 1496 1028 quam
1517 954 1609 1012 studet
1625 954 1660 1012 ad
1680 956 1765 1010 linem

110 1070 187 1140 Quod
198 1071 258 1127 pm
268 1071 357 1126 „mna
368 1075 485 1142 pecnnia
499 1073 531 1127 de
540 1076 750 1146 uniuscnjusque
760 1092 838 1148 opem
849 1094 910 1133 mn,
963 1062 1049 1120 usqno
1060 1045 1178 1119 perfecte
1197 1053 1278 1118 atque
1295 1045 1485 1104 inviolabiliter
1504 1047 1656 1115 custodire,
1671 1049 1707 1104 ita
1721 1064 1764 1104 se·

146 1146 268 1212 peretur,
287 1141 379 1197 nullus
392 1147 482 1198 tumen
491 1151 640 1214 presumat
655 1148 780 1203 excedere
799 1153 910 1204 statuae
963 1141 1110 1213 metipsum
1121 1156 1136 1197 a
1149 1138 1253 1197 cunetis
1267 1148 1439 1208 extraneum,
1460 1149 1487 1196 et
1499 1156 1532 1196 ex
1546 1140 1674 1198 omuibus
1687 1140 1763 1213 jndi-

144 1215 493 1283 ⁸²1ffillm²ioel³⁰l⁶iisslm
799 1238 802 1247 ¹
914 1245 917 1252 ·
963 1242 1007 1289 eat
1028 1232 1162 1302 alienum,
1183 1240 1368 1305 uitamquam
1386 1232 1558 1304 peregrinum
1580 1248 1610 1289 se
1629 1242 1717 1305 gerat,
1737 1243 1766 1290 et

146 1326 254 1381 Etcum
266 1330 357 1380 tantos
368 1325 552 1398 uuusquisque
564 1341 661 1383 eorum
673 1327 793 1401 quotidie
803 1329 838 1387 de
847 1344 910 1403 ope-
963 1327 1079 1384 incolam
1093 1326 1296 1397 istiusfmundi,
1308 1327 1506 1399 alumnumque
1523 1341 1553 1383 se
1566 1325 1655 1398 potius
1669 1342 1766 1384 mona·

108 1432 141 1473 re
153 1431 186 1473 ac
197 1415 297 1473 sudore
311 1418 424 1491 proprio
436 1417 537 1475 reditus
553 1419 676 1477 conferat
688 1422 864 1492 monasterio,
880 1432 912 1480 ut
963 1421 1035 1479 iterii
1049 1429 1173 1494 reputet,
1187 1436 1219 1476 ae
1233 1420 1398 1486 ministrum,
1420 1434 1504 1492 quam
1516 1419 1661 1477 dominum
1675 1419 1767 1493 quus·

109 1526 143 1567 ex
159 1510 202 1567 bis
215 1518 369 1568 sustentare
382 1526 438 1567 uon
449 1512 538 1568 solum
550 1528 628 1570 suam
640 1515 727 1572 valeat
741 1517 910 1589 parcitatem,
964 1531 1080 1588 cumque
1095 1515 1134 1572 rei
1149 1523 1306 1589 praesumat.

108 1620 204 1661 renim
218 1603 302 1661 etiam
318 1603 412 1661 usibus
431 1606 516 1677 possit
528 1606 674 1665 exuberare
691 1609 841 1667 multorum
861 1612 912 1667 :iu
1264 1610 1386 1665 CAPUT
1403 1611 1467 1666 XV.

107 1698 185 1755 nullo
206 1707 299 1754 tamen
323 1696 443 1766 inflatur,
464 1715 515 1756 nec
539 1700 588 1757 sibi
609 1700 643 1758 de
664 1710 742 1759 tanto
762 1705 853 1776 operis
870 1705 912 1761 sui
1071 1708 1110 1761 lle
1123 1704 1263 1759 immodice
1278 1705 1351 1775 opud
1364 1720 1412 1759 iios
1428 1704 1517 1759 studio
1531 1703 1657 1759 iubendi.

107 1799 216 1865 quattu
230 1790 536 1860 acsndoreblnnditur;
556 1794 604 1851 scd
625 1783 951 1868 praterdnolpaiab
999 1796 1078 1854 sid
1098 1796 1223 1854 liaecnos
1237 1797 1406 1853 miserabiles
1430 1797 1495 1869 quid
1516 1796 1657 1865 dicemus,
1672 1797 1717 1870 qni
1738 1796 1766 1854 in

107 1885 218 1943 macia⁶
233 1901 294 1958 quae
306 1885 394 1944 tribus
407 1887 448 1942 vix
462 1886 581 1945 denariis
594 1889 693 1947 ibidem
711 1889 908 1961 distrahuntur,
962 1890 1094 1949 coenobiis
1110 1900 1331 1957 commorantes,
1350 1890 1444 1947 acsub
1455 1889 1561 1946 abbatis
1578 1906 1643 1947 cura
1655 1891 1766 1948 etsolli·

107 1981 178 2037 nibil
196 1979 307 2037 sibimet
322 1980 439 2052 amplius
459 1983 645 2055 unusquisque
664 1984 816 2057 praesumit.
835 1990 910 2042 inter
962 1984 1084 2042 citudiuo
1102 1984 1258 2051 constituti,
1270 1976 1453 2055 l'pecullares
1470 1982 1690 2040 circumferimus
1707 1985 1767 2041 cla-

108 2089 180 2147 quos
196 2061 210 2108 ‘¹
228 2074 337 2132 nullum
356 2074 489 2148 peculiare
510 2091 579 2149 opus
593 2075 682 2150 (quod
699 2077 783 2150 pudet
800 2078 908 2146 dicere,
962 2095 1019 2148 ies,
1034 2079 1163 2151 omnique
1174 2075 1349 2151 professionis
1367 2083 1468 2133 bosnae
1482 2073 1641 2133 verecundia
1653 2084 1681 2133 et
1702 2093 1766 2134 con·

657 2220 785 2276 insunt
805 2221 918 2278 GAZAEI
936 2218 1218 2277 COMMENTARIUS.

108 2346 220 2407 suenda
231 2363 294 2406 cum
310 2349 370 2405 nelo
382 2347 525 2422 conjuncta
540 2366 606 2406 sane
619 2359 647 2407 et
660 2351 786 2425 religiose
798 2351 909 2421 dicunt,
963 2361 1024 2423 vi).
1037 2353 1094 2412 Ubi
1106 2352 1257 2410 notandum
1272 2350 1323 2409 insi
1362 2350 1584 2408 edocumentum
1603 2350 1715 2409 Navarri
1731 2351 1766 2411 de

108 2418 232 2477 codicem
245 2435 356 2489 mcum,
370 2423 490 2476 tunicam
503 2437 603 2488 meam,
620 2432 685 2490 eto,
702 2424 777 2480 nullo
790 2427 911 2496 proprie·
966 2424 1049 2483 Bonis
1062 2422 1217 2481 monasterii
1227 2423 1264 2479 ita
1276 2424 1327 2479 scri
1348 2420 1421 2479 eutis
1436 2428 1528 2480 :Bono
1537 2424 1766 2479 monosteriisout

105 2492 173 2548 tatis
182 2507 274 2555 sensu,
288 2499 338 2546 aut
347 2489 456 2557 affeetu,
470 2493 518 2548 sed
532 2509 583 2548 usn
597 2493 748 2559 dumtaxat,
765 2505 813 2551 aut
825 2496 913 2553 admi·
965 2500 1116 2552 communie
1131 2497 1271 2564 Religionis
1287 2495 1415 2564 eiusdem,
1429 2511 1483 2549 iio-ii
1496 2499 1527 2550 ct
1539 2496 1662 2563 singulis,
1676 2498 1718 2549 ite
1734 2501 1767 2551 iit

107 2562 269 2619 nistratione
287 2562 337 2617 sitii
361 2562 481 2633 legitime
498 2579 634 2620 concessa.
661 2566 712 2622 Sed
728 2568 786 2623 liaec
806 2566 911 2638 plenius
964 2567 1767 2638 moqulideboiciscommunibusceitumsi'bi'portioiiemiiii·

108 2634 255 2704 explanare
267 2648 323 2688 non
339 2642 380 2689 est
399 2632 479 2717 liujus
495 2635 561 2691 loci.
579 2635 647 2690 Vide
661 2639 813 2693 Navarrum
827 2639 910 2695 Com·
965 2640 1056 2694 dicire
1066 2640 1181 2708 possint,
1193 2638 1382 2706 utpropri'om,
1393 2638 1435 2690 cel
1444 2636 1566 2704 aliquem
1576 2652 1632 2690 rem
1642 2637 1766 2690 determi-

108 2713 227 2759 nientar.
240 2711 257 2758 ²
272 2703 306 2759 do
317 2705 505 2770 Regularibus.
964 2715 1037 2771 note,
1048 2714 1119 2778 pute
1137 2710 1206 2762 buiic
1218 2711 1325 2768 uestem,
1339 2708 1410 2760 bunc
1419 2707 1529 2768 librum,
1544 2711 1604 2769 etc„
1618 2712 1667 2760 eiii
1683 2710 1765 2761 etiem

145 2778 157 2809 ⁸
176 2773 331 2846 Grapbium
352 2784 411 2830 erat
428 2776 513 2847 stylus
531 2792 624 2834 aeueus
643 2786 690 2834 aut
710 2777 830 2846 ferreus,
855 2794 911 2850 quo
965 2796 1043 2834 osiim
1054 2782 1081 2834 iii
1094 2779 1368 2839 indeterminatum
1381 2776 1562 2842 ncntsimdiis
1573 2781 1766 2833 commemini

108 2845 260 2918 antiquitus
281 2844 308 2900 in
326 2846 421 2901 ceratis
440 2847 538 2904 tabulis
556 2849 726 2918 scribebant,
740 2865 796 2922 quo
813 2852 906 2907 etiam·
961 2852 1088 2922 pluribus
1098 2849 1249 2905 heredibus
1256 2847 1764 2917 ‹equaliteriiiititutiscelemptoribus

107 2932 176 2972 num
189 2917 295 2973 utimur
306 2917 334 2972 in
347 2916 502 2989 hujusmodi
516 2920 702 3002 pugillaribus.
962 2924 1124 2993 pretiumec
1131 2934 1206 2990 nequo
1213 2919 1411 2985 confirmations
1420 2936 1428 2971 ε
1438 2917 1556 2972 sedsuiit
1565 2921 1725 2981 communio,
1734 2924 1766 2973 iit

146 2981 378 3050 ”mumadam
402 2989 460 3051 iel,
475 2998 505 3045 nt
526 2989 573 3045 alii
587 2991 695 3062 legunt,
716 2991 910 3063 paximacium,
964 2995 1096 3047 uriiomis
1110 3007 1158 3046 :eo
1170 2990 1243 3061 quod
1253 2990 1382 3069 omnesiii
1392 2990 1624 3042 communimesso
1637 2989 1766 3045 bonorum

109 3067 282 3130 parauerat
298 3059 375 3129 panii
387 3073 436 3115 seii
448 3058 506 3116 fero
516 3061 673 3126 unciarum,
687 3070 715 3119 et
724 3063 778 3119 duo
794 3064 913 3134 perima-
964 3064 1121 3118 meruistcrii
1133 3077 1221 3124 usum,
1236 3065 1262 3114 ct
1268 3075 1316 3130 ius
1326 3060 1443 3114 bubeoiit
1453 3061 1549 3121 iicou,
1560 3063 1586 3114 et
1597 3061 1720 3123 uestitiu,
1732 3065 1765 3117 nt

108 3129 151 3185 cia
165 3128 308 3185 monacbis
323 3130 437 3196 siugulis
457 3146 506 3201 pro
519 3148 645 3187 mensura
661 3133 829 3204 quotidianae
842 3132 913 3190 refo-
964 3135 1069 3201 scotres
1083 3141 1109 3189 et
1121 3134 1174 3202 filii
1184 3132 1323 3199 [omilim
1338 3146 1392 3185 riori
1407 3135 1497 3184 temeri
1511 3131 1580 3184 bunc
1594 3136 1702 3199 portem
1720 3131 1766 3185 de·

107 3201 207 3256 monis
229 3209 306 3256 erant
325 3200 377 3256 assi
397 3210 475 3268 nata;
494 3216 556 3273 quae
571 3203 682 3273 quidem
698 3205 760 3259 bina
778 3205 912 3277 integram
965 3201 1578 3272 termirmte,iiequeliiiiicuuumdcteriiiiiiote;
1590 3201 1766 3257 scdusumiii

107 3270 211 3328 libram
232 3285 286 3327 uon
303 3215 461 3342 aeipuagant,
477 3280 508 3327 ut
530 3273 620 3329 nidere
637 3283 679 3330 est
698 3275 829 3331 Collati
851 3291 909 3347 cap.
965 3274 1766 3354 eommunieumqiieiiecessuiium,iioiisupcrifuum,efseiii·

108 3347 159 3403 19,
170 3348 199 3396 et
211 3340 421 3413 collatitcap.
436 3349 479 3398 15.
491 3343 626 3401 Palladius
643 3346 669 3400 in
684 3346 746 3400 Vita
761 3346 836 3401 Pauli
845 3349 912 3402 sim·
962 3346 1181 3416 pciubeibitii'o
1191 3343 1301 3414 proeieti
1312 3343 1513 3412 dependentem.
1526 3343 1615 3398 iiilioc
1626 3345 1696 3397 enim
1708 3344 1767 3412 di!-

107 3412 190 3482 plicis
205 3414 464 3482 roeatpocoiiiidi'o.
474 3418 547 3477 Fert,
559 3416 656 3487 inquit,
668 3432 752 3487 paces
765 3419 909 3481 Antonini,
964 3418 1061 3484 sciunt
1077 3416 1196 3484 religiosi
1216 3430 1234 3468 o
1256 3415 1389 3467 cononicis
1408 3414 1592 3475 sociilori'bus,
1615 3415 1687 3468 inter·
1698 3429 1765 3482 quoi

105 3487 137 3537 et
149 3485 262 3552 imponit
276 3499 374 3538 maeste
383 3490 506 3554 quotuor
514 3488 688 3555 memmio,
700 3493 726 3543 ef
736 3490 790 3542 sibi
802 3480 912 3558 quidem
965 3488 1041 3543 eliud
1054 3487 1164 3556 eupuli,
1178 3483 1255 3540 aliud
1265 3484 1425 3555 cupiditiam,
1436 3486 1490 3539 siue
1499 3485 1637 3553 collegium
1649 3486 1702 3549 sibi
1710 3487 1765 3538 ciii·

105 3570 197 3609 unum
207 3555 372 3622 madefecit:
388 3561 466 3612 erciit
478 3559 548 3611 codri
561 3560 632 3613 sicci.
830 3608 833 3613 .
922 3575 946 3638 C
965 3560 1076 3614 diccfin
1088 3559 1162 3613 bonis
1176 3556 1765 3624 mmmmioin.tta1laiairusiccmmeiii.a

146 3627 158 3657 ⁶
173 3626 277 3680 Mimm
291 3624 374 3680 rideri
387 3636 477 3696 potest
487 3629 542 3682 duo
562 3628 726 3698 paximacia,
744 3628 841 3684 libram
855 3630 909 3687 sni·
964 3631 997 3685 dc
1012 3630 1143 3698 nepetae.
1153 3643 1229 3682 num.
1242 3632 1288 3689 65,
1301 3632 1328 3681 et
1338 3627 1482 3683 commem.
1497 3633 1513 3681 t
1527 3642 1601 3681 num.
1619 3631 1675 3692 tt).

106 3703 168 3753 tem
181 3696 268 3767 panis,
280 3706 329 3752 aut
341 3696 449 3754 circiter
462 3697 614 3768 pendentia,
624 3698 712 3755 tribus
725 3697 850 3763 donariis,
862 3710 911 3757 aut
999 3693 1008 3731 ¹
1021 3700 1167 3769 Dependat,
1181 3713 1230 3769 pro
1250 3696 1404 3768 impendat,
1428 3707 1459 3752 ut
1475 3697 1620 3770 Dionysius
1638 3695 1762 3753 reddidit.

39 3810 42 3814 .
106 3767 192 3822 etiam
215 3767 315 3823 minori
337 3767 422 3837 pretio
446 3770 472 3823 in
489 3769 533 3824 illa
551 3771 635 3826 eremi
657 3770 802 3827 solitudine
824 3771 910 3841 parari
965 3771 1124 3841 Defendisse
1135 3773 1219 3839 'ceput
1237 3769 1360 3835 felicibus
1375 3771 1470 3831 urinis,
1486 3767 1554 3823 dixit
1572 3770 1699 3823 Lucanus
1716 3765 1762 3824 lili.

108 3837 246 3908 potuissea
266 3838 318 3894 nisi
341 3837 402 3910 quis
424 3838 477 3895 boc
564 3842 602 3910 pti
623 3840 754 3897 fertilitati
774 3843 912 3898 aseribcn·
965 3836 1235 3913 v111,proecquod
1248 3847 1291 3895 est
1304 3839 1423 3895 rimoriae
1434 3837 1614 3910 adipiscendae
1624 3851 1706 3892 eausa
1723 3836 1763 3892 vi·

106 3913 178 3964 dum
196 3916 272 3979 putet
287 3928 293 3962 :
309 3908 343 3964 de
354 3924 407 3980 qua
421 3909 522 3966 Plinius
545 3912 582 3966 rb.
595 3925 678 3967 xviri
692 3912 789 3968 Natus.
805 3913 910 3970 Histoi.
963 3921 1021 3969 tarn
1038 3912 1194 3984 impendere
1209 3909 1248 3964 iol
1266 3908 1440 3981 profundere.

105 3981 387 4107 Ξᾳορὼέῗῶοιιῃᾳυιιᾶι
400 3997 535 4107 mg?
552 3983 678 4108 ὶὲιῑινειιηι
689 3984 761 4037 orbis
776 3987 912 4110 afficio
999 3984 1077 4109 Ethui
1091 3983 1167 4054 legit,
1177 3979 1321 4052 intelligat,
1337 3979 1423 4051 etqui
1434 3977 1515 4036 liabet
1527 3992 1607 4034 aures
1621 3975 1762 4040 audendi,

130 4066 138 4104 i
252 4092 260 4106 .
303 4066 349 4106 am
381 4066 487 4109 enarius
518 4067 543 4109 ic
624 4067 706 4108 assim
758 4068 774 4106 u
881 4070 911 4110 a·
965 4070 999 4110 au
1019 4070 1044 4108 ia

107 4136 263 4184 nomnen
279 4068 810 4194 nummumargenieum,pquiRoaiii'rnli
826 4124 910 4180 dona·
1000 4117 1123 4180 hClaros
1144 4120 1245 4177 babere
1326 4118 1406 4175 liares
1430 4133 1464 4173 oo
1487 4115 1595 4184 enimn,
1610 4123 1641 4171 ut
1662 4114 1765 4188 aliquid

107 4192 168 4272 rius
184 4190 325 4249 dicebatur
338 4195 443 4257 (ilorci
457 4208 517 4263 xri,
528 4197 606 4250 lucc
618 4199 709 4262 xxi),
725 4193 799 4264 quod
815 4193 912 4251 deceni
966 4193 1057 4250 abbati
1070 4194 1110 4248 iel
1123 4135 1486 4262 sumdoriffiwloemr,
1498 4194 1546 4269 aut
1562 4200 1658 4268 eorum
1667 4187 1764 4268 ‘dispo-

107 4262 218 4321 assibus
236 4271 390 4330 constaretr
414 4264 462 4320 sed
488 4279 578 4321 assem
607 4264 742 4322 minutum
764 4265 909 4338 significat,
965 4264 1057 4322 sitioni
1068 4262 1247 4336 subducatur,
1261 4269 1289 4316 et
1301 4257 1763 4340 tamqusmpropriumrindicetur,

107 4333 165 4390 hoc
173 4343 225 4400 cst,
237 4348 347 4390 ancum
361 4350 523 4401 nummum,
535 4338 581 4407 qui
590 4335 696 4393 decima
709 4352 772 4407 pars
788 4345 847 4393 erat
860 4338 911 4394 de·
965 4335 1038 4391 liaud
1051 4333 1133 4391 dubie
1144 4340 1285 4405 peccatum
1306 4338 1347 4392 est
1361 4337 1539 4402 proprietatis.
1560 4335 1654 4413 contra
1670 4336 1763 4412 votum

107 4404 179 4460 narii
191 4420 207 4461 a
240 4407 324 4471 entei,
344 4413 372 4461 et
392 4407 496 4464 Graecis
507 4406 616 4473 λεπτόν,
637 4407 734 4473 idest,
756 4407 892 4464 minutum
900 4448 911 4478 ,
1000 4404 1130 4488 upcrtatis
1144 4402 1302 4459 monastices
1316 4422 1322 4456 :
1338 4400 1410 4458 unde
1422 4409 1451 4455 et
1463 4403 1556 4457 Patres
1565 4399 1630 4457 furti
1643 4407 1672 4455 et
1681 4417 1764 4459 sacri·

107 4475 197 4532 Gallis
235 4476 342 4532 enarius
362 4478 529 4545 Turouicus,
554 4494 601 4534 seu
622 4478 777 4535 denariolus
800 4487 912 4536 vocatur
965 4423 1025 4550 Pe'gir
1044 4477 1155 4533 nomine
1174 4473 1238 4529 illud
1253 4473 1487 4555 appellant(i⁷ide
1502 4474 1634 4530 Bosiliem
1651 4473 1762 4529 Constit.

107 4549 234 4614 (Jonsen.
248 4550 278 4602 iii
298 4550 405 4604 Goiicoi.
424 4551 550 4618 Eccnqei.
565 4566 623 4620 cop.
641 4555 689 4605 tlt
699 4553 721 4618 ).
743 4551 815 4606 Nam
829 4549 912 4607 verba
964 4553 1081 4605 moiicst.
1094 4564 1115 4603 c.
1126 4548 1242 4610 ididem).
1256 4551 1423 4616 Augustinus
1434 4559 1493 4614 cap.
1510 4549 1540 4599 lt
1557 4558 1614 4599 suae
1628 4545 1763 4623 Regula:

107 4619 331 4699 cortenuetoris
353 4618 420 4701 satis
442 4619 561 4676 indicant
585 4635 634 4692 pro
653 4620 768 4702 minimo
794 4635 912 4703 nummo
964 4622 1078 4690 Siquis,
1098 4618 1145 4681 ait,
1159 4632 1216 4672 iem
1228 4617 1415 4696 sibicollutoiii
1428 4616 1563 4677 celaverit,
1577 4615 1765 4697 surtipmiicio

106 4686 929 4842 &delitiisifltiluit'lltlt‘ttllflid·
965 4685 1764 4826 institia-,itiiiltitlttlltiifttttdu

107 4829 211 4897 etiam,
234 4845 285 4901 pau
320 4831 396 4887 rrimi
409 4832 561 4889 eremicolae
574 4832 609 4890 de
622 4832 759 4889 laboribus
780 4848 911 4892 manuum
966 4827 1308 4888 liebeot.i1ossinensesin
1331 4842 1361 4881 ea
1383 4823 1572 4907 .taRegulae
1596 4823 1765 4904 :clunes-ud

106 4916 225 4983 suanam
238 4899 289 4959 faci
300 4917 316 4984 e
326 4900 430 4958 solvere
441 4913 570 4985 possent:
585 4905 666 4985 quale
686 4912 759 4960 certe
773 4920 828 4960 non
848 4903 913 4961 luis·
965 4919 1077 4973 mpsus,
1090 4917 1136 4984 scii
1146 4899 1272 4981 scubilio,
1285 4913 1332 4952 seu
1343 4913 1363 4950 1⁴
1387 4894 1605 4976 '-tbt{ill¹⁴11²¹⁸⁶³l
1626 4893 1767 4977 fratribus

107 4971 728 5119 aetd'gpggnpafflrramssurffodgffiggeqffid
748 5044 793 5112 sit,
807 5044 913 5102 dicetur
925 4965 952 5029 D
966 4976 1075 5101 mili?
1082 4971 1261 5100 simmam
1271 4971 1519 5099 {aptiraqitesigffiess
1526 4963 1765 5105 csIeaiilsctirqci'ilecinii'sceti‘3

108 5112 183 5169 infra
196 5116 280 5184 (Cep.
303 5120 364 5181 16).
966 5121 1094 5171 reiciam
1110 5112 1247 5182 applicare
1258 5111 1352 5179 posn't,
1365 5123 1425 5178 qttoe
1441 5107 1511 5187 eieci
1527 5109 1679 5186 aperiatur,
1694 5114 1763 5173 ete,

146 5186 311 5249 ‘balucem
330 5187 473 5253 borreum,
488 5203 598 5259 penum,
613 5196 661 5244 aut
672 5202 745 5259 gazae
759 5186 912 5243 recondito·
967 5188 1012 5243 ubi
1026 5184 1177 5241 notandum
1189 5180 1224 5236 ab
1241 5181 1291 5235 ista
1305 5182 1410 5260 Regula
1428 5192 1513 5258 excipi
1525 5192 1659 5247 pnorem;
1674 5186 1703 5258 et
1717 5192 1766 5258 ea-

108 5253 183 5312 rium
196 5256 339 5327 siguificat.
355 5258 449 5315 Utitur
468 5260 518 5316 linc
538 5275 603 5315 voee
617 5259 741 5315 Gelasius
757 5275 824 5330 papa
840 5258 912 5330 apud
966 5258 1029 5315 dem
1050 5256 1153 5313 ratione
1168 5253 1337 5333 excipiuntur
1352 5251 1396 5307 alii
1413 5262 1568 5329 superiores
1581 5255 1608 5329 et
1624 5245 1766 5315 officiarii,

108 5327 273 5384 Gratianum
285 5327 348 5384 dist.
363 5336 406 5397 lt,
418 5345 446 5400 q.
462 5336 490 5398 2,
502 5346 564 5402 cap.
582 5331 663 5387 Vobis
673 5333 753 5385 cirini.
768 5333 818 5388 Est
832 5329 913 5399 igitur
967 5329 1013 5401 qui
1026 5327 1127 5383 babent
1136 5319 1534 5402 administrationemlaliquam,
1545 5317 1644 5400 quibus
1657 5334 1766 5401 neeesse

108 5398 225 5455 entheca
248 5399 380 5466 eoeuobii,
401 5415 483 5482 quam
503 5406 583 5473 vulgo
596 5416 773 5457 communem
794 5415 914 5456 massam
968 5408 1009 5456 est
1022 5396 1224 5455 habereclaves
1242 5409 1290 5464 pro
1306 5407 1440 5465 pecuniis,
1459 5398 1600 5472 scripturis
1613 5390 1768 5471 acreliquis

112 5469 250 5527 bonorum
265 5471 426 5528 monasterii
441 5471 558 5529 dicimus
574 5471 727 5544 (peculium
739 5486 848 5528 sacrum
864 5486 914 5527 io-
967 5469 1145 5536 asseriarulis,
1158 5475 1189 5522 ni
1199 5464 1283 5522 docto
1300 5471 1398 5520 monet
1421 5465 1456 5517 R.
1473 5463 1501 5516 P.
1518 5460 1607 5517 Julius
1628 5463 1767 5543 Nigronns

110 5549 193 5597 catur
211 5540 281 5597 infra
301 5543 382 5612 (Cep.
395 5546 461 5612 20),
481 5559 563 5614 quani
577 5543 690 5614 quisque
713 5543 913 5601 coenobitarum
968 5542 996 5597 in
1016 5540 1072 5597 suis
1084 5536 1292 5618 asceticismld
1304 5539 1370 5604 llcq.
1389 5548 1413 5589 ιι
1427 5536 1485 5590 Soc.
1504 5535 1590 5597 desii).
1613 5529 1671 5588 Ubi
1685 5541 1775 5589 etiam·

110 5625 192 5665 suam
211 5612 299 5669 eredit
315 5628 375 5669 csso
395 5613 590 5681 substantiam,
610 5622 641 5670 ut
662 5614 700 5671 ait
713 5619 826 5682 Auctor,
851 5613 914 5686 quia
970 5613 1029 5670 ime
1037 5606 1273 5669 addit2Clavibns
1285 5615 1352 5687 item
1362 5601 1520 5687 claudendae
1529 5611 1594 5684 sunt
1602 5616 1768 5684 omnesapo

111 5680 194 5737 bonis
209 5685 418 5752 communibus,
439 5693 470 5742 ut
486 5687 542 5741 suis
559 5684 650 5750 alitur,
669 5683 823 5757 fruiturque
844 5684 915 5752 (sub
969 5683 1059 5741 thecae
1070 5690 1099 5738 et
1111 5678 1244 5760 oflieiuae,
1259 5685 1291 5760 ut
1303 5691 1425 5758 vinaria,
1441 5683 1575 5737 vestiario,
1591 5689 1713 5745 penaria,
1734 5672 1767 5727 li·

109 5749 220 5809 abbatis
233 5763 301 5812 nutu
318 5764 348 5811 et
360 5755 563 5825 dispositione),
579 5756 657 5829 juxta
677 5755 745 5813 illud
764 5755 889 5827 Apostoli
906 5773 915 5812 i
970 5755 1075 5830 bracia,
1091 5761 1175 5824 atque
1187 5752 1216 5805 in
1228 5764 1294 5821 ipsis
1307 5762 1426 5805 armaria
1438 5758 1647 5815 nonnumquam
1660 5757 1768 5823 necesse

112 5825 266 5896 Tamquam
274 5826 343 5882 iiiiiil
352 5826 488 5892 babentes,
498 5829 623 5884 etomiiia
631 5827 841 5899 possidentestil
853 5827 915 5885 Gor.
971 5834 1013 5885 est
1024 5840 1083 5883 esso
1102 5821 1224 5881 claribus
1237 5819 1363 5876 obserata
1376 5835 1383 5873 :
1406 5831 1468 5888 quai
1481 5817 1573 5871 claues
1584 5828 1599 5867 a
1610 5811 1769 5869 custodibus

220 5915 476 5973 nimocxnrx.
1617 5905 1640 5952 s
