3848 6158
128 285 201 340 taos
454 276 624 335 COLLATIO
644 277 735 333 ttltttt.
754 304 792 317 -
809 276 855 332 DE
874 275 985 331 VELOE
1004 272 1122 331 BONUM
1142 273 1184 328 Et
1204 272 1319 327 Aucus
1338 271 1470 327 blALUM.
1725 277 1792 331 lato

128 407 266 473 enuntiat,
289 406 387 463 dicens
407 424 414 460 ι
436 406 511 464 iiiiii
525 420 586 474 erpo
605 420 675 459 iruna
696 404 879 460 damnationis
893 406 934 481 cst
948 406 975 470 Α
989 399 1110 457 veritatis
1130 414 1146 455 a
1167 396 1320 455 carnalibus
1340 412 1370 454 se
1388 397 1460 455 viriis
1482 398 1620 455 abstinero
1638 400 1791 472 cupientes,

129 503 170 558 itis
180 503 305 572 quisunt
316 502 347 554 in
361 500 466 556 cbristo
477 501 615 554 laudea
627 499 698 552 anun
711 497 933 554 vitainllbristo
987 496 1099 568 antiqua
1121 492 1213 550 adbuc
1234 489 1435 549 consuetudine
1455 490 1528 548 velut
1549 493 1664 549 naturali
1685 493 1744 566 lege
1763 494 1790 550 in

128 597 191 650 lesu
204 594 329 649 liberauit
341 607 383 648 me
397 609 414 648 a
429 593 484 661 lepe
499 594 602 662 peccati
615 595 640 646 et
653 594 747 647 mortis
761 594 849 660 (Rom.
865 590 907 662 uri
925 607 932 645 :
988 588 1122 647 mensuris
1134 587 1192 645 suis
1213 586 1407 644 violentissimo
1426 586 1596 655 dominante,
1613 586 1649 644 ad
1663 588 1791 645 inolitam

130 688 158 745 id
172 696 227 755 est,
239 685 404 760 quotidiana
418 686 506 760 gratia
519 685 619 742 Christi
633 701 733 742 omnes
745 694 854 742 sanctos
868 700 934 742 suos
987 681 1146 755 passionum
1155 680 1406 753 concupiscentiam
1418 680 1788 753 pertrahunturttsoseuim

130 781 165 838 ab
175 781 228 838 bac
240 782 299 854 loge
309 781 415 854 peccati
427 789 455 837 et
467 781 565 837 mortis
573 781 615 852 (in
625 781 821 854 quamjugiter
832 780 873 837 rel
884 796 932 837 no·
988 791 1020 833 ac
1029 774 1184 849 frequentia
1193 773 1380 849 delinquendi,
1390 774 1464 831 velut
1473 774 1515 830 lor
1525 774 1643 832 eflicitur
1649 776 1792 844 naturalis,

131 875 218 932 lentes
241 883 379 949 coguntur
403 874 564 944 incurrere),
585 889 649 931 cum
671 874 862 931 remissionem
880 874 932 931 de-
985 885 1048 943 quae
1063 869 1196 927 membris
1213 869 1342 926 humanae
1364 866 1532 926 infirmitatis
1554 868 1666 938 inserta,
1687 868 1790 926 allecta

130 967 251 1026 bitorum
263 984 406 1026 suoruma
422 968 564 1026 Domino·
576 976 733 1041 precantur,
746 967 871 1025 absolsit.
885 968 930 1025 Vi·
985 965 1084 1022 animae
1099 963 1215 1021 necdum
1231 964 1318 1037 plenis
1335 964 1467 1020 virtutum
1483 962 1588 1047 studiis
1599 962 1723 1032 eruditae,
1738 962 1788 1021 sed

130 1063 201 1120 datis
214 1066 306 1137 lergo
320 1080 378 1120 non
392 1079 426 1119 es
439 1079 554 1136 persona
567 1071 754 1136 pcccatorum,
766 1060 818 1119 sed
831 1077 865 1118 er
876 1061 932 1118 illo·
986 1056 1078 1114 adbuc
1098 1057 1174 1115 rudis
1197 1073 1229 1114 ac
1249 1067 1352 1114 tenerae
1375 1055 1417 1129 (ut
1434 1057 1471 1112 ita
1490 1054 1618 1129 dixerim)
1643 1056 1789 1126 castitatis,

132 1173 195 1215 rum
210 1159 256 1231 qul
277 1174 340 1216 rere
358 1158 445 1216 sancti
459 1166 541 1230 atque
556 1156 672 1231 perlecti
688 1163 764 1225 sunt,
780 1157 853 1212 hanc
871 1155 933 1211 bea-
985 1151 1107 1223 captiros
1128 1151 1198 1222 rapit
1218 1149 1252 1206 ad
1276 1150 1351 1217 sitia,
1374 1165 1406 1205 ac
1426 1149 1509 1205 morti
1529 1165 1577 1206 eos
1598 1149 1710 1221 antiqua
1727 1150 1788 1222 lego

131 1258 191 1308 tum
206 1253 373 1324 Apostolum
389 1253 556 1324 prompsisse
567 1251 746 1319 sententiam,
761 1252 774 1282 ⁰
788 1253 847 1308 tlon
860 1252 932 1304 usim
987 1244 1143 1316 subjiciens,
1160 1243 1229 1316 jugo
1243 1242 1347 1316 peccati
1361 1240 1533 1299 dominantis
1550 1241 1662 1310 addicit,
1682 1258 1739 1298 non
1752 1245 1789 1300 si·

130 1346 203 1415 quod
218 1347 277 1401 uolo
291 1347 387 1401 donum
402 1348 449 1401 doc
462 1348 546 1414 soem,
563 1346 610 1401 scd
624 1344 697 1414 quod
710 1345 758 1399 odi
768 1343 871 1398 molum
886 1343 933 1398 Aac
986 1353 1056 1395 nens
1067 1353 1114 1395 cos
1128 1337 1231 1393 bonum
1246 1334 1321 1410 quod
1334 1333 1451 1406 diligunt
1466 1334 1593 1407 puritatis
1607 1333 1727 1407 adipisci,
1740 1334 1790 1393 sed

132 1452 184 1508 apo
198 1438 285 1511 (itam.
307 1440 373 1511 ιιι).
390 1442 434 1508 Et,
458 1439 541 1497 Video
559 1439 645 1492 uliam
659 1439 742 1507 iopam
757 1440 786 1491 in
805 1435 933 1491 membris
988 1432 1079 1504 potius
1088 1430 1191 1487 malum
1203 1427 1278 1501 quod
1288 1434 1462 1484 enecantur
1474 1443 1600 1485 exercere
1610 1429 1786 1501 compellens.

130 1533 195 1585 meas
225 1537 421 1605 repupnnntem
447 1533 503 1601 lepi
528 1533 624 1586 mentis
647 1546 721 1593 inea,
750 1533 776 1584 ct
798 1530 934 1600 captiuum
1087 1582 1090 1587 ,
1283 1523 1405 1580 CAPUT
1431 1523 1494 1577 XV.

130 1638 172 1678 me
185 1624 324 1679 ducentem
337 1628 365 1679 iu
376 1627 433 1694 iope
441 1629 556 1695 peccati,
568 1641 627 1695 qua
637 1629 677 1681 est
689 1627 719 1680 in
731 1625 857 1679 membris
867 1627 934 1678 meis
1105 1620 1249 1688 Responsio
1263 1617 1300 1672 ad
1315 1617 1486 1687 abjectiorum
1500 1617 1672 1686 propositam.

131 1717 238 1785 (ibid).
1023 1710 1150 1768 Theonas
1170 1731 1177 1768 :
1194 1712 1255 1766 Non
1275 1725 1373 1782 parum
1394 1720 1483 1767 restra
1499 1707 1606 1781 prolloit
1619 1707 1722 1780 opinio.
1744 1709 1791 1766 Si-

425 1811 544 1868 CAPUT
564 1811 642 1866 xli.
949 1821 972 1884 B
987 1803 1100 1877 quidem
1114 1803 1199 1860 etiam
1216 1818 1263 1860 ros
1278 1803 1328 1875 ipsi
1343 1810 1466 1860 astruere
1477 1800 1537 1874 jam
1550 1799 1672 1874 coepistis
1685 1801 1712 1857 in
1723 1801 1790 1858 illo·

134 1920 251 1991 ObJ'ectio
263 1922 334 1990 quod
348 1920 603 1992 nepuotnpaettbus,
614 1922 817 1989 nequesonctis,
830 1936 932 1991 cappe.
987 1915 1050 1955 rum
1066 1913 1182 1972 persona
1196 1898 1243 1971 qui
1264 1896 1378 1953 omnino
1396 1903 1553 1970 peccatores
1567 1902 1631 1952 sunt
1650 1893 1702 1951 lroc
1716 1894 1791 1967 peni·

170 1997 224 2046 tere
236 1992 362 2045 uideatur
373 1992 444 2047 illud
456 1992 581 2061 Apostoli
594 2010 605 2059 ς
620 1993 678 2048 Non
693 1994 765 2046 enim
778 1991 851 2061 quod
863 1993 931 2061 uolo,
987 2002 1032 2052 tus
1052 2003 1126 2051 stare
1144 2009 1201 2051 non
1220 2009 1311 2067 posse,
1328 1993 1381 2050 illis
1399 2002 1494 2050 autem
1507 1992 1554 2065 qui
1567 2006 1596 2049 se
1609 2006 1625 2048 a
1640 1989 1712 2047 vitiis
1724 2006 1785 2047 car-

168 2062 359 2129 smmum·
986 2090 1093 2148 nalibus
1123 2091 1258 2147 abstinero
1289 2089 1458 2148 contendunt
1490 2089 1597 2163 proprie
1623 2087 1778 2144 convenire.

168 2181 345 2238 Germanus:
359 2183 454 2252 Neque
468 2195 564 2237 eorum
576 2181 623 2253 qui
637 2179 800 2252 capitalibus
815 2178 934 2235 crimini-
986 2184 1200 2256 Quosquoniam
1210 2201 1225 2241 a
1235 2193 1410 2257 peccatorum
1419 2184 1479 2257 jam
1488 2199 1607 2240 numero
1616 2181 1788 2255 segregastis,

131 2273 184 2331 bus
200 2273 392 2347 implicantur,¹
408 2290 496 2347 neque
510 2274 636 2347 Apostoli
651 2274 693 2330 sel
708 2273 819 2330 illorum
834 2272 881 2346 qui
896 2272 932 2329 ad
986 2291 1154 2349 consequens
1172 2286 1214 2334 est
1234 2285 1265 2333 ut
1285 2276 1367 2334 etiarn
1382 2276 1504 2332 lideiium
1525 2284 1608 2347 atque
1628 2282 1786 2331 sanctorum

132 2369 191 2443 ejus
215 2367 354 2443 proiecere
376 2383 547 2433 mensuram,
569 2366 622 2424 boc
644 2367 762 2424 dicimus
783 2381 932 2439 congruere
986 2369 1118 2442 paulatim
1136 2369 1253 2428 coetibus
1272 2368 1405 2427 inseratis.
1422 2369 1491 2438 Quae
1513 2369 1585 2425 enim
1606 2383 1704 2441 genera
1726 2381 1789 2439 pcc·

131 2479 212 2536 posse
225 2465 359 2537 personis,
379 2462 429 2521 sod
447 2463 482 2520 de
497 2461 540 2518 his
556 2462 663 2535 proprie
677 2461 729 2518 hoc
744 2460 857 2534 intelligi
879 2458 931 2516 de·
985 2471 1110 2519 catorum
1131 2462 1199 2519 istos
1220 2461 1311 2518 dicitis
1333 2476 1414 2533 posse
1437 2460 1622 2527 committere,
1644 2459 1744 2531 quibus
1767 2459 1790 2515 si

132 2557 197 2615 berc
210 2573 354 2615 censemus
367 2557 415 2630 qui
435 2564 497 2631 post
516 2555 565 2613 Dei
581 2556 694 2629 gratiam
708 2554 932 2628 agnitionemque
986 2550 1088 2610 tuerint
1096 2562 1159 2626 post
1170 2553 1285 2626 gratiam
1295 2552 1468 2626 baptismatis
1479 2552 1602 2621 involuti,
1617 2566 1728 2610 rursum
1738 2566 1788 2626 per

680 2707 807 2764 AtAttbl
826 2706 941 2762 GAZAEl
959 2706 1240 2763 COMMENTARIUS.

167 2866 180 2890 ⁸
193 2858 232 2909 lta
244 2857 418 2911 emendatum
429 2871 445 2911 a
456 2855 595 2923 Ciaconio,
607 2869 671 2910 curn
683 2862 763 2911 antea
777 2855 928 2923 legeretur:
985 2868 1064 2909 suum
1084 2856 1139 2910 iltis
1155 2857 1213 2911 suis
1232 2856 1320 2911 uerbis
1340 2860 1515 2911 contestatum
1529 2856 1616 2922 fuisse
1633 2861 1782 2912 senserant.

134 2925 199 2982 cum
211 2927 391 2978 remissionom
402 2927 551 2978 debitorum
564 2941 673 2978 suoram
685 2941 703 2978 a
715 2927 827 2979 nemim
838 2938 931 2992 preca·
984 2926 1052 2979 Haec
1069 2927 1249 2997 Augustinus;
1263 2926 1361 2996 quibus
1372 2925 1437 2981 nibil
1452 2926 1486 2981 ad
1499 2925 1581 2999 hujus
1593 2924 1645 2983 leci
1657 2935 1685 2982 et
1699 2927 1786 2984 totius

134 2999 179 3050 tur
199 2993 300 3048 absolui
318 2994 402 3065 (Vide
421 3009 481 3062 cap.
503 2998 536 3048 lt)
556 2992 606 3047 sub
623 2995 702 3061 praem
715 2996 820 3058 notati.
845 2994 931 3048 Porro
985 2994 1079 3051 collat.
1094 3005 1123 3052 et
1140 2995 1333 3068 disputationis
1347 2996 1557 3054 elucidationem
1570 2998 1659 3070 aptius
1676 3005 1705 3054 et
1716 3013 1786 3055 con·

134 3065 276 3134 bucusque
288 3063 483 3147 sermoiilel).
496 3062 648 3135 Augustino
663 3063 795 3133 ascriptus
808 3060 930 3117 extendi·
985 3065 1127 3167 grpentius
1141 3064 1349 3149 alierripotuit.

133 3132 929 3284 '¹¹5'Allilli‘llllili,lilimlllililirarum
984 3134 1786 3282 resiliitlltttttlllAttlltiitltt

134 3286 224 3350 potest
240 3279 405 3333 :Hactenus
422 3276 565 3358 probatum
578 3284 619 3332 est
634 3275 798 3358 Apostolum
812 3273 886 3345 loqur
901 3288 930 3328 ιιι
946 3248 969 3311 C
986 3274 1068 3346 hujus
1094 3278 1246 3358 collationis
1268 3280 1426 3400 disceptatio
1450 3290 1584 3334 versetur.
1612 3283 1658 3337 Sic
1677 3281 1732 3350 ipso
1756 3281 1786 3338 in

134 3364 250 3421 persona
265 3364 314 3404 sua
334 3355 362 3403 et
380 3348 423 3403 sui
443 3347 591 3414 similium,
614 3352 688 3417 atqui
705 3344 772 3401 tales
791 3360 847 3400 non
867 3352 931 3400 sunt
985 3360 1100 3417 persona
1123 3346 1246 3417 Apostoli
1269 3349 1333 3402 :Mo
1354 3363 1368 3401 o
1388 3349 1494 3417 quando
1512 3352 1598 3417 seruet
1611 3353 1703 3406 mortis
1721 3366 1786 3407 oon-

135 3427 292 3492 peccatores
314 3434 362 3474 seu
383 3417 510 3475 homines
525 3416 616 3489 injusti
631 3424 660 3472 et
676 3416 770 3488 impii;
790 3430 855 3487 ergo
875 3430 930 3471 non
985 3419 1076 3479 tentio,
1087 3417 1297 3487 nonquodrolo,
1309 3434 1369 3487 apo,
1382 3421 1652 3490 capartespiritulis,
1663 3427 1787 3491 eupartr

134 3505 166 3545 ex
187 3506 302 3562 persona
318 3499 491 3562 peccatorum
511 3494 552 3556 (ut
566 3488 672 3544 volcbal
691 3486 867 3557 Germanus),
881 3485 930 3543 sed
985 3489 1109 3543 carnalis.
1123 3490 1646 3561 Euportemeliorispiritalis,exparte
1657 3495 1786 3560 inferiori

133 3576 166 3617 es
194 3577 308 3632 persona
325 3561 466 3635 justorum
490 3561 542 3617 ista
571 3562 679 3616 locutus
703 3567 745 3615 est
772 3557 928 3630 Apostolus.
984 3560 1221 3616 canoniisddlruc
1232 3562 1354 3630 constipo,
1367 3561 1564 3629 noradumuici5
1578 3579 1703 3633 mapnum
1717 3565 1788 3620 milei

133 3633 222 3702 Quam
237 3633 402 3688 sententiam
416 3632 467 3687 sibi
482 3632 569 3704 magis
584 3630 717 3703 placuisse
731 3628 810 3686 docet
825 3629 856 3684 1).
872 3632 930 3683 Au·
984 3636 1033 3694 est,
1051 3633 1194 3686 nonuinei.
1208 3634 1266 3689 Non
1281 3632 1352 3702 quod
1365 3633 1432 3696 eolo,
1451 3648 1518 3702 apo,·
1533 3634 1579 3689 sed
1590 3635 1664 3704 quod
1677 3636 1731 3698 odi,
1748 3636 1786 3690 il·

132 3704 255 3774 gostinus
278 3702 323 3758 lib.
344 3702 476 3758 adversus
494 3703 636 3758 Julianum
656 3717 716 3772 cap.
737 3707 781 3769 lt,
805 3700 931 3772 quamvis
985 3701 1033 3755 lud
1049 3704 1129 3769 facio.
1150 3703 1222 3770 Quid
1234 3704 1324 3768 facis?
1342 3704 1499 3773 concupisco
1513 3723 1521 3757 ε
1537 3707 1587 3759 etsi
1598 3709 1783 3776 concupiscen-

132 3773 208 3846 prius
224 3774 302 3830 aliter
316 3774 455 3840 sensisset,
479 3781 508 3828 ut
521 3772 643 3842 superius
657 3773 761 3828 dictum
775 3780 818 3828 est
833 3792 839 3827 :
857 3771 933 3838 Quod
987 3774 1032 3827 tt'oe
1045 3789 1098 3828 non
1112 3776 1256 3838 romantio,
1270 3776 1321 3830 etsi
1331 3778 1393 3845 post
1406 3777 1627 3845 countpisceutias
1645 3791 1718 3831 meas
1731 3792 1784 3833 non

132 3850 230 3905 autem,
244 3845 344 3914 inquit,
359 3845 441 3897 uerba
456 3846 610 3911 apostolico,
623 3845 672 3896 ubi
684 3845 751 3898 dicit
765 3863 773 3897 :
787 3844 846 3898 suo
860 3843 932 3911 qrtod
986 3859 1023 3908 ιο,
1040 3849 1128 3901 tamen
1150 3846 1238 3901 adbuc
1251 3847 1413 3928 concupisco,
1434 3850 1459 3902 ot
1472 3849 1565 3916 artique
1579 3849 1659 3901 etiam
1680 3849 1709 3901 in
1722 3850 1733 3901 ι’
1751 3862 1783 3902 sa

133 3930 185 3968 nort
200 3914 348 3967 habitatin
364 3929 415 3974 me,
430 3912 477 3965 boc
495 3915 543 3973 est,
563 3914 593 3966 in
606 3926 684 3965 carne
701 3927 761 3966 meu
777 3913 889 3976 bonum5
906 3917 933 3967 et
984 3919 1064 3983 parte
1077 3932 1123 3985 epo
1135 3933 1205 3971 sum.
1221 3919 1278 3973 Non
1291 3933 1362 3972 marm
1375 3933 1420 3987 epo
1433 3917 1505 3972 alias
1517 3920 1546 3972 in
1564 3923 1659 3982 mente,
1673 3922 1698 3974 et
1740 3920 1784 3975 ius

132 3990 229 4039 ooetora
242 3984 373 4053 usquead
391 3983 472 4049 titud,
487 3983 536 4035 ubi
547 3984 587 4035 ait
603 4000 611 4034 :
627 3983 708 4038 Miser
719 3997 763 4051 eqo
774 3983 859 4047 homo,
871 3984 932 4051 quis
985 3986 1016 4037 in
1025 4000 1114 4039 canae.
1126 3988 1180 4041 Sed
1188 3989 1253 4053 qraid
1263 3990 1349 4053 ipilur
1358 3990 1415 4056 ipse
1425 3990 1491 4055 epo?
1502 3989 1572 4054 Quia
1584 4005 1631 4057 epo
1645 3993 1672 4044 in
1684 3994 1782 4053 mente,

133 4071 175 4109 me
187 4054 309 4110 liberabit
320 4055 353 4109 de
365 4068 472 4123 corpore
483 4054 577 4107 mortis
587 4053 688 4122 bajus?
697 4069 739 4107 me
747 4054 867 4120 affirmas
879 4053 933 4106 nli·
985 4069 1032 4122 epo
1044 4056 1074 4108 in
1084 4070 1174 4109 carne.
1187 4057 1245 4110 Non
1256 4057 1328 4109 enim
1338 4056 1400 4110 dua
1411 4061 1518 4111 natura
1528 4062 1679 4121 cannucio,
1692 4060 1739 4114 sed
1749 4076 1783 4115 en

134 4131 175 4182 ter
187 4128 334 4194 intelliperc
344 4140 425 4195 qrtum
436 4127 520 4179 totum
530 4126 617 4193 ipsum
627 4129 707 4193 capnt
718 4124 795 4179 debet
804 4124 930 4192 intellipi,
985 4128 1101 4194 utraque
1118 4140 1187 4180 unus
1200 4125 1285 4188 domo,
1298 4127 1364 4194 qaia
1380 4142 1451 4182 unus
1463 4130 1533 4183 Deus
1543 4144 1561 4182 a
1573 4144 1625 4198 quo
1640 4131 1783 4196 [denuost

133 4199 249 4251 noscims
268 4198 336 4251 milri
349 4198 501 4266 plurimum
521 4195 627 4249 tribuis.
643 4197 701 4251 Non
715 4197 786 4249 enim
800 4196 931 4264 aposolus
985 4195 1070 4249 domo.
1081 4198 1167 4265 lqitur
1173 4198 1230 4266 ipse
1236 4211 1282 4265 eqo
1290 4200 1376 4251 mente
1382 4200 1467 4252 sermio
1478 4199 1531 4267 lapi
1536 4202 1595 4261 Dei,
1604 4215 1683 4255 carne
1692 4205 1782 4256 autern

133 4272 181 4322 aut
188 4270 294 4337 primus
303 4270 340 4322 sio
349 4270 431 4322 istum
441 4267 527 4322 locum
537 4267 669 4329 intelleai,
682 4282 732 4336 quo
742 4268 870 4321 coalitu-r
878 4266 930 4320 doe·
985 4266 1145 4336 lepipcccati
1152 4287 1160 4322 :
1171 4270 1453 4323 murtenonconsentio
1461 4270 1514 4339 lepi
1521 4272 1684 4341 peccottsod
1694 4276 1782 4329 tamen

132 4341 198 4394 rests
215 4344 311 4402 cestra,
332 4338 557 4408 quenadmodum
576 4353 637 4393 uere
653 4337 843 4407 intellipendus
861 4341 901 4391 est
920 4354 929 4391 ι
983 4338 1706 4412 uallemessetinmembrismeisleaullapeccati.Quia
1719 4358 1782 4414 erpo

132 4409 930 4480 immooeroepopriusaliterintcllenerom3quodmeaquse·
982 4409 1782 4485 nollem,etmorenatnonquodooloapo,quianoncupisco

133 4479 197 4535 dom
209 4482 281 4535 illius
294 4483 419 4551 temporis
433 4483 514 4536 etiam
523 4483 624 4551 scripta
636 4484 779 4536 testantur.
790 4482 849 4535 Nou
861 4480 931 4534 mibi
982 4484 1007 4533 ιι
1018 4482 1091 4545 nolo;
1105 4498 1157 4537 nort
1172 4481 1244 4551 quod
1257 4483 1315 4537 uolo
1335 4498 1394 4552 apo,
1408 4483 1454 4538 sed
1465 4485 1538 4554 quod
1548 4486 1604 4553 odi,
1617 4486 1686 4541 illud
1697 4488 1778 4553 facim

132 4554 201 4607 enim
215 4552 358 4607 uidebatur
371 4553 514 4621 Apostolus
534 4552 566 4606 de
580 4555 665 4622 seipso
685 4552 771 4607 dicem
783 4554 927 4622 potuisse:
985 4552 1327 4624 Quidodildououpisrere.
1339 4554 1782 4626 Odiconcupiscero,ettamenapo

132 4626 189 4692 Epo
203 4628 293 4678 aratam
305 4624 424 4678 carnalis
436 4638 504 4686 sum,
517 4638 577 4677 cum
587 4627 654 4676 esset
664 4624 807 4692 spiritalis,
821 4627 846 4677 et
857 4622 928 4692 quod
942 4626 968 4689 D
986 4623 1053 4678 iilud
1064 4640 1152 4687 carne,
1163 4641 1216 4679 non
1225 4630 1319 4680 merite.
1332 4626 1409 4692 Quod
1417 4627 1471 4688 odi,
1481 4626 1551 4679 illud
1560 4627 1641 4693 (aeia.
1651 4627 1682 4682 Si
1693 4631 1783 4681 autem

131 4698 254 4765 captieus
268 4696 410 4751 duonetur
428 4695 477 4749 sub
493 4695 547 4765 iope
556 4696 667 4763 peccati,
682 4710 743 4764 quie
759 4697 789 4749 in
804 4695 928 4749 membris
984 4695 1055 4764 qarod
1069 4695 1137 4762 nolo,
1161 4696 1232 4751 illud
1244 4698 1327 4763 facio,
1347 4694 1481 4750 coruseiatio
1495 4697 1556 4764 iepi,
1571 4699 1637 4765 quin
1651 4697 1718 4751 bona
1731 4702 1781 4753 est.

132 4765 189 4832 ejus
207 4771 274 4820 aar.
296 4767 348 4822 Sed
360 4771 454 4836 postea
472 4766 623 4820 melioribus
637 4769 663 4818 et
677 4765 929 4833 intellipentiorilus
984 4766 1149 4822 Consentires
1161 4768 1224 4835 iepi,
1241 4766 1349 4836 siquod
1362 4767 1441 4821 uelles
1453 4768 1555 4834 taceres
1569 4785 1577 4820 ε
1591 4769 1618 4822 si
1627 4768 1697 4835 laets
1709 4768 1783 4838 quod

132 4838 207 4901 cessi,
220 4837 260 4889 uel
268 4840 356 4904 potius
366 4840 429 4906 ipsi,
440 4837 511 4906 quod
518 4836 660 4904 fatendum
670 4837 843 4898 estserilati,
852 4838 930 4890 utri·
984 4837 1027 4890 lca
1036 4836 1103 4898 odit,
1115 4837 1243 4907 qarornodo
1252 4838 1381 4892 consentis
1391 4837 1464 4906 lapi?
1473 4840 1586 4893 Prorsus
1597 4840 1623 4891 si
1650 4838 1703 4894 uod
1711 4840 1782 4904 nolo,

132 4904 223 4959 darem
234 4907 323 4960 inillis
333 4909 456 4976 Apostoli
464 4908 569 4962 acubus
578 4909 705 4977 punitum
713 4922 768 4962 esse
777 4912 930 4961 sanctorum
984 4908 1031 4962 doc
1041 4909 1122 4974 samo,
1132 4910 1265 4962 consentio
1277 4909 1338 4977 ispi,
1349 4911 1475 4977 quoniam
1487 4909 1554 4963 bona
1565 4913 1613 4964 est.
1627 4856 1783 4977 anamodo?

131 4982 226 5031 contra
238 4978 356 5031 carnales
367 4981 588 5049 mrocupiscentias
599 4979 794 5034 dimicantium.
807 4980 930 5046 Quicum
985 4979 1054 5044 Quid
1063 4978 1141 5048 jubet
1155 4980 1219 5035 lca?
1230 4982 1288 5035 Non
1301 4981 1477 5049 concupisces.
1492 4980 1563 5048 Quid
1576 4982 1634 5036 uolo
1647 4984 1780 5050 apollion

131 5053 217 5104 rnertte
235 5052 292 5104 sint
307 5049 454 5119 spiritales,
476 5050 564 5105 adbuc
583 5054 672 5105 tamen
690 5053 741 5105 isto
759 5050 931 5120 corruptibili
984 5052 1174 5119 careeupisceoe.
1197 5050 1314 5107 Valentia
1334 5051 1406 5120 quod
1421 5053 1478 5107 uult
1498 5053 1552 5116 lea,
1568 5055 1699 5107 cameratio
1717 5051 1781 5121 lapi,

131 5135 247 5189 corpore,
270 5121 343 5190 quod
357 5125 491 5189 appronat
506 5123 635 5184 animam,
655 5127 724 5176 recte
741 5122 930 5190 inteiiipuntur
984 5123 1112 5190 quonium
1124 5121 1190 5175 bona
1205 5127 1253 5176 est.
1266 5122 1297 5178 Si
1310 5122 1461 5177 diaeretica
1475 5142 1482 5176 :
1496 5125 1553 5180 Nou
1566 5124 1740 5191 cortmrpisces,
1756 5126 1782 5177 ιι

132 5204 186 5244 esse
197 5193 317 5248 camales
333 5211 341 5246 :
354 5194 404 5262 qui
416 5197 494 5247 ernost
507 5197 532 5246 ιι
543 5207 651 5262 corpore
661 5193 807 5262 spiritales,
821 5193 929 5261 quando
984 5208 1031 5261 epo
1044 5193 1136 5247 coliem
1150 5194 1341 5263 eonnrpiscere,
1354 5208 1408 5247 uon
1422 5195 1593 5248 consentirem
1606 5194 1667 5260 lapi,
1685 5196 1711 5246 et
1726 5208 1781 5248 orn·

132 5264 291 5317 sarcinatum
305 5266 390 5331 tuerit
403 5280 498 5334 carptus
516 5264 641 5326 animala,
663 5269 687 5319 et
702 5268 820 5332 resurpet
834 5279 929 5333 corpus
983 5265 1047 5318 rairro
1057 5264 1148 5318 abillo
1163 5265 1307 5319 uoluntatis
1316 5266 1491 5334 peruersitate
1499 5264 1618 5319 diunsus
1629 5265 1779 5319 cuisterem.

132 5332 255 5402 spiritale
270 5336 292 5399 (i
306 5335 365 5390 Cor.
379 5335 429 5407 xv)
439 5354 446 5403 ς
458 5341 484 5390 ιι
498 5339 566 5389 rorte
576 5334 665 5389 adbuc
676 5336 866 5405 inteilipuntar
879 5335 929 5390 illa
984 5335 1054 5401 Quid
1068 5336 1163 5390 inodo?
1180 5335 1251 5403 Qarid
1265 5335 1341 5399 elicis,
1363 5351 1379 5390 o
1400 5336 1465 5390 len?
1481 5337 1538 5393 Non
1554 5337 1726 5405 coricupisces.
1746 5338 1785 5392 tlt

128 5405 318 5474 partecaptiei
326 5405 553 5477 sublepepeecati,
562 5422 622 5476 quere
631 5407 822 5461 desileriorum
832 5407 929 5476 poribus
983 5420 1029 5474 epo
1043 5408 1103 5460 nolo
1116 5409 1310 5476 concupiscere3
1323 5410 1349 5461 et
1361 5409 1400 5460 ita
1415 5407 1474 5462 nalo
1492 5405 1564 5476 quod
1577 5421 1630 5459 non
1643 5407 1683 5461 ris
1699 5425 1706 5460 r
1720 5407 1779 5463 idco

130 5491 184 5531 non
202 5477 370 5531 consortium
384 5478 499 5534 motibus
517 5478 674 5548 subjaceret.
691 5480 759 5533 ilinc
772 5481 928 5546 factumest
982 5479 1124 5539 nomentio,
1138 5480 1202 5547 quiet
1218 5478 1291 5546 quod
1309 5493 1361 5532 non
1375 5480 1415 5532 eis
1428 5478 1498 5531 nolo.
1517 5479 1575 5534 Non
1589 5477 1683 5547 impiet
1694 5477 1780 5547 legem

131 5551 162 5602 ut
171 5548 210 5602 sic
222 5550 274 5602 iota
282 5546 466 5616 iutellipcrem,
474 5549 699 5618 quomadmodum
709 5549 843 5604 intelienit
853 5549 929 5604 llila·
983 5548 1128 5616 infirmitas
1137 5563 1206 5612 maa,
1218 5548 1264 5603 scd
1271 5548 1354 5617 lepem
1365 5549 1460 5603 laudat
1469 5548 1590 5602 roiaarrtas
1599 5549 1783 5605 mesliacus

130 5621 200 5679 rius,
222 5619 375 5687 Gregorius,
390 5618 550 5675 Ambrosius
564 5623 688 5676 eluctari
704 5621 826 5677 Ecclesia
840 5621 929 5674 structi
982 5632 1035 5690 que
1053 5619 1190 5701 eleganter
1208 5627 1236 5674 ct
1253 5627 1333 5675 acute
1358 5622 1391 5673 1).
1414 5619 1593 5692 Augustinus,
1612 5619 1640 5674 in
1663 5633 1780 5692 persona

41 5732 43 5739 ,
131 5690 376 5757 notiquedoctorcs,
384 5690 434 5759 qui
443 5692 469 5745 ct
477 5691 597 5760 ipsumA
633 5694 730 5747 stolum
739 5691 928 5747 adcensusoar-
982 5691 1118 5761 Apostoll,
1139 5689 1250 5772 eiusque
1269 5689 1399 5746 similium
1418 5691 1557 5763 iustorum
1578 5699 1671 5746 corrtm
1691 5689 1783 5745 carnis

130 5761 206 5814 nates
224 5763 459 5830 concupiscentias,
471 5776 540 5831 queas
554 5762 591 5818 da
608 5779 651 5819 ere
664 5764 780 5831 nolebat,
793 5767 818 5818 ιι
837 5768 927 5818 tamen
982 5770 1073 5818 motus
1085 5760 1112 5816 in
1125 5760 1175 5818 bac
1189 5769 1240 5818 urta
1254 5760 1469 5834 confligentium,
1488 5769 1520 5820 ut
1533 5760 1638 5818 dictum
1653 5769 1703 5815 est.

65 5884 70 5895 ,
131 5830 254 5896 babebat,
274 5837 380 5888 strenue
393 5832 557 5902 conflictum
574 5849 633 5890 eum
646 5835 762 5907 datique
776 5837 926 5905 conflictum
