3848 6158
149 169 187 223 211
739 154 928 214 Pautalia
946 155 1074 213 stauai
1093 155 1218 212 GAZAEl.
1773 158 1811 223 st)

150 292 228 350 tione
241 289 373 347 hactenus
401 286 583 355 indistinctos,
601 285 628 341 in
646 283 733 357 capita
750 282 950 355 digesserimus.
965 286 993 349 Α
1006 278 1080 337 linae
1100 287 1227 336 nostrum
1252 276 1349 335 eodem
1372 277 1455 335 animi
1477 276 1596 335 eandme
1616 292 1671 351 qno
1692 295 1707 336 a
1728 281 1808 339 nobis

150 368 720 454 111166661166661661666(1666166166
739 392 827 434 novos
842 391 875 433 ex
890 377 952 433 uni·
1006 374 1133 445 attertiir,
1152 375 1296 447 suscipias,
1320 390 1407 446 eoque
1422 374 1456 432 ad
1474 375 1526 432 Dei
1544 374 1679 433 bonorem
1691 387 1719 433 et
1739 377 1807 435 1161-

150 495 231 538 verso
245 477 367 537 Cassiam
382 490 465 548 opere
478 490 494 532 a
507 472 586 532 nobis
599 473 728 530 collectos
742 493 748 528 ι
764 471 894 544 priorem,
907 487 953 528 ex·
1006 470 1081 543 publ.
1102 486 1134 527 ac
1151 471 1251 527 animae
1267 478 1320 527 tuae
1332 469 1447 526 satutem
1464 468 1577 526 feliciter
1597 469 1705 528 fruaris.
1729 473 1806 531 Vale.

151 573 312 647 plicatarum
330 569 364 629 ab
381 571 503 627 Auctore
519 567 619 624 divinae
636 566 784 639 Scripturas
804 564 953 623 senteutia-
1006 564 1118 621 Lovanii
1132 581 1165 622 eii
1185 573 1281 621 nostro
1295 564 1427 621 Albanum
1441 564 1622 621 Dominarum
1641 567 1809 625 monasterio

151 681 231 734 rum,
253 663 445 737 posteriorem,
461 660 608 734 insignium
622 668 649 716 et
668 658 889 715 memorabilium
904 672 949 714 re-
1007 656 1130 714 Catendis
1144 657 1234 714 blartii
1248 657 1311 714 anni
1329 663 1406 715 1516.

150 775 225 817 ram.
243 760 381 833 Superest,
397 756 484 813 amice
499 765 527 813 et
540 753 657 811 candide
672 755 769 820 lector,
786 761 816 808 ut
829 752 950 808 laborem

538 1010 849 1093 PRAEFATIO
883 1012 1104 1091 ALARDI
1138 1011 1332 1089 GAZAEI
1360 1011 1420 1101 (1.

185 1319 357 1388 Cassianum,
372 1334 446 1390 ecce,
457 1319 539 1377 toties
551 1333 649 1376 cusum
670 1327 698 1376 et
713 1332 843 1375 excusum
862 1316 952 1375 denno
1006 1318 1145 1384 censuris,
1177 1317 1290 1391 aliisque
1313 1316 1507 1376 additamentis
1528 1319 1603 1375 auiiit
1632 1328 1660 1376 et
1689 1321 1810 1379 illustra·

150 1413 320 1484 recudimus,
341 1421 368 1469 et
386 1428 458 1470 novo
475 1412 616 1471 schemate
638 1410 764 1468 noanibil
786 1408 953 1467 adornatam
1006 1411 1064 1468 vit:
1080 1428 1144 1485 quar
1159 1414 1257 1469 Itoniae
1276 1413 1395 1484 primam
1418 1412 1810 1482 edita(Aii.1588),deniam

150 1524 246 1566 rursus
264 1510 293 1564 in
310 1508 399 1564 iucem
413 1507 520 1564 damm-
535 1506 721 1575 Mirabantur,
736 1513 779 1562 sat
799 1504 868 1572 seio,
888 1519 952 1576 per·
1007 1522 1039 1562 eii
1051 1507 1225 1578 Lugdunensi
1238 1505 1359 1563 editione
1368 1514 1430 1563 aute
1439 1523 1540 1580 paucos
1552 1522 1638 1563 annos
1651 1507 1704 1563 biic
1717 1507 1810 1567 delata

153 1603 232 1660 multi
249 1624 255 1659 :
276 1611 303 1659 61
317 1602 361 1658 alii
374 1600 485 1674 quidem
502 1601 613 1658 inanem
621 1615 745 1674 operam,
758 1599 802 1656 alii
816 1599 954 1657 temerita-
1007 1602 1159 1673 accepimns
1175 1602 1238 1673 (Ait.
1257 1607 1345 1670 1666),
1365 1604 1502 1673 Quorsum
1516 1603 1599 1675 igitur
1616 1603 1676 1658 baec
1694 1618 1765 1659 nova
1777 1610 1807 1660 et

152 1703 210 1753 tem
225 1695 346 1753 fortassis
360 1696 536 1764 incusabant,
555 1697 631 1770 quod
654 1706 717 1769 post
736 1696 803 1752 alias
822 1694 954 1752 editiones
1008 1703 1064 1750 tam
1087 1711 1258 1769 praepropera
1272 1695 1372 1752 editio?
1385 1704 1414 1751 et
1429 1695 1489 1767 quis
1508 1711 1569 1751 eam
1588 1696 1677 1766 primo
1693 1703 1807 1768 aspectu

152 1788 220 1846 adeo
247 1799 372 1846 recentes
394 1798 422 1847 et
444 1789 567 1863 vulgatas
590 1789 662 1846 idem
687 1804 759 1863 opus
780 1787 903 1860 aggredi,
928 1796 956 1845 et
1009 1805 1064 1845 non
1076 1791 1212 1862 suggillet,
1225 1798 1273 1846 aut
1287 1799 1440 1862 suspectam
1457 1790 1565 1859 babeat,
1587 1807 1649 1863 quar
1666 1789 1812 1863 superiori-

153 1883 227 1939 velut
247 1892 340 1940 actum
363 1890 523 1958 agere,'aut
542 1883 646 1958 Sisyphi
666 1898 764 1941 saxiim
786 1882 894 1939 volvere
917 1883 955 1939 vi·
1009 1882 1062 1939 bus
1075 1883 1325 1953 adeoreoeatibas,
1337 1891 1364 1938 et
1376 1890 1483 1938 tantum
1498 1899 1582 1938 nona
1600 1885 1686 1954 praelo
1705 1885 1810 1943 sudati·

152 1975 276 2034 deantur.
289 1980 368 2046 Nam,
380 1978 563 2036 utanteriores
571 1978 772 2051 etantiquiores
781 1985 953 2049 praeteream,
1009 1976 1081 2033 tibus
1099 1977 1253 2049 importuna
1272 1992 1303 2032 se
1321 1974 1478 2033 abstrudit?
1492 1976 1542 2032 llis
1566 1975 1671 2033 aceedit
1687 1975 1762 2049 quod
1780 1984 1810 2034 et

153 2067 238 2126 edidit
259 2072 323 2139 (Aa.
341 2075 417 2128 11661.
435 2077 516 2138 1616)
535 2087 591 2128 666
610 2071 646 2128 ita
658 2071 751 2128 multis
762 2069 863 2127 abhinc
877 2071 955 2128 anuis
1010 2074 1113 2127 luctor
1139 2072 1194 2143 ipso
1217 2071 1350 2142 aliquibus
1376 2069 1489 2126 tortasse
1516 2070 1555 2125 vol
1578 2079 1737 2141 suspectus,
1765 2069 1808 2127 vel

154 2162 215 2221 1666
232 2167 346 2221 ioannis
365 2166 483 2222 Cassiani
498 2181 581 2239 opera
595 2181 628 2222 ex
642 2165 761 2223 Plautini
775 2165 952 2239 typographia
1009 2165 1113 2221 minore
1124 2165 1185 2222 loco
1198 2163 1339 2246 habendus
1351 2162 1433 2221 videri
1446 2164 1532 2236 possit
1542 2163 1578 2219 ob
1588 2173 1708 2219 veterem
1721 2164 1816 2233 ittam,

159 2256 810 2330 amultismendiserpurgatalt.llolleinricus
819 2258 956 2330 Cuychiiis
1009 2268 1036 2316 et
1056 2262 1193 2333 vulgatam
1215 2260 1249 2316 de
1271 2259 1356 2332 gratia
1375 2259 1426 2315 Dei
1446 2268 1475 2315 et
1494 2259 1580 2316 libero
1596 2258 1715 2315 hominis
1734 2257 1812 2315 erbi-

158 2346 301 2420 tbeologiis
320 2349 504 2418 Lemniensis,
519 2358 611 2422 postea
632 2352 774 2423 episcopas
793 2355 956 2409 ltnremun-
1009 2355 1062 2411 trio
1078 2355 1305 2422 controversiain,
1320 2354 1438 2426 aliasque
1451 2369 1546 2411 causas
1562 2370 1618 2410 non
1632 2354 1807 2426 incognitas:

155 2439 381 2505 densis,additis
399 2442 482 2497 etiam
497 2441 532 2498 ad
543 2442 667 2515 qaaedam
682 2444 742 2501 loca
762 2446 893 2502 censoriis
906 2461 957 2503 no-
1011 2447 1083 2504 unde
1103 2448 1193 2519 ipsum
1213 2448 1303 2519 potius
1324 2446 1492 2513 delitescere,
1512 2463 1596 2518 quam
1615 2447 1695 2503 toties
1714 2447 1741 2502 iu
1756 2460 1813 2518 pu·

152 2531 303 2589 tationibus
324 2550 455 2607 perquam
476 2535 604 2605 eruditis,
626 2552 677 2595 aec
696 2554 752 2594 nou
774 2539 956 2599 obscurarum
1010 2541 1110 2598 blicam
1132 2541 1241 2613 prodire
1261 2540 1376 2597 forsitan
1396 2539 1532 2613 expedint.
1558 2529 1614 2596 Cur
1633 2540 1714 2612 igitur
1734 2541 1762 2595 in
1775 2554 1809 2595 eo

154 2627 337 2698 quarumdam
362 2644 460 2686 vocum
482 2646 516 2686 ae
535 2631 730 2688 sententiarum
758 2632 955 2703 elucidatione,
1011 2651 1105 2692 rursus
1126 2634 1285 2692 excudendo
1308 2644 1336 2692 et
1357 2633 1518 2704 expoliendo
1539 2642 1632 2689 tantus
1655 2633 1733 2688 labor
1757 2631 1812 2687 im·

155 2736 218 2794 quae
242 2723 344 2793 passim
371 2722 520 2780 muttomm
544 2725 670 2781 manibus
698 2733 826 2782 teruntur
848 2735 877 2783 et
905 2727 958 2784 cir·
1009 2733 1245 2801 pensnstllerum
1258 2728 1612 2801 mquiocessperojudices,
1629 2736 1809 2791 eteensores,

96 2824 99 2829 '
153 2814 357 2872 cumteruntur.
374 2817 466 2874 Edidit
484 2827 512 2874 et
524 2819 604 2890 paulo
618 2829 681 2891 post
700 2823 798 2876 Petrus
811 2821 958 2878 Ciacoaius
1012 2822 1057 2894 qui
1071 2831 1097 2878 et
1109 2822 1270 2879 Cassianum
1284 2823 1373 2894 ipsuin
1386 2822 1470 2892 probe
1486 2822 1587 2887 norint,
1602 2821 1706 2891 etquid
1719 2820 1747 2874 in
1760 2812 1812 2876 bac

155 2909 295 2982 presbyter
314 2910 460 2967 Toletaaus
482 2928 498 2968 a
519 2913 637 2970 Baronio
651 2917 806 2984 (lliivtprol.
834 2918 957 2977 1111611)
1012 2915 1131 2971 editione
1150 2931 1205 2987 pra
1220 2915 1325 2971 canteris
1340 2913 1494 2986 praestituni
1510 2913 1556 2978 sit,
1572 2921 1696 2966 accurate
1711 2925 1815 2983 cogno-

157 3005 386 3077 commendatus;
407 3022 491 3081 eaque
514 3009 591 3066 novis
611 3010 693 3066 etiam
711 3009 909 3079 notationibus,
932 3018 959 3066 et
1013 3009 1113 3066 verint.
1129 3009 1208 3078 Quod
1223 3017 1369 3080 antequam
1384 3020 1519 3079 exponere
1530 3002 1680 3077 aggrediar,
1697 3017 1815 3063 6661611·

196 3227 237 3291 (ab
256 3225 409 3297 Antequam
432 3227 593 3299 ingrediaris
613 3227 742 3284 devotam
759 3229 913 3310 eloquentis
932 3236 959 3285 et
975 3236 997 3298 C
1014 3228 1123 3301 qiiidem
1141 3236 1168 3284 et
1185 3228 1275 3298 specie
1289 3226 1416 3284 exteriori
1436 3225 1547 3298 pusillus
1568 3232 1597 3305 et
1616 3221 1715 3290 brevis,
1731 3228 1768 3291 tt,
1781 3228 1816 3278 ut

162 3296 249 3375 sancti
260 3298 380 3376 ,66616ιί6
399 3299 481 3367 buJ'us
497 3299 641 3366 tecturam,
656 3315 738 3369 quain
756 3308 821 3353 tanti
838 3300 960 3356 iecerunt
1014 3301 1050 3355 itti
1069 3300 1193 3355 dicebant
1206 3300 1241 3355 de
1261 3302 1404 3369 apostolo,
1428 3296 1570 3371 praesentia
1591 3296 1696 3349 iiitirma
1712 3302 1741 3376 et
1754 3308 1812 3349 ser·

165 3373 219 3419 anti
259 3369 961 3440 iPatres,praesevtimPaternosterBenedictus,et
1015 3386 1098 3427 moue
1123 3371 1339 3442 contemptibiti;
1371 3385 1427 3440 pren
1453 3367 1608 3424 bumilitate
1635 3367 1735 3432 animi,
1757 3379 1814 3437 quo

164 3381 960 3519 schtffa'etheologicarsoldiiuslliomas,ateamnumquam
1015 3457 1124 3498 omnem
1147 3443 1188 3498 siii
1213 3442 1421 3497 ostentationem
1444 3440 1472 3495 tii
1493 3439 1578 3505 iebat3
1602 3437 1649 3494 sed
1672 3444 1762 3518 mente
1780 3443 1812 3493 ut

164 3510 198 3563 de
213 3509 337 3564 manibus
349 3509 405 3566 tere
419 3511 588 3581 deponerent
609 3531 615 3567 :
632 3528 686 3567 uon
700 3512 796 3569 dubito
811 3515 878 3587 qiiin
892 3515 960 3570 scire
1015 3514 1087 3569 tacto
1106 3520 1134 3568 et
1148 3513 1254 3595 scriptis
1270 3518 1310 3580 (ut
1321 3511 1367 3567 liic
1385 3457 1575 3576 videsieetor)
1587 3524 1679 3590 revera
1692 3507 1772 3562 fortis
1784 3514 1812 3562 et

163 3579 265 3661 avebis,
280 3580 365 3635 tector
376 3581 515 3648 benevole,
528 3584 589 3654 quis
599 3584 643 3638 ille
654 3585 691 3639 sit
705 3584 821 3642 Alardus
832 3587 959 3651 Gerasus,
1015 3584 1114 3658 graiis,
1129 3593 1159 3640 ut
1173 3584 1283 3640 initium
1302 3600 1336 3639 ao
1349 3584 1494 3655 primatum
1514 3580 1633 3661 dulcoris
1651 3596 1677 3635 ia
1694 3577 1745 3634 hoc
1761 3592 1810 3704 aa·

165 3665 210 3721 qui
231 3658 287 3706 tam
310 3652 453 3709 luculentis
478 3654 637 3710 Cassianum
652 3655 701 3711 tibi
722 3656 865 3712 illustravit
881 3673 958 3713 com·
1015 3671 1080 3713 nere
1091 3657 1352 3712 commentariorum
1365 3655 1463 3710 babeat
1477 3654 1581 3708 tructus
1594 3667 1661 3722 eius,
1677 3660 1747 3707 etex
1781 3662 1814 3705 o·

165 3721 318 3777 meritoriis.
340 3722 413 3779 Huic
441 3740 505 3797 ergo
527 3725 662 3781 desiderio
686 3734 733 3781 tiio
754 3727 942 3785 satisfacturus
1015 3728 1122 3783 talento
1143 3727 1250 3797 opificio
1272 3728 1321 3782 tibi
1339 3725 1466 3782 eiliibeat
1484 3723 1715 3780 coiisiderationes
1729 3734 1811 3792 super

164 3795 333 3863 praemittere
357 3809 401 3849 me
418 3810 496 3866 posse
514 3811 577 3851 reor
596 3813 652 3852 non
672 3798 763 3870 inepte
782 3800 849 3854 iltiid
867 3800 962 3855 Eccle-
1015 3800 1108 3854 metet
1126 3796 1215 3853 laium
1228 3797 1373 3854 dulciores.
1389 3798 1450 3852 Fuit
1468 3811 1550 3868 porro
1562 3793 1679 3848 etardus
1693 3790 1815 3872 fratrum

165 3864 262 3920 siastici
278 3881 308 3921 ir
333 3869 413 3921 :Non
427 3867 521 3921 tutides
541 3872 677 3923 civitatib
698 3873 962 3942 sperantemque
1016 3879 1080 3926 natu
1098 3870 1245 3936 maximus,
1266 3871 1311 3941 qui
1326 3870 1408 3924 etiam
1431 3869 1456 3922 in
1476 3866 1631 3922 volatilibus
1651 3865 1712 3919 coeti
1734 3862 1812 3918 tuere

164 3950 277 4005 spicarias
287 3938 418 3991 bominem
430 3940 458 3992 i'it
471 3941 529 3992 6166
541 3956 588 3995 sao
602 3960 610 3994 :
626 3940 711 3995 tinais
722 3944 750 3996 iit
759 3943 911 3997 natatilibus
923 3948 962 3997 est
1016 3941 1144 4008 insignes,
1166 3950 1193 3997 et
1207 3942 1315 4014 seriptis
1329 3941 1356 3997 in
1375 3943 1464 3996 lucem
1483 3937 1561 3993 editis
1576 3937 1703 3991 illustres.
1723 3938 1813 4013 ilugc·

165 4009 235 4076 iipi's,
250 4013 276 4062 61
289 4009 398 4062 iiiiti‘iim
411 4010 527 4064 dulcoris
546 4012 625 4065 babet
634 4013 741 4078 fractas
760 4014 841 4068 illias.
856 4013 961 4083 Quibus
1014 4013 1087 4070 linus
1105 4010 1220 4069 Gazeeiis
1235 4016 1297 4070 soc.
1317 4012 1381 4067 lisii
1400 4009 1526 4065 sacerdos
1542 4007 1694 4078 religiosus,
1716 4003 1811 4057 malti-

166 4078 255 4134 verbis
268 4095 323 4133 non
338 4080 487 4135 secundum
499 4080 607 4147 taciem,
618 4082 665 4134 sed
678 4082 827 4137 secundum
844 4083 961 4138 tractum
1016 4084 1078 4154 plici
1099 4081 1222 4140 doctrina
1244 4092 1272 4139 61
1293 4083 1389 4154 pietate
1414 4081 1574 4150 praelarus,
1603 4092 1677 4130 sacra
1701 4086 1814 4153 qaoque

165 4147 288 4217 judicare
303 4165 353 4205 nos
373 4160 466 4207 monet
480 4153 602 4223 Sapiens.
622 4153 709 4207 Frons
726 4153 801 4207 enim
816 4161 842 4207 et
860 4153 963 4223 species
1016 4156 1090 4225 poesi
1111 4156 1312 4210 celeberrimus.
1336 4151 1460 4204 Nicotaus
1479 4150 1604 4225 Gaianas,
1626 4146 1653 4197 S.
1676 4145 1812 4225 francisci

168 4221 297 4289 praeclara
319 4237 391 4294 saepe
413 4223 480 4294 tegit
500 4223 622 4278 animum
644 4222 766 4278 vitiorem
788 4243 794 4279 :
818 4231 845 4278 et
865 4224 963 4279 Paulus
1016 4225 1154 4290 alumnus,
1164 4223 1339 4280 concionibus
1348 4217 1482 4289 praeclaris
1491 4215 1569 4271 editis
1578 4213 1814 4296 commendabilis.

167 4292 305 4360 apostolus
326 4303 420 4350 contra
444 4297 558 4350 aemutos
579 4295 623 4366 qui
649 4292 682 4350 de
706 4294 764 4367 ipso
787 4294 961 4362 dictitabant,
1017 4297 1115 4351 Noster
1129 4303 1219 4350 autem
1235 4290 1359 4356 alardus,
1375 4288 1750 4369 praeilliscorporeeiigiius,
1764 4285 1812 4342 sed

167 4363 298 4428 Qiioneiim
311 4366 419 4434 quidem
431 4367 548 4436 epistolia
562 4381 657 4433 proras
671 4372 735 4421 sitiit
747 4371 772 4421 et
786 4369 881 4434 sortes,
891 4382 963 4437 prie-
1016 4374 1043 4421 et
1066 4382 1121 4439 prae
1142 4366 1194 4421 iltis
1214 4373 1241 4420 et
1262 4363 1383 4436 pluribus
1405 4360 1464 4416 aliis
1484 4358 1627 4441 dulcedine
1638 4368 1811 4441 ⁸scriptorum

165 4436 251 4488 sentiit
262 4440 479 4506 cisterncoipori's
490 4440 599 4506 infirma
612 4443 637 4491 ct
647 4452 731 4491 sermio
742 4439 960 4507 coiiteinptibili's;
1015 4438 1141 4507 eximius,
1156 4437 1280 4493 ordinem
1294 4437 1322 4491 S.
1339 4439 1367 4491 P.
1383 4433 1470 4489 nostri
1487 4431 1622 4487 Benedicti
1636 4446 1663 4512 iii
1675 4436 1815 4512 monaste-

165 4507 328 4576 respondeie
348 4524 403 4575 non
426 4507 566 4580 indignum
587 4509 703 4573 consuit,
727 4512 780 4564 lloc
796 4512 893 4578 coqisstct
914 4512 964 4580 qai
1015 4510 1057 4565 rio
1071 4509 1252 4567 attrebatensi
1274 4509 1301 4562 S.
1321 4506 1456 4563 Vedastia
1478 4512 1570 4559 tenera
1586 4511 1696 4573 pueritia
1711 4514 1811 4572 ingres·

166 4575 298 4643 q'iismoili'
312 4584 361 4642 est,
379 4581 444 4650 quio
458 4581 551 4648 qaiiles
565 4595 656 4633 suiiiiis
670 4581 756 4641 16116,
770 4596 819 4650 per
837 4582 961 4650 epistolas
1015 4596 1070 4647 sus,
1083 4583 1109 4637 16
1120 4581 1215 4638 eodem
1228 4579 1364 4649 inculpate
1375 4576 1409 4633 ad
1418 4591 1520 4630 annum
1530 4574 1618 4629 aetatis
1627 4588 1683 4628 suan
1692 4579 1726 4627 60
1735 4570 1815 4635 vixit,

166 4647 295 4712 absentes,
308 4651 724 4721 161666166166661661616616111
736 4653 794 4707 Cor.
806 4656 846 4717 it).
858 4653 962 4723 Nempe
975 4623 1001 4685 D
1016 4653 1168 4709 valetudine
1188 4653 1347 4723 plerumque
1365 4648 1481 4712 intinna,
1502 4653 1602 4726 eontra·
1617 4659 1698 4715 quain
1719 4651 1814 4725 ttamen

165 4721 289 4788 quamvis
301 4722 413 4792 pusillus
426 4737 551 4795 corpore,
565 4721 724 4792 magnificus
738 4731 828 4777 tamen
841 4737 924 4793 opere
935 4731 963 4778 et
1016 4722 1175 4780 tortitudine
1191 4723 1275 4778 animi
1288 4721 1438 4777 colluctans
1452 4726 1582 4788 perpetuo
1597 4731 1622 4770 in
1642 4730 1732 4795 magni
1749 4727 1813 4769 ino·

165 4802 301 4869 sermone.
326 4796 361 4849 Et
381 4794 492 4864 pulchre
514 4797 566 4850 boc
586 4792 703 4849 declarat
723 4794 891 4864 comparatio
912 4795 963 4850 Sa·
1018 4797 1102 4851 menti
1118 4795 1218 4852 studiis
1232 4793 1424 4863 occupabatur.
1440 4793 1507 4844 Nam
1520 4796 1548 4843 et
1561 4787 1811 4908 iemfs⁰ii¹¹⁰mss⁰f

166 4861 262 4930 picatis
280 4864 469 4920 Ecclesiastiei.
484 4868 578 4936 Neque
598 4865 669 4920 enim
688 4864 779 4935 aquila
799 4880 962 4935 magnarum
1018 4882 1080 4922 rum
1093 4865 1329 4924 administratione
1340 4880 1394 4919 non
1405 4862 1461 4916 sine
1474 4858 1552 4936 laude
1562 4872 1615 4935 ino
1636 4867 1818 4936 166616666-

166 4931 280 4998 ataniin,
302 4950 353 4990 nec
374 4935 482 5007 pboeuix
501 4937 632 5008 longaeva)
654 4935 726 5001 vitea,
749 4950 799 4991 666
819 4936 881 4992 ultae
903 4935 962 4992 attae
1017 4936 1204 4994 busiersatus
1219 4941 1310 4997 estet
1328 4935 1354 4989 in
1370 4931 1460 4988 niedin
1481 4928 1721 5008 adminstrationis
1740 4925 1813 4983 ilius

164 5002 282 5073 maJores
294 5020 428 5062 arescam
440 5016 580 5064 merentur
591 5006 698 5062 laudern
712 5022 795 5078 quain
806 5007 920 5063 minima
933 5008 962 5062 iu
1018 5007 1122 5064 dilectis
1148 5008 1261 5063 eruditae
1280 5000 1518 5074 contemplationis
1540 4995 1654 5061 studiis,
1678 5005 1815 5081 quantum

164 5073 318 5133 volatilibus
335 5079 464 5134 omnibus
477 5079 594 5161 apicula,
612 5093 674 5150 quar
692 5077 810 5134 tructam
828 5086 904 5133 creat
916 5094 961 5134 ar·
1016 5080 1060 5134 vis
1073 5079 1145 5135 credi
1167 5085 1267 5149 potest,
1284 5072 1466 5130 incumbebat.
1488 5071 1518 5153 lii
1536 5070 1587 5151 bac
1601 5084 1665 5125 vero
1680 5069 1809 5150 litteraria

165 5143 281 5205 tificioso
302 5149 327 5202 in
343 5148 415 5218 lavo,
429 5149 474 5222 qui
496 5149 601 5207 initium
617 5158 658 5206 est
675 5156 703 5204 et
724 5164 850 5205 mensura
872 5150 962 5206 omnis
1017 5150 1195 5222 occupatione
1210 5148 1330 5204 delirum
1349 5161 1425 5202 mois
1446 5143 1575 5214 abripuit,
1594 5157 1658 5224 cum
1680 5155 1755 5210 prius
1768 5146 1813 5196 ta-

164 5213 290 5275 dulcoii's.
307 5221 428 5276 Primum
441 5220 513 5277 enim
529 5221 556 5276 in
568 5235 732 5294 unoquoque
745 5236 854 5294 genere,
866 5220 963 5277 Pbilo·
1016 5237 1080 5278 men
1100 5221 1246 5277 lectoribus
1267 5217 1405 5274 benevolis
1427 5216 1487 5274 litec
1510 5214 1610 5295 ingenii
1634 5219 1812 5267 monumenta
1876 5224 1881 5233 ·

162 5286 252 5360 toplio
264 5300 343 5360 teste,
358 5301 400 5348 est
413 5307 540 5348 mensura
553 5293 719 5360 reliquorum
735 5309 742 5345 :
757 5293 848 5347 etmel
863 5292 961 5362 apieu·
1015 5293 1178 5365 reliquisset,
1191 5306 1253 5364 quar
1265 5306 1328 5347 cum
1340 5289 1505 5352 lustraveris,
1521 5293 1623 5366 optime
1635 5285 1732 5367 lector,
1745 5281 1819 5337 bene

162 5359 196 5415 lae
211 5360 273 5417 ideo
295 5361 338 5419 bie
358 5363 455 5419 dicitur
470 5364 578 5419 initium
599 5363 730 5430 dulcoris,
752 5363 815 5434 quia
832 5378 960 5420 mensura
1016 5380 1126 5435 precare
1138 5366 1236 5419 animae
1253 5363 1344 5420 illardi
1360 5362 1408 5430 tui,
1427 5368 1454 5416 et
1468 5368 1530 5430 opta
1544 5357 1580 5412 illi
1600 5363 1630 5411 ut
1647 5363 1718 5438 inter
1730 5356 1814 5435 Para·

161 5438 204 5487 est
218 5433 340 5490 omnium
355 5435 488 5503 dulcium,
505 5444 536 5491 ut
553 5438 651 5492 merito
669 5449 719 5490 voii
735 5436 830 5492 Graeca
843 5450 898 5490 non
912 5448 960 5491 so·
1015 5437 1064 5492 disi
1081 5436 1182 5492 incolas
1201 5444 1329 5506 perpetuo
1342 5441 1432 5506 gustet
1448 5431 1552 5488 iontem
1572 5437 1667 5484 aeterni
1684 5424 1816 5490 dulcoris,

161 5504 219 5557 lum
239 5504 347 5561 initium
364 5521 458 5562 verum
479 5513 507 5563 et
520 5507 700 5580 principatum
713 5506 832 5562 dulcoris
845 5506 961 5578 genuine
1015 5508 1059 5579 qui
1073 5508 1120 5564 tibi
1133 5506 1176 5562 liic
1189 5506 1261 5561 ieliit
1279 5505 1337 5577 apis
1350 5512 1540 5578 argumentosa
1560 5497 1652 5556 favam
1672 5497 1744 5553 hunc
1755 5492 1819 5552 dut·

160 5575 306 5648 signiticet.
331 5580 365 5634 Et
375 5584 469 5633 noster
489 5579 608 5634 Atardus
629 5579 745 5635 Gazaeus
765 5577 791 5632 in
807 5577 960 5635 volatilibus
1015 5580 1086 5634 cium
1103 5577 1367 5635 commentationum
1383 5585 1424 5634 est
1435 5581 1572 5649 operatus.
1589 5572 1667 5628 Vale.
1684 5573 1816 5640 (Pramo-

160 5649 228 5720 <quo
243 5650 357 5706 nomine
374 5649 598 5732 contemplativas
610 5650 715 5706 aninias
735 5649 762 5705 in
780 5664 872 5706 rerum
891 5648 960 5705 divi·
1014 5653 1082 5707 ni'ti'o
1096 5653 1207 5707 editoris
1220 5651 1391 5720 Lipsiensis.)

161 5733 259 5778 aarum
278 5720 337 5795 jugi
360 5720 545 5796 speculatione
561 5736 705 5795 suspensas
723 5720 824 5795 accipe)
844 5736 960 5795 corpore
