3848 6158
172 284 225 338 2θῖ
842 275 984 333 JOalNNlS
1002 273 1154 332 cassidili
1775 277 1831 332 268

172 408 348 476 devictum·
369 409 490 465 immane
507 407 622 475 bellum,
641 414 668 462 et
685 403 836 477 quodcum
851 418 866 459 a
882 403 972 475 prima
987 401 1147 473 Autrisque
1159 398 1261 472 pariter
1274 397 1480 466 dimicantibus,
1493 398 1589 470 nequit
1607 397 1750 456 debellari.
1771 403 1830 458 n‘ec

173 507 299 574 tempore
311 501 463 575 pubertatis
478 501 639 574 impugnare
652 496 761 571 incipiat
775 496 919 553 bominum
928 511 975 570 ge-
1025 494 1101 551 enim
1113 492 1217 551 suflicit
1226 492 1315 549 solum
1326 493 1467 566 corporale
1475 491 1610 565 jejunium
1622 493 1655 550 ad
1666 495 1830 568 conquiren-

172 612 235 664 nus,
246 595 373 664 nonnisi
384 597 564 667 priorcaetera
575 593 817 664 vitiasuperentur,
826 591 975 665 exstingui-
1026 586 1091 643 dam
1108 586 1148 642 rel
1170 584 1366 658 possidendam
1385 583 1512 658 perlectae
1528 585 1699 644 castimoniae
1720 586 1830 659 purita-

173 697 228 746 tur.
247 683 511 762 ¹'Dupleanamque
522 695 563 744 est
576 686 741 761 oppugnatio
755 686 865 758 gemina
879 700 974 742 arma-
1026 690 1101 750 tem,
1125 680 1178 737 nisi
1200 680 1369 752 praecesserit
1394 681 1525 738 contritio
1551 680 1666 752 spiritus
1687 689 1714 737 et
1739 682 1831 739 oratio

172 791 200 839 ta
216 785 282 840 uitia
301 797 470 856 consurgens
487 782 522 839 ad
539 781 675 853 praelium,
692 790 720 838 et
736 780 836 838 ideireo
851 779 975 838 similitor
1026 788 1122 834 eontra
1136 776 1210 832 hune
1222 765 1475 834 immundissimum
1489 777 1617 851 spiritum
1635 791 1827 849 perseuerans,

173 877 197 932 ei
210 877 321 949 gemina
335 884 376 932 est
390 878 449 933 acie
462 875 656 933 resistendum.
678 873 816 948 Siquidem
831 881 863 931 ut
873 874 973 931 morbo
1027 873 1090 930 dein
1111 873 1271 929 continuata
1297 871 1443 929 meditatio
1466 873 1687 946 scripturarum,
1712 872 1831 948 huicque

172 971 263 1028 amnis
280 971 433 1043 animmque
451 977 612 1028 concretum
632 968 702 1025 sires
715 967 840 1040 anquirit,
857 966 907 1035 ita,
921 966 973 1023 nisi
1027 966 1110 1025 luerit
1122 966 1236 1024 scientia
1253 966 1386 1039 spiritalis
1399 965 1538 1040 adjuncta,
1553 966 1632 1024 labor
1645 967 1730 1026 etiam
1746 982 1832 1041 opus·

718 1135 846 1193 Atuubl
865 1136 978 1194 citui
996 1136 1277 1194 COMMENTARIUS.

171 1297 971 1370 cornariamenibussanimpraeitur-isiufunuantntuln-
1024 1301 1049 1352 et
1069 1298 1200 1353 iriciusnm
1212 1296 1321 1359 lustum,
1341 1296 1466 1365 uratia
1479 1296 1582 1364 subulae
1595 1296 1699 1363 tenent,
1720 1299 1828 1351 centum

172 1387 215 1425 res
224 1375 287 1427 sterit
296 1372 392 1425 mentis
403 1371 696 1441 criminantiumque
705 1368 842 1438 predictis
853 1369 970 1423 motibus
1024 1369 1107 1423 amalis
1122 1369 1271 1423 obseruare.
1284 1369 1339 1423 Hac
1350 1371 1399 1430 est,
1416 1367 1488 1436 quod
1501 1368 1645 1437 Apmtalus
1658 1367 1746 1421 uerbis
1764 1369 1829 1422 alie's

172 1443 209 1496 ad
215 1445 288 1509 scitis
300 1444 394 1511 impias
403 1441 619 1495 substernuntur.
632 1440 743 1495 Pastilli
755 1443 779 1493 et
790 1440 914 1495 lactentes
923 1440 973 1510 qui
1025 1440 1182 1509 loquebatur
1195 1457 1204 1493 :
1217 1440 1299 1495 Οηιιιι,
1307 1442 1456 1508 peccatum,
1467 1439 1539 1508 quad
1546 1439 1642 1506 iecerit
1654 1438 1740 1504 buna,
1748 1442 1829 1493 entra

173 1518 246 1575 saint,
259 1515 315 1567 nisi
325 1515 374 1581 qui
382 1513 415 1566 de
425 1512 654 1567 Amalecliitarum
664 1513 784 1564 uirorum
792 1514 818 1564 et
828 1511 972 1567 mulierum
1025 1525 1119 1580 caspiis
1129 1515 1186 1575 est,·
1198 1513 1248 1579 qui
1257 1514 1345 1564 antem
1353 1510 1512 1578 fernieutur,
1525 1511 1554 1563 in
1567 1524 1663 1580 corpus
1676 1524 1755 1564 suum
1764 1525 1830 1580 pec·

173 1586 359 1638 commistione
373 1585 558 1653 qenerantnr?
572 1583 641 1639 Nam
655 1583 681 1634 si
692 1586 779 1636 matus
790 1582 870 1634 malm
883 1596 973 1650 supqe
1025 1587 1069 1635 cat
1081 1584 1101 1651 (l
1113 1582 1162 1637 Ger
1171 1581 1236 1649 Νι).
1249 1582 1284 1635 Et
1295 1579 1361 1635 alibi
1373 1582 1470 1650 (Epist.
1484 1585 1514 1634 at
1530 1581 1567 1634 ad
1576 1581 1681 1645 Ensis.)
1694 1598 1701 1633 ι
1717 1582 1775 1636 Nan
1789 1583 1829 1635 sio

156 1657 267 1718 ‚sinaiis
282 1656 363 1722 qiiasi
374 1654 495 1707 adailteri
506 1657 593 1706 mente
607 1653 745 1721 recipitur,
761 1653 973 1721 canctrpiscentia
1027 1648 1601 1721 auaritiaquetit,iiidatsuperbimdelectet
1610 1651 1736 1715 ambitia;
1745 1651 1828 1718 facile

173 1726 587 1794 quasimeretriniuqinrqnatur
596 1741 603 1776 :
612 1724 706 1792 quaesi
714 1722 973 1791 essiinderepartnm
986 1738 1010 1801 B
1027 1724 1091 1778 aliis
1103 1737 1223 1777 mrernus
1234 1724 1308 1776 titiis
1327 1740 1335 1776 ε
1349 1722 1391 1776 bia
1408 1723 1490 1776 bostis
1504 1723 1535 1775 in
1545 1723 1622 1776 nabis
1636 1722 1753 1776 inclusus
1772 1725 1828 1788 est;

172 1797 284 1857 sinitur,
292 1795 436 1848 libidinum
444 1797 530 1848 matus
538 1808 590 1848 raon
599 1793 684 1847 salum
692 1794 721 1845 in
729 1797 826 1855 mente,
835 1792 882 1847 sed
891 1794 973 1847 etiarm
1027 1795 1353 1920 qitammqueferqimns,
1371 1793 1506 1848 nobiscnm
1523 1796 1664 1863 portemus
1679 1793 1827 1847 inirni'cum.

171 1867 201 1920 in
210 1881 290 1920 caiiic
298 1867 533 1936 qenerantirr;qui
541 1865 605 1919 dnm
614 1866 775 1926 irascuntur,
784 1864 972 1933 partialisunt,
1027 1868 1134 1921 Rursus
1151 1864 1188 1920 ibi
1210 1879 1270 1931 em,
1283 1862 1410 1919 eamdem
1431 1860 1625 1919 dilllcultatem
1640 1878 1691 1919 suo
1702 1863 1828 1935 exemplo

172 1939 236 2005 quiin
253 1936 342 1991 addire
360 1938 438 1992 carni
458 1937 612 1990 uiolentiam
626 1934 753 1989 mouenda
766 1948 819 1988 nari
837 1935 971 2002 insaniret.
1028 1944 1056 1992 et
1068 1935 1256 2008 experimento
1270 1949 1448 2007 exaggerans,
1463 1941 1491 1990 et
1505 1941 1622 2006 quantas
1636 1934 1672 1990 ab
1683 1931 1737 1990 lroe
1749 1933 1828 1990 liaste

172 2011 312 2063 Lacterites
324 2012 397 2069 sant,
409 2022 469 2061 cnm
484 2007 559 2060 terrui
566 2011 592 2060 et
600 2006 746 2074 neqliqenti
756 2007 913 2074 capitatione
921 2021 972 2060 nu·
1027 2006 1179 2063 domestica
1190 2005 1331 2063 molestias
1341 2005 1425 2062 etiam
1438 2004 1466 2060 in
1475 2020 1583 2061 summa
1593 2005 1752 2061 austeritate
1763 2004 1829 2062 rite

172 2081 304 2133 trinutum.
319 2080 372 2133 lae
384 2092 445 2145 erpa
455 2077 631 2146 paenularum
643 2077 816 2143 estcaqi‘tatia
826 2074 973 2130 amtermi-
1027 2086 1154 2148 expertus
1168 2082 1250 2143 esset,
1261 2091 1484 2133 commemorans
1497 2077 1537 2133 :0
1553 2078 1666 2148 questas,
1684 2075 1783 2148 inquit,
1798 2078 1828 2131 in

172 2152 233 2215 tile,
247 2149 313 2218 quin
330 2150 355 2201 si
365 2152 453 2201 matus
465 2149 553 2217 tairpis
561 2162 610 2217 pier
624 2147 811 2215 capitationem
823 2162 875 2201 nen
884 2149 974 2218 pasci·
1027 2164 1111 2204 crena
1121 2150 1292 2210 amastitutin,
1303 2153 1328 2203 et
1337 2149 1368 2202 in
1379 2148 1428 2203 illa
1441 2151 1519 2202 easta
1528 2147 1753 2217 solitudinique
1763 2147 1828 2202 solis

173 2224 228 2282 teir,
242 2219 324 2288 qraasi
331 2218 485 2287 napatasibi
496 2218 682 2289 lactepamnli
691 2221 832 2271 necantur.
846 2218 922 2285 Quod
932 2219 974 2273 lae
1026 2219 1828 2290 emutaarderibusbemidummonaabisprestatbabitacu-

171 2291 301 2343 nicretrin
307 2294 394 2344 mater
403 2290 529 2359 porrigit,
540 2290 605 2357 qiria
616 2288 681 2342 dnm
694 2287 779 2342 urdar
790 2291 974 2358 cmicnpismn·
1030 2291 1096 2354 leem,
1107 2292 1241 2361 putabam
1250 2291 1422 2347 mellemanis
1432 2292 1558 2345 interesse
1566 2290 1672 2345 deliciis
1681 2289 1830 2346 isedeaam

172 2363 217 2414 tur
228 2365 339 2414 trientem
344 2361 486 2431 peccarint,
495 2362 575 2428 qiaasi
587 2375 620 2414 aa
631 2361 746 2430 pessima
757 2358 843 2413 cardis
854 2359 976 2415 ubertate
1028 2363 1177 2431 solisequia
1186 2362 1368 2417 amaritudine
1377 2361 1492 2432 repletus
1502 2376 1575 2415 mam
1584 2379 1593 2427 ς
1602 2361 1744 2415 horrebant
1753 2374 1830 2415 succo

172 2434 306 2499 oppiletur,
321 2436 354 2485 ut
362 2431 466 2501 pejores
480 2434 601 2484 monrium
610 2431 709 2485 soboles
721 2431 750 2483 in
762 2444 841 2484 carne
849 2431 975 2485 nutriun-
1027 2433 1146 2486 membra
1164 2433 1371 2501 desumimus
1427 2431 1484 2485 lida
1493 2433 1656 2486 metientem
1669 2429 1831 2499 AEtliiopicoe

172 2508 227 2557 tur.
237 2502 307 2570 Qreid
315 2517 377 2556 cero
387 2504 417 2554 in
427 2502 488 2556 boi-e
497 2503 552 2557 aaut
561 2502 700 2557 remilium
710 2500 919 2567 iraudulentum
931 2517 974 2557 aa·
1027 2504 1370 2571 carreisabdianerat.0uat‘
1388 2502 1552 2571 iclucrpmoe,
1561 2501 1680 2570 quotidie
1689 2502 1804 2569 qemdus
1819 2520 1829 2555 :

171 2575 282 2644 cipitur,
294 2573 364 2643 quad
378 2573 498 2643 eaemplo
507 2577 626 2627 ueterum
638 2573 727 2627 carnis
739 2572 902 2642 uoluptatem
914 2586 976 2642 sup·
1028 2576 1087 2629 etsi
1096 2575 1204 2645 putanda
1213 2578 1406 2644 repliqnnntem
1417 2587 1522 2628 somnus
1530 2575 1670 2626 imminens
1679 2573 1832 2641 oppressis-

171 2647 249 2713 qcrit,
258 2647 308 2713 qui
317 2646 388 2698 inter
400 2645 488 2698 cornis
498 2659 576 2714 opera
585 2644 763 2714 omnipotenti
772 2646 824 2698 Dea
831 2643 975 2713 pllicitere?
1027 2650 1077 2713 set,
1087 2646 1162 2700 niida
1174 2646 1252 2700 bunio
1263 2648 1312 2700 eiu
1323 2660 1382 2700 assa
1393 2645 1524 2699 innuitur
1535 2643 1701 2697 collidebam.
1714 2642 1762 2698 lile
1773 2643 1832 2711 ipi-

172 2717 233 2772 Oris
248 2720 337 2770 autem
346 2716 453 2769 stamine
462 2717 630 2771 innocentum
642 2717 699 2769 aila
712 2715 850 2783 signatur,
864 2714 910 2769 liae
924 2719 973 2779 est,
1028 2720 1073 2770 tur
1091 2732 1152 2786 epa,
1166 2719 1215 2787 qui
1228 2717 1261 2772 ob
1275 2717 1401 2786 qebminm
1416 2719 1516 2770 metum
1534 2714 1585 2769 tali
1598 2729 1640 2767 me
1650 2728 1752 2768 aureae
1769 2714 1831 2783 ipse

169 2788 308 2841 simulatio
315 2785 599 2856 innocentioe3qnillam
606 2785 747 2840 mimdum
754 2785 872 2852 {msam
879 2786 975 2840 buma-
1027 2788 1233 2849 daamnaecram,
1249 2789 1413 2857 scerpibmim
1428 2790 1534 2840 trintum
1552 2787 1639 2840 serim
1651 2788 1677 2838 et
1688 2783 1830 2851 sarariam,

170 2862 202 2912 ni
214 2861 343 2927 remearis,
364 2859 543 2928 proprietates
557 2859 700 2926 utriusque
714 2870 809 2917 semis,
823 2860 849 2911 et
862 2858 975 2912 insitam
1026 2873 1096 2928 serpe
1107 2859 1192 2913 eboris
1206 2861 1349 2912 intereram
1358 2857 1520 2927 puellarum.
1537 2856 1676 2911 Pallebant
1692 2869 1739 2908 orn
1749 2854 1829 2924 jeju·

170 2931 296 2982 martionis
307 2929 449 2982 libidinem
458 2929 639 2988 considerent,
654 2926 865 2996 qreasinatureli
872 2926 938 2981 bone
947 2942 975 2981 se
1026 2931 1090 2991 niis,
1104 2934 1130 2984 et
1142 2943 1216 2983 metis
1225 2928 1368 2982 desideriis
1379 2927 1512 2980 nanuum
1524 2928 1552 2979 in
1563 2926 1665 2994 triaue
1673 2940 1790 2995 carpam,
1801 2929 1830 2980 et

171 3000 218 3053 liae
228 3000 354 3068 posseeiti
364 2998 472 3051 ibenter
484 3000 594 3067 praetant.
606 2998 692 3064 Quasi
704 3010 765 3065 erqo
778 2998 835 3050 aeis
847 3001 895 3058 est,
908 3000 972 3067 quia
1025 2999 1228 3055 antebominem
1239 3013 1289 3053 nau
1297 2997 1657 3067 jamcaniepcoemortnnm,
1671 2995 1830 3050 salnlibidi-
1880 3052 1884 3059 ,

170 3067 559 3135 iricoirtincntibusilludquasi
566 3068 661 3121 ὁοιιιιηι
667 3067 972 3137 miqqeritnr,qnadsere
1025 3086 1089 3125 num
1099 3070 1223 3125 incendia
1237 3068 1393 3123 bulliebant.
1406 3070 1501 3137 ltaque
1514 3069 1587 3120 omni
1595 3067 1701 3121 annilio
1711 3065 1829 3121 destitu-

172 3139 269 3194 banum
278 3153 330 3192 uon
341 3137 830 3208 esseliquidaaamprabatur.dameliis
837 3141 968 3201 ruminent,
989 3166 1012 3230 C
1026 3144 1069 3196 tus
1090 3142 1127 3195 ad
1141 3145 1205 3196 lesu
1220 3139 1343 3210 jacebam
1355 3139 1450 3209 pedes,
1464 3138 1589 3206 mandam
1605 3139 1740 3207 lacrymis,
1754 3138 1829 3192 crine

170 3210 218 3265 sed
224 3223 276 3262 aion
284 3209 366 3277 predii
375 3208 506 3278 unqnlum
518 3227 526 3263 r
537 3214 563 3264 et
571 3209 742 3279 estquaedam
751 3211 877 3278 capitatia
888 3210 970 3265 lienu-
1026 3213 1170 3283 tergebam,
1178 3216 1203 3267 ct
1215 3216 1407 3283 repugnantem
1416 3224 1523 3264 carnem
1533 3208 1758 3264 hebdomadarum
1769 3209 1829 3264 ine·

169 3283 228 3342 ria,
245 3295 305 3349 quae
320 3281 402 3350 quasi
410 3295 427 3333 a
438 3281 543 3336 ratione
554 3281 656 3352 incipit,
667 3280 714 3334 scd
725 3295 775 3351 per
786 3281 970 3336 discretionem
1023 3284 1070 3338 dia
1085 3283 1253 3354 sape-aban.
1274 3282 1387 3339 Memini
1398 3295 1440 3335 me
1454 3281 1630 3341 clamantem,
1646 3279 1717 3334 diem
1736 3279 1829 3334 melico

170 3366 221 3405 nan
243 3354 354 3419 tinnitum
374 3352 498 3405 nannrilli
515 3355 611 3406 etenum
630 3354 820 3407 continentiam
837 3353 968 3422 promisi,
1018 3354 1146 3423 innuisse
1159 3371 1219 3409 cnm
1233 3357 1323 3421 nacte,
1335 3369 1383 3407 nea
1391 3353 1469 3422 prins
1483 3368 1500 3404 a
1512 3353 1627 3420 pecteris
1641 3363 1754 3406 eessmm
1764 3364 1829 3404 eer-

170 3421 236 3476 dum
250 3438 267 3474 a
280 3424 369 3475 carnis
383 3425 593 3492 concupiscentii
602 3427 778 3493 superantur,
793 3425 822 3476 in
832 3424 971 3493 conjuqali
1024 3426 1139 3489 teribus,
1150 3441 1232 3495 quam
1242 3425 1351 3488 rediret,
1367 3423 1478 3480 lieniua
1488 3424 1652 3491 increpante,
1665 3420 1829 3490 tranquilli-

169 3494 227 3547 aite
243 3492 349 3546 sali-uri
363 3507 440 3561 passe
454 3494 597 3562 confideret.
614 3494 686 3561 Quid
697 3496 791 3548 asilaus
802 3495 889 3547 nnio
909 3499 969 3549 erto
1022 3500 1075 3558 tas,
1092 3504 1144 3551 etc.
1162 3496 1333 3566 Hieronymo
1355 3492 1527 3549 earisentiens
1541 3491 1711 3564 Augustinus
1731 3493 1830 3547 :Inter

169 3563 643 3634 nequitiasamicationisaacipitur?
654 3564 787 3630 Quosdam
795 3565 866 3619 enim
896 3565 969 3620 iada·
1022 3569 1128 3629 amnia,
1142 3565 1194 3629 ait,
1207 3567 1355 3621 conamina
1366 3565 1589 3625 Christianorum,
1605 3563 1663 3618 sale
1679 3562 1750 3616 dure
1761 3566 1830 3618 sunt

170 3631 250 3690 lusin
259 3637 383 3704 opertum
393 3633 470 3688 abeas
483 3635 673 3702 fornicationis
684 3636 795 3698 ineeln't,
843 3635 969 3690 ibusdum
1022 3638 1120 3708 praelia
1130 3637 1331 3704 instituissem
1339 3635 1500 3705 quotidiana
1514 3639 1553 3689 est
1562 3648 1665 3704 pupae,
1678 3636 1778 3689 etrera
1788 3636 1830 3689 ei·

167 3704 340 3833 {amandes
354 3704 454 3788 illatdit.
469 3706 565 3789 Omina
579 3706 779 3775 aquinatem
871 3706 970 3789 liiiju-
1025 3710 1120 3791 alarin.
1137 3708 1250 3791 Gratum
1263 3722 1381 3791 iramque
1391 3707 1661 3789 sortitaestncastilas
1674 3705 1827 3787 inimicum.

189 3782 277 3841 entier,
289 3792 356 3847 quia
366 3780 755 3847 quieastecieerepropanunt,
765 3777 970 3833 deblnndrmen·
1026 3795 1072 3833 ciii
1088 3780 1362 3849 quatidteresistrtur,
1376 3781 1401 3832 et
1408 3791 1512 3846 seraper
1524 3780 1634 3831 timetur
1648 3775 1717 3840 (bib.
1728 3775 1827 3831 dello·

169 3850 197 3904 te
205 3851 296 3904 earnis
309 3850 339 3903 in
351 3863 378 3903 se
390 3848 497 3917 aliqiiid
506 3851 622 3903 retinuere
633 3863 686 3902 aion
698 3848 803 3904 debent.
818 3848 892 3904 Alibi
903 3848 971 3904 item
1025 3855 1101 3905 nesta
1110 3851 1218 3905 mulier.
1230 3866 1252 3906 c.
1263 3853 1301 3915 t).
1314 3847 1454 3904 Palladius
1464 3861 1574 3918 qunque
1587 3845 1744 3902 inHistaria
1755 3847 1828 3903 Iau-

168 3920 319 3992 Gregarius
333 3917 612 3989 (Lib.xx1lloral.-c.
628 3924 656 3985 9)
674 3922 801 3982 :binim
814 3918 912 3990 inquit,
925 3921 973 3976 lob
1026 3921 1112 3992 siam,
1134 3921 1232 3978 scribit
1254 3920 1382 3977 abbatem
1398 3917 1553 3974 Paclianem
1572 3917 1629 3973 sive
1648 3915 1822 3973 Paehanium

168 3992 393 4048 arimenluauriae
403 3990 531 4061 miniatis
542 3993 583 4045 ait
594 4009 602 4044 ε
613 3993 736 4060 lqnisest
747 3991 974 4062 usqneodperdi
1026 3997 1092 4061 (non
1110 3991 1289 4049 Pacbamium
1305 3994 1328 4047 T
1329 3990 1529 4054 abennensem)
1551 3997 1659 4059 aptasse
1673 3987 1827 4045 bestiarum

168 4065 268 4119 tionem
277 4063 420 4118 deiforans.
434 4064 502 4130 Quia
513 4063 641 4116 ariminum
653 4067 744 4118 aeonis
755 4062 973 4133 deliniationis
1028 4064 1155 4121 dentibus
1168 4064 1277 4130 laniari,
1291 4062 1408 4134 eoquod
1420 4059 1601 4133 quadraginta
1615 4073 1750 4115 annornm
1759 4057 1828 4115 sali·

167 4149 220 4190 nara
230 4134 315 4188 saleim
324 4135 824 4205 usqamadinquinameutummaaulat,
836 4134 973 4205 sedesque
1028 4135 1132 4203 tudine,
1144 4135 1314 4208 jejuniorum
1327 4134 1496 4204 aliarumque
1511 4146 1602 4187 rerum
1615 4130 1760 4199 asperitate
1769 4144 1829 4187 non

170 4204 208 4257 nd
220 4205 398 4271 perditionem
406 4210 493 4260 iurat.
506 4209 542 4261 Et
555 4207 621 4275 quia
635 4207 782 4275 quamlibet
797 4207 854 4261 alin
865 4207 974 4273 iecerint
1027 4207 1146 4278 potuerit
1161 4204 1234 4261 huno
1252 4205 1359 4260 hostem
1374 4219 1442 4274 expu
1462 4217 1537 4267 nore,
1553 4201 1616 4258 lieet
1630 4201 1655 4258 ei
1671 4215 1824 4273 numquam

170 4272 238 4351 bmui
246 4276 366 4340 operosi
374 4274 579 4329 lumem'oescclus
589 4291 641 4330 nan
652 4278 785 4338 oblinitur,
796 4279 975 4332 immunitate
1028 4276 1218 4333 succubuisset
1237 4278 1339 4341 (Lausi.
1357 4278 1411 4339 29).
1431 4219 1505 4331 idem
1526 4271 1610 4329 refert
1625 4280 1651 4329 et
1663 4273 1789 4345 Moysen)
1810 4287 1828 4328 e

168 4342 251 4410 bupu
263 4343 662 4403 criminisabrauntur.secutns
673 4347 804 4414 udjnnait
817 4350 871 4402 :Et
882 4349 974 4401 amnia
1029 4347 1134 4403 latrone
1149 4345 1304 4413 eremitam,
1317 4345 1394 4417 cujus
1407 4345 1462 4401 rita
1476 4344 1615 4418 quandam
1628 4358 1725 4415 parum
1735 4342 1827 4400 conti·

168 4412 468 4493 enulicnnsqeniminu.
479 4413 976 4487 Genimi'naquippesnntanimnepe-
1029 4433 1097 4473 nens
1112 4415 1217 4482 luerat,
1233 4416 1307 4473 nulla
1325 4415 1423 4498 jejurtii
1445 4416 1590 4471 severitate
1608 4415 1730 4486 patuisse
1743 4413 1828 4470 lasei-

168 4486 288 4536 ratimies
299 4481 382 4538 barim.
394 4483 445 4539 Cui
453 4486 541 4536 tamen
552 4485 577 4536 si
586 4497 710 4551 pemierm
720 4485 814 4539 ordine
824 4487 976 4541 caradarni·
1029 4488 1102 4543 viam
1111 4486 1340 4555 camisdamare;
1350 4502 1437 4543 imma
1447 4503 1509 4543 aum
1520 4494 1581 4558 past
1591 4484 1829 4557 sexenniumje'u·

167 4558 262 4614 uallet.
272 4553 335 4622 t'ane
345 4553 561 4608 liimim'mamnia
572 4553 971 4623 beriepralutaaancrnnantur.
991 4545 1076 4615 linio
1091 4558 1196 4632 vigilias
1211 4557 1367 4624 diuturnas,
1383 4558 1479 4626 longas
1494 4572 1604 4628 preces,
1619 4557 1774 4629 multasque
1812 4586 1827 4597 -

166 4624 252 4684 Nialia
268 4627 367 4694 quiippe
392 4630 455 4679 ante
473 4625 659 4694 omnipotentis
678 4627 728 4681 liei
748 4626 835 4680 oculas
856 4625 974 4695 institue
1027 4646 1136 4704 erymas
1155 4630 1309 4703 junxisset,
1335 4630 1405 4686 nibil
1431 4638 1522 4685 minen
1543 4628 1712 4694 obtinuisse,
1737 4628 1828 4684 danea

163 4697 329 4769 pietatisque
338 4700 400 4751 sttui
408 4711 499 4823 ‘alteru
510 4710 571 4765 quoe
581 4699 971 4778 corruptioniscmraaumm·
1026 4702 1138 4758 tandem
1154 4709 1215 4774 past
1229 4701 1381 4758 exantlatas
1393 4700 1463 4758 alios
1484 4699 1585 4755 multas
1598 4699 1719 4767 labores,
1734 4698 1822 4756 bene·

167 4773 291 4825 strantur
305 4771 407 4823 immun
426 4785 453 4823 ιι.
468 4768 536 4824 llaee
550 4774 577 4823 ct
592 4767 644 4823 alra
664 4771 698 4824 D.
716 4767 879 4840 Gregorius,
891 4769 971 4827 sitia·
1022 4774 1143 4830 dictione
1172 4773 1259 4829 Patris
1279 4772 1430 4844 spiritualis
1451 4771 1538 4828 saneti
1558 4769 1676 4838 isidori,
1702 4769 1828 4842 quietem

166 4855 230 4898 rum
247 4856 279 4896 ac
293 4855 403 4896 morum
417 4854 516 4898 censor
530 4846 557 4895 et
575 4839 730 4911 explorator
743 4838 930 4898 acutissimus.
1021 4847 1151 4916 aliquam,
1168 4842 1300 4900 &mente
1314 4845 1377 4900 lieet
1389 4846 1499 4908 satana,
1516 4840 1668 4911 meruisset.

203 4923 216 4948 ·
238 4913 329 4979 Quam
348 4912 474 4979 difficile,
497 4911 660 4969 diuturnum
680 4919 707 4968 ct
727 4911 909 4984 periculosum
930 4913 967 4970 sit
1055 4911 1126 4973 ¹³Sie
1141 4915 1227 4972 abbas
1245 4915 1376 4986 Serapion
1391 4914 1482 4970 collat.
1495 4920 1523 4975 5,
1544 4928 1604 4996 cap.
1618 4917 1657 4968 l:
1679 4910 1827 4982 Spiritalia

168 4989 307 5038 certamen
318 4984 394 5061 'quad
415 4983 548 5039 adversus
568 4984 696 5054 spiritum
714 4981 921 5054 fornicationis,
938 4984 965 5041 id
1018 4990 1086 5042 titia
1106 4989 1223 5058 simplici
1243 4988 1332 5042 cordis
1351 4987 1472 5054 indiqcnt
1485 4985 1618 5040 medimna
1633 5002 1642 5039 ι
1660 4997 1722 5053 quea
1736 4984 1826 5037 entem

168 5061 220 5117 est,
236 5050 382 5119 luxuriam,
397 5066 445 5108 seu
459 5053 549 5109 earnis
560 5055 810 5126 concupiscentiam
824 5054 904 5111 nobis
917 5071 964 5113 as·
1019 5061 1144 5114 carnalia
1155 5063 1228 5123 saint,
1241 5074 1294 5112 nan
1303 5060 1360 5113 nisi
1369 5058 1473 5127 duplici
1483 5057 1520 5110 ud
1532 5058 1675 5111 seruitutem
1689 5055 1829 5108 aurutiana

167 5122 246 5180 sidua
267 5123 417 5195 gerendum
437 5131 487 5187 est,
509 5125 545 5179 D.
567 5125 750 5198 Hieronymus
769 5129 903 5197 expressit
921 5126 964 5184 bis
1016 5133 1186 5201 pemmiunt.
1200 5130 1274 5185 Uinde
1284 5131 1403 5199 puritati
1414 5128 1583 5182 studentibus
1597 5127 1748 5196 plurimum
1761 5139 1829 5178 can·

167 5192 258 5250 verbis
268 5196 367 5264 (Epist.
382 5195 584 5264 taenearum)
597 5214 603 5250 :
615 5198 742 5253 Alia-iitia
752 5198 899 5252 calcatura
909 5200 965 5268 ple·
1018 5203 1076 5269 tert
1085 5207 1117 5256 ut
1127 5203 1223 5256 liuram
1233 5201 1387 5255 uernalium
1393 5201 1548 5269 passionum
1557 5196 1828 5267 ipsasmatariasstbt‘

164 5265 363 5336 elequentiam
373 5265 665 5336 marsiqriadepanitur.
677 5268 834 5324 bluledicnrn
844 5269 963 5337 linquam
1017 5275 1145 5343 primitus
1160 5273 1338 5335 subtrabunt,
1349 5272 1447 5340 quibus
1463 5274 1550 5341 potest
1562 5270 1604 5323 cel
1616 5270 1718 5323 occasio
1726 5267 1769 5322 ael
1780 5282 1828 5322 rc·

162 5336 295 5391 indictum
305 5337 581 5393 emendutsilentium.
589 5340 681 5395 Caelius
690 5340 808 5408 corpioiis
820 5341 847 5393 et
856 5340 966 5396 militm
1018 5345 1138 5399 cardatia
1152 5343 1305 5398 ramnum
1313 5344 1468 5413 passionum
1477 5341 1623 5410 maratonii
1633 5339 1829 5394 adducentium

163 5409 277 5463 uestium
296 5409 376 5462 narius
392 5409 464 5462 beree
478 5410 567 5478 spatia
586 5414 775 5465 commutatur.
797 5410 893 5465 Omnia
907 5412 962 5466 alia
1018 5417 1150 5484 pennati.
1166 5416 1287 5473 Necessse
1301 5419 1340 5468 est
1358 5415 1430 5469 eniln
1443 5417 1473 5467 ut
1492 5411 1583 5467 inorbo
1601 5411 1704 5480 duplici
1724 5409 1829 5479 duplex

160 5483 271 5549 peccata
280 5481 444 5534 extrinsecus
453 5484 531 5546 sunt;
542 5485 567 5536 et
576 5480 648 5550 quod
656 5481 725 5548 soris
739 5484 787 5542 esi,
800 5481 881 5547 facile
892 5483 965 5552 abji-
1018 5486 1181 5541 adhibeatur
1194 5488 1306 5542 curatio.
1324 5487 1392 5541 licam
1404 5485 1516 5554 cmpuli,
1530 5482 1783 5551 necmicupisccntin
1797 5482 1826 5534 in

162 5553 241 5606 ιιίιιι.
259 5551 321 5608 Solu
338 5550 422 5604 libiela
436 5552 520 5605 insita
534 5564 552 5605 a
566 5553 617 5606 ltro
631 5552 662 5606 ab
675 5551 818 5606 liberarum
835 5568 965 5622 procrea·
1019 5558 1146 5626 effectum
1153 5561 1237 5613 tentet
1245 5572 1429 5628 prmnmperc,
1437 5556 1586 5611 neomaenia
1592 5554 1697 5622 effigies
1706 5556 1732 5606 et
1743 5555 1828 5606 mate·

162 5622 961 5695 tianeminessiieseqreditur,aedilualatinuitiumetqun·
1020 5631 1064 5682 ria
1073 5630 1186 5683 illiciens
1196 5628 1381 5683 subtrahenda
1390 5631 1474 5696 est;et
1485 5629 1585 5681 animm
1594 5624 1828 5684 niliilominus,ne

157 5693 224 5747 dam
239 5694 295 5762 leae
309 5697 415 5748 nature
430 5694 460 5747 in
479 5693 562 5749 seritis
576 5695 701 5763 asumpsit.
716 5694 836 5750 Graiidis
851 5697 963 5751 uirtutis
1018 5715 1078 5755 enm
1089 5701 1131 5755 ael
1140 5702 1301 5769 capitatione
1309 5701 1450 5769 concipiat,
1463 5697 1591 5753 attentior
1600 5695 1742 5750 meditatio
1753 5694 1826 5749 Scit·

140 5767 192 5823 iel,
211 5765 376 5820 etsallmroe
389 5765 546 5836 (dispertiae
556 5778 687 5836 mqicrare
700 5766 771 5837 quad
779 5771 860 5822 natus
870 5768 924 5832 sin
934 5769 963 5822 in
1016 5775 1170 5840 plurarem,
1182 5775 1208 5827 et
1216 5769 1367 5826 sollicitudo
1375 5768 1500 5840 peruigil,
1509 5782 1541 5821 ac
1550 5768 1660 5822 ranab'a
1669 5766 1825 5822 solitudinis

125 5841 282 5889 minianen
300 5836 455 5892 carnanter
467 5839 571 5904 iubere,
587 5843 675 5895 terrem
685 5853 811 5912 pnqnmc
829 5839 963 5914 perendie,
1018 5842 1179 5913 appetenda.
