3848 6158
128 250 180 306 539
670 243 810 303 loannis
828 243 977 300 CdSSlle
997 240 1239 301 sculturbura.
1729 242 1784 296 bib

128 373 193 433 mici
207 374 416 448 impugnatione
431 372 601 432 consuetudo
616 373 731 446 ingesta,
742 374 966 446 utpostquamA
981 370 1114 428 lurionem
1136 368 1292 427 durissimae
1324 366 1484 439 captivitatis
1508 381 1526 423 a
1549 364 1672 423 Domino
1699 363 1786 438 depo·

127 468 284 527 refecissem
299 469 366 527 bora
388 485 459 526 noua
482 484 546 526 cum
570 480 646 535 sene,
666 471 778 523 unum·
802 480 930 539 pamma·
982 474 1098 532 sacrent,
1124 463 1278 538 imploravi.
1304 465 1382 520 Tunc
1401 476 1482 519 senar
1508 480 1515 516 :
1542 458 1669 529 conlido,
1694 460 1784 527 ait,o

127 564 202 621 cium
215 563 336 636 quotidie
361 563 388 618 in
409 562 473 620 sinu
499 575 563 617 meo
576 560 694 617 latenter
714 558 928 628 absconderem,
983 575 1059 633 puer,
1075 559 1215 616 ⁰absolvit
1229 567 1256 615 te
1269 557 1304 615 ab
1323 558 1374 615 bac
1392 556 1557 629 captivitate,
1580 555 1664 612 etiam
1679 569 1726 612 me
1740 562 1785 612 ta-

128 657 203 732 quod
225 674 287 730 sero
312 659 359 715 illo
389 658 533 730 ignorante
558 654 664 712 occulte
690 654 816 712 edebam.
846 653 930 726 Quod
982 651 1289 721 cente,coniessiotua.
1304 652 1444 709 Victorem
1458 664 1577 722 namque
1590 646 1785 707 adversarium

129 750 244 820 lartum,
259 751 323 807 licet
336 749 524 807 convenientia
544 749 600 818 [Al.
627 747 811 817 conniventia]
837 747 929 820 volup
982 755 1062 804 tuum
1075 745 1156 804 bodie
1174 745 1356 820 triumphasti,
1369 745 1484 803 validius
1506 758 1577 800 eum
1600 752 1648 800 tua
1673 741 1789 802 confes·

77 859 80 863 ·
129 845 194 901 tatis
220 853 248 901 et
270 844 357 901 inoliti
381 844 465 902 semel
490 842 616 901 desiderii
641 843 855 902 incontinentia·
871 842 930 900 siue
982 841 1058 900 sione
1070 842 1183 910 elidens,
1195 856 1278 914 qnam
1297 841 1354 914 ipso
1367 839 1458 897 iceras
1478 838 1512 896 ab
1530 854 1564 896 oo
1579 847 1625 896 tua
1638 839 1790 896 taciturni·

129 938 279 1019 masatiom
301 939 515 1007 committerem,
540 938 646 1012 expleta
665 947 761 996 tamen
782 938 929 1011 concupis·
982 945 1037 994 tata
1049 936 1193 1010 deiectus:
1215 949 1298 1008 quem
1312 937 1405 1009 utique
1425 947 1598 1008 nequaquam
1612 934 1655 990 vel
1667 941 1731 1004 tua,
1746 933 1794 993 tol

128 1020 215 1088 canda
231 1030 415 1097 frandulenta,
433 1030 469 1089 ad
483 1033 680 1106 memetipsum
693 1040 833 1090 revertens
846 1046 930 1106 super
981 1030 1091 1089 alterius
1105 1026 1281 1102 responsione
1298 1032 1381 1100 [laps.
1402 1032 1433 1085 ic
1451 1044 1541 1099 cmrp.
1560 1028 1799 1102 reprehensione}

129 1126 249 1185 admisso
274 1127 342 1185 iurti
373 1128 504 1197 cumina,
531 1126 639 1200 gravius
661 1127 815 1195 cruciabar,
845 1130 929 1200 quam
981 1124 1135 1193 contutans,
1149 1126 1178 1182 iu
1194 1132 1223 1181 te
1246 1139 1320 1181 nunc
1333 1138 1418 1196 nsque
1440 1122 1603 1196 permiseras
1633 1123 1801 1194 dominari,

128 1237 211 1296 super
235 1239 282 1279 esu
305 1223 363 1297 ejus
385 1221 491 1280 ineram
510 1222 687 1297 jucundatus.
710 1222 834 1295 Cumque
859 1219 928 1278 illud
981 1217 1555 1279 secundumillamstdomonissentcutiam
1570 1220 1678 1283 (Bootes.
1692 1223 1767 1287 vtrt)
1781 1240 1800 1277 ι

129 1317 351 1375 molestissimum
364 1332 434 1391 opus
444 1319 519 1376 velut
528 1317 564 1375 ab
583 1315 756 1376 exactoribus
778 1313 929 1373 Pharaonis
982 1303 1077 1385 doum
1090 1332 1144 1371 coa
1162 1319 1194 1386 tit
1213 1315 1387 1372 mastradictio
1401 1315 1444 1371 laia
1474 1315 1653 1385 putrescimus
1679 1314 1799 1369 molum

128 1413 226 1480 (acad.
243 1416 270 1482 v)
293 1412 429 1471 indictum
449 1412 520 1470 mibi
538 1412 598 1471 vice
610 1411 728 1469 laterum
746 1407 928 1483 singulisdie·
981 1415 1042 1478 cito,
1057 1411 1117 1466 ideo
1132 1411 1265 1480 repletum
1277 1409 1498 1479 estmrtllicram
1509 1409 1650 1465 ltmciaam
1664 1408 1806 1478 ineptia,

128 1508 180 1565 bus
193 1508 301 1583 explere
315 1525 372 1568 nou
382 1509 440 1567 sine
453 1509 550 1569 dolore
564 1508 654 1566 cordis
668 1507 722 1564 mei
737 1504 927 1578 compellerer,
981 1513 1011 1564 ut
1028 1510 1131 1575 semaam
1144 1508 1225 1564 mala.
1241 1510 1277 1563 Et
1297 1506 1399 1564 idcirco
1409 1505 1469 1576 jam
1480 1513 1509 1564 te
1527 1505 1677 1578 posthanc
1695 1503 1812 1577 publi-

128 1619 179 1662 nec
191 1612 285 1662 tamen
296 1620 391 1664 eruere
410 1620 455 1663 me
480 1620 588 1678 possem
601 1602 637 1660 ab
649 1603 701 1659 bac
725 1615 822 1657 eornm
836 1597 929 1655 savia·
982 1601 1205 1659 catiouemtuam
1232 1600 1413 1673 nequissimus
1426 1600 1537 1672 spiritus
1559 1599 1610 1657 iste
1628 1599 1803 1672 inquietare

128 1699 199 1756 sima
214 1700 366 1773 tyrannide,
381 1698 618 1758 etclandestinum
641 1696 748 1754 lurtum
766 1693 824 1751 seni
837 1691 928 1749 mani·
982 1712 1038 1754 nou
1048 1696 1158 1770 poterit,
1170 1710 1221 1753 nec
1234 1695 1301 1752 inte
1313 1694 1458 1752 latibulum
1472 1694 1524 1753 sibi
1548 1693 1708 1751 teterrimus
1727 1707 1808 1750 ser-

129 1791 229 1852 iestara
246 1793 440 1863 confunderer,
455 1793 570 1867 contigit
582 1791 633 1849 Dei
655 1800 725 1848 nutu
748 1788 783 1846 dc
809 1787 864 1845 boc
882 1801 929 1843 me
942 1793 967 1858 Β
983 1807 1049 1864 pens
1064 1790 1189 1864 deinceps
1202 1789 1353 1862 usurpabit,
1367 1789 1402 1847 de
1419 1788 1541 1847 tenebris
1557 1787 1596 1846 tui
1606 1786 1700 1871 cordis
1715 1802 1807 1843 eon-

129 1888 295 1960 captivitatis
305 1889 373 1962 jugo
385 1889 499 1947 volentis
516 1887 630 1960 eripere,
656 1894 687 1943 ut
701 1883 816 1959 qnidam
831 1881 930 1940 batres
982 1886 1099 1944 lesdone
1111 1885 1221 1944 salutari
1232 1891 1386 1958 protractus
1408 1882 1443 1941 ad
1465 1884 1565 1941 lucem.
1577 1884 1634 1940 llec
1646 1881 1719 1940 dum
1735 1896 1796 1939 se·

129 1984 227 2041 cellam
238 1985 310 2042 senis
330 1985 445 2042 obtentu
457 1982 648 2043 aedificationis
667 1989 834 2054 expeterent.
850 1981 929 2038 Cum
982 1997 1035 2038 nex
1047 1978 1200 2038 bmcverba
1214 1977 1408 2050 compleverat,
1425 1985 1454 2034 et
1473 1992 1536 2035 eece
1547 1976 1652 2050 lampas
1665 1989 1809 2033 amensa!

129 2093 183 2150 que
195 2077 343 2135 reiectione
356 2076 505 2146 'mansacta
530 2074 639 2132 collatio
655 2075 781 2148 spiritalis
802 2075 930 2149 caepisset
982 2073 1017 2131 de
1029 2088 1092 2131 meo
1106 2072 1167 2129 sinu
1181 2069 1332 2145 procedens
1343 2071 1379 2128 ita
1392 2069 1488 2128 cellam
1501 2070 1617 2145 replerit
1626 2069 1719 2128 odore
1730 2070 1811 2127 sul-

129 2171 238 2242 agitari,
256 2169 481 2243 respondensque
504 2185 587 2227 senex
608 2169 756 2242 propositis
779 2169 930 2243 interroga·
959 2165 1071 2234 turco,
1088 2176 1120 2225 ut
1133 2166 1301 2224 vehementia
1312 2164 1410 2225 temus
1424 2165 1508 2239 ipsius
1527 2165 1571 2223 vis
1592 2164 1668 2224 inea
1681 2164 1810 2224 reside·-

129 2262 252 2320 tionibus
266 2278 374 2333 eorum,
397 2263 431 2322 de
451 2264 649 2337 gastrimargiae
670 2265 734 2322 vitio
759 2273 787 2322 et
807 2265 928 2325 occulta·
982 2276 1012 2320 re
1024 2276 1077 2318 uos
1091 2259 1267 2334 permitteret.
1290 2261 1500 2333 ilesumeusque
1512 2274 1596 2316 senex
1616 2258 1812 2317 admonitio-

130 2371 195 2412 rum
208 2356 405 2430 cogitationum
413 2356 602 2415 dominatione
613 2356 771 2426 dissereret,
781 2372 931 2432 earumque
982 2371 1057 2424 nem,
1070 2357 1153 2425 Ecce,
1162 2355 1259 2427 inquit,
1267 2354 1402 2412 Dominus
1410 2353 1462 2412 tibi
1471 2353 1613 2411 veritatem
1623 2368 1810 2412 sermonum

130 2457 254 2506 naturam
269 2458 297 2507 et
309 2450 510 2508 atrocissimam
523 2451 578 2507 dm
588 2467 671 2524 quam
685 2451 828 2521 baberent,
841 2450 931 2509 donec
982 2462 1109 2506 meomm
1121 2447 1261 2505 visibiliter
1283 2447 1453 2521 approbavit,
1467 2455 1499 2506 ut
1512 2447 1647 2522 passionis
1664 2449 1809 2508 incusto-

129 2543 291 2613 celarentur,
314 2552 471 2618 exponeret,
496 2555 678 2619 compunctus
705 2561 756 2619 ego
777 2544 930 2604 collationis
982 2559 1043 2601 rem
1056 2542 1090 2602 de
1103 2542 1245 2601 cordetuo
1259 2541 1433 2601 confessione
1446 2542 1550 2602 salubri
1562 2542 1706 2619 iugatum,
1722 2560 1801 2604 oeta-

131 2638 212 2712 hujus
241 2640 351 2707 virtute,
373 2649 401 2697 et
436 2640 600 2697 conscientia
621 2640 802 2714 redarguente
827 2649 930 2715 perter-
983 2637 1016 2694 lia
1035 2635 1197 2710 pervideres,
1219 2636 1440 2710 patefactumque
1465 2636 1575 2695 bostem
1606 2653 1799 2713 nequaquam

131 2731 211 2801 ritus,
227 2732 301 2790 velut
312 2733 359 2805 qui
374 2732 514 2791 crederem
534 2735 569 2793 ob
586 2734 639 2791 boc
652 2749 685 2792 ea
707 2734 792 2793 luisse
812 2736 929 2810 prolata,
983 2730 1075 2789 locum
1089 2732 1117 2789 in
1130 2741 1158 2790 te
1169 2717 1288 2789 ulterius
1300 2731 1471 2804 habiturum,
1493 2739 1588 2806 aperta
1602 2732 1677 2808 eius.
1689 2732 1799 2810 expul-

131 2824 208 2897 quod
232 2825 289 2882 acui
308 2825 451 2883 Dominus
475 2835 578 2884 secreta
603 2827 655 2885 mei
676 2829 792 2900 pectoris
813 2828 930 2888 revelas·
984 2828 1082 2897 sione,
1106 2841 1294 2900 cognosceres.
1319 2829 1415 2901 ltaque
1435 2826 1589 2886 secundum
1621 2829 1790 2889 sententiam

128 2926 180 2988 set,
194 2918 223 2975 in
243 2919 367 2976 occultos
381 2919 502 2992 primum
516 2921 637 2994 gemitus
657 2922 803 2992 excitatus,
831 2920 931 2981 deiude
984 2921 1068 2992 senis,
1080 2922 1121 2979 lta
1134 2930 1186 2991 est,
1202 2922 1304 2995 iuquit,
1330 2921 1359 2978 iu
1381 2937 1426 2980 mc
1439 2920 1621 2982 confessionis
1637 2922 1725 2999 bujm
1736 2925 1793 2985 tit·

129 3013 221 3071 cordis
233 3013 290 3071 mei
303 3015 512 3089 compunctione
526 3024 676 3089 crescente,
691 3017 720 3074 in
741 3024 852 3091 apertos
877 3018 931 3075 siu·
984 3025 1043 3076 tute
1054 3015 1207 3074 dominatio
1221 3015 1370 3089 'diabolicae
1392 3015 1463 3074 illios
1481 3016 1638 3092 tyrannidis
1652 3020 1787 3079 suaficata

130 3107 223 3176 gultus
260 3108 449 3182 lacrymasque
490 3125 685 3185 prommpens,
729 3112 930 3185 paxamacium,
982 3119 1065 3186 atque
1074 3112 1104 3169 in
1117 3119 1281 3185 perpetuum
1292 3111 1447 3186 consopita,
1459 3120 1491 3170 ut
1503 3128 1660 3186 numqnmn
1671 3114 1785 3176 mibint

129 3192 231 3273 hquod
250 3201 452 3259 consuetudine
474 3203 573 3261 vitiosa
599 3192 723 3263 clancule¹
736 3204 928 3263 subtraxeram
945 3194 1147 3264 Cmemoriam
1179 3205 1292 3279 quidem
1315 3206 1542 3279 concupiscentias
1564 3205 1653 3286 bulum
1674 3209 1788 3271 ulterim

133 3294 346 3367 comedendum,
375 3297 410 3357 de
430 3299 493 3356 sinu
517 3299 591 3358 iurti'
608 3300 663 3360 mci
683 3302 795 3360 conscio
812 3317 846 3360 ao
868 3316 930 3360 sus·
983 3299 1127 3363 tentaverit
1151 3300 1279 3359 iuimicus
1293 3299 1426 3374 ingerere,
1448 3316 1499 3359 uec
1512 3316 1558 3358 ma
1577 3308 1644 3376 post
1663 3300 1727 3363 ltaec
1739 3303 1786 3362 ali·

132 3394 243 3460 captore
263 3387 393 3463 produxi,
414 3391 560 3466 ipsumque
579 3393 609 3451 in
631 3393 754 3455 medium
775 3394 929 3469 proterens,
954 3394 1093 3468 -quando
1109 3395 1247 3469 pulsatum
1262 3395 1355 3455 furtivi
1370 3395 1444 3453 illius
1460 3395 1589 3455 desiderii
1613 3396 1791 3472 instigatione

129 3481 368 3555 quamadmodum
400 3486 523 3559 quotidie
561 3487 677 3547 latenter
709 3489 831 3562 meram,
864 3505 932 3564 pro·
984 3490 1175 3563 persenserim.
1200 3494 1289 3566 Quem
1315 3506 1428 3550 emaum
1444 3492 1473 3548 iu
1496 3491 1656 3550 Eoebsiam
1673 3508 1790 3568 quoque

130 3583 232 3634 stratus
256 3576 416 3648 interram,
439 3595 505 3638 cum
536 3582 622 3640 venie
657 3583 839 3657 postulatione
866 3599 932 3642 con·
985 3582 1167 3656 pulcherrima
1182 3583 1298 3658 legimus
1321 3584 1490 3657 liguratum:
1512 3593 1524 3623 ⁸
1547 3587 1581 3644 st
1600 3588 1789 3655 momorderit,

64 3718 67 3724 .
130 3666 219 3728 lessus
237 3684 311 3742 sum,
332 3677 361 3729 et
378 3670 498 3730 ubertim
513 3673 630 3746 profusis
645 3674 784 3750 lacrymis,
807 3685 839 3735 ut
851 3674 931 3736 obso-
983 3678 1392 3751 iuquit,serpctrscoainslbilo,
1403 3680 1684 3740 cutcteomdomm
1695 3685 1791 3743 inona-

676 3801 804 3859 antam
823 3802 936 3860 utzml
954 3803 1236 3862 COMMENTARIUS.

164 3925 177 3951 ⁸
190 3915 481 4003 aliastpaximacium,
497 3918 598 3989 dequo
614 3919 682 4005 'alibi
697 3920 828 3990 diximus,
844 3931 873 3980 et
886 3923 928 3980 in·
984 3928 1066 3983 coire.
1081 3926 1254 3986 Nomdieit:
1270 3926 1382 3994 Quaado
1393 3941 1434 3980 mc
1448 3925 1795 4001 oobbmmoredcbotisy'e-

129 3984 172 4042 ira
183 3986 282 4070 dictum
292 4004 389 4046 sumus
402 3992 471 4073 lbab.
496 4005 528 4048 tv
550 3995 641 4048 lmlat.
663 4008 723 4064 cop.
748 4000 791 4050 tt.
806 3995 866 4049 coll.
889 3999 929 4061 2).
979 3997 1091 4068 instare,
1105 3999 1203 4055 ocmdtc
1217 3997 1401 4053 comedebam:
1418 4003 1444 4053 ct
1456 4012 1591 4053 cocceam
1601 3998 1640 4053 od
1653 3999 1793 4058 denorum

132 4059 243 4130 legemr
257 4067 284 4115 et
304 4061 488 4145 paxamidium
510 4062 538 4118 in
556 4063 620 4121 Vita
640 4064 716 4147 Pauli
739 4065 883 4139 Simplicis,
903 4075 932 4124 et
984 4069 1050 4125 dum
1063 4069 1175 4124 damona·
1188 4070 1388 4137 traditiosam,
1402 4068 1550 4139 permade
1562 4083 1613 4124 sac
1624 4085 1685 4125 mee
1700 4088 1794 4141 penato

130 4131 933 4278 lllllltllalltlallalttllttbtttl:
983 4141 1795 4280 millitilailitlblillididiammt

132 4273 182 4328 lot.
195 4278 238 4340 tt,
250 4290 310 4344 cup.
335 4281 379 4345 ts)
393 4249 496 4402 &nem
510 4277 552 4335 bis
565 4223 839 4366 cognastgniiicard
851 4279 932 4351 diclt;
985 4285 1080 4366 statim
1093 4227 1244 4350 ’glisceret
1257 4288 1307 4347 cst,
1328 4287 1411 4354 atquc
1420 4288 1452 4339 ct
1466 4253 1620 4354 pernitendo
1631 4300 1660 4341 se
1673 4286 1795 4344 liberare

112 4351 254 4424 auctore,
278 4345 371 4411 credo,
392 4348 488 4428 uida,
514 4349 588 4421 apud
611 4365 693 4432 quem
704 4349 818 4423 παξαμας
835 4351 934 4425 dlucpoe
984 4353 1794 4425 potasset,odroccne,qttemoideret,easpcctotuamcaest.

132 4413 224 4537 dprboel,1
224 4413 260 4538 ἐξ
261 4422 415 4541 (faguffi
427 4417 493 4544 ἔξω
485 4425 581 4545 ρῶεἰιιῑθυε
583 4417 725 4546 &fatuam
737 4505 771 4547 ae
788 4491 826 4548 fin
859 4493 868 4550 Ι
987 4425 1042 4509 Quo
1055 4425 1184 4507 nimirum
1193 4426 1512 4511 constatqaiocdsolom
1522 4429 1796 4511 utilitatemcudiest·

560 4527 569 4555 ,
827 4508 934 4566 eugu-
987 4496 1175 4564 ttcmmdertt,
1191 4512 1311 4566 quacum
1325 4498 1631 4566 matemautensem
1645 4501 1752 4568 meret,
1766 4507 1796 4560 et

133 4550 175 4607 bri
202 4551 371 4635 horrendum
384 4556 540 4638 exemplum
559 4559 704 4640 cujusdam
731 4563 869 4631 monachi,
905 4565 933 4622 ui
987 4569 1114 4630 innotuit,
1128 4571 1327 4650 ottocaevosit.
1343 4571 1385 4625 lta
1400 4571 1435 4624 D.
1452 4569 1615 4652 Gregorius.

133 4637 163 4678 se
176 4638 239 4680 oum
252 4621 529 4706 'iratribusJeyunare
542 4631 676 4714 simulans
694 4633 799 4717 occulte
812 4651 876 4692 com
910 4651 934 4693 e
1022 4636 1245 4695 ⁸confessionis
1265 4640 1351 4697 virtus
1372 4646 1400 4697 et
1419 4638 1538 4697 efficacia
1561 4641 1621 4698 :de
1642 4657 1700 4715 qua
1715 4643 1793 4701 aliud

134 4693 192 4762 bat,
207 4695 306 4764 legitur
317 4696 390 4769 apud
404 4701 440 4755 D.
460 4699 850 4780 Gregormmltb.1vDralog.
868 4723 930 4781 cap.
986 4709 1075 4767 simile
1087 4719 1115 4767 et
1136 4711 1315 4768 memorabile
1328 4712 1484 4784 exemplum
1505 4711 1590 4771 babes
1611 4714 1688 4787 apud
1708 4716 1792 4774 Joan.

135 4772 180 4849 tlt,
189 4781 218 4822 m
232 4766 292 4825 baec
303 4769 384 4855 verba
398 4776 467 4830 :Det
478 4775 644 4857 etiamyteao
658 4778 733 4847 apud
746 4793 793 4834 nos
804 4779 929 4836 Atlanteo·
947 4779 972 4843 D
985 4782 1095 4839 Climan
1130 4782 1196 4839 radu
1208 4788 1236 4851 d,
1251 4784 1300 4855 qui
1313 4790 1354 4840 est
1365 4781 1400 4840 do
1414 4783 1579 4841 obedientia.

133 4842 931 4930 samenlecumopresdptcr,quaiadicbuesuislcom'trem
1019 4855 1086 4909 elta
1109 4797 1144 4909 f).
1159 4854 1356 4926 'Hieronymus
1372 4854 1499 4912 eamdem
1522 4856 1693 4914 sententiam
1710 4857 1793 4916 vertit

134 4912 522 4998 terrebalemacrmteccmssc.
541 4917 582 4972 ibt
593 4935 718 4991 nomque,
738 4924 830 4986 etad,
844 4922 932 4993 qaod·
986 4940 1019 4981 er
1043 4924 1225 4981 Hebraeum
1243 4935 1320 4983 votus
1341 4927 1484 4985 translatio
1506 4926 1589 4985 babet
1610 4946 1618 4983 :
1644 4931 1720 4998 (tam
1739 4946 1795 4987 noa

134 4982 198 5038 ἀαηι
207 4986 401 5042 dlonmtcmum
409 4989 589 5074 Tltocpolctoa
598 4992 808 5064 emanataqua
818 4994 932 5064 quidem
982 4999 1126 5067 profertur
1139 4999 1191 5053 cito
1210 5001 1305 5054 contra
1319 5000 1403 5054 aeolos
1417 5002 1559 5065 sentence,
1578 5000 1682 5073 absque
1697 5005 1795 5061 mota

134 5057 277 5111 monachas
288 5071 394 5126 empna
403 5064 586 5142 msmcmttoms
598 5063 756 5120 iubebatur.
766 5067 847 5122 Bonis
856 5068 932 5136 qm'p
985 5069 1041 5123 allo
1051 5069 1103 5137 {ilii
1114 5069 1252 5125 lominum
1258 5074 1415 5140 perpetrent
1425 5072 1507 5127 molo.

131 5142 167 5197 pc
181 5128 336 5210 cernebatur
347 5130 475 5213 mommo,
484 5135 604 5200 atquem
614 5139 746 5191 omnisam
755 5139 857 5192 celsoue
864 5152 934 5192 ccm-
1023 5139 1144 5209 ⁰,Graeca
1157 5140 1300 5197 translatio
1315 5140 1367 5198 boc
1380 5141 1439 5200 loco
1452 5141 1578 5200 nonnihil
1591 5142 1720 5201 dilierta
1742 5159 1796 5202 no·

132 5200 318 5266 possmmsed,
330 5205 440 5284 secatae
449 5205 663 5286 paterespotcit,
676 5208 934 5278 massaliterquom
985 5217 1043 5267 stra
1061 5212 1188 5284 vulgata,
1203 5226 1266 5283 quae
1286 5211 1325 5268 sic
1339 5212 1422 5270 habet
1438 5234 1445 5271 ε
1463 5216 1496 5271 Si
1507 5216 1751 5287 mordeotaevpeaa
1764 5219 1797 5273 tit

134 5271 283 5336 apparth
303 5274 370 5339 fust.
385 5274 455 5329 Nom
471 5288 531 5329 com
541 5276 668 5346 pmuacre
680 5293 709 5333 se
726 5275 932 5346 cumfratribus
985 5283 1103 5345 silentio,
1119 5284 1188 5338 nibil
1201 5298 1229 5340 eo
1249 5287 1341 5340 mdccc
1355 5287 1445 5354 babet,
1463 5289 1513 5356 qui
1530 5288 1631 5344 occulte
1653 5287 1796 5347 elambit.

44 5398 47 5403 ,
135 5337 338 5422 demonstraret,
363 5346 461 5401 occulte
480 5347 643 5430 manducare
658 5351 836 5415 mmumeret,
861 5350 933 5418 pocot
986 5353 1082 5409 Graeca
1096 5367 1160 5410 vero
1173 5355 1269 5411 Lanam
1283 5356 1319 5412 ita
1332 5365 1422 5422 sonat,
1436 5365 1466 5413 ut
1478 5358 1525 5414 hic
1536 5356 1796 5430 lereespsimitur:

135 5414 298 5493 cyttsoatsam
306 5414 406 5479 tratres
412 5431 520 5499 meana
533 5419 692 5475 mactabant.
701 5418 878 5487 macomeria
887 5437 934 5477 su·
985 5424 1017 5479 st
1030 5424 1267 5497 mordentscrpens
1276 5443 1329 5484 acm
1338 5430 1504 5503 incaeptis,
1516 5431 1655 5495 celsibt'lo,
1666 5430 1744 5486 ttiltt'l
1754 5436 1797 5489 est

131 5488 302 5564 pemmmnte
312 5486 443 5569 molestae,
458 5489 496 5543 od
507 5492 572 5545 otte
587 5496 706 5547 extrema
720 5489 931 5560 pernoctassse.
984 5496 1101 5564 amplius
1112 5498 1273 5556 incantanti.
1286 5499 1473 5568 Quamobrem
1487 5501 1572 5576 hujus
1585 5501 1731 5560 namnum
1743 5501 1798 5561 du·

136 5554 189 5619 Qec
199 5569 262 5637 cam
276 5561 343 5612 essct
358 5573 388 5612 m
399 5561 461 5627 tice,
476 5561 579 5628 tratres
590 5563 627 5618 cd
639 5577 666 5618 se
678 5576 767 5615 omncs
780 5563 829 5631 put
841 5577 933 5618 mono-
985 5564 1048 5638 pler
1062 5581 1159 5625 sensus
1172 5569 1322 5628 redditura
1336 5571 1399 5628 divo
1413 5573 1585 5646 Hieronymo
1595 5573 1674 5649 juxta
1698 5573 1795 5648 dupli·

135 5627 218 5678 sterno
231 5632 347 5708 sacrent,
358 5635 601 5712 congregatorem.
617 5635 657 5690 At
669 5633 713 5687 illi
731 5633 790 5694 toli,
806 5637 837 5688 ut
846 5640 933 5704 pcto-
984 5652 1046 5694 cem
1059 5638 1119 5709 ejus
1131 5641 1293 5699 versionem.
1313 5643 1390 5700 Prior
1408 5653 1449 5701 est
1464 5662 1471 5700 :
1484 5647 1598 5716 meres
1613 5651 1642 5703 et
1652 5646 1796 5705 dstmctor

136 5692 210 5758 bont,
222 5711 281 5779 otro
292 5706 430 5784 mamete,
445 5718 572 5771 empnam
583 5705 651 5775 puali
660 5720 692 5759 uc
701 5704 854 5761 delectabile
862 5708 932 5764 seed
984 5712 1100 5781 equales
1116 5718 1190 5769 auat.
1204 5715 1338 5782 momoria
1349 5718 1422 5771 caim
1432 5716 1478 5772 alls
1490 5719 1591 5774 cccmus
1604 5718 1737 5776 mordeas
1748 5732 1792 5775 se·

134 5766 931 5846 accuderecredtdcmat.0vtibusiase,cmictasettrcmcct,
984 5797 1082 5839 mum
1094 5787 1200 5849 immi,
1215 5789 1253 5842 sic
1263 5788 1314 5842 iste
1333 5788 1403 5844 cmm
1415 5788 1560 5846 mermes
1578 5790 1658 5846 abac
1672 5790 1794 5863 psam

134 5840 286 5910 compulsus
306 5847 346 5899 est
363 5845 480 5915 prodere
498 5848 544 5902 cai
556 5848 628 5903 boati
646 5848 769 5906 traditas
789 5851 933 5920 capcbctar
983 5855 1029 5910 sai
1039 5856 1164 5924 iactandis
1175 5859 1205 5913 ic
1217 5858 1346 5929 lintrem,
1361 5863 1387 5915 ct
1397 5859 1468 5916 nibal
1482 5860 1562 5917 moos
1575 5867 1792 5935 crementes*
