3848 6158
93 227 144 280 aba
301 218 471 276 collatio
489 220 546 277 vii.
568 251 601 261 -
622 221 665 277 uit
684 222 801 278 ANlMAE
820 222 1029 281 Monitiratb
1047 226 1091 283 ΕΤ
1110 226 1343 287 spirititibus
1363 233 1544 302 abablius.
1700 250 1753 300 670

91 357 280 414 studiosorum
310 354 450 413 mentibus
481 354 617 412 insinuare
639 356 796 427 cupientes,
830 357 897 422 alias
912 364 938 427 Α
952 360 1071 417 sectione
1102 360 1264 433 detrahere,
1292 366 1515 440 quandoquidem
1537 369 1610 427 illam
1641 375 1753 446 spiritus

93 453 259 509 arbitramur
271 447 439 507 desiderium
462 455 590 505 nostrum
621 463 672 504 nos
702 449 810 521 explere
837 466 894 507 non
950 456 1095 527 puritatem
1114 474 1176 530 quae
1197 459 1343 517 sublimior
1362 470 1418 538 est,
1433 479 1571 536 quamque
1585 464 1752 538 impossibile

94 560 184 618 posse,
199 543 317 616 quamsi
331 541 492 599 collationes
505 541 563 613 eius
577 541 682 600 nosuis
692 543 790 600 libellis
803 552 893 601 tenta-
949 558 992 605 est
1004 549 1124 608 humano
1139 552 1231 611 labore
1247 556 1288 610 rel
1303 556 1394 613 studio
1405 559 1607 631 comprehendi,
1620 576 1670 618 suo
1690 578 1752 620 mu-

94 639 211 696 rcrimus
235 638 365 695 inserere.
387 636 437 693 Cui
465 651 546 708 supra
573 652 669 694 omnes
696 638 809 697 virtutes
834 656 895 713 quae
949 659 1014 701 nere
1028 647 1196 704 contulisset.
1211 649 1336 722 Cumque
1356 651 1479 723 petitioni
1501 663 1600 724 coeptae
1618 655 1752 729 supplica-

92 750 148 790 non
163 734 254 790 solum
273 733 302 789 iu
323 732 383 804 ejus
402 738 464 787 actu
481 731 521 788 rel
538 731 681 802 motibus,
696 732 744 790 sed
764 734 848 791 etism
867 736 895 793 in
950 741 1025 796 tione
1044 740 1102 815 jugi
1115 758 1146 798 ac
1171 742 1298 816 lacrymis
1321 744 1471 804 indefessus
1492 749 1646 819 insisteret,
1671 751 1752 807 adte-

91 828 151 901 ipso
165 827 240 884 vultu
255 842 304 900 per
318 825 367 882 llei
379 825 496 897 gratiam
509 823 695 898 refulgebant,
710 825 746 882 ita
761 834 802 884 est
812 843 894 900 pecu-
950 832 1029 891 niens
1053 834 1165 892 adeum
1179 835 1290 909 angelus
1309 837 1337 893 in
1361 837 1464 895 risione
1485 848 1619 898 nocturna
1640 843 1752 915 ejusque

92 921 151 978 liari
175 920 309 977 beneflcio
326 918 431 975 donum
453 918 585 975 eastitatis
606 917 743 987 infusum,
766 928 796 976 ut
813 921 894 977 etiam
951 926 1023 984 velut
1042 928 1164 1000 aperiens
1189 937 1317 998 uterum,
1346 933 1497 1003 quamdam
1524 934 1637 1007 ignitam
1663 937 1753 992 carnis

92 1030 123 1072 se
138 1029 173 1071 ne
191 1014 256 1087 ipsis
272 1013 384 1087 quidem
398 1010 567 1069 naturalibus
586 1011 730 1070 incentivis
751 1014 894 1087 inquietari
950 1013 1111 1077 lstrumam
1125 1020 1159 1077 de
1173 1022 1231 1094 eius
1244 1022 1392 1080 visceribus
1403 1025 1520 1082 avellens
1540 1042 1572 1082 ac
1590 1027 1749 1098 projiciens,

93 1109 134 1164 rel
150 1109 179 1165 in
190 1122 289 1180 sopore
300 1104 424 1163 sentiret.
439 1104 485 1162 Ad
495 1122 578 1178 quam
591 1114 684 1164 tatum
696 1108 783 1164 carnis
797 1108 895 1180 praeci·
949 1114 1061 1186 suisque
1073 1114 1177 1181 omnia,
1191 1122 1222 1170 ut
1232 1113 1356 1182 fuerant,
1369 1116 1437 1173 locis
1446 1117 1573 1174 intestina
1583 1120 1749 1179 restituens:

91 1219 179 1275 puem
197 1201 345 1275 puritatem
361 1199 595 1274 quemadmodum
609 1203 697 1274 gratie
714 1202 761 1257 bei
775 1202 896 1259 admiui-
950 1208 1036 1275 Ecce,
1052 1206 1158 1278 inquit,
1180 1207 1311 1264 incentiva
1325 1209 1412 1265 carnis
1429 1218 1485 1266 tuae
1499 1210 1616 1267 abscissa
1627 1224 1706 1279 sunt,
1723 1225 1750 1271 ct

90 1292 203 1349 culavit
233 1291 402 1364 pervenerit,
433 1291 566 1361 ill0¹¹l³m
601 1306 684 1362 supra
711 1290 894 1348 θῡῦἆῑῖῑθῦθῐῦ
952 1301 1100 1359 obtinuisse
1123 1310 1151 1357 te
1176 1302 1285 1359 noveris
1311 1302 1441 1359 hodierna
1465 1305 1525 1371 die,
1552 1314 1563 1340 ⁶
1590 1317 1749 1378 perpetuam

88 1393 198 1441 mliii&
227 1385 333 1441 Videtur
361 1397 421 1441 08⁵⁰
447 1381 590 1451 humanae,
623 1383 806 1440 ”marium
831 1400 895 1442 ¹2⁰¹
947 1395 1070 1468 corporis
1091 1395 1248 1469 puritatem,
1271 1411 1353 1468 quam
1368 1395 1484 1453 fideliter
1504 1398 1659 1469 poposcisti.
1682 1401 1749 1456 tiso

90 1477 218 1558 Pfimlffl‘
228 1478 372 1551 explicaro.
946 1489 981 1547 de
993 1491 1080 1564 gratia
1091 1490 1154 1558 Dei,
1167 1505 1231 1561 quae
1243 1499 1399 1546 memorato
1413 1488 1470 1547 viro
1486 1491 1659 1563 peculiariter
1670 1493 1749 1549 attri-

409 1592 528 1649 CAPUT
549 1594 586 1648 11.
947 1586 1012 1642 buta
1024 1594 1075 1653 est,
1091 1585 1209 1642 breviter
1227 1584 1328 1642 dixisse
1346 1583 1474 1641 sufficiat.
1491 1587 1678 1644 Caeterum'de
1696 1588 1750 1645 illis

94 1701 255 1759 Momm
266 1699 429 1753 memmium
444 1698 477 1752 de
485 1700 609 1767 mmm
618 1700 735 1767 ,oppon-3
748 1700 857 1770 adepta,
868 1706 894 1756 ep
948 1680 1110 1742 virtutibus,
1130 1693 1198 1751 quas
1214 1693 1279 1734 cum
1300 1678 1408 1750 reliquis
1419 1678 1534 1735 summis
1545 1679 1609 1734 viris
1620 1696 1747 1737 commu-

126 1774 299 1841 toteuoqutto
307 1770 436 1842 predicti
447 1771 517 1826 senis
528 1784 607 1844 saper
616 1773 691 1826 statu
702 1774 892 1841 copitatioaam
907 1796 932 1860 B
947 1775 1019 1830 niter
1033 1770 1204 1846 possidebat,
1219 1769 1322 1842 aliquid
1343 1772 1555 1827 commemorari
1578 1772 1747 1845 superfluum

127 1848 290 1900 mmmm·
945 1877 1028 1948 puto,
1052 1882 1087 1923 ne
1106 1865 1230 1940 specialis
1244 1881 1326 1939 super
1339 1866 1451 1923 nomine
1469 1865 1551 1938 hujus
1564 1866 1614 1923 ista
1628 1868 1747 1924 narratio

128 1953 454 2029 Hissigiluritrbinliffla
466 1951 756 2026 ⁰⁰rdi⁸³i<i¹¹⁰⁸ssimae
768 1955 891 2014 millite
944 1966 1002 2025 eliis
1023 1964 1135 2022 demere
1157 1960 1281 2018 rideatur
1309 1960 1338 2017 id
1359 1961 1433 2034 quod
1452 1960 1485 2017 de
1505 1961 1558 2018 isto
1576 1961 1748 2034 singulariter
1776 2009 1778 2013 .

93 2047 236 2105 nocturnis
247 2046 411 2120 {diemisque
441 2046 580 2119 precibus,
597 2047 709 2120 jejuniis
730 2065 839 2123 quoque
859 2067 891 2108 ac
944 2058 1124 2134 predicatum
1150 2053 1239 2111 fuerit.
1265 2056 1347 2110 Hunc
1371 2054 1454 2126 igitur
1472 2070 1585 2112 summo
1615 2054 1746 2114 desiderio

95 2139 191 2211 vigillis
201 2139 404 2213 infatigabiliter
422 2141 566 2206 insistent.
585 2156 651 2199 cum
665 2140 774 2199 vidisset
787 2144 892 2200 olitio-
944 2150 1098 2209 collationis
1117 2148 1177 2220 ejus
1197 2155 1278 2218 atque
1300 2146 1479 2204 institutionis
1495 2149 1619 2214 accensi,
1647 2147 1746 2206 diebus
1813 2165 1818 2176 ·

95 2250 166 2291 num
178 2248 287 2291 suarum
301 2234 449 2292 obtinuisse
468 2252 497 2293 se
521 2244 582 2293 rota
595 2276 603 2300 ,
618 2244 785 2310 cunctosque
809 2245 892 2295 aestus
944 2237 958 2281 d
974 2243 1194 2317 Quadragesimae
1209 2242 1300 2299 videre
1312 2241 1479 2298 curavimus.
1491 2241 1550 2312 {Qui
1564 2256 1627 2297 cum
1637 2256 1653 2296 a
1665 2242 1746 2298 nobis

97 2328 125 2384 iu
148 2326 229 2386 eorde
260 2344 312 2386 tuo
339 2329 563 2403 concupiscentie
584 2330 700 2386 munatio
726 2330 889 2402 exstinctos,
944 2339 979 2396 ae
1001 2336 1131 2410 qualitate
1153 2334 1351 2409 cogitationum
1377 2343 1536 2391 nostrarum
1564 2341 1592 2389 et
1608 2333 1745 2390 interioris

95 2422 169 2479 reiut
189 2422 348 2480 suavissimo
367 2432 449 2496 gustu
466 2423 590 2497 puritatis
601 2439 730 2480 accensus
740 2466 749 2494 ,
761 2424 788 2479 iu
801 2425 889 2496 maio-
944 2428 1062 2485 hominis
1075 2434 1148 2484 statu
1162 2425 1387 2498 tranquillissima
1401 2423 1612 2496 compellatione
1630 2425 1744 2496 quaesis·

92 2530 153 2572 rem
174 2515 249 2572 sitim
270 2516 335 2572 nelo
360 2517 491 2574 mstitatis
515 2517 627 2585 exarsit,
651 2525 679 2573 et
703 2517 891 2576 intentioribus
944 2530 996 2591 set,
1008 2520 1050 2578 vel
1061 2518 1126 2593 quid
1141 2521 1219 2576 nobis
1236 2518 1272 2575 ad
1281 2519 1346 2591 {ejus
1365 2519 1512 2590 puritatem
1528 2520 1597 2574 muti
1611 2518 1745 2591 temporis

93 2610 176 2681 coepit
195 2607 304 2682 iejuniis
331 2617 413 2683 atque
437 2610 669 2667 obsecrationibus
694 2611 841 2678 incubare,
861 2620 893 2669 ut
944 2612 1029 2669 eremi
1048 2610 1180 2667 habitatio
1205 2610 1383 2676 contulisset,
1417 2609 1460 2665 bis
1481 2625 1545 2665 eum
1565 2609 1745 2681 querimoniis

92 2701 265 2760 mortidoetio
298 2703 430 2775 passionis
460 2704 540 2776 hujus
569 2718 631 2776 quae
646 2704 770 2761 interimi
788 2704 892 2762 homini
946 2703 1037 2763 adorsi
1052 2717 1156 2759 sumus.

93 2810 144 2851 suc
156 2793 229 2852 dono
242 2794 294 2852 Dei
312 2793 401 2852 fuerat
411 2796 553 2869 attributa,
568 2796 603 2854 ad
618 2799 758 2858 exterioris
771 2797 893 2857 hominis
1251 2795 1372 2852 CAPUT
1390 2795 1440 2850 111.

93 2888 176 2945 etiam
194 2889 340 2961 puritatem
352 2898 462 2947 eatenus
477 2892 629 2963 perremret
639 2934 648 2961 ,
659 2900 692 2950 ut
706 2908 741 2949 us
759 2892 816 2966 ipse
828 2893 892 2967 qui-
1029 2892 1174 2962 Responsio
1187 2894 1280 2945 aestro
1292 2904 1374 2959 super
1387 2891 1486 2944 aaimoe
1498 2889 1655 2944 mobilitate.

93 2979 158 3037 dem
170 2981 212 3037 vel
224 2981 271 3039 illo
289 2982 406 3054 simplici
424 3000 456 3039 ac
474 2982 590 3040 natuiali
609 2992 687 3042 motu
708 2985 754 3057 qui
767 2986 849 3042 etiam
864 2986 892 3042 iu
980 2984 1143 3058 supputatio
1169 2992 1328 3055 temporum
1353 2998 1384 3039 ac
1406 2981 1562 3039 solitudinis
1591 2981 1743 3052 habitatio,

94 3074 213 3146 parvulis
231 3082 312 3148 atque
328 3076 492 3133 lactantibus
507 3076 648 3145 muitetur,
672 3078 785 3135 ulterius
803 3080 892 3151 pulsa·
945 3081 1022 3155 cuius
1053 3077 1283 3151 contemplatione
1317 3075 1428 3147 conjicis
1454 3075 1590 3132 interioris
1624 3074 1745 3132 hominis

93 3175 178 3235 raur,
197 3178 211 3204 ⁸
225 3168 328 3241 indepti
348 3167 452 3226 scilieet
469 3169 591 3225 muueris
610 3169 806 3242 experimento,
818 3173 891 3244 quod
905 3164 928 3228 C
947 3171 1140 3244 perfectionem
1153 3184 1205 3226 uos
1213 3168 1341 3241 consequi
1354 3167 1494 3236 debuisse,
1506 3167 1558 3224 boc
1569 3167 1744 3225 solummodo

93 3275 125 3319 se
148 3270 263 3320 noverat
286 3278 341 3320 nou
366 3263 491 3319 laborum
511 3263 630 3332 merito,
656 3262 705 3320 scd
732 3263 783 3320 Dei
808 3263 892 3336 gratia
944 3263 1171 3327 contulitnobis,
1189 3272 1221 3319 ut
1234 3263 1400 3320 disceremus
1414 3261 1480 3334 quid
1494 3276 1553 3317 csse
1567 3277 1742 3333 nequeamus,

92 3363 286 3426 consecutum,
312 3356 452 3413 ardentius
474 3357 611 3413 animatus
636 3355 672 3413 ad
700 3356 753 3414 boc
782 3373 891 3432 quoque
942 3374 1001 3416 non
1021 3367 1114 3415 minen
1134 3356 1197 3412 iecit
1219 3370 1276 3411 esse
1297 3353 1371 3425 quod
1387 3369 1446 3410 esse
1463 3353 1670 3419 contendimus;
1692 3368 1744 3409 uec

93 3448 218 3507 similiter
242 3448 440 3518 obtinendum
463 3450 575 3507 credens
598 3450 686 3507 multo
710 3449 815 3509 facilius
842 3453 892 3509 bos
944 3455 1018 3511 enim
1031 3461 1079 3511 aut
1092 3451 1253 3510 desideratae
1266 3449 1389 3523 puritatis
1402 3448 1484 3506 fixam
1505 3448 1679 3506 stabilitatem
1697 3456 1745 3504 aut

95 3543 222 3600 stimulos
247 3544 337 3600 camis
357 3544 485 3603 radicitus
510 3548 601 3603 Deum
622 3560 703 3619 posse
725 3547 891 3618 convellere,
943 3548 1029 3606 robur
1057 3547 1169 3621 aliquod
1189 3543 1325 3603 firmitatis
1343 3559 1394 3601 uos
1419 3559 1451 3600 ac
1474 3542 1595 3600 scientiae
1618 3542 1744 3599 novimus

97 3650 168 3708 quas
191 3639 271 3695 edam
294 3638 422 3697 humanae
444 3641 510 3698 artis
529 3641 662 3700 industria
684 3658 893 3716 nonnumquam
945 3654 1100 3713 auscutos,
1115 3643 1164 3701 sed
1184 3639 1378 3712 tautummodo
1396 3637 1564 3696 confusionis
1586 3652 1618 3693 ac
1632 3636 1744 3710 pudoris

95 3729 167 3787 solet
177 3726 338 3806 quibusdam
352 3734 459 3808 poculis
474 3735 515 3792 rel
534 3735 756 3807 medicamentis,
768 3737 893 3796 seuferri
945 3748 1099 3814 augmenta.
1114 3739 1224 3798 liteuim
1237 3751 1300 3794 cum
1321 3734 1446 3792 omniurn
1460 3732 1665 3806 disciplinarum
1685 3745 1744 3786 mc·

643 3846 769 3902 strubi
788 3847 902 3905 GAZAEl
920 3848 1198 3906 COMMENTARIUS.

94 3940 279 4012 aceepitPetr.
290 3940 748 4013 Equilinus,etretulit'inCatalogo
758 3941 829 4013 (tib.
839 3959 893 4015 ιιι,
947 3950 1026 4011 uidit,
1039 3949 1149 4018 e'usque
1161 3949 1258 4002 abioai
1276 3946 1418 4016 apparuit,
1438 3940 1510 4013 qaod
1519 3955 1622 3995 amorem
1635 3937 1745 3992 modam

94 4023 120 4066 c.
136 4016 211 4079 148).
227 4012 350 4067 Meminit
359 4020 387 4066 et
408 4010 526 4064 Plrotius
540 4018 597 4064 tem
616 4007 697 4080 hujus
717 4010 824 4067 abbatis
848 4014 894 4068 Se·
947 4032 981 4072 ec
995 4019 1159 4086 potestatibus
1173 4018 1230 4086 eius
1243 4017 1368 4071 menbris
1386 4012 1569 4076 abscinderet,
1584 4014 1745 4078 atqueeaeo

93 4084 153 4137 ¹0⁰5
173 4085 221 4150 (1¹2
241 4083 364 4139 Cmsiani
382 4081 483 4147 eloqi03
501 4078 561 4135 vidi
580 4080 660 4161 ibiibi
680 4083 793 4151 aperit),
810 4096 893 4207 quem
949 4091 1066 4157 tempore
1078 4090 1118 4141 ita
1136 4088 1241 4140 alienus
1254 4087 1360 4140 sustitit
1375 4085 1557 4143 ateatatioae,
1573 4081 1640 4134 acsi
1652 4093 1746 4161 secum

94 4152 187 4209 abbati
203 4151 292 4223 bloysi
308 4151 370 4207 vitae
394 4163 492 4222 genere
512 4158 541 4206 et
559 4150 683 4208 doctrina
706 4166 803 4224 parem
828 4153 892 4218 acit,
947 4173 1001 4212 aaa
1013 4158 1281 4225 baberetittcorpore.
1297 4155 1469 4221 thuirtate
1481 4153 1568 4219 fraus
1579 4165 1614 4206 ea
1625 4164 1746 4219 omatpa·

93 4238 180 4296 quam
194 4222 277 4292 huius
291 4219 444 4276 collationis
457 4235 519 4277 cum
539 4236 572 4277 eo
595 4220 706 4290 habim,
722 4222 800 4350 cneus
816 4238 895 4280 sum-
948 4230 1030 4283 teatis
1048 4229 1099 4285 uei
1122 4227 1236 4289 otacilio,
1251 4229 1283 4280 ut
1306 4225 1372 4279 titis
1387 4227 1450 4279 uate
1461 4225 1590 4293 preerat,
1609 4224 1659 4305 ita·
1670 4225 1747 4304 capit

93 4295 185 4350 msria
208 4292 295 4362 capita
323 4290 488 4364 perstringit,
513 4307 628 4366 eamque
652 4293 734 4350 tertio
760 4309 810 4351 oco
834 4304 896 4365 post
945 4297 1459 4369 postmodametiamsemiaisproeessm
1474 4293 1747 4362 aeatameadtsctptt-

93 4361 331 4420 duascollatioues
354 4362 426 4418 illius
448 4365 549 4437 Moysis
566 4374 698 4422 recenset.
716 4365 801 4424 Unde
818 4364 894 4423 colli·
949 4372 988 4425 los
999 4384 1059 4426 atos
1071 4370 1211 4425 aemonae
1223 4368 1354 4433 cassabat,
1368 4381 1402 4422 ue
1412 4381 1439 4421 se
1451 4367 1509 4436 ejus
1521 4365 1680 4435 eaemploia
1698 4366 1747 4421 bac

94 4434 172 4508 gitur
185 4434 281 4490 Graece
292 4433 394 4491 scilicet
411 4432 495 4492 fuisse
516 4436 668 4505 translatas,
688 4445 720 4493 ut
741 4436 810 4494 alias
831 4453 894 4493 mo·
948 4455 977 4495 re
990 4442 1073 4508 scale
1086 4440 1233 4503 crederent,
1244 4444 1269 4495 et
1290 4440 1380 4494 castori
1392 4442 1529 4492 tentarent
1542 4437 1652 4498 doraum,
1674 4438 1747 4506 qaod

92 4505 216 4561 nuimus.
948 4528 1001 4567 aaa
1012 4515 1181 4584 accepissem.
1197 4509 1280 4568 Aliud
1293 4510 1360 4565 item
1374 4509 1530 4580 exemplum
1540 4507 1612 4563 haud
1625 4508 1745 4563 multum

132 4578 277 4648 *indepti
300 4594 348 4648 pro
372 4576 472 4650 adepti,
497 4575 571 4648 quod
594 4578 722 4634 Cassiano
747 4578 894 4650 familiare,
948 4583 1070 4640 absimile
1089 4581 1232 4654 singularis
1248 4581 1415 4638 castimoniae
1430 4589 1457 4636 et
1475 4580 1602 4651 puritatis
1617 4578 1746 4633 divinitus

95 4656 126 4704 ut
143 4648 208 4703 alibi
230 4649 470 4720 notavimusibib.
482 4663 507 4703 m
528 4652 594 4705 lust.
610 4663 633 4703 e.
651 4648 708 4720 13).
947 4654 1103 4728 ctangelico
1120 4652 1287 4710 adminiculo
1304 4652 1362 4707 sive
1381 4649 1534 4706 ministerio
1545 4646 1747 4725 collataefilrabes

131 4719 144 4753 δ
156 4721 266 4775 Struma
278 4720 385 4792 proprie
397 4729 490 4775 tumor
506 4726 548 4774 est
560 4719 695 4774 cervicem
724 4720 841 4792 raecipuc
851 4719 894 4777 in·
947 4724 975 4781 in
987 4726 1014 4782 S.
1029 4726 1136 4781 Thoma
1146 4724 1293 4796 Aquinate,
1308 4721 1430 4795 quicum
1444 4725 1597 4798 'scortum‘e
1619 4713 1746 4768 cubiculo

97 4787 210 4858 festaus,
226 4792 373 4847 cumeirce
385 4799 480 4862 guttur
492 4788 627 4872 glandulae
637 4805 679 4917 gu
724 4807 768 4847 am
782 4806 816 4846 ex
828 4806 896 4862 pure
910 4757 936 4820 D
948 4796 1045 4852 titione
1071 4802 1180 4875 arrepto
1204 4792 1337 4872 fugasset,
1363 4786 1451 4858 augeli
1472 4787 1528 4840 dun
1553 4797 1612 4856 ejus
1639 4781 1747 4864 lumbos

97 4866 127 4913 et
150 4861 278 4927 sanguine
305 4871 441 4918 concretae
466 4868 614 4917 oriuntur:
663 4859 740 4916 allice
760 4862 896 4919 emauelles
948 4875 1033 4923 noctu
1045 4873 1231 4921 constrinxere
1246 4861 1328 4917 lascra
1344 4863 1423 4929 (quae
1445 4854 1533 4936 adbuc
1554 4852 1684 4936 Vercellis
1703 4868 1747 4908 er-

97 4929 262 5000 0⁰²l·iffll0<¹·
279 4937 367 5003 uatiq.
384 4934 403 4987 l·
424 4950 451 5000 x,
471 4948 531 5004 ΜΡ·
549 4936 610 4997 26)·
626 4932 678 4987 Hie
692 4945 756 4988 iero
774 4947 823 5003 pro
836 4946 896 5003 par-
949 4945 1021 4993 stare
1034 4934 1163 4999 dicitur),
1177 4948 1232 5002 quo
1244 4931 1347 4986 factum
1360 4935 1402 4983 est
1415 4933 1445 4982 ut
1458 4925 1541 5009 nullis
1553 4925 1678 5010 deinceps
1688 4939 1747 4981 car·

96 5002 191 5069 ticuia,
203 5011 251 5058 aut
272 5002 397 5069 frustula,
412 5004 469 5060 sive
508 5002 600 5058 lobulo
621 5002 711 5058 carnis
733 5002 847 5059 tumide
866 5011 895 5060 et
948 5005 991 5063 nis
1004 5004 1122 5061 stimulis
1140 5010 1304 5075 pungeretur
1323 4997 1441 5072 (uuna.
1454 5001 1483 5053 ia
1499 5013 1557 5069 eptas
1575 4999 1666 5081 b'tta).
1685 4998 1748 5054 Huc

95 5074 185 5129 naxiae
202 5074 327 5130 sumitur.
342 5074 426 5145 Cujus
435 5019 615 5130 similitudino
627 5073 754 5129 dicitura
766 5073 897 5130 Cicerone
949 5084 1054 5149 spectat
1063 5072 1138 5158 quod
1147 5073 1275 5129 sacerdos
1285 5071 1480 5154 celebraturus,
1497 5068 1563 5153 dum
1576 5076 1648 5123 mter
1658 5077 1748 5123 restes

95 5151 202 5200 struma
217 5145 344 5212 civitatis,
363 5161 412 5216 pro
433 5151 508 5217 peste
527 5151 574 5200 aut
584 5143 710 5216 pernicie.
727 5144 853 5201 Sicenim
867 5144 896 5200 in
949 5163 1039 5205 sacras
1051 5145 1190 5217 cingulum
1209 5144 1316 5215 accipit,
1331 5151 1369 5199 rte
1381 5150 1460 5198 orat:
1475 5143 1610 5208 Praecuqe
1623 5153 1674 5205 me,
1694 5142 1747 5195 llo-

95 5215 220 5271 oratione
244 5232 294 5288 pro
314 5216 406 5272 Sextio
427 5219 486 5272 :iii
502 5216 642 5271 medeatur
662 5215 826 5286 republica,
849 5216 897 5285 qui
949 5222 1030 5287 mine,
1050 5216 1303 5289 daqttlapurittttis,
1318 5216 1494 5282 deuotoque
1507 5214 1537 5266 ia
1554 5226 1595 5265 me
1614 5210 1747 5266 tumorem

97 5291 224 5341 metati
232 5293 332 5358 pestem
346 5289 388 5342 αἶ’
405 5303 478 5350 uam,
487 5290 760 5361 tamquamsirumam
768 5289 895 5343 aurun.
950 5291 1084 5354 libidinis,
1099 5294 1130 5344 ut
1142 5293 1250 5345 maneat
1265 5291 1294 5343 ia
1307 5289 1442 5343 mevirtus
1452 5284 1619 5343 coutinentia
1632 5287 1748 5340 statuti-

133 5357 379 5432 iSimileest,quo
411 5360 444 5416 de
454 5360 483 5415 S.
508 5357 617 5430 Equitio
640 5365 840 5415 commemorat
863 5358 895 5415 l).
950 5365 1026 5419 tatu.
1334 5391 1336 5395 «

98 5425 249 5501 Gregorius
259 5430 328 5487 libr
351 5429 458 5504 Dialog.
471 5434 582 5501 capt:
604 5432 691 5497 Hanc,
718 5429 814 5502 inquit,
837 5445 897 5485 cam
985 5434 1092 5490 *Nota
1115 5432 1253 5503 antiquam
1275 5426 1496 5513 Quadragesimae
1519 5425 1747 5491 observationem,

93 5496 897 5573 iuuentutismactanporemcricertamiaeaamisiaceatiea
950 5504 985 5560 de
997 5519 1048 5576 qua
1064 5512 1092 5559 et
1109 5503 1173 5558 alibi
1192 5501 1290 5573 saepius
1312 5506 1437 5555 memrmt
1464 5501 1578 5559 Auctor,
1602 5502 1634 5550 ut
1655 5495 1745 5551 collat.

97 5570 333 5643 smqarmtmpsoe
342 5588 398 5628 tute
411 5575 708 5643 tentatmaisauqustt'te
719 5572 824 5628 eumad
835 5588 898 5628 ora·
952 5580 986 5631 10
999 5590 1024 5631 c.
1049 5578 1077 5642 2,
1096 5574 1187 5630 collat.
1204 5578 1234 5627 tt
1250 5587 1275 5626 e.
1291 5577 1308 5626 2
1322 5578 1349 5625 et
1364 5575 1501 5641 sequent,
1514 5580 1576 5639 quae
1587 5571 1638 5649 ‘est
1649 5566 1683 5621 de
1703 5583 1746 5622 re·

98 5643 178 5697 tronis
190 5645 311 5699 studium
322 5647 485 5701 solatiorum
496 5648 634 5721 (emman
647 5660 756 5715 araque
771 5644 821 5698 bec
831 5646 859 5698 ia
869 5659 899 5699 re
950 5646 1080 5702 missione
1093 5642 1414 5771 Quinquagesimae,³uat
1428 5637 1671 5721 Quadpugesrmam
1685 5637 1747 5693 sub·

95 5713 133 5767 ab
146 5718 538 5784 omnipotentibcoremediam
552 5718 684 5772 coadaais
695 5716 898 5788 precibusque·
951 5717 1082 5788 sequitur.
1101 5715 1157 5774 Ubi
1167 5716 1246 5789 plura
1259 5713 1293 5771 de
1315 5727 1346 5768 ea
1366 5727 1410 5770 em
1422 5709 1580 5768 notabimus
1618 5710 1683 5778 Cup.
1711 5714 1744 5762 21

95 5789 181 5854 reret,
192 5791 268 5843 aucte
281 5788 400 5859 quadam
418 5788 672 5858 meisteateulupelo
690 5786 900 5844 metridatico
950 5793 976 5846 ct
987 5792 1072 5859 sea).
