3848 6158
451 225 621 284 COLLATIO
641 228 709 286 Vlll.
729 230 827 286 -DE
847 230 1106 286 PRlNClPATlBUS
1124 230 1187 285 SEU
1207 229 1474 287 POTESTATIBLTS.
1733 236 1787 292 stt

132 351 204 408 atavi
213 351 355 408 sanctitate
366 350 448 423 longa
458 358 541 408 aetate
553 351 673 418 duravit,
690 367 862 426 nequaquam
883 354 935 410 sci·
948 358 974 418 Α
987 370 1087 428 genum
1100 353 1247 410 bestiarum
1264 362 1345 426 atque
1358 355 1525 427 serpentium
1540 355 1644 412 iurares
1663 359 1789 431 virusque

133 442 198 500 licet
210 442 356 515 sacrilegiis
373 457 404 498 ac
420 443 524 499 malitia
546 445 719 518 nequissime
731 445 815 518 prolis
825 445 933 516 intecta,
988 448 1164 517 discerneret,
1180 447 1227 505 sed
1242 448 1325 504 etiam
1340 449 1457 506 virtutes
1481 449 1786 518 herbarurn,arborum

132 536 231 610 quaein
250 544 337 592 semet
351 537 501 609 impietatis
517 552 628 611 germen
641 540 714 595 velut
728 540 821 597 *atavi
834 540 932 610 latita,
988 558 1106 616 quoque,
1125 543 1298 616 lapidumque
1315 552 1438 612 astures,
1454 562 1487 602 ac
1496 555 1655 620 temporum
1667 543 1786 604 niodum

132 632 183 701 sel,
193 630 328 703 antiqua]
350 630 496 689 traditione
513 632 646 690 retinebat
667 634 813 691 insertum.
840 638 934 691 Donec
987 645 1160 709 expertorum
1176 639 1372 696 vicissitudines
1385 641 1542 713 pareretur,
1560 642 1595 698 ita
1616 650 1646 698 ut
1670 643 1788 714 potuerit

131 739 196 798 ergo
211 726 392 797 perseveravit
405 725 477 782 inter
491 726 550 784 illas
566 727 757 801 generationes
772 742 869 785 eorum
882 727 933 784 ista
987 729 1133 788 efficaciter
1143 733 1234 790 dicere
1244 735 1323 806 (Sep.
1344 750 1389 791 ru
1412 738 1422 805 l
1437 755 1443 790 :
1457 737 1472 772 Ι
1488 739 1616 803 Doadmes
1630 737 1707 792 dedit
1719 739 1787 792 miti

132 818 272 890 discretio,
292 835 386 876 semen
400 818 467 876 illud
481 819 559 891 Seth,
571 829 666 894 utpote
678 819 712 878 de
726 821 832 894 optime
844 820 934 879 radice
988 840 1078 880 coram
1089 832 1233 897 querunt,
1243 831 1381 884 scientiam
1390 833 1623 892 commutescat
1632 831 1785 900 measse-

134 911 293 984 procedens,
307 906 320 943 b
334 913 494 985 promerito
509 913 673 982 sanctitatis,
684 913 772 987 angeli
785 913 847 981 Dei,
860 914 932 985 sive,
988 935 1033 974 ees
1040 921 1113 976 orbis
1121 926 1269 985 terrorum,
1277 926 1303 977 ct
1310 923 1425 978 virtutes
1432 925 1630 987 elementorum,
1641 925 1753 979 initium
1762 929 1788 980 ct

133 1015 163 1062 ut
174 1006 281 1063 diversa
292 1008 457 1081 exemplaria
466 1009 617 1080 continent,
627 1007 676 1064 tilii
685 1008 736 1065 Dei
746 1008 833 1065 vocati
845 1016 928 1076 sunt;
987 1016 1250 1078 consummationem,
1262 1019 1287 1070 et
1297 1016 1466 1072 medictatem
1478 1022 1639 1087 temporum,
1655 1033 1787 1073 annomm

132 1107 159 1155 et
183 1100 336 1157 econtrario
354 1101 392 1156 illi
414 1110 525 1174 propter
549 1102 717 1174 impietatem
737 1099 779 1157 vel
798 1115 876 1157 suam
890 1099 931 1157 tel
984 1108 1471 1177 cursusetstellammdr'spositrones,
1484 1113 1784 1176 sciurusonieealium,

134 1199 243 1265 patrum
261 1194 373 1251 suorum
390 1203 418 1251 et
431 1211 514 1267 spara
529 1204 633 1264 terren,
644 1194 691 1250 tilii
701 1195 844 1252 bominum
859 1209 932 1249 nun·
983 1200 1073 1253 etiros
1086 1200 1239 1267 bestiarum,
1250 1201 1339 1254 eloim
1347 1202 1504 1270 spirituum,
1517 1205 1725 1270 etcoqitattooes
1738 1205 1786 1259 bo-

132 1295 275 1360 cupantur.
292 1291 360 1346 Cum
375 1298 447 1346 esset
460 1304 524 1362 ergo
539 1291 613 1346 inter
625 1290 701 1362 ipsos
715 1304 803 1360 usque
817 1286 851 1344 ad
864 1285 931 1344 illud
984 1299 1099 1363 mireum,
1112 1297 1290 1366 differentius
1301 1300 1441 1368 orborum,
1455 1302 1601 1356 cimetrttcs
1613 1303 1747 1367 recissum,
1761 1307 1787 1360 et

133 1389 241 1455 templis
254 1385 312 1441 baee
325 1385 396 1441 utilis
409 1384 651 1457 bonisque'diilslo,
666 1384 786 1440 videntes
798 1390 860 1454 post
871 1380 931 1438 haee
986 1400 1115 1465 quoesunt
1125 1397 1283 1452 abscondita
1293 1402 1319 1453 gt
1328 1401 1357 1451 in
1367 1403 1493 1468 promptu
1499 1402 1621 1469 cognovi,
1636 1402 1786 1473 Hancergo

132 1473 179 1530 filit
193 1477 267 1545 seth,
284 1495 329 1550 qut
342 1478 389 1533 filu
403 1478 454 1534 Del
470 1486 556 1541 drani,
572 1477 641 1534 filias
651 1493 747 1533 θΟΙΙΙΙῙ]
759 1492 806 1551 qul
819 1474 853 1533 de
867 1476 933 1533 Catu
986 1491 1126 1546 scientiam
1139 1492 1265 1549 omnium
1275 1503 1437 1549 naturarum
1448 1510 1496 1567 pgr
1509 1495 1694 1552 gqoeeggjqneg
1704 1511 1786 1569 gene.

131 1569 934 1644 9¹⁰801110¹¹²¹⁵00bss¹¹l¹¹bdsssldeii⁰lll¹¹⁰hffi¹¹dl⁰i³earum
988 1590 1123 1648 rationum
1138 1609 1231 1650 semen
1250 1593 1314 1650 Setb
1335 1603 1447 1665 paterna
1461 1593 1604 1652 traditione
1621 1597 1784 1668 suscipiens,

134 1663 249 1734 accensi,
267 1668 433 1737 'aeceperunt
447 1664 558 1721 sibimet
571 1664 606 1722 de
622 1665 687 1738 ipsis
704 1681 813 1733 utores,
830 1664 937 1736 quaeri·
988 1685 1075 1744 donec
1104 1688 1223 1746 dhisum
1248 1707 1263 1747 a
1288 1690 1418 1764 ,wiqga
1444 1693 1588 1766 propagine
1610 1693 1784 1766 perduravit,

133 1755 172 1812 ris
193 1755 249 1812 suis
271 1755 449 1813 infundentes
470 1757 604 1828 nequitias
625 1766 736 1829 patrum
757 1772 884 1824 suorum,
900 1758 933 1814 eb
947 1775 971 1836 B
987 1787 1222 1856 quemadmodum
1237 1797 1328 1846 sancte
1341 1800 1506 1863 perceperat,
1522 1792 1558 1846 im
1582 1788 1663 1847 etiam
1689 1793 1729 1848 vel
1750 1792 1786 1850 ad

132 1849 177 1933 {¹¹⁸
200 1865 248 1908 ⁰⁰⁵
268 1851 387 1924 ingenim
411 1852 554 1908 ”flemme
574 1868 607 1909 ³⁰
623 1849 799 1924 Simpflcimm
821 1858 933 1924 patema
986 1883 1036 1939 Dei
1055 1884 1171 1952 cultum,
1187 1884 1227 1941 vel
1242 1885 1277 1942 ad
1291 1886 1438 1944 utilitatem
1453 1887 1514 1944 vitae
1531 1889 1686 1944 communis
1707 1903 1788 1944 excr-

131 232 183 285 757

131 1944 449 2017 protinuscorruperuut.
462 1945 583 2018 Adquos
591 1946 657 2002 satis
666 1960 787 2018 congrue
798 1945 932 2004 directum

36 2043 39 2047 ’
132 2036 487 2110 estilludeloquiuthsnl.
502 2038 611 2111 surr)
627 2058 634 2093 ι
647 2039 787 2108 dipodius,
802 2039 845 2096 dii
857 2042 931 2111 estis,

135 2147 163 2186 er
176 2132 229 2199 filii
241 2133 350 2187 excelsi
358 2148 457 2188 omres.
472 2136 525 2191 Vos
535 2138 624 2188 autem
635 2135 703 2189 saeui
713 2135 829 2191 homines
840 2137 933 2191 morie·

134 2226 212 2292 mirri,
220 2229 246 2279 et
255 2227 322 2279 siem
335 2240 405 2281 anos
417 2226 450 2281 de
455 2228 625 2296 principibus
637 2227 748 2282 emistis.
757 2227 865 2300 Quique
878 2227 931 2285 ‘sb

134 2316 178 2370 illa
200 2331 261 2371 vera
280 2317 399 2390 physicae
414 2318 593 2390 philosopbiae
607 2319 748 2391 disciplina
764 2319 862 2377 tradita
878 2321 932 2378 sibi

132 2425 148 2464 a
162 2409 314 2481 majoribus
330 2412 499 2480 exciderunt,
512 2428 594 2484 quam
610 2413 712 2484 primus
724 2412 807 2470 bomo
818 2413 872 2482 ille,
886 2414 932 2487 qui

99 2491 102 2495 ’
131 2503 319 2560 universarum
337 2513 496 2562 naturarum
508 2506 708 2562 institutionem
725 2507 853 2580 evestigio
865 2507 930 2565 sub-

130 2605 239 2655 secutus
259 2608 310 2666 est,
330 2601 423 2672 potuit
439 2600 576 2658 evidenter
590 2601 733 2674 attingere,
752 2603 862 2674 suisque
882 2619 930 2676 po·

129 2691 208 2749 eteris
226 2701 300 2749 certa
318 2693 423 2750 ratione
440 2695 631 2752 transmittere.
648 2694 757 2768 Quippe
775 2695 824 2767 qu'r
834 2695 930 2753 mundi

129 2784 211 2857 ipsius
232 2786 374 2844 infantiam
393 2788 481 2844 adlruc
508 2798 642 2858 teneram,
669 2797 698 2845 ct
719 2788 929 2862 quodammodo

129 2880 305 2954 palpitantem
321 2881 471 2952 rudemque
479 2891 666 2954 conspexerat,
683 2889 708 2938 et
719 2882 746 2938 in
762 2897 846 2954 quem
857 2891 931 2939 tanta

130 2971 184 3030 turs
195 2989 252 3030 nou
269 2976 359 3031 solum
372 2976 517 3047 sapientiae
530 2973 680 3047 plenitudo,
692 2976 739 3032 sed
752 2976 834 3034 etiam
845 2977 930 3049 gratia

985 1983 1124 2042 cuit.Cum
1139 1998 1205 2039 uero
1216 1981 1314 2040 fuisset
1326 1984 1429 2057 simpiae
1443 1985 1609 2057 generationi
1623 1985 1788 2059 permirtum

985 2080 1018 2136 ad
1030 2095 1073 2136 res
1085 2079 1214 2152 profanas
1225 2096 1258 2137 ac
1270 2081 1365 2137 noxias
1375 2098 1437 2154 quae
1448 2083 1491 2153 pie
1503 2083 1646 2151 didicerat,
1656 2081 1786 2140 instinctu

986 2192 1095 2248 quoque
1115 2176 1274 2234 daemonum
1303 2177 1443 2246 derivavit,
1463 2189 1474 2214 ⁰
1497 2179 1670 2251 curiosaque
1695 2196 1729 2236 ex
1755 2196 1786 2238 ea

986 2275 1183 2333 maleficiorum
1202 2286 1274 2334 artes
1290 2286 1373 2350 atque
1390 2279 1543 2351 praestigias
1556 2295 1588 2335 ac
1601 2279 1720 2351 magicas
1735 2295 1784 2336 su·

987 2356 1157 2445 perstitiones
1170 2376 1298 2433 audacter
1313 2377 1440 2445 instituit,
1456 2377 1557 2434 docens
1570 2383 1693 2449 posteros
1703 2394 1784 2443 suos,

987 2481 1016 2530 ut
1027 2489 1105 2531 sacro
1120 2475 1167 2531 illo
1186 2475 1260 2531 cultu
1278 2475 1360 2532 divini
1377 2475 1495 2532 nominis
1516 2476 1654 2543 derelicto,
1671 2476 1711 2531 rel
1730 2478 1785 2533 ele·

984 2580 1078 2628 menta
1098 2570 1167 2639 baec,
1191 2572 1231 2628 vel
1249 2573 1352 2644 ignem,
1366 2573 1406 2628 rel
1420 2588 1520 2641 ,aereos
1539 2572 1681 2629 daemou'es
1703 2588 1785 2628 vene·

984 2677 1111 2725 rarentur
1126 2678 1153 2725 et
1168 2669 1298 2725 colerent.
1320 2672 1388 2726 llaec
1407 2671 1487 2742 igitur
1505 2686 1588 2742 quam
1603 2671 1722 2725 diximus
1735 2687 1783 2726 cu·

985 2769 1121 2822 riosarum
1143 2782 1236 2822 rerum
1249 2767 1346 2822 notitia
1362 2767 1501 2838 quomodo
1515 2768 1541 2821 in
1556 2765 1655 2822 diluvio
1669 2782 1724 2820 non
1738 2780 1787 2836 pe-

985 2865 1072 2934 rierit,
1094 2881 1126 2921 ac
1149 2864 1404 2936 supervenientibus
1421 2864 1528 2922 seculis
1543 2863 1704 2929 innotuerit,
1725 2863 1785 2920 licet
1879 2902 1888 2915 .

985 2961 1038 3021 hoc
1050 2963 1162 3021 minime
1171 2963 1306 3021 absolutio
1318 2963 1465 3037 propositae
1473 2962 1633 3035 quaestionis
1646 2970 1784 3034 exposcat,

132 3067 294 3140 prophetiae,
313 3068 408 3125 diviua
419 3069 462 3124 illa
474 3067 663 3125 insulllatione
673 3068 818 3136 transfusa,
834 3079 865 3127 ut
875 3071 931 3126 uui·
984 3074 1076 3122 tamen
1093 3067 1156 3138 quia
1166 3081 1219 3123 nos
1229 3065 1336 3123 occasio
1349 3065 1429 3139 hujus
1439 3063 1614 3137 expositionis
1624 3061 1784 3132 admonuit,

129 3161 216 3217 versis
227 3161 412 3219 animantibus
426 3162 537 3231 nomina
548 3160 627 3218 rudis
639 3159 728 3217 adbuc
737 3163 833 3219 mundi
848 3163 930 3236 hujus
950 3153 972 3215 C
987 3164 1223 3236 perstringendum
1237 3165 1353 3222 breviter
1364 3173 1443 3236 puto.
1454 3165 1594 3234 Quantum
1608 3163 1699 3235 itaque
1711 3162 1786 3218 anti-

130 3255 270 3313 habitator
279 3258 455 3330 imponeret(
464 3259 556 3316 Gerros.
568 3262 622 3324 ιι),
632 3273 663 3312 ac
677 3273 731 3314 non
741 3257 830 3314 solum
842 3262 931 3317 omni·
986 3280 1047 3336 quae
1068 3265 1229 3321 traditiones
1252 3263 1353 3332 terunt,
1367 3257 1375 3295 ¹
1390 3263 1478 3321 Clram
1492 3263 1566 3320 filius
1579 3266 1649 3332 Noe,
1673 3262 1718 3334 qui
1734 3277 1783 3318 su-

673 3358 800 3413 suanm
819 3359 931 3417 anffit
950 3362 1229 3419 COMMENTARIUS.

162 3460 175 3489 ²
190 3457 268 3515 Atavi
283 3447 393 3513 nomine
407 3449 514 3513 videtur
530 3457 619 3529 ipsum
636 3456 751 3514 Cainum
766 3457 926 3531 intelligere,
982 3478 1034 3516 non
1044 3464 1099 3515 sisi
1106 3461 1176 3530 tilios
1190 3461 1239 3514 Dei
1249 3461 1356 3514 irrident.
1371 3458 1471 3526 Ameilo
1485 3462 1586 3519 (rectem,
1602 3473 1680 3526 quem
1696 3459 1786 3511 inter-

129 3527 207 3601 cujus
226 3528 410 3602 genealogiam
424 3529 503 3600 paulo
519 3544 550 3584 su
569 3529 643 3584 erius
656 3529 789 3600 expressit
810 3549 816 3585 z
835 3545 850 3586 a
871 3546 928 3602 quo
978 3539 1081 3604 pectem
1097 3532 1186 3586 Jmlcei
1203 3533 1305 3585 certeris
1324 3534 1500 3599 ontqrolrrurt,
1520 3545 1572 3582 eon
1591 3528 1699 3596 errqelos
1720 3530 1780 3595 Dei,

130 3546 928 3743 secessissetdissiluisset
982 3602 1354 3734 sollicitetis
1369 3601 1780 3742 sue‘leemites-

128 3741 221 3815 legunt
238 3744 317 3800 Velut
336 3690 450 3815 regiique
460 3744 623 3800 traditione.
639 3744 689 3801 Alii
713 3760 787 3809 uero,
804 3691 926 3817 quosysc·
980 3750 1029 3803 sub
1042 3693 1098 3819 qug
1105 3752 1303 3817 patremmeum
1310 3751 1421 3816 petrum
1437 3748 1518 3799 ctiam
1532 3746 1633 3810 scotres
1645 3748 1721 3798 erent
1736 3763 1744 3808 ς
1758 3713 1785 3796 et

129 3823 208 3871 cutus
227 3815 388 3873 Plautinus:
412 3816 492 3873 Velut
506 3818 580 3871 atita
595 3815 751 3879 traditiose
772 3824 802 3871 ut
825 3817 928 3872 notavit
979 3823 1034 3890 fite
1046 3822 1167 3884 deucere,
1180 3819 1306 3887 presertim
1321 3817 1401 3870 adsis
1413 3818 1498 3881 patrm
1514 3819 1602 3874 ome,
1614 3814 1783 3895 cunipertus

128 3885 273 3958 Cuyclrius.
603 3951 609 3958 ,
910 3955 914 3964 ,
980 3895 1062 3947 etiam
1071 3893 1125 3961 ipsi
1134 3890 1177 3943 dii
1185 3893 1271 3954 erant,
1276 3889 1360 3958 jatatu
1370 3885 1441 3939 illud
1452 3885 1641 3965 Psalmizllqo
1652 3884 1782 3963 deni,Dte

163 3967 174 3994 ⁰
188 3958 294 4014 Solutio
307 3957 407 4027 prioris
416 3953 575 4037 quaestiqnis
585 3953 751 4032 adamans
764 3954 926 4025 propositae:
980 3965 1054 4023 estis,
1069 3966 1094 4016 et
1104 3959 1274 4030 {tliiEecelsi
1281 3973 1368 4012 omnes
1382 3957 1495 4023 ,metro
1508 3970 1576 4008 errem
1589 3953 1713 4034 creditor
1723 3966 1784 4020 scp-

129 4029 199 4085 Cum
215 4030 244 4086 in
264 4025 362 4086 Genesi
381 4027 480 4080 dicitur
497 4022 567 4076 filios
586 4023 635 4075 Der
655 4022 790 4092 ingressos
804 4025 837 4078 ad
860 4024 927 4081 filias
982 4033 1109 4098 tuisqmtu
1125 4033 1285 4098 lrttcrpretcs
1296 4029 1426 4097 occepisse
1443 4026 1626 4095 propheticum
1641 4030 1780 4092 spi-ratum,

128 4097 287 4164 hominum,
308 4096 419 4163 illasque
440 4092 566 4164 genuisse
580 4091 716 4163 giganleS,
731 4107 787 4147 non
801 4100 927 4164 oportere
980 4105 1011 4154 ut
1021 4103 1046 4154 si
1055 4100 1185 4168 qoidejtts
1194 4101 1507 4156 auctoritotcmoturent,
1518 4101 1599 4164 utque
1611 4095 1690 4147 uliter
1699 4109 1781 4162 quum

128 4170 155 4227 id
174 4170 209 4227 de
230 4186 265 4223 an
286 4166 336 4220 elis
359 4165 414 4220 sive
435 4163 514 4219 bonis
534 4162 591 4219 sive
612 4162 692 4218 malis
705 4162 827 4236 intelligi,
849 4166 926 4235 quasi
981 4175 1051 4233 erut,
1063 4170 1135 4237 quod
1147 4168 1408 4237 interpretabantur,
1418 4167 1542 4226 dicerent,
1559 4180 1643 4233 raeque
1654 4165 1701 4218 lroo
1715 4164 1782 4217 dici-

127 4240 166 4296 illi
178 4184 354 4296 concubitum
368 4235 512 4292 mulierum
522 4233 682 4305 appetierint
693 4242 720 4290 et
734 4234 837 4305 experti
852 4235 925 4303 sinte
979 4245 1054 4295 nitus
1063 4239 1227 4294 essedictum
1237 4239 1407 4291 dubitaretur·
1419 4254 1426 4289 :
1440 4238 1563 4306 quemuis
1574 4237 1620 4290 boc
1632 4237 1660 4289 ia
1671 4237 1780 4290 Hebrum

128 4309 176 4367 scd
197 4308 230 4364 de
249 4307 320 4367 siliis,
339 4321 387 4362 seu
406 4306 518 4375 posteris
532 4303 620 4371 Setb3
642 4304 688 4376 qui
700 4305 827 4363 dicuntur
839 4307 924 4378 angeli
978 4328 1033 4367 csse
1049 4310 1227 4381 perhibeatur
1246 4309 1423 4376 ambiqsum:
1441 4312 1474 4362 ut
1492 4313 1517 4362 et
1543 4308 1596 4376 filii
1615 4310 1673 4372 Dei,
1689 4312 1714 4361 ct
1729 4307 1782 4376 filii

129 4381 192 4446 Dei,
216 4379 254 4435 vel
271 4377 361 4450 potius
375 4377 422 4434 lilii
439 4378 496 4446 Dei,
512 4378 572 4450 quia
587 4378 623 4434 ad
636 4376 701 4434 illud
716 4394 800 4449 usque
815 4387 924 4450 tempus
979 4384 1089 4439 oleorum
1100 4384 1187 4452 posset
1196 4381 1379 4451 inteqrrctori.
1395 4381 1541 4436 Hactenus
1552 4383 1586 4435 D.
1599 4379 1779 4450 Augustinus

130 4452 158 4507 in
179 4451 232 4506 veri
250 4450 298 4507 Dei
312 4450 385 4506 cultu
406 4457 640 4521 perseveraverant
654 4469 661 4517 3
676 4450 722 4575 qui
737 4448 773 4506 ad
794 4448 865 4505 filias
879 4449 928 4506 tro·
1018 4457 1029 4488 ⁰
1044 4453 1075 4509 ld
1089 4460 1140 4521 est,
1152 4450 1268 4524 perfecta
1279 4467 1369 4508 rerum
1381 4452 1544 4506 naturalium
1560 4451 1725 4522 cognitione.

128 4521 236 4579 minum
253 4521 364 4594 ingressi
391 4522 583 4593 perhibentur,
603 4535 675 4591 quan
695 4536 802 4581 ocum
818 4520 928 4577 filiabus
1018 4513 1111 4582 “flacc
1125 4523 1159 4580 de
1173 4524 1261 4595 seipso
1276 4523 1405 4595 praedicat
1420 4524 1552 4580 Salomon
1566 4538 1611 4578 rer
1635 4523 1778 4594 sapientis-

128 4595 194 4652 Cain
214 4593 440 4650 consuetudinem
461 4592 561 4647 babere
582 4601 733 4661 coeperunt,
755 4607 854 4664 easque
875 4592 927 4648 sibi
982 4597 1083 4664 simus,
1100 4596 1148 4653 Dei
1161 4594 1321 4655 beneficium
1343 4594 1478 4665 singulare
1492 4595 1544 4650 sibi
1556 4594 1686 4649 collatum
1699 4610 1779 4649 com-

128 4667 154 4721 in
178 4666 334 4738 conjugium
357 4673 385 4719 et
413 4663 541 4733 copulam
568 4661 731 4718 asciverunt.
757 4661 811 4718 Sed
837 4679 927 4736 operte
982 4684 1158 4734 memorans,
1182 4683 1244 4737 quae
1268 4667 1312 4722 bis
1326 4674 1429 4722 ductor
1447 4666 1556 4720 Adamo
1575 4664 1778 4718 accommodat.

130 4736 247 4808 pretium
274 4736 381 4791 ridetur
401 4737 433 4790 Ι).
447 4731 674 4805 Arrgustinumde
691 4731 733 4787 bis
755 4733 879 4790 subtilius
900 4744 928 4790 ct
942 4775 968 4838 D
981 4742 1052 4796 Uter
1074 4755 1137 4795 sero
1162 4739 1309 4810 sapientior
1330 4736 1419 4802 tuerit,
1443 4744 1470 4790 et
1491 4734 1550 4789 naee
1584 4732 1664 4810 verba
1689 4733 1779 4787 verius

130 4809 281 4862 accuratius
294 4807 387 4861 autlire
401 4806 578 4862 disserentem
594 4803 667 4871 (Lib.
683 4818 721 4858 ιιι
735 4804 856 4861 dedicit.
867 4822 926 4876 cup.
983 4826 1112 4880 usurpare
1126 4809 1256 4878 potuerit,
1278 4807 1400 4864 stemus
1419 4821 1453 4858 an
1473 4804 1617 4883 Salomon,
1632 4800 1693 4882 vnde
1706 4803 1779 4872 apud

130 4876 183 4946 23)
202 4896 207 4931 τ
224 4879 282 4933 Νοιι
295 4879 353 4931 illos
366 4880 406 4931 itu
420 4876 626 4944 suisseonqelos
639 4877 697 4941 Dei,
708 4880 738 4928 ot
749 4876 866 4931 hommes
876 4893 929 4932 eon
972 4880 1122 4936 ¹Pererium
1134 4879 1179 4933 lib.
1194 4893 1224 4932 ιν
1240 4874 1506 4932 Commentariorum
1521 4889 1550 4927 m
1564 4874 1691 4930 Genesim
1704 4888 1732 4944 q.
1751 4879 1777 4930 3.

128 4953 225 5015 esseut,
237 4951 306 5002 sicut
316 4949 427 5017 quidum
439 4952 539 5018 pretam
549 4966 556 5011 ;
568 4947 614 5001 scd
622 4947 740 5001 homiues
750 4947 928 5017 proculdubio
1018 4954 1029 4983 ⁰
1044 4949 1117 5005 Hinc
1130 4948 1187 5002 libri
1203 4947 1373 5002 curiosarum
1385 4945 1484 5000 artium
1496 4944 1568 4999 dicti.
1581 4946 1679 5002 Graeco
1690 4953 1778 5016 textu,

128 5022 225 5089 secisse,
239 5021 449 5089 Scriptmaipso
462 5021 519 5074 sinc
533 5018 587 5071 ullu
607 5018 786 5086 ambiguitate
795 5018 926 5074 declarat.
983 5021 1022 5091 βιὸ
1047 5019 1090 5072 tol
1106 5019 1188 5089 esplep
1207 5038 1241 5084 οι,
1255 5017 1283 5072 id
1302 5023 1353 5081 est,
1377 5017 1442 5072 libri
1458 5018 1565 5084 curiosi,
1587 5016 1739 5142 dequibus
1751 5019 1778 5073 in

130 5094 197 5150 Com
210 5094 279 5148 etaim
291 5094 462 5160 premissam
473 5095 539 5144 esset
553 5089 625 5157 quod
635 5088 928 5160 oidmrtesooqclitilios
983 5091 1061 5147 Actis
1087 5039 1283 5161 Apostolorum
1303 5090 1382 5159 (Cup.
1402 5103 1433 5143 rx
1448 5093 1457 5153 )
1475 5088 1572 5161 legitur
1589 5103 1642 5159 quo
1659 5127 1672 5168 Ι,
1695 5088 1778 5169 Paulo

129 5165 277 5226 bominum,
288 5165 353 5231 quio
366 5164 519 5227 boutesuut,
535 5164 706 5229 sumpserunt
716 5161 771 5214 sibi
783 5176 880 5215 errores
894 5177 928 5215 ee
982 5162 1054 5234 apud
1067 5163 1204 5232 Ephesum
1217 5161 1354 5217 daemonia
1371 5176 1403 5216 er
1423 5159 1539 5216 obsessis
1556 5157 1717 5238 corporibus
1731 5158 1779 5228 eji-

129 5236 261 5298 omm'bus,
276 5249 342 5303 quus
351 5234 483 5302 clcqcront
492 5251 500 5298 ;
509 5247 572 5284 moe
581 5231 738 5300 udJ'rtacttim
747 5237 786 5286 est
797 5251 802 5287 :
813 5233 930 5288 sedicet
984 5235 1080 5302 ciente,
1092 5234 1175 5289 multi
1182 5249 1216 5289 ea
1225 5234 1266 5289 bis
1276 5235 1325 5305 qui
1340 5233 1452 5300 sttemmt
1469 5234 1572 5287 rumoso
1582 5230 1686 5288 sectati,
1701 5227 1727 5283 rd
1740 5237 1781 5285 est

130 5310 259 5365 dominre
276 5310 364 5360 licus:
381 5308 437 5362 Noe
443 5303 612 5374 permanebit
624 5304 738 5373 spiritus
751 5318 825 5359 meus
835 5305 865 5358 m
880 5303 923 5359 lto·
983 5306 1028 5377 qui
1045 5305 1165 5363 curiosas
1178 5314 1249 5361 artes
1263 5312 1447 5371 exercuerant,
1467 5303 1635 5359 cmitrslerrmt
1646 5300 1738 5364 libros,
1754 5306 1780 5357 et

130 5379 249 5434 minibus
259 5379 300 5431 llis
312 5380 339 5430 ia
348 5381 487 5443 eternum,
500 5379 610 5445 propter
624 5375 695 5444 quod
706 5391 769 5431 coro
778 5381 850 5430 susti.
864 5376 928 5446 Spi·
982 5380 1182 5434 combusserant
1203 5394 1291 5434 coram
1309 5377 1441 5439 omnibus,
1462 5380 1486 5430 et
1507 5375 1667 5444 comperietis
1685 5376 1782 5454 pretiis

131 5451 187 5506 ritu
200 5452 298 5520 qm'ppe
309 5450 367 5516 Dei,
378 5450 489 5515 fueram
500 5449 571 5514 sacti
583 5446 675 5516 unqeli
682 5449 740 5515 Dei,
757 5452 782 5503 et
794 5448 848 5518 ptis·
861 5449 910 5503 Dei
919 5465 935 5514 ς.
982 5466 1083 5515 comm,
1092 5446 1780 5520 incertemntpccmtiomstructionemqadaqtmqmto

130 5521 344 5577 teddeclimurdo
363 5520 400 5574 ed
412 5518 930 5587 inferioredemittesdicunturmomine
981 5523 1109 5577 millium.

130 5597 246 5653 matre,
262 5608 315 5646 eon
329 5594 428 5660 qrutioe
442 5589 585 5645 :dicresim
599 5594 623 5645 et
633 5605 705 5653 coro,
717 5590 865 5645 desertores
877 5591 930 5660 spi
1015 5585 1025 5622 ¹
1048 5590 1179 5658 chamus,
1204 5590 1250 5661 qui
1273 5597 1305 5644 et
1323 5592 1477 5654 zoroastes
1492 5584 1532 5641 vel
1549 5587 1676 5642 Zoroster
1689 5584 1782 5668 dictus

127 5665 208 5727 ritus,
221 5667 245 5719 el
257 5663 401 5719 descrmdo
411 5663 518 5717 deserti.
532 5665 568 5718 Et
575 5661 752 5731 septuaginta
763 5661 870 5730 quidem
882 5663 926 5716 lo·
983 5669 1034 5730 est,
1057 5662 1171 5734 aragicae
1199 5661 1266 5716 artis
1280 5659 1404 5717 inventor
1423 5665 1450 5713 et
1465 5666 1627 5730 propagator
1650 5657 1783 5714 daemonrs

128 5739 257 5807 terpretcs
272 5739 296 5789 et
311 5735 418 5803 arrqclos
437 5735 487 5788 Dei
502 5733 631 5787 dicerunt
648 5735 722 5797 istos,
738 5735 763 5788 et
776 5732 844 5801 filios
859 5733 929 5799 θείς
984 5733 1113 5790 instinctu
1130 5741 1156 5789 et
1174 5731 1329 5804 magisterio
1341 5749 1349 5801 ;
1363 5730 1396 5787 de
1415 5744 1470 5800 quo
1488 5732 1522 5784 Ι).
1539 5732 1667 5787 Clemens
1680 5729 1726 5784 lib.
1742 5739 1776 5780 tv

128 5807 201 5880 quod
211 5806 318 5877 quidem
331 5821 384 5860 reon
398 5819 486 5861 omnes
499 5804 599 5860 codices
612 5803 726 5872 babeam
739 5819 804 5860 eam
818 5803 931 5874 quidam
984 5806 1142 5878 Recoguit.,
1165 5803 1211 5860 ubi
1239 5803 1274 5861 de
1296 5802 1399 5878 angelis
1425 5801 1676 5873 praevaricatoribus
1695 5808 1780 5868 egens
