<?xml version="1.0" encoding="UTF-8"?>
<!DOCTYPE html PUBLIC "-//W3C//DTD XHTML 1.0 Transitional//EN"
    "http://www.w3.org/TR/xhtml1/DTD/xhtml1-transitional.dtd">
<html xmlns="http://www.w3.org/1999/xhtml" xml:lang="en" lang="en">
 <head>
  <title>
</title>
<meta http-equiv="Content-Type" content="text/html;charset=utf-8" />
  <meta name='ocr-system' content='tesseract 3.04.00' />
  <meta name='ocr-capabilities' content='ocr_page ocr_carea ocr_par ocr_line ocrx_word'/>
</head>
<body>
  <div class='ocr_page' id='page_1' title='image "./patrologiaecurs29unkngoog/patrologiaecurs29unkngoog_0121.png"; bbox 0 0 3848 6158; ppageno 0'>
   <div class='ocr_carea' id='block_1_1' title="bbox 150 352 1803 423">
    <p class='ocr_par' dir='ltr' id='par_1_1' title="bbox 150 352 1803 423">
     <span class='ocr_line' id='line_1_1' title="bbox 150 352 1803 423; baseline 0.005 -21"><span class='ocrx_word' id='word_1_1' title='bbox 150 366 202 423; x_wconf 66' lang='lat'><strong>227</strong></span> <span class='ocrx_word' id='word_1_2' title='bbox 819 352 961 409; x_wconf 80' lang='lat' dir='ltr'><strong>ioannis</strong></span> <span class='ocrx_word' id='word_1_3' title='bbox 979 353 1130 410; x_wconf 81' lang='lat' dir='ltr'><strong>cassiani</strong></span> <span class='ocrx_word' id='word_1_4' title='bbox 1749 356 1803 410; x_wconf 78' lang='lat' dir='ltr'><strong>aas</strong></span> 
     </span>
    </p>
   </div>
   <div class='ocr_carea' id='block_1_2' title="bbox 99 473 1804 1300">
    <p class='ocr_par' dir='ltr' id='par_1_2' title="bbox 150 473 1804 925">
     <span class='ocr_line' id='line_1_2' title="bbox 151 473 1803 564; baseline -0.008 -15"><span class='ocrx_word' id='word_1_5' title='bbox 151 487 330 564; x_wconf 68' lang='lat' dir='ltr'><strong>parvissima,</strong></span> <span class='ocrx_word' id='word_1_6' title='bbox 343 482 498 555; x_wconf 86' lang='lat' dir='ltr'><strong>proditione</strong></span> <span class='ocrx_word' id='word_1_7' title='bbox 506 478 667 538; x_wconf 82' lang='lat' dir='ltr'><strong>vastabitur.</strong></span> <span class='ocrx_word' id='word_1_8' title='bbox 680 474 754 546; x_wconf 85' lang='lat' dir='ltr'><strong>Quid</strong></span> <span class='ocrx_word' id='word_1_9' title='bbox 765 476 842 533; x_wconf 90' lang='lat' dir='ltr'><strong>enim</strong></span> <span class='ocrx_word' id='word_1_10' title='bbox 853 473 950 533; x_wconf 85' lang='lat' dir='ltr'><strong>diliert</strong></span> <span class='ocrx_word' id='word_1_11' title='bbox 963 480 993 543; x_wconf 69' lang='grc' dir='ltr'><strong>,Α</strong></span> <span class='ocrx_word' id='word_1_12' title='bbox 998 475 1102 548; x_wconf 86' lang='lat' dir='ltr'><strong>judicio</strong></span> <span class='ocrx_word' id='word_1_13' title='bbox 1114 478 1340 550; x_wconf 73' lang='lat' dir='ltr'><strong>comprobantur.</strong></span> <span class='ocrx_word' id='word_1_14' title='bbox 1357 479 1483 550; x_wconf 87' lang='lat' dir='ltr'><strong>Cumque</strong></span> <span class='ocrx_word' id='word_1_15' title='bbox 1497 476 1643 550; x_wconf 87' lang='lat' dir='ltr'><strong>diligenter</strong></span> <span class='ocrx_word' id='word_1_16' title='bbox 1658 477 1803 536; x_wconf 78' lang='lat' dir='ltr'><strong>examina-</strong></span> 
     </span>
     <span class='ocr_line' id='line_1_3' title="bbox 150 570 1803 656; baseline -0.007 -17"><span class='ocrx_word' id='word_1_17' title='bbox 150 593 246 644; x_wconf 88' lang='lat' dir='ltr'><strong>ntmm</strong></span> <span class='ocrx_word' id='word_1_18' title='bbox 259 598 307 656; x_wconf 89' lang='lat' dir='ltr'><strong>per</strong></span> <span class='ocrx_word' id='word_1_19' title='bbox 316 580 421 638; x_wconf 78' lang='lat' dir='ltr'><strong>ercdsa</strong></span> <span class='ocrx_word' id='word_1_20' title='bbox 432 577 535 634; x_wconf 86' lang='lat' dir='ltr'><strong>moenia</strong></span> <span class='ocrx_word' id='word_1_21' title='bbox 548 583 576 631; x_wconf 91' lang='lat' dir='ltr'><strong>ct</strong></span> <span class='ocrx_word' id='word_1_22' title='bbox 592 572 839 644; x_wconf 84' lang='lat' dir='ltr'><strong>amplaportarnm</strong></span> <span class='ocrx_word' id='word_1_23' title='bbox 851 572 949 642; x_wconf 88' lang='lat' dir='ltr'><strong>spatia,</strong></span> <span class='ocrx_word' id='word_1_24' title='bbox 1004 578 1050 627; x_wconf 88' lang='lat' dir='ltr'><strong>tiis</strong></span> <span class='ocrx_word' id='word_1_25' title='bbox 1070 573 1150 643; x_wconf 87' lang='lat' dir='ltr'><strong>quis,</strong></span> <span class='ocrx_word' id='word_1_26' title='bbox 1163 571 1285 644; x_wconf 88' lang='lat' dir='ltr'><strong>primum</strong></span> <span class='ocrx_word' id='word_1_27' title='bbox 1299 570 1516 643; x_wconf 78' lang='lat' dir='ltr'><strong>reportns&#39;iuerit</strong></span> <span class='ocrx_word' id='word_1_28' title='bbox 1526 571 1601 628; x_wconf 90' lang='lat' dir='ltr'><strong>nulla</strong></span> <span class='ocrx_word' id='word_1_29' title='bbox 1616 571 1678 629; x_wconf 76' lang='lat' dir='ltr'><strong>vitai</strong></span> <span class='ocrx_word' id='word_1_30' title='bbox 1692 586 1803 643; x_wconf 86' lang='lat' dir='ltr'><strong>resper-</strong></span> 
     </span>
     <span class='ocr_line' id='line_1_4' title="bbox 150 661 1802 749; baseline -0.008 -16"><span class='ocrx_word' id='word_1_31' title='bbox 150 693 186 735; x_wconf 89' lang='lat' dir='ltr'><strong>an</strong></span> <span class='ocrx_word' id='word_1_32' title='bbox 200 692 248 749; x_wconf 91' lang='lat' dir='ltr'><strong>per</strong></span> <span class='ocrx_word' id='word_1_33' title='bbox 261 679 275 708; x_wconf 80' lang='lat'>⁸</span> <span class='ocrx_word' id='word_1_34' title='bbox 296 671 405 747; x_wconf 83' lang='lat' dir='ltr'><strong>angusti</strong></span> <span class='ocrx_word' id='word_1_35' title='bbox 417 668 537 727; x_wconf 84' lang='lat' dir='ltr'><strong>cuniculi</strong></span> <span class='ocrx_word' id='word_1_36' title='bbox 549 663 663 722; x_wconf 89' lang='lat' dir='ltr'><strong>latibula</strong></span> <span class='ocrx_word' id='word_1_37' title='bbox 681 663 848 738; x_wconf 77' lang='lat' dir='ltr'><strong>perniciosus</strong></span> <span class='ocrx_word' id='word_1_38' title='bbox 861 663 950 722; x_wconf 90' lang='lat' dir='ltr'><strong>hostis</strong></span> <span class='ocrx_word' id='word_1_39' title='bbox 1003 677 1050 719; x_wconf 84' lang='lat' dir='ltr'><strong>sus</strong></span> <span class='ocrx_word' id='word_1_40' title='bbox 1069 661 1201 732; x_wconf 82' lang='lat' dir='ltr'><strong>infamia,</strong></span> <span class='ocrx_word' id='word_1_41' title='bbox 1213 664 1331 733; x_wconf 90' lang='lat' dir='ltr'><strong>deinde,</strong></span> <span class='ocrx_word' id='word_1_42' title='bbox 1344 680 1402 721; x_wconf 92' lang='lat' dir='ltr'><strong>non</strong></span> <span class='ocrx_word' id='word_1_43' title='bbox 1413 665 1560 733; x_wconf 80' lang='lat' dir='ltr'><strong>servitutis</strong></span> <span class='ocrx_word' id='word_1_44' title='bbox 1569 664 1637 738; x_wconf 85' lang='lat' dir='ltr'><strong>jugo</strong></span> <span class='ocrx_word' id='word_1_45' title='bbox 1658 664 1802 737; x_wconf 89' lang='lat' dir='ltr'><strong>ignobilis,</strong></span> 
     </span>
     <span class='ocr_line' id='line_1_5' title="bbox 150 755 1803 843; baseline -0.007 -17"><span class='ocrx_word' id='word_1_46' title='bbox 150 767 332 843; x_wconf 86' lang='lat' dir='ltr'><strong>penetralibus</strong></span> <span class='ocrx_word' id='word_1_47' title='bbox 342 762 460 821; x_wconf 81' lang='lat' dir='ltr'><strong>civitatis</strong></span> <span class='ocrx_word' id='word_1_48' title='bbox 474 760 595 831; x_wconf 82' lang='lat' dir='ltr'><strong>irrepat?</strong></span> <span class='ocrx_word' id='word_1_49' title='bbox 1003 762 1032 811; x_wconf 84' lang='lat' dir='ltr'><strong>et</strong></span> <span class='ocrx_word' id='word_1_50' title='bbox 1047 755 1083 812; x_wconf 94' lang='lat' dir='ltr'><strong>ob</strong></span> <span class='ocrx_word' id='word_1_51' title='bbox 1108 756 1162 814; x_wconf 89' lang='lat' dir='ltr'><strong>hoc</strong></span> <span class='ocrx_word' id='word_1_52' title='bbox 1181 756 1309 829; x_wconf 87' lang='lat' dir='ltr'><strong>indignus</strong></span> <span class='ocrx_word' id='word_1_53' title='bbox 1332 757 1477 830; x_wconf 78' lang='lat' dir='ltr'><strong>disciplina</strong></span> <span class='ocrx_word' id='word_1_54' title='bbox 1499 757 1565 826; x_wconf 89' lang='lat' dir='ltr'><strong>hao,</strong></span> <span class='ocrx_word' id='word_1_55' title='bbox 1586 757 1627 813; x_wconf 83' lang='lat' dir='ltr'><strong>rel</strong></span> <span class='ocrx_word' id='word_1_56' title='bbox 1654 771 1803 830; x_wconf 69' lang='lat' dir='ltr'><strong>ooagesm</strong></span> 
     </span>
     <span class='ocr_line' id='line_1_6' title="bbox 441 849 1804 925; baseline -0.012 -2"><span class='ocrx_word' id='word_1_57' title='bbox 441 865 560 923; x_wconf 79' lang='lat' dir='ltr'>CAPUT</span> <span class='ocrx_word' id='word_1_58' title='bbox 579 865 646 920; x_wconf 80' lang='lat' dir='ltr'><strong>xil.</strong></span> <span class='ocrx_word' id='word_1_59' title='bbox 1003 862 1101 905; x_wconf 81' lang='lat' dir='ltr'><strong>eorum</strong></span> <span class='ocrx_word' id='word_1_60' title='bbox 1114 851 1160 922; x_wconf 84' lang='lat' dir='ltr'><strong>qui</strong></span> <span class='ocrx_word' id='word_1_61' title='bbox 1174 849 1244 907; x_wconf 88' lang='lat' dir='ltr'><strong>hana</strong></span> <span class='ocrx_word' id='word_1_62' title='bbox 1258 850 1433 923; x_wconf 80' lang='lat' dir='ltr'><strong>profitentur,</strong></span> <span class='ocrx_word' id='word_1_63' title='bbox 1452 851 1534 909; x_wconf 85' lang='lat' dir='ltr'><strong>inerit</strong></span> <span class='ocrx_word' id='word_1_64' title='bbox 1549 851 1706 925; x_wconf 65' lang='lat' dir='ltr'><strong>judicatum</strong></span> <span class='ocrx_word' id='word_1_65' title='bbox 1722 849 1804 907; x_wconf 90' lang='lat' dir='ltr'><strong>tertio</strong></span> 
     </span>
    </p>

    <p class='ocr_par' dir='ltr' id='par_1_3' title="bbox 150 942 1802 1108">
     <span class='ocr_line' id='line_1_7' title="bbox 150 942 1802 1040; baseline -0.017 -14"><span class='ocrx_word' id='word_1_66' title='bbox 150 975 187 1029; x_wconf 83' lang='lat' dir='ltr'><strong>lle</strong></span> <span class='ocrx_word' id='word_1_67' title='bbox 200 985 283 1040; x_wconf 82' lang='lat' dir='ltr'><strong>oporte</strong></span> <span class='ocrx_word' id='word_1_68' title='bbox 299 967 404 1023; x_wconf 78' lang='lat' dir='ltr'><strong>comacli</strong></span> <span class='ocrx_word' id='word_1_69' title='bbox 417 966 500 1019; x_wconf 74' lang='lat' dir='ltr'><strong>etiaim</strong></span> <span class='ocrx_word' id='word_1_70' title='bbox 515 962 648 1033; x_wconf 82' lang='lat' dir='ltr'><strong>spiritalis</strong></span> <span class='ocrx_word' id='word_1_71' title='bbox 661 963 757 1031; x_wconf 73' lang='lat' dir='ltr'><strong>ogonis</strong></span> <span class='ocrx_word' id='word_1_72' title='bbox 769 963 949 1018; x_wconf 56' lang='lat' dir='ltr'><strong>aspamam</strong></span> <span class='ocrx_word' id='word_1_73' title='bbox 1002 942 1026 998; x_wconf 86' lang='lat' dir='ltr'><strong>si</strong></span> <span class='ocrx_word' id='word_1_74' title='bbox 1041 943 1127 1012; x_wconf 89' lang='lat' dir='ltr'><strong>artis,</strong></span> <span class='ocrx_word' id='word_1_75' title='bbox 1140 944 1164 1000; x_wconf 90' lang='lat' dir='ltr'><strong>si</strong></span> <span class='ocrx_word' id='word_1_76' title='bbox 1179 942 1347 999; x_wconf 81' lang='lat' dir='ltr'><strong>fortitudinis</strong></span> <span class='ocrx_word' id='word_1_77' title='bbox 1368 943 1453 1015; x_wconf 85' lang='lat' dir='ltr'><strong>digna</strong></span> <span class='ocrx_word' id='word_1_78' title='bbox 1469 944 1598 1016; x_wconf 73' lang='lat' dir='ltr'><strong>praeierat</strong></span> <span class='ocrx_word' id='word_1_79' title='bbox 1622 943 1802 1008; x_wconf 89' lang='lat' dir='ltr'><strong>documenta,</strong></span> 
     </span>
     <span class='ocr_line' id='line_1_8' title="bbox 431 1032 1802 1108; baseline 0.001 -18"><span class='ocrx_word' id='word_1_80' title='bbox 431 1049 487 1090; x_wconf 85' lang='lat' dir='ltr'><strong>cssc</strong></span> <span class='ocrx_word' id='word_1_81' title='bbox 500 1032 667 1090; x_wconf 81' lang='lat' dir='ltr'><strong>sumoidom.</strong></span> <span class='ocrx_word' id='word_1_82' title='bbox 694 1100 696 1104; x_wconf 11' lang='grc' dir='ltr'><em>Α</em></span> <span class='ocrx_word' id='word_1_83' title='bbox 1002 1041 1030 1090; x_wconf 93' lang='lat' dir='ltr'><strong>et</strong></span> <span class='ocrx_word' id='word_1_84' title='bbox 1040 1033 1196 1107; x_wconf 89' lang='lat' dir='ltr'><strong>junioribus</strong></span> <span class='ocrx_word' id='word_1_85' title='bbox 1215 1036 1370 1108; x_wconf 63' lang='lat' dir='ltr'><strong>comisque</strong></span> <span class='ocrx_word' id='word_1_86' title='bbox 1382 1034 1539 1105; x_wconf 76' lang='lat' dir='ltr'><strong>decertans,</strong></span> <span class='ocrx_word' id='word_1_87' title='bbox 1554 1036 1682 1108; x_wconf 81' lang='lat' dir='ltr'><strong>peritiam</strong></span> <span class='ocrx_word' id='word_1_88' title='bbox 1697 1035 1802 1107; x_wconf 89' lang='lat' dir='ltr'><strong>pariter</strong></span> 
     </span>
    </p>

    <p class='ocr_par' dir='ltr' id='par_1_4' title="bbox 184 1126 1803 1206">
     <span class='ocr_line' id='line_1_9' title="bbox 184 1126 1803 1206; baseline -0.003 -15"><span class='ocrx_word' id='word_1_89' title='bbox 184 1135 237 1206; x_wconf 88' lang='lat' dir='ltr'><strong>Qui</strong></span> <span class='ocrx_word' id='word_1_90' title='bbox 253 1133 281 1189; x_wconf 93' lang='lat' dir='ltr'><strong>in</strong></span> <span class='ocrx_word' id='word_1_91' title='bbox 295 1147 383 1206; x_wconf 90' lang='lat' dir='ltr'><strong>agone</strong></span> <span class='ocrx_word' id='word_1_92' title='bbox 401 1129 556 1198; x_wconf 88' lang='lat' dir='ltr'><strong>contendit,</strong></span> <span class='ocrx_word' id='word_1_93' title='bbox 576 1143 633 1185; x_wconf 91' lang='lat' dir='ltr'><strong>non</strong></span> <span class='ocrx_word' id='word_1_94' title='bbox 644 1127 823 1184; x_wconf 77' lang='lat' dir='ltr'><strong>coronabitur</strong></span> <span class='ocrx_word' id='word_1_95' title='bbox 841 1126 895 1184; x_wconf 89' lang='lat' dir='ltr'><strong>nisi</strong></span> <span class='ocrx_word' id='word_1_96' title='bbox 910 1126 949 1184; x_wconf 92' lang='lat' dir='ltr'><strong>lo-</strong></span> <span class='ocrx_word' id='word_1_97' title='bbox 1001 1143 1034 1185; x_wconf 90' lang='lat' dir='ltr'><strong>ac</strong></span> <span class='ocrx_word' id='word_1_98' title='bbox 1047 1129 1176 1186; x_wconf 78' lang='lat' dir='ltr'><strong>virtutem</strong></span> <span class='ocrx_word' id='word_1_99' title='bbox 1187 1142 1245 1188; x_wconf 84' lang='lat' dir='ltr'><strong>suae</strong></span> <span class='ocrx_word' id='word_1_100' title='bbox 1261 1127 1490 1187; x_wconf 79' lang='lat' dir='ltr'><strong>demonstraverit</strong></span> <span class='ocrx_word' id='word_1_101' title='bbox 1504 1129 1674 1202; x_wconf 76' lang='lat' dir='ltr'><strong>luventatis,</strong></span> <span class='ocrx_word' id='word_1_102' title='bbox 1689 1144 1721 1185; x_wconf 88' lang='lat' dir='ltr'><strong>aa</strong></span> <span class='ocrx_word' id='word_1_103' title='bbox 1734 1142 1803 1201; x_wconf 89' lang='lat' dir='ltr'><strong>pro-</strong></span> 
     </span>
    </p>

    <p class='ocr_par' dir='ltr' id='par_1_5' title="bbox 99 1211 1804 1300">
     <span class='ocr_line' id='line_1_10' title="bbox 99 1211 1804 1300; baseline -0.004 -16"><span class='ocrx_word' id='word_1_104' title='bbox 99 1212 102 1225; x_wconf 76' lang='lat'>&#39;</span> <span class='ocrx_word' id='word_1_105' title='bbox 149 1227 241 1300; x_wconf 90' lang='lat' dir='ltr'><strong>gltime</strong></span> <span class='ocrx_word' id='word_1_106' title='bbox 252 1215 397 1283; x_wconf 85' lang='lat' dir='ltr'><strong>certaverit</strong></span> <span class='ocrx_word' id='word_1_107' title='bbox 409 1226 446 1292; x_wconf 92' lang='lat' dir='ltr'><strong>(ll</strong></span> <span class='ocrx_word' id='word_1_108' title='bbox 464 1226 532 1279; x_wconf 74' lang='lat' dir='ltr'><strong>iim,</strong></span> <span class='ocrx_word' id='word_1_109' title='bbox 548 1221 595 1294; x_wconf 94' lang='grc' dir='ltr'>ιι).</span> <span class='ocrx_word' id='word_1_110' title='bbox 614 1221 667 1292; x_wconf 83' lang='lat' dir='ltr'><strong>Qui</strong></span> <span class='ocrx_word' id='word_1_111' title='bbox 681 1219 821 1277; x_wconf 76' lang='lat' dir='ltr'><strong>naturales</strong></span> <span class='ocrx_word' id='word_1_112' title='bbox 841 1218 949 1293; x_wconf 88' lang='lat' dir='ltr'><strong>appeti-</strong></span> <span class='ocrx_word' id='word_1_113' title='bbox 1002 1211 1129 1280; x_wconf 76' lang='lat' dir='ltr'><strong>liciciis&#39;d</strong></span> <span class='ocrx_word' id='word_1_114' title='bbox 1142 1222 1176 1279; x_wconf 92' lang='lat' dir='ltr'><strong>de</strong></span> <span class='ocrx_word' id='word_1_115' title='bbox 1195 1221 1365 1295; x_wconf 84' lang='lat' dir='ltr'><strong>epheborum</strong></span> <span class='ocrx_word' id='word_1_116' title='bbox 1380 1222 1539 1290; x_wconf 89' lang='lat' dir='ltr'><strong>luctamine,</strong></span> <span class='ocrx_word' id='word_1_117' title='bbox 1551 1222 1679 1295; x_wconf 78' lang='lat' dir='ltr'><strong>perfectis</strong></span> <span class='ocrx_word' id='word_1_118' title='bbox 1692 1224 1750 1294; x_wconf 85' lang='lat' dir='ltr'><strong>jam</strong></span> <span class='ocrx_word' id='word_1_119' title='bbox 1766 1223 1804 1279; x_wconf 86' lang='lat' dir='ltr'><strong>vi-</strong></span> 
     </span>
    </p>
   </div>
   <div class='ocr_carea' id='block_1_3' title="bbox 47 1308 1803 1391">
    <p class='ocr_par' dir='ltr' id='par_1_6' title="bbox 47 1308 1803 1391">
     <span class='ocr_line' id='line_1_11' title="bbox 47 1308 1803 1391; baseline -0.002 -12"><span class='ocrx_word' id='word_1_120' title='bbox 47 1334 72 1362; x_wconf 83' lang='grc'><strong>’-</strong></span> <span class='ocrx_word' id='word_1_121' title='bbox 149 1331 194 1379; x_wconf 90' lang='lat' dir='ltr'><strong>tus</strong></span> <span class='ocrx_word' id='word_1_122' title='bbox 216 1320 307 1377; x_wconf 88' lang='lat' dir='ltr'><strong>earnis</strong></span> <span class='ocrx_word' id='word_1_123' title='bbox 321 1327 399 1391; x_wconf 90' lang='lat' dir='ltr'><strong>optat</strong></span> <span class='ocrx_word' id='word_1_124' title='bbox 417 1315 603 1389; x_wconf 77' lang='lat' dir='ltr'><strong>exstinguere,</strong></span> <span class='ocrx_word' id='word_1_125' title='bbox 624 1308 727 1371; x_wconf 74' lang='lat' dir='ltr'><strong>bentra</strong></span> <span class='ocrx_word' id='word_1_126' title='bbox 740 1319 868 1371; x_wconf 89' lang='lat' dir='ltr'><strong>naturam</strong></span> <span class='ocrx_word' id='word_1_127' title='bbox 886 1313 948 1371; x_wconf 85' lang='lat' dir='ltr'><strong>vitia</strong></span> <span class='ocrx_word' id='word_1_128' title='bbox 1001 1315 1255 1389; x_wconf 74' lang='lat' dir='ltr'><strong>riseteimerientia</strong></span> <span class='ocrx_word' id='word_1_129' title='bbox 1269 1317 1351 1389; x_wconf 88' lang='lat' dir='ltr'><strong>longa</strong></span> <span class='ocrx_word' id='word_1_130' title='bbox 1367 1315 1632 1390; x_wconf 79' lang='lat' dir='ltr'><strong>probatiscongredi</strong></span> <span class='ocrx_word' id='word_1_131' title='bbox 1649 1317 1803 1388; x_wconf 84' lang='lat' dir='ltr'><strong>permissus</strong></span> 
     </span>
    </p>
   </div>
   <div class='ocr_carea' id='block_1_4' title="bbox 144 1406 1880 2237">
    <p class='ocr_par' dir='ltr' id='par_1_7' title="bbox 144 1406 1880 2237">
     <span class='ocr_line' id='line_1_12' title="bbox 148 1406 1803 1485; baseline -0.004 -13"><span class='ocrx_word' id='word_1_132' title='bbox 148 1414 280 1473; x_wconf 86' lang='lat' dir='ltr'><strong>collocata</strong></span> <span class='ocrx_word' id='word_1_133' title='bbox 300 1410 429 1484; x_wconf 89' lang='lat' dir='ltr'><strong>primitus</strong></span> <span class='ocrx_word' id='word_1_134' title='bbox 448 1424 578 1482; x_wconf 89' lang='lat' dir='ltr'><strong>superare</strong></span> <span class='ocrx_word' id='word_1_135' title='bbox 590 1407 711 1465; x_wconf 67' lang='lat' dir='ltr'><strong>insuam.</strong></span> <span class='ocrx_word' id='word_1_136' title='bbox 736 1407 763 1464; x_wconf 91' lang='lat' dir='ltr'><strong>Si</strong></span> <span class='ocrx_word' id='word_1_137' title='bbox 786 1406 859 1464; x_wconf 91' lang='lat' dir='ltr'><strong>enim</strong></span> <span class='ocrx_word' id='word_1_138' title='bbox 880 1421 948 1479; x_wconf 92' lang='lat' dir='ltr'><strong>apo-</strong></span> <span class='ocrx_word' id='word_1_139' title='bbox 1002 1407 1084 1466; x_wconf 86' lang='lat' dir='ltr'><strong>luerit</strong></span> <span class='ocrx_word' id='word_1_140' title='bbox 1096 1411 1420 1484; x_wconf 79' lang='lat' dir='ltr'><strong>praesidentisexamine,</strong></span> <span class='ocrx_word' id='word_1_141' title='bbox 1441 1412 1694 1485; x_wconf 80' lang='lat' dir='ltr'><strong>sequenonsolum</strong></span> <span class='ocrx_word' id='word_1_142' title='bbox 1709 1425 1803 1483; x_wconf 90' lang='lat' dir='ltr'><strong>parem</strong></span> 
     </span>
     <span class='ocr_line' id='line_1_13' title="bbox 147 1500 1803 1578; baseline -0.002 -12"><span class='ocrx_word' id='word_1_143' title='bbox 147 1507 251 1566; x_wconf 79' lang='lat' dir='ltr'><strong>stollam</strong></span> <span class='ocrx_word' id='word_1_144' title='bbox 270 1504 413 1563; x_wconf 76' lang='lat' dir='ltr'><strong>sententiae</strong></span> <span class='ocrx_word' id='word_1_145' title='bbox 435 1503 493 1560; x_wconf 86' lang='lat' dir='ltr'><strong>rim</strong></span> <span class='ocrx_word' id='word_1_146' title='bbox 517 1502 644 1560; x_wconf 79' lang='lat' dir='ltr'><strong>volumus</strong></span> <span class='ocrx_word' id='word_1_147' title='bbox 665 1501 798 1574; x_wconf 83' lang='lat' dir='ltr'><strong>experiri,</strong></span> <span class='ocrx_word' id='word_1_148' title='bbox 820 1516 883 1573; x_wconf 64' lang='grc' dir='ltr'>(ιιι)</span> <span class='ocrx_word' id='word_1_149' title='bbox 895 1500 950 1557; x_wconf 89' lang='lat' dir='ltr'><strong>sint</strong></span> <span class='ocrx_word' id='word_1_150' title='bbox 1003 1502 1095 1560; x_wconf 78' lang='lat' dir='ltr'><strong>virtuti</strong></span> <span class='ocrx_word' id='word_1_151' title='bbox 1114 1520 1210 1562; x_wconf 90' lang='lat' dir='ltr'><strong>eorum</strong></span> <span class='ocrx_word' id='word_1_152' title='bbox 1224 1505 1335 1563; x_wconf 86' lang='lat' dir='ltr'><strong>assidua</strong></span> <span class='ocrx_word' id='word_1_153' title='bbox 1355 1505 1549 1563; x_wconf 80' lang='lat' dir='ltr'><strong>colluctatione</strong></span> <span class='ocrx_word' id='word_1_154' title='bbox 1570 1504 1738 1578; x_wconf 76' lang='lat' dir='ltr'><strong>probaverit,</strong></span> <span class='ocrx_word' id='word_1_155' title='bbox 1754 1520 1803 1563; x_wconf 91' lang='lat' dir='ltr'><strong>re-</strong></span> 
     </span>
     <span class='ocr_line' id='line_1_14' title="bbox 145 1592 1802 1674; baseline -0.001 -16"><span class='ocrx_word' id='word_1_156' title='bbox 145 1601 243 1674; x_wconf 83' lang='lat' dir='ltr'><strong>agonis</strong></span> <span class='ocrx_word' id='word_1_157' title='bbox 263 1597 396 1655; x_wconf 89' lang='lat' dir='ltr'><strong>mundani</strong></span> <span class='ocrx_word' id='word_1_158' title='bbox 417 1597 489 1669; x_wconf 84' lang='lat' dir='ltr'><strong>leges</strong></span> <span class='ocrx_word' id='word_1_159' title='bbox 509 1611 541 1652; x_wconf 89' lang='lat' dir='ltr'><strong>ac</strong></span> <span class='ocrx_word' id='word_1_160' title='bbox 558 1594 700 1666; x_wconf 87' lang='lat' dir='ltr'><strong>disciplina</strong></span> <span class='ocrx_word' id='word_1_161' title='bbox 720 1593 846 1666; x_wconf 85' lang='lat' dir='ltr'><strong>primitas</strong></span> <span class='ocrx_word' id='word_1_162' title='bbox 864 1592 949 1650; x_wconf 87' lang='lat' dir='ltr'><strong>debe·</strong></span> <span class='ocrx_word' id='word_1_163' title='bbox 1002 1610 1065 1652; x_wconf 87' lang='lat' dir='ltr'><strong>ram</strong></span> <span class='ocrx_word' id='word_1_164' title='bbox 1086 1596 1169 1654; x_wconf 90' lang='lat' dir='ltr'><strong>etiam</strong></span> <span class='ocrx_word' id='word_1_165' title='bbox 1191 1596 1348 1671; x_wconf 83' lang='lat' dir='ltr'><strong>frequenter</strong></span> <span class='ocrx_word' id='word_1_166' title='bbox 1374 1599 1447 1654; x_wconf 91' lang='lat' dir='ltr'><strong>inter</strong></span> <span class='ocrx_word' id='word_1_167' title='bbox 1467 1597 1518 1655; x_wconf 92' lang='lat' dir='ltr'><strong>bos</strong></span> <span class='ocrx_word' id='word_1_168' title='bbox 1546 1612 1661 1671; x_wconf 36' lang='lat' dir='ltr'><strong>quoque,</strong></span> <span class='ocrx_word' id='word_1_169' title='bbox 1676 1598 1802 1656; x_wconf 82' lang='lat' dir='ltr'><strong>victoriae</strong></span> 
     </span>
     <span class='ocr_line' id='line_1_15' title="bbox 147 1686 1803 1767; baseline -0.002 -14"><span class='ocrx_word' id='word_1_170' title='bbox 147 1711 211 1753; x_wconf 91' lang='lat' dir='ltr'><strong>inus</strong></span> <span class='ocrx_word' id='word_1_171' title='bbox 224 1707 388 1767; x_wconf 80' lang='lat' dir='ltr'><strong>agnoscere,</strong></span> <span class='ocrx_word' id='word_1_172' title='bbox 402 1699 434 1747; x_wconf 92' lang='lat' dir='ltr'><strong>ut</strong></span> <span class='ocrx_word' id='word_1_173' title='bbox 451 1690 488 1746; x_wconf 89' lang='lat' dir='ltr'><strong>ita</strong></span> <span class='ocrx_word' id='word_1_174' title='bbox 501 1689 614 1747; x_wconf 89' lang='lat' dir='ltr'><strong>demum</strong></span> <span class='ocrx_word' id='word_1_175' title='bbox 628 1687 728 1745; x_wconf 87' lang='lat' dir='ltr'><strong>haruin</strong></span> <span class='ocrx_word' id='word_1_176' title='bbox 744 1686 947 1760; x_wconf 86' lang='lat' dir='ltr'><strong>comparatione</strong></span> <span class='ocrx_word' id='word_1_177' title='bbox 1002 1688 1123 1760; x_wconf 87' lang='lat' dir='ltr'><strong>palmam</strong></span> <span class='ocrx_word' id='word_1_178' title='bbox 1135 1688 1221 1747; x_wconf 81' lang='lat' dir='ltr'><strong>fuerit</strong></span> <span class='ocrx_word' id='word_1_179' title='bbox 1242 1698 1423 1756; x_wconf 84' lang='lat' dir='ltr'><strong>consecutas,</strong></span> <span class='ocrx_word' id='word_1_180' title='bbox 1438 1699 1497 1748; x_wconf 90' lang='lat' dir='ltr'><strong>tuni</strong></span> <span class='ocrx_word' id='word_1_181' title='bbox 1521 1690 1633 1749; x_wconf 91' lang='lat' dir='ltr'><strong>demum</strong></span> <span class='ocrx_word' id='word_1_182' title='bbox 1653 1690 1689 1749; x_wconf 89' lang='lat' dir='ltr'><strong>ad</strong></span> <span class='ocrx_word' id='word_1_183' title='bbox 1706 1692 1803 1764; x_wconf 88' lang='lat' dir='ltr'><strong>agonis</strong></span> 
     </span>
     <span class='ocr_line' id='line_1_16' title="bbox 146 1779 1803 1860; baseline -0.001 -15"><span class='ocrx_word' id='word_1_184' title='bbox 146 1788 217 1846; x_wconf 87' lang='lat' dir='ltr'><strong>scire</strong></span> <span class='ocrx_word' id='word_1_185' title='bbox 231 1785 368 1859; x_wconf 85' lang='lat' dir='ltr'><strong>possimus</strong></span> <span class='ocrx_word' id='word_1_186' title='bbox 385 1782 450 1855; x_wconf 85' lang='lat' dir='ltr'><strong>quid</strong></span> <span class='ocrx_word' id='word_1_187' title='bbox 467 1796 520 1838; x_wconf 86' lang='lat' dir='ltr'><strong>nos</strong></span> <span class='ocrx_word' id='word_1_188' title='bbox 534 1781 562 1837; x_wconf 92' lang='lat' dir='ltr'><strong>in</strong></span> <span class='ocrx_word' id='word_1_189' title='bbox 576 1779 691 1852; x_wconf 84' lang='lat' dir='ltr'><strong>spiritali</strong></span> <span class='ocrx_word' id='word_1_190' title='bbox 705 1794 795 1851; x_wconf 88' lang='lat' dir='ltr'><strong>agone</strong></span> <span class='ocrx_word' id='word_1_191' title='bbox 812 1788 948 1860; x_wconf 81' lang='lat' dir='ltr'><strong>certantes</strong></span> <span class='ocrx_word' id='word_1_192' title='bbox 1001 1782 1130 1853; x_wconf 70' lang='lat' dir='ltr'><strong>praeclara</strong></span> <span class='ocrx_word' id='word_1_193' title='bbox 1148 1785 1298 1841; x_wconf 87' lang='lat' dir='ltr'><strong>certamina</strong></span> <span class='ocrx_word' id='word_1_194' title='bbox 1312 1784 1464 1843; x_wconf 90' lang='lat' dir='ltr'><strong>merebitur</strong></span> <span class='ocrx_word' id='word_1_195' title='bbox 1488 1785 1643 1857; x_wconf 82' lang='lat' dir='ltr'><strong>pervenire,</strong></span> <span class='ocrx_word' id='word_1_196' title='bbox 1658 1786 1688 1841; x_wconf 91' lang='lat' dir='ltr'><strong>in</strong></span> <span class='ocrx_word' id='word_1_197' title='bbox 1701 1785 1803 1856; x_wconf 85' lang='lat' dir='ltr'><strong>qulbus</strong></span> 
     </span>
     <span class='ocr_line' id='line_1_17' title="bbox 146 1870 1801 1964; baseline -0.001 -26"><span class='ocrx_word' id='word_1_198' title='bbox 146 1882 244 1939; x_wconf 83' lang='lat' dir='ltr'><strong>heatus</strong></span> <span class='ocrx_word' id='word_1_199' title='bbox 258 1877 408 1951; x_wconf 78' lang='lat' dir='ltr'><strong>Apostolus</strong></span> <span class='ocrx_word' id='word_1_200' title='bbox 421 1875 475 1931; x_wconf 91' lang='lat' dir='ltr'><strong>hoc</strong></span> <span class='ocrx_word' id='word_1_201' title='bbox 489 1873 616 1945; x_wconf 79' lang='lat' dir='ltr'><strong>exemplo</strong></span> <span class='ocrx_word' id='word_1_202' title='bbox 635 1871 753 1929; x_wconf 86' lang='lat' dir='ltr'><strong>voluerit</strong></span> <span class='ocrx_word' id='word_1_203' title='bbox 773 1870 899 1929; x_wconf 87' lang='lat' dir='ltr'><strong>edocere.</strong></span> <span class='ocrx_word' id='word_1_204' title='bbox 914 1874 946 1928; x_wconf 93' lang='lat' dir='ltr'><strong>ln</strong></span> <span class='ocrx_word' id='word_1_205' title='bbox 959 1901 985 1964; x_wconf 74' lang='lat' dir='ltr'>B</span> <span class='ocrx_word' id='word_1_206' title='bbox 1000 1889 1056 1931; x_wconf 91' lang='lat' dir='ltr'><strong>non</strong></span> <span class='ocrx_word' id='word_1_207' title='bbox 1077 1876 1130 1932; x_wconf 91' lang='lat' dir='ltr'><strong>nisi</strong></span> <span class='ocrx_word' id='word_1_208' title='bbox 1153 1875 1300 1935; x_wconf 86' lang='lat' dir='ltr'><strong>victoribus</strong></span> <span class='ocrx_word' id='word_1_209' title='bbox 1315 1885 1439 1946; x_wconf 90' lang='lat' dir='ltr'><strong>tantum,</strong></span> <span class='ocrx_word' id='word_1_210' title='bbox 1455 1885 1483 1935; x_wconf 89' lang='lat' dir='ltr'><strong>et</strong></span> <span class='ocrx_word' id='word_1_211' title='bbox 1495 1877 1538 1935; x_wconf 88' lang='lat' dir='ltr'><strong>his</strong></span> <span class='ocrx_word' id='word_1_212' title='bbox 1552 1878 1598 1951; x_wconf 89' lang='lat' dir='ltr'><strong>qui</strong></span> <span class='ocrx_word' id='word_1_213' title='bbox 1620 1887 1631 1916; x_wconf 76' lang='lat'><strong>⁰</strong></span> <span class='ocrx_word' id='word_1_214' title='bbox 1651 1879 1801 1936; x_wconf 92' lang='lat' dir='ltr'><strong>multarum</strong></span> 
     </span>
     <span class='ocr_line' id='line_1_18' title="bbox 145 1963 1801 2042; baseline -0.001 -12"><span class='ocrx_word' id='word_1_215' title='bbox 145 1972 200 2031; x_wconf 86' lang='lat' dir='ltr'><strong>illis</strong></span> <span class='ocrx_word' id='word_1_216' title='bbox 210 1971 286 2029; x_wconf 89' lang='lat' dir='ltr'><strong>enim</strong></span> <span class='ocrx_word' id='word_1_217' title='bbox 295 1966 500 2037; x_wconf 84' lang='lat' dir='ltr'><strong>certaminibus,</strong></span> <span class='ocrx_word' id='word_1_218' title='bbox 510 1981 573 2039; x_wconf 87' lang='lat' dir='ltr'><strong>quie</strong></span> <span class='ocrx_word' id='word_1_219' title='bbox 580 1963 730 2022; x_wconf 83' lang='lat' dir='ltr'><strong>secundum</strong></span> <span class='ocrx_word' id='word_1_220' title='bbox 739 1964 867 2022; x_wconf 90' lang='lat' dir='ltr'><strong>eumdem</strong></span> <span class='ocrx_word' id='word_1_221' title='bbox 878 1971 947 2036; x_wconf 78' lang='lat' dir='ltr'><strong>Apo·</strong></span> <span class='ocrx_word' id='word_1_222' title='bbox 1000 1981 1165 2025; x_wconf 84' lang='lat' dir='ltr'><strong>aoronarum</strong></span> <span class='ocrx_word' id='word_1_223' title='bbox 1180 1969 1323 2042; x_wconf 88' lang='lat' dir='ltr'><strong>stipendiis</strong></span> <span class='ocrx_word' id='word_1_224' title='bbox 1333 1969 1456 2028; x_wconf 87' lang='lat' dir='ltr'><strong>decorati</strong></span> <span class='ocrx_word' id='word_1_225' title='bbox 1470 1978 1551 2040; x_wconf 89' lang='lat' dir='ltr'><strong>sunt,</strong></span> <span class='ocrx_word' id='word_1_226' title='bbox 1570 1970 1686 2028; x_wconf 84' lang='lat' dir='ltr'><strong>facultas</strong></span> <span class='ocrx_word' id='word_1_227' title='bbox 1699 1986 1801 2029; x_wconf 86' lang='lat' dir='ltr'><strong>conee-</strong></span> 
     </span>
     <span class='ocr_line' id='line_1_19' title="bbox 144 2059 1880 2138; baseline -0.002 -12"><span class='ocrx_word' id='word_1_228' title='bbox 144 2068 248 2127; x_wconf 89' lang='lat' dir='ltr'><strong>stolum</strong></span> <span class='ocrx_word' id='word_1_229' title='bbox 268 2063 471 2137; x_wconf 88' lang='lat' dir='ltr'><strong>corruptibilem</strong></span> <span class='ocrx_word' id='word_1_230' title='bbox 491 2075 623 2118; x_wconf 87' lang='lat' dir='ltr'><strong>coronam</strong></span> <span class='ocrx_word' id='word_1_231' title='bbox 646 2059 814 2117; x_wconf 80' lang='lat' dir='ltr'><strong>vincentibus</strong></span> <span class='ocrx_word' id='word_1_232' title='bbox 835 2069 967 2132; x_wconf 80' lang='lat' dir='ltr'><strong>parant„</strong></span> <span class='ocrx_word' id='word_1_233' title='bbox 1000 2060 1075 2119; x_wconf 90' lang='lat' dir='ltr'><strong>ditur</strong></span> <span class='ocrx_word' id='word_1_234' title='bbox 1094 2062 1261 2120; x_wconf 89' lang='lat' dir='ltr'><strong>decertandi.</strong></span> <span class='ocrx_word' id='word_1_235' title='bbox 1288 2065 1317 2122; x_wconf 87' lang='lat' dir='ltr'><strong>Si</strong></span> <span class='ocrx_word' id='word_1_236' title='bbox 1349 2064 1532 2122; x_wconf 82' lang='lat' dir='ltr'><strong>intelleximus</strong></span> <span class='ocrx_word' id='word_1_237' title='bbox 1557 2065 1675 2122; x_wconf 87' lang='lat' dir='ltr'><strong>carnalis</strong></span> <span class='ocrx_word' id='word_1_238' title='bbox 1706 2065 1802 2138; x_wconf 90' lang='lat' dir='ltr'><strong>agonis</strong></span> <span class='ocrx_word' id='word_1_239' title='bbox 1873 2078 1880 2088; x_wconf 91' lang='grc'><em>·</em></span> 
     </span>
     <span class='ocr_line' id='line_1_20' title="bbox 144 2150 1800 2237; baseline -0.004 -17"><span class='ocrx_word' id='word_1_240' title='bbox 144 2176 209 2219; x_wconf 86' lang='lat' dir='ltr'><strong>mos</strong></span> <span class='ocrx_word' id='word_1_241' title='bbox 220 2161 272 2237; x_wconf 81' lang='lat' dir='ltr'><strong>iste</strong></span> <span class='ocrx_word' id='word_1_242' title='bbox 282 2165 415 2223; x_wconf 82' lang='lat' dir='ltr'><strong>seruatur,</strong></span> <span class='ocrx_word' id='word_1_243' title='bbox 428 2164 459 2212; x_wconf 89' lang='lat' dir='ltr'><strong>ut</strong></span> <span class='ocrx_word' id='word_1_244' title='bbox 472 2154 497 2211; x_wconf 89' lang='lat' dir='ltr'><strong>is</strong></span> <span class='ocrx_word' id='word_1_245' title='bbox 510 2154 557 2225; x_wconf 85' lang='lat' dir='ltr'><strong>qui</strong></span> <span class='ocrx_word' id='word_1_246' title='bbox 567 2167 597 2209; x_wconf 85' lang='lat' dir='ltr'><strong>so</strong></span> <span class='ocrx_word' id='word_1_247' title='bbox 607 2150 642 2209; x_wconf 87' lang='lat' dir='ltr'><strong>ad</strong></span> <span class='ocrx_word' id='word_1_248' title='bbox 653 2152 802 2225; x_wconf 78' lang='lat' dir='ltr'><strong>gloriosam</strong></span> <span class='ocrx_word' id='word_1_249' title='bbox 816 2168 947 2210; x_wconf 87' lang='lat' dir='ltr'><strong>coronam</strong></span> <span class='ocrx_word' id='word_1_250' title='bbox 1000 2154 1171 2228; x_wconf 85' lang='lat' dir='ltr'><strong>exemplum,</strong></span> <span class='ocrx_word' id='word_1_251' title='bbox 1184 2157 1314 2230; x_wconf 88' lang='lat' dir='ltr'><strong>spiritalis</strong></span> <span class='ocrx_word' id='word_1_252' title='bbox 1333 2173 1442 2231; x_wconf 86' lang='lat' dir='ltr'><strong>quoque</strong></span> <span class='ocrx_word' id='word_1_253' title='bbox 1455 2159 1614 2215; x_wconf 87' lang='lat' dir='ltr'><strong>certaminis</strong></span> <span class='ocrx_word' id='word_1_254' title='bbox 1637 2174 1698 2231; x_wconf 84' lang='lat' dir='ltr'><strong>quae</strong></span> <span class='ocrx_word' id='word_1_255' title='bbox 1720 2159 1800 2216; x_wconf 89' lang='lat' dir='ltr'><strong>disci·</strong></span> 
     </span>
    </p>
   </div>
   <div class='ocr_carea' id='block_1_5' title="bbox 145 2245 1802 2511">
    <p class='ocr_par' dir='ltr' id='par_1_8' title="bbox 145 2245 1802 2511">
     <span class='ocr_line' id='line_1_21' title="bbox 145 2245 1802 2328; baseline -0.001 -16"><span class='ocrx_word' id='word_1_256' title='bbox 145 2263 174 2313; x_wconf 83' lang='lat' dir='ltr'><strong>at</strong></span> <span class='ocrx_word' id='word_1_257' title='bbox 191 2249 371 2310; x_wconf 88' lang='lat' dir='ltr'><strong>immunitatis</strong></span> <span class='ocrx_word' id='word_1_258' title='bbox 385 2246 523 2321; x_wconf 82' lang='lat' dir='ltr'><strong>privilegio</strong></span> <span class='ocrx_word' id='word_1_259' title='bbox 536 2245 693 2303; x_wconf 86' lang='lat' dir='ltr'><strong>decoratam</strong></span> <span class='ocrx_word' id='word_1_260' title='bbox 712 2261 864 2317; x_wconf 81' lang='lat' dir='ltr'><strong>praeparare</strong></span> <span class='ocrx_word' id='word_1_261' title='bbox 878 2261 944 2303; x_wconf 88' lang='lat' dir='ltr'><strong>con·</strong></span> <span class='ocrx_word' id='word_1_262' title='bbox 1001 2250 1074 2322; x_wconf 91' lang='lat' dir='ltr'><strong>plina</strong></span> <span class='ocrx_word' id='word_1_263' title='bbox 1097 2251 1137 2309; x_wconf 85' lang='lat' dir='ltr'><strong>rel</strong></span> <span class='ocrx_word' id='word_1_264' title='bbox 1159 2252 1228 2310; x_wconf 90' lang='lat' dir='ltr'><strong>ordo</strong></span> <span class='ocrx_word' id='word_1_265' title='bbox 1250 2254 1303 2324; x_wconf 88' lang='lat' dir='ltr'><strong>sit,</strong></span> <span class='ocrx_word' id='word_1_266' title='bbox 1331 2255 1538 2328; x_wconf 85' lang='lat' dir='ltr'><strong>comparatione</strong></span> <span class='ocrx_word' id='word_1_267' title='bbox 1560 2254 1642 2327; x_wconf 88' lang='lat' dir='ltr'><strong>hujus</strong></span> <span class='ocrx_word' id='word_1_268' title='bbox 1666 2255 1802 2313; x_wconf 88' lang='lat' dir='ltr'><strong>debemus</strong></span> 
     </span>
     <span class='ocr_line' id='line_1_22' title="bbox 145 2337 1159 2418; baseline -0.009 -14"><span class='ocrx_word' id='word_1_269' title='bbox 145 2345 245 2416; x_wconf 88' lang='lat' dir='ltr'><strong>tendit,</strong></span> <span class='ocrx_word' id='word_1_270' title='bbox 255 2338 590 2414; x_wconf 85' lang='lat' dir='ltr'><strong>etperiectaoupitagonis</strong></span> <span class='ocrx_word' id='word_1_271' title='bbox 599 2337 690 2394; x_wconf 85' lang='lat' dir='ltr'><strong>subire</strong></span> <span class='ocrx_word' id='word_1_272' title='bbox 699 2338 859 2407; x_wconf 88' lang='lat' dir='ltr'><strong>certamina,</strong></span> <span class='ocrx_word' id='word_1_273' title='bbox 871 2339 945 2411; x_wconf 89' lang='lat' dir='ltr'><strong>prius</strong></span> <span class='ocrx_word' id='word_1_274' title='bbox 1002 2359 1159 2418; x_wconf 70' lang='lat' dir='ltr'><strong>agnoscere.</strong></span> 
     </span>
     <span class='ocr_line' id='line_1_23' title="bbox 145 2418 1541 2511; baseline -0.006 -16"><span class='ocrx_word' id='word_1_275' title='bbox 145 2438 195 2495; x_wconf 67' lang='lat' dir='ltr'><strong>‘in</strong></span> <span class='ocrx_word' id='word_1_276' title='bbox 208 2435 377 2509; x_wconf 84' lang='lat' dir='ltr'><strong>Olympiacis</strong></span> <span class='ocrx_word' id='word_1_277' title='bbox 388 2449 419 2489; x_wconf 89' lang='lat' dir='ltr'><strong>ac</strong></span> <span class='ocrx_word' id='word_1_278' title='bbox 432 2430 537 2504; x_wconf 80' lang='lat' dir='ltr'><strong>Pythiis</strong></span> <span class='ocrx_word' id='word_1_279' title='bbox 546 2428 744 2487; x_wconf 89' lang='lat' dir='ltr'><strong>certaminibus</strong></span> <span class='ocrx_word' id='word_1_280' title='bbox 752 2427 875 2486; x_wconf 90' lang='lat' dir='ltr'><strong>indolem</strong></span> <span class='ocrx_word' id='word_1_281' title='bbox 886 2446 944 2489; x_wconf 80' lang='lat' dir='ltr'><strong>suae</strong></span> <span class='ocrx_word' id='word_1_282' title='bbox 1286 2453 1409 2509; x_wconf 58' lang='lat' dir='ltr'><strong>CAPUT</strong></span> <span class='ocrx_word' id='word_1_283' title='bbox 1432 2455 1512 2511; x_wconf 56' lang='grc' dir='ltr'><strong>Μ</strong></span> <span class='ocrx_word' id='word_1_284' title='bbox 1529 2418 1541 2451; x_wconf 79' lang='lat'><em>&#39;</em></span> 
     </span>
    </p>
   </div>
   <div class='ocr_carea' id='block_1_6' title="bbox 141 2522 1801 2884">
    <p class='ocr_par' dir='ltr' id='par_1_9' title="bbox 141 2522 1801 2884">
     <span class='ocr_line' id='line_1_24' title="bbox 141 2522 1800 2619; baseline 0.001 -15"><span class='ocrx_word' id='word_1_285' title='bbox 141 2528 290 2604; x_wconf 55' lang='lat' dir='ltr'>ju&#39;fflmffi</span> <span class='ocrx_word' id='word_1_286' title='bbox 299 2543 332 2584; x_wconf 72' lang='lat'><strong>⁰⁰</strong></span> <span class='ocrx_word' id='word_1_287' title='bbox 344 2526 567 2584; x_wconf 59' lang='lat' dir='ltr'><strong>ffldimfflwmm</strong></span> <span class='ocrx_word' id='word_1_288' title='bbox 578 2523 662 2581; x_wconf 63' lang='lat' dir='ltr'><strong>wbffl</strong></span> <span class='ocrx_word' id='word_1_289' title='bbox 675 2529 801 2580; x_wconf 60' lang='lat' dir='ltr'><strong>mmm·</strong></span> <span class='ocrx_word' id='word_1_290' title='bbox 816 2524 849 2578; x_wconf 55' lang='grc' dir='ltr'>ὴ</span> <span class='ocrx_word' id='word_1_291' title='bbox 858 2522 900 2579; x_wconf 62' lang='lat'><strong>¹¹5⁸</strong></span> <span class='ocrx_word' id='word_1_292' title='bbox 909 2522 944 2579; x_wconf 53' lang='grc' dir='ltr'><strong>εἰ·</strong></span> <span class='ocrx_word' id='word_1_293' title='bbox 1000 2546 1145 2613; x_wconf 80' lang='lat' dir='ltr'><strong>Quodnisi</strong></span> <span class='ocrx_word' id='word_1_294' title='bbox 1164 2546 1236 2615; x_wconf 79' lang='lat' dir='ltr'><strong>pulte</strong></span> <span class='ocrx_word' id='word_1_295' title='bbox 1253 2546 1387 2613; x_wconf 61' lang='lat' dir='ltr'><strong>sumanus</strong></span> <span class='ocrx_word' id='word_1_296' title='bbox 1402 2549 1467 2603; x_wconf 78' lang='lat' dir='ltr'><strong>or‘ti&#39;o</strong></span> <span class='ocrx_word' id='word_1_297' title='bbox 1488 2549 1610 2611; x_wconf 83' lang='lat' dir='ltr'><strong>liberati,</strong></span> <span class='ocrx_word' id='word_1_298' title='bbox 1625 2565 1800 2619; x_wconf 82' lang='lat' dir='ltr'><strong>nequaquem</strong></span> 
     </span>
     <span class='ocr_line' id='line_1_25' title="bbox 144 2615 1784 2697; baseline -0.004 -17"><span class='ocrx_word' id='word_1_299' title='bbox 144 2622 254 2697; x_wconf 88' lang='lat' dir='ltr'><strong>quidem</strong></span> <span class='ocrx_word' id='word_1_300' title='bbox 266 2621 390 2694; x_wconf 83' lang='lat' dir='ltr'><strong>juniores</strong></span> <span class='ocrx_word' id='word_1_301' title='bbox 400 2619 446 2691; x_wconf 86' lang='lat' dir='ltr'><strong>qui</strong></span> <span class='ocrx_word' id='word_1_302' title='bbox 459 2617 510 2674; x_wconf 82' lang='lat' dir='ltr'><strong>has</strong></span> <span class='ocrx_word' id='word_1_303' title='bbox 523 2616 679 2689; x_wconf 84' lang='lat' dir='ltr'><strong>disciplinas</strong></span> <span class='ocrx_word' id='word_1_304' title='bbox 689 2615 941 2687; x_wconf 80' lang='lat' dir='ltr'><strong>eupiuntprodteri,</strong></span> <span class='ocrx_word' id='word_1_305' title='bbox 1031 2617 1167 2687; x_wconf 84' lang='lat' dir='ltr'><strong>possimos</strong></span> <span class='ocrx_word' id='word_1_306' title='bbox 1183 2617 1220 2670; x_wconf 82' lang='lat' dir='ltr'><strong>od</strong></span> <span class='ocrx_word' id='word_1_307' title='bbox 1234 2631 1344 2686; x_wconf 76' lang='lat' dir='ltr'><strong>pugnos</strong></span> <span class='ocrx_word' id='word_1_308' title='bbox 1357 2619 1495 2673; x_wconf 81' lang='lat' dir='ltr'><strong>interioris</strong></span> <span class='ocrx_word' id='word_1_309' title='bbox 1506 2619 1622 2673; x_wconf 75' lang='lat' dir='ltr'><strong>bominis</strong></span> <span class='ocrx_word' id='word_1_310' title='bbox 1633 2623 1784 2689; x_wconf 72' lang='lat' dir='ltr'><strong>perreriae.</strong></span> 
     </span>
     <span class='ocr_line' id='line_1_26' title="bbox 143 2707 1798 2784; baseline -0.002 -10"><span class='ocrx_word' id='word_1_311' title='bbox 143 2724 237 2774; x_wconf 90' lang='lat' dir='ltr'><strong>utrum</strong></span> <span class='ocrx_word' id='word_1_312' title='bbox 247 2710 455 2770; x_wconf 82' lang='lat' dir='ltr'><strong>mereanturrel</strong></span> <span class='ocrx_word' id='word_1_313' title='bbox 466 2707 807 2776; x_wconf 86' lang='lat' dir='ltr'><strong>debcantadeasadmitti,</strong></span> <span class='ocrx_word' id='word_1_314' title='bbox 818 2707 944 2781; x_wconf 83' lang='lat' dir='ltr'><strong>tamajus</strong></span> <span class='ocrx_word' id='word_1_315' title='bbox 1032 2711 1149 2782; x_wconf 88' lang='lat' dir='ltr'><strong>Oportet</strong></span> <span class='ocrx_word' id='word_1_316' title='bbox 1164 2725 1215 2767; x_wconf 89' lang='lat' dir='ltr'><strong>nos</strong></span> <span class='ocrx_word' id='word_1_317' title='bbox 1236 2726 1344 2784; x_wconf 84' lang='lat' dir='ltr'><strong>quoquc</strong></span> <span class='ocrx_word' id='word_1_318' title='bbox 1359 2712 1480 2783; x_wconf 89' lang='lat' dir='ltr'><strong>primum</strong></span> <span class='ocrx_word' id='word_1_319' title='bbox 1506 2713 1658 2769; x_wconf 87' lang='lat' dir='ltr'><strong>libertatem</strong></span> <span class='ocrx_word' id='word_1_320' title='bbox 1671 2724 1798 2783; x_wconf 79' lang='lat' dir='ltr'><strong>nostram</strong></span> 
     </span>
     <span class='ocr_line' id='line_1_27' title="bbox 143 2799 1801 2884; baseline -0.001 -17"><span class='ocrx_word' id='word_1_321' title='bbox 143 2810 189 2884; x_wconf 83' lang='lat' dir='ltr'><strong>qui</strong></span> <span class='ocrx_word' id='word_1_322' title='bbox 203 2809 263 2867; x_wconf 89' lang='lat' dir='ltr'><strong>istis</strong></span> <span class='ocrx_word' id='word_1_323' title='bbox 283 2804 476 2863; x_wconf 87' lang='lat' dir='ltr'><strong>certaminibus</strong></span> <span class='ocrx_word' id='word_1_324' title='bbox 493 2801 637 2876; x_wconf 75' lang='lat' dir='ltr'><strong>presidet,</strong></span> <span class='ocrx_word' id='word_1_325' title='bbox 652 2816 736 2874; x_wconf 86' lang='lat' dir='ltr'><strong>quani</strong></span> <span class='ocrx_word' id='word_1_326' title='bbox 750 2801 837 2860; x_wconf 86' lang='lat' dir='ltr'><strong>totius</strong></span> <span class='ocrx_word' id='word_1_327' title='bbox 851 2801 943 2873; x_wconf 88' lang='lat' dir='ltr'><strong>populi</strong></span> <span class='ocrx_word' id='word_1_328' title='bbox 998 2803 1088 2861; x_wconf 83' lang='lat' dir='ltr'><strong>earnis</strong></span> <span class='ocrx_word' id='word_1_329' title='bbox 1111 2803 1280 2878; x_wconf 85' lang='lat' dir='ltr'><strong>subjectione</strong></span> <span class='ocrx_word' id='word_1_330' title='bbox 1301 2813 1465 2862; x_wconf 86' lang='lat' dir='ltr'><strong>monstrare.</strong></span> <span class='ocrx_word' id='word_1_331' title='bbox 1487 2799 1538 2862; x_wconf 74' lang='lat' dir='ltr'><strong>‘A</strong></span> <span class='ocrx_word' id='word_1_332' title='bbox 1561 2822 1616 2878; x_wconf 89' lang='lat' dir='ltr'><strong>quo</strong></span> <span class='ocrx_word' id='word_1_333' title='bbox 1640 2806 1712 2863; x_wconf 91' lang='lat' dir='ltr'><strong>enim</strong></span> <span class='ocrx_word' id='word_1_334' title='bbox 1738 2809 1801 2880; x_wconf 88' lang='lat' dir='ltr'><strong>quis</strong></span> 
     </span>
    </p>
   </div>
   <div class='ocr_carea' id='block_1_7' title="bbox 695 2936 1253 2997">
    <p class='ocr_par' dir='ltr' id='par_1_10' title="bbox 695 2936 1253 2997">
     <span class='ocr_line' id='line_1_28' title="bbox 695 2936 1253 2997; baseline 0.005 -3"><span class='ocrx_word' id='word_1_335' title='bbox 695 2938 823 2995; x_wconf 76' lang='lat' dir='ltr'><strong>stanni</strong></span> <span class='ocrx_word' id='word_1_336' title='bbox 842 2937 955 2994; x_wconf 76' lang='lat' dir='ltr'><strong>GAZAEl</strong></span> <span class='ocrx_word' id='word_1_337' title='bbox 974 2936 1253 2997; x_wconf 74' lang='lat' dir='ltr'>COMMENTARIUS.</span> 
     </span>
    </p>
   </div>
   <div class='ocr_carea' id='block_1_8' title="bbox 82 3061 1882 5468">
    <p class='ocr_par' dir='ltr' id='par_1_11' title="bbox 82 3061 1882 5468">
     <span class='ocr_line' id='line_1_29' title="bbox 144 3061 1882 3142; baseline -0.005 -15"><span class='ocrx_word' id='word_1_338' title='bbox 144 3067 314 3142; x_wconf 85' lang='lat' dir='ltr'><strong>aDionysio</strong></span> <span class='ocrx_word' id='word_1_339' title='bbox 334 3067 470 3136; x_wconf 88' lang='lat' dir='ltr'><strong>positum,</strong></span> <span class='ocrx_word' id='word_1_340' title='bbox 491 3067 575 3136; x_wconf 85' lang='lat' dir='ltr'><strong>postis</strong></span> <span class='ocrx_word' id='word_1_341' title='bbox 598 3064 745 3135; x_wconf 78' lang='lat' dir='ltr'><strong>opertione.</strong></span> <span class='ocrx_word' id='word_1_342' title='bbox 767 3064 830 3119; x_wconf 81' lang='lat' dir='ltr'><strong>lion</strong></span> <span class='ocrx_word' id='word_1_343' title='bbox 854 3061 943 3119; x_wconf 86' lang='lat' dir='ltr'><strong>solent</strong></span> <span class='ocrx_word' id='word_1_344' title='bbox 996 3072 1057 3120; x_wconf 91' lang='lat' dir='ltr'><strong>otor</strong></span> <span class='ocrx_word' id='word_1_345' title='bbox 1068 3064 1162 3135; x_wconf 88' lang='lat' dir='ltr'><strong>quales</strong></span> <span class='ocrx_word' id='word_1_346' title='bbox 1180 3079 1240 3121; x_wconf 86' lang='lat' dir='ltr'><strong>esse</strong></span> <span class='ocrx_word' id='word_1_347' title='bbox 1252 3063 1371 3122; x_wconf 90' lang='lat' dir='ltr'><strong>debeant</strong></span> <span class='ocrx_word' id='word_1_348' title='bbox 1383 3063 1537 3136; x_wconf 88' lang='lat' dir='ltr'><strong>spirituales</strong></span> <span class='ocrx_word' id='word_1_349' title='bbox 1558 3062 1685 3129; x_wconf 78' lang='lat' dir='ltr'><strong>athletae,</strong></span> <span class='ocrx_word' id='word_1_350' title='bbox 1707 3065 1754 3136; x_wconf 92' lang='lat' dir='ltr'><strong>qui</strong></span> <span class='ocrx_word' id='word_1_351' title='bbox 1770 3064 1799 3120; x_wconf 93' lang='lat' dir='ltr'><strong>in</strong></span> <span class='ocrx_word' id='word_1_352' title='bbox 1877 3072 1882 3083; x_wconf 92' lang='grc'>·</span> 
     </span>
     <span class='ocr_line' id='line_1_30' title="bbox 144 3134 1797 3268; baseline -0.003 -72"><span class='ocrx_word' id='word_1_353' title='bbox 144 3149 237 3268; x_wconf 53' lang='grc' dir='ltr'>ροξῖὲε</span> <span class='ocrx_word' id='word_1_354' title='bbox 251 3138 360 3262; x_wconf 44' lang='lat' dir='ltr'><strong>apori,</strong></span> <span class='ocrx_word' id='word_1_355' title='bbox 376 3135 748 3261; x_wconf 34' lang='lat' dir='ltr'><strong>salubri&amp;lffilffitaffiiculi</strong></span> <span class='ocrx_word' id='word_1_356' title='bbox 768 3211 833 3258; x_wconf 59' lang='lat' dir='ltr'><strong>sum</strong></span> <span class='ocrx_word' id='word_1_357' title='bbox 857 3200 943 3260; x_wconf 56' lang='lat' dir='ltr'><strong>foveae</strong></span> <span class='ocrx_word' id='word_1_358' title='bbox 996 3134 1169 3262; x_wconf 42' lang='lat' dir='ltr'><strong>&amp;mappa</strong></span> <span class='ocrx_word' id='word_1_359' title='bbox 1196 3136 1346 3208; x_wconf 88' lang='lat' dir='ltr'><strong>spiritualis</strong></span> <span class='ocrx_word' id='word_1_360' title='bbox 1370 3151 1420 3209; x_wconf 93' lang='lat' dir='ltr'><strong>pro</strong></span> <span class='ocrx_word' id='word_1_361' title='bbox 1448 3150 1552 3192; x_wconf 88' lang='lat' dir='ltr'><strong>corona</strong></span> <span class='ocrx_word' id='word_1_362' title='bbox 1577 3134 1797 3191; x_wconf 88' lang='lat' dir='ltr'><strong>immarcescibili</strong></span> 
     </span>
     <span class='ocr_line' id='line_1_31' title="bbox 142 3221 1797 3355; baseline -0.005 -15"><span class='ocrx_word' id='word_1_363' title='bbox 142 3280 215 3340; x_wconf 86' lang='lat' dir='ltr'><strong>olam</strong></span> <span class='ocrx_word' id='word_1_364' title='bbox 230 3223 447 3338; x_wconf 45' lang='lat' dir='ltr'><strong>¹:fflictliismterram</strong></span> <span class='ocrx_word' id='word_1_365' title='bbox 459 3221 583 3343; x_wconf 53' lang='lat' dir='ltr'><strong>onogia,</strong></span> <span class='ocrx_word' id='word_1_366' title='bbox 605 3275 708 3347; x_wconf 87' lang='lat' dir='ltr'><strong>qulbus</strong></span> <span class='ocrx_word' id='word_1_367' title='bbox 726 3272 832 3355; x_wconf 78' lang='lat' dir='ltr'><strong>milites</strong></span> <span class='ocrx_word' id='word_1_368' title='bbox 842 3273 944 3331; x_wconf 86' lang='lat' dir='ltr'><strong>inho-</strong></span> <span class='ocrx_word' id='word_1_369' title='bbox 1031 3263 1046 3308; x_wconf 62' lang='lat' dir='ltr'><strong>d</strong></span> <span class='ocrx_word' id='word_1_370' title='bbox 1061 3275 1176 3348; x_wconf 85' lang='lat' dir='ltr'><strong>Ephebi,</strong></span> <span class='ocrx_word' id='word_1_371' title='bbox 1192 3282 1261 3331; x_wconf 90' lang='lat' dir='ltr'><strong>teste</strong></span> <span class='ocrx_word' id='word_1_372' title='bbox 1276 3275 1370 3345; x_wconf 87' lang='lat' dir='ltr'><strong>suida,</strong></span> <span class='ocrx_word' id='word_1_373' title='bbox 1390 3275 1462 3349; x_wconf 85' lang='lat' dir='ltr'><strong>apud</strong></span> <span class='ocrx_word' id='word_1_374' title='bbox 1476 3274 1655 3332; x_wconf 79' lang='lat' dir='ltr'><strong>Athenienses</strong></span> <span class='ocrx_word' id='word_1_375' title='bbox 1667 3275 1797 3332; x_wconf 86' lang='lat' dir='ltr'><strong>dicebau-</strong></span> 
     </span>
     <span class='ocr_line' id='line_1_32' title="bbox 142 3344 1798 3418; baseline -0.005 -7"><span class='ocrx_word' id='word_1_376' title='bbox 142 3354 228 3413; x_wconf 89' lang='lat' dir='ltr'><strong>stium</strong></span> <span class='ocrx_word' id='word_1_377' title='bbox 247 3366 339 3410; x_wconf 87' lang='lat' dir='ltr'><strong>arcem</strong></span> <span class='ocrx_word' id='word_1_378' title='bbox 362 3356 410 3405; x_wconf 91' lang='lat' dir='ltr'><strong>aut</strong></span> <span class='ocrx_word' id='word_1_379' title='bbox 430 3349 526 3404; x_wconf 89' lang='lat' dir='ltr'><strong>urbem</strong></span> <span class='ocrx_word' id='word_1_380' title='bbox 544 3361 576 3402; x_wconf 85' lang='lat' dir='ltr'><strong>er</strong></span> <span class='ocrx_word' id='word_1_381' title='bbox 601 3344 749 3418; x_wconf 78' lang='lat' dir='ltr'><strong>improviso</strong></span> <span class='ocrx_word' id='word_1_382' title='bbox 768 3352 941 3415; x_wconf 87' lang='lat' dir='ltr'><strong>irrumpunt,</strong></span> <span class='ocrx_word' id='word_1_383' title='bbox 997 3355 1043 3403; x_wconf 89' lang='lat' dir='ltr'><strong>tar</strong></span> <span class='ocrx_word' id='word_1_384' title='bbox 1059 3360 1145 3418; x_wconf 86' lang='lat' dir='ltr'><strong>usque</strong></span> <span class='ocrx_word' id='word_1_385' title='bbox 1158 3361 1261 3402; x_wconf 90' lang='lat' dir='ltr'><strong>annum</strong></span> <span class='ocrx_word' id='word_1_386' title='bbox 1279 3347 1567 3416; x_wconf 84' lang='lat' dir='ltr'><strong>decimumoctavum,</strong></span> <span class='ocrx_word' id='word_1_387' title='bbox 1582 3347 1798 3404; x_wconf 88' lang='lat' dir='ltr'><strong>oumldnomeu</strong></span> 
     </span>
     <span class='ocr_line' id='line_1_33' title="bbox 142 3415 1797 3503; baseline -0.005 -22"><span class='ocrx_word' id='word_1_388' title='bbox 142 3432 192 3482; x_wconf 92' lang='lat' dir='ltr'><strong>aut</strong></span> <span class='ocrx_word' id='word_1_389' title='bbox 204 3439 250 3480; x_wconf 90' lang='lat' dir='ltr'><strong>eas</strong></span> <span class='ocrx_word' id='word_1_390' title='bbox 268 3434 401 3479; x_wconf 89' lang='lat' dir='ltr'><strong>succenso</strong></span> <span class='ocrx_word' id='word_1_391' title='bbox 417 3419 526 3503; x_wconf 84' lang='lat' dir='ltr'><strong>pulvere</strong></span> <span class='ocrx_word' id='word_1_392' title='bbox 548 3415 729 3473; x_wconf 74' lang='lat' dir='ltr'><strong>tormentatio</strong></span> <span class='ocrx_word' id='word_1_393' title='bbox 754 3415 897 3487; x_wconf 74' lang='lat' dir='ltr'><strong>excutiunt</strong></span> <span class='ocrx_word' id='word_1_394' title='bbox 916 3425 944 3472; x_wconf 89' lang='lat' dir='ltr'><strong>et</strong></span> <span class='ocrx_word' id='word_1_395' title='bbox 999 3417 1141 3474; x_wconf 91' lang='lat' dir='ltr'><strong>biennium</strong></span> <span class='ocrx_word' id='word_1_396' title='bbox 1159 3417 1328 3486; x_wconf 73' lang='lat' dir='ltr'><strong>tenuissent,</strong></span> <span class='ocrx_word' id='word_1_397' title='bbox 1345 3433 1378 3474; x_wconf 90' lang='lat' dir='ltr'><strong>ac</strong></span> <span class='ocrx_word' id='word_1_398' title='bbox 1391 3428 1452 3476; x_wconf 90' lang='lat' dir='ltr'><strong>tunt</strong></span> <span class='ocrx_word' id='word_1_399' title='bbox 1465 3418 1494 3473; x_wconf 93' lang='lat' dir='ltr'><strong>in</strong></span> <span class='ocrx_word' id='word_1_400' title='bbox 1513 3417 1608 3474; x_wconf 91' lang='lat' dir='ltr'><strong>album</strong></span> <span class='ocrx_word' id='word_1_401' title='bbox 1624 3417 1742 3473; x_wconf 86' lang='lat' dir='ltr'><strong>civitatis</strong></span> <span class='ocrx_word' id='word_1_402' title='bbox 1754 3417 1797 3473; x_wconf 88' lang='lat' dir='ltr'><strong>in-</strong></span> 
     </span>
     <span class='ocr_line' id='line_1_34' title="bbox 144 3467 1795 3570; baseline -0.008 -18"><span class='ocrx_word' id='word_1_403' title='bbox 144 3487 632 3570; x_wconf 79' lang='lat' dir='ltr'><strong>evertunt.Hinccuniculispugnare,</strong></span> <span class='ocrx_word' id='word_1_404' title='bbox 645 3487 778 3556; x_wconf 71' lang='lat' dir='ltr'><strong>laoidpoir</strong></span> <span class='ocrx_word' id='word_1_405' title='bbox 788 3485 941 3569; x_wconf 58' lang='lat' dir='ltr'><strong>eclipsim,</strong></span> <span class='ocrx_word' id='word_1_406' title='bbox 961 3467 984 3531; x_wconf 76' lang='lat' dir='ltr'>C</span> <span class='ocrx_word' id='word_1_407' title='bbox 999 3487 1196 3544; x_wconf 87' lang='lat' dir='ltr'><strong>scribebantur.</strong></span> <span class='ocrx_word' id='word_1_408' title='bbox 1213 3487 1309 3544; x_wconf 81' lang='lat' dir='ltr'><strong>nictus</strong></span> <span class='ocrx_word' id='word_1_409' title='bbox 1320 3497 1413 3545; x_wconf 81' lang='lat' dir='ltr'><strong>antem</strong></span> <span class='ocrx_word' id='word_1_410' title='bbox 1424 3487 1555 3559; x_wconf 89' lang='lat' dir='ltr'><strong>ephebus,</strong></span> <span class='ocrx_word' id='word_1_411' title='bbox 1576 3490 1653 3561; x_wconf 90' lang='lat' dir='ltr'><strong>quasi</strong></span> <span class='ocrx_word' id='word_1_412' title='bbox 1670 3487 1709 3542; x_wconf 70' lang='grc' dir='ltr'><strong>ἐπὶ</strong></span> <span class='ocrx_word' id='word_1_413' title='bbox 1722 3488 1795 3555; x_wconf 62' lang='lat' dir='ltr'><strong>terp,</strong></span> 
     </span>
     <span class='ocr_line' id='line_1_35' title="bbox 143 3556 1798 3637; baseline -0.003 -17"><span class='ocrx_word' id='word_1_414' title='bbox 143 3580 192 3637; x_wconf 88' lang='lat' dir='ltr'><strong>per</strong></span> <span class='ocrx_word' id='word_1_415' title='bbox 205 3562 394 3633; x_wconf 81' lang='lat' dir='ltr'><strong>metaphoram</strong></span> <span class='ocrx_word' id='word_1_416' title='bbox 408 3560 519 3628; x_wconf 92' lang='lat' dir='ltr'><strong>dicitur,</strong></span> <span class='ocrx_word' id='word_1_417' title='bbox 536 3574 581 3629; x_wconf 86' lang='lat' dir='ltr'><strong>qui</strong></span> <span class='ocrx_word' id='word_1_418' title='bbox 596 3573 652 3614; x_wconf 94' lang='lat' dir='ltr'><strong>non</strong></span> <span class='ocrx_word' id='word_1_419' title='bbox 669 3563 761 3628; x_wconf 85' lang='lat' dir='ltr'><strong>aperta</strong></span> <span class='ocrx_word' id='word_1_420' title='bbox 773 3572 817 3624; x_wconf 87' lang='lat' dir='ltr'><strong>vi,</strong></span> <span class='ocrx_word' id='word_1_421' title='bbox 833 3557 881 3613; x_wconf 89' lang='lat' dir='ltr'><strong>sed</strong></span> <span class='ocrx_word' id='word_1_422' title='bbox 892 3556 945 3613; x_wconf 89' lang='lat' dir='ltr'><strong>dis·</strong></span> <span class='ocrx_word' id='word_1_423' title='bbox 997 3557 1026 3615; x_wconf 91' lang='lat' dir='ltr'><strong>id</strong></span> <span class='ocrx_word' id='word_1_424' title='bbox 1040 3565 1092 3622; x_wconf 86' lang='lat' dir='ltr'><strong>est,</strong></span> <span class='ocrx_word' id='word_1_425' title='bbox 1106 3557 1216 3630; x_wconf 90' lang='lat' dir='ltr'><strong>apube,</strong></span> <span class='ocrx_word' id='word_1_426' title='bbox 1232 3558 1373 3630; x_wconf 73' lang='lat' dir='ltr'><strong>quodiam</strong></span> <span class='ocrx_word' id='word_1_427' title='bbox 1389 3560 1425 3615; x_wconf 88' lang='lat' dir='ltr'><strong>sit</strong></span> <span class='ocrx_word' id='word_1_428' title='bbox 1437 3558 1556 3630; x_wconf 86' lang='lat' dir='ltr'><strong>inpube,</strong></span> <span class='ocrx_word' id='word_1_429' title='bbox 1573 3559 1626 3615; x_wconf 91' lang='lat' dir='ltr'><strong>hoc</strong></span> <span class='ocrx_word' id='word_1_430' title='bbox 1638 3566 1691 3621; x_wconf 84' lang='lat' dir='ltr'><strong>est,</strong></span> <span class='ocrx_word' id='word_1_431' title='bbox 1706 3561 1740 3616; x_wconf 90' lang='lat' dir='ltr'><strong>ad</strong></span> <span class='ocrx_word' id='word_1_432' title='bbox 1753 3575 1798 3615; x_wconf 91' lang='lat' dir='ltr'><strong>an·</strong></span> 
     </span>
     <span class='ocr_line' id='line_1_36' title="bbox 143 3625 1794 3752; baseline -0.004 -61"><span class='ocrx_word' id='word_1_433' title='bbox 143 3634 307 3691; x_wconf 85' lang='lat' dir='ltr'><strong>simulanter</strong></span> <span class='ocrx_word' id='word_1_434' title='bbox 322 3641 350 3687; x_wconf 89' lang='lat' dir='ltr'><strong>et</strong></span> <span class='ocrx_word' id='word_1_435' title='bbox 367 3631 439 3688; x_wconf 83' lang='lat' dir='ltr'><strong>dolis</strong></span> <span class='ocrx_word' id='word_1_436' title='bbox 461 3645 519 3686; x_wconf 89' lang='lat' dir='ltr'><strong>rem</strong></span> <span class='ocrx_word' id='word_1_437' title='bbox 542 3630 612 3701; x_wconf 89' lang='lat' dir='ltr'><strong>gerit</strong></span> <span class='ocrx_word' id='word_1_438' title='bbox 634 3648 640 3683; x_wconf 93' lang='lat'>:</span> <span class='ocrx_word' id='word_1_439' title='bbox 666 3635 761 3708; x_wconf 80' lang='lat' dir='ltr'><strong>contra</strong></span> <span class='ocrx_word' id='word_1_440' title='bbox 783 3626 832 3752; x_wconf 48' lang='lat' dir='ltr'><strong>gni</strong></span> <span class='ocrx_word' id='word_1_441' title='bbox 854 3625 944 3697; x_wconf 88' lang='lat' dir='ltr'><strong>palam</strong></span> <span class='ocrx_word' id='word_1_442' title='bbox 998 3642 1049 3683; x_wconf 89' lang='lat' dir='ltr'><strong>nos</strong></span> <span class='ocrx_word' id='word_1_443' title='bbox 1062 3627 1212 3699; x_wconf 85' lang='lat' dir='ltr'><strong>pubertatis</strong></span> <span class='ocrx_word' id='word_1_444' title='bbox 1226 3629 1390 3697; x_wconf 83' lang='lat' dir='ltr'><strong>pervenerit.</strong></span> <span class='ocrx_word' id='word_1_445' title='bbox 1410 3630 1467 3686; x_wconf 85' lang='lat' dir='ltr'><strong>Cio.</strong></span> <span class='ocrx_word' id='word_1_446' title='bbox 1488 3627 1623 3685; x_wconf 85' lang='lat' dir='ltr'><strong>rdeNnt.</strong></span> <span class='ocrx_word' id='word_1_447' title='bbox 1641 3633 1763 3687; x_wconf 87' lang='lat' dir='ltr'><strong>Deorum</strong></span> <span class='ocrx_word' id='word_1_448' title='bbox 1788 3650 1794 3686; x_wconf 91' lang='grc'>;</span> 
     </span>
     <span class='ocr_line' id='line_1_37' title="bbox 143 3697 1797 3778; baseline -0.002 -18"><span class='ocrx_word' id='word_1_449' title='bbox 143 3705 201 3778; x_wconf 86' lang='lat' dir='ltr'><strong>agit</strong></span> <span class='ocrx_word' id='word_1_450' title='bbox 221 3702 295 3776; x_wconf 85' lang='lat' dir='ltr'><strong>quod</strong></span> <span class='ocrx_word' id='word_1_451' title='bbox 308 3703 380 3775; x_wconf 91' lang='lat' dir='ltr'><strong>agit,</strong></span> <span class='ocrx_word' id='word_1_452' title='bbox 397 3699 531 3757; x_wconf 88' lang='lat' dir='ltr'><strong>machinis</strong></span> <span class='ocrx_word' id='word_1_453' title='bbox 552 3714 632 3770; x_wconf 86' lang='lat' dir='ltr'><strong>agere</strong></span> <span class='ocrx_word' id='word_1_454' title='bbox 653 3697 762 3753; x_wconf 84' lang='lat' dir='ltr'><strong>dicitur.</strong></span> <span class='ocrx_word' id='word_1_455' title='bbox 807 3711 880 3752; x_wconf 88' lang='lat' dir='ltr'><strong>icero</strong></span> <span class='ocrx_word' id='word_1_456' title='bbox 895 3712 944 3767; x_wconf 89' lang='lat' dir='ltr'><strong>pro</strong></span> <span class='ocrx_word' id='word_1_457' title='bbox 998 3698 1113 3756; x_wconf 78' lang='lat' dir='ltr'><strong>Athenis</strong></span> <span class='ocrx_word' id='word_1_458' title='bbox 1140 3713 1199 3753; x_wconf 86' lang='lat' dir='ltr'><strong>oum</strong></span> <span class='ocrx_word' id='word_1_459' title='bbox 1221 3713 1304 3754; x_wconf 84' lang='lat' dir='ltr'><strong>casem</strong></span> <span class='ocrx_word' id='word_1_460' title='bbox 1328 3716 1342 3755; x_wconf 92' lang='lat' dir='ltr'><strong>e</strong></span> <span class='ocrx_word' id='word_1_461' title='bbox 1365 3702 1491 3769; x_wconf 80' lang='lat' dir='ltr'><strong>propitiis</strong></span> <span class='ocrx_word' id='word_1_462' title='bbox 1514 3701 1683 3770; x_wconf 83' lang='lat' dir='ltr'><strong>epheborum.</strong></span> <span class='ocrx_word' id='word_1_463' title='bbox 1710 3704 1797 3759; x_wconf 91' lang='lat' dir='ltr'><strong>Porro</strong></span> 
     </span>
     <span class='ocr_line' id='line_1_38' title="bbox 143 3766 1798 3853; baseline -0.002 -21"><span class='ocrx_word' id='word_1_464' title='bbox 143 3775 203 3849; x_wconf 83' lang='lat' dir='ltr'><strong>lege</strong></span> <span class='ocrx_word' id='word_1_465' title='bbox 225 3774 338 3847; x_wconf 74' lang='lat' dir='ltr'><strong>Agraria</strong></span> <span class='ocrx_word' id='word_1_466' title='bbox 362 3792 368 3826; x_wconf 78' lang='lat' dir='ltr'>z</span> <span class='ocrx_word' id='word_1_467' title='bbox 391 3775 455 3841; x_wconf 72' lang='grc' dir='ltr'>Οιιω</span> <span class='ocrx_word' id='word_1_468' title='bbox 477 3787 520 3827; x_wconf 82' lang='lat' dir='ltr'><strong>res</strong></span> <span class='ocrx_word' id='word_1_469' title='bbox 540 3773 632 3840; x_wconf 85' lang='lat' dir='ltr'><strong>operte</strong></span> <span class='ocrx_word' id='word_1_470' title='bbox 647 3768 799 3839; x_wconf 79' lang='lat' dir='ltr'><strong>petebatur,</strong></span> <span class='ocrx_word' id='word_1_471' title='bbox 821 3782 853 3822; x_wconf 88' lang='lat' dir='ltr'><strong>eo</strong></span> <span class='ocrx_word' id='word_1_472' title='bbox 873 3782 944 3822; x_wconf 80' lang='lat' dir='ltr'><strong>norea</strong></span> <span class='ocrx_word' id='word_1_473' title='bbox 998 3766 1168 3849; x_wconf 83' lang='lat' dir='ltr'><strong>epheborum</strong></span> <span class='ocrx_word' id='word_1_474' title='bbox 1191 3769 1344 3825; x_wconf 74' lang='lat' dir='ltr'><strong>certamina</strong></span> <span class='ocrx_word' id='word_1_475' title='bbox 1365 3769 1536 3839; x_wconf 84' lang='lat' dir='ltr'><strong>dicebantur,</strong></span> <span class='ocrx_word' id='word_1_476' title='bbox 1550 3771 1650 3843; x_wconf 88' lang='lat' dir='ltr'><strong>quibus</strong></span> <span class='ocrx_word' id='word_1_477' title='bbox 1664 3772 1798 3853; x_wconf 83' lang='lat' dir='ltr'><strong>juventus</strong></span> 
     </span>
     <span class='ocr_line' id='line_1_39' title="bbox 142 3837 1795 3924; baseline -0.003 -20"><span class='ocrx_word' id='word_1_478' title='bbox 142 3848 239 3904; x_wconf 72' lang='lat' dir='ltr'><strong>omullo</strong></span> <span class='ocrx_word' id='word_1_479' title='bbox 257 3845 389 3901; x_wconf 81' lang='lat' dir='ltr'><strong>curriculis</strong></span> <span class='ocrx_word' id='word_1_480' title='bbox 406 3845 588 3924; x_wconf 54' lang='lat' dir='ltr'><strong>oppopnotur:</strong></span> <span class='ocrx_word' id='word_1_481' title='bbox 692 3908 698 3920; x_wconf 91' lang='lat'><strong>.</strong></span> <span class='ocrx_word' id='word_1_482' title='bbox 875 3907 902 3920; x_wconf 91' lang='lat'><strong>..</strong></span> <span class='ocrx_word' id='word_1_483' title='bbox 997 3853 1118 3896; x_wconf 80' lang='lat' dir='ltr'><strong>exerceri</strong></span> <span class='ocrx_word' id='word_1_484' title='bbox 1141 3837 1276 3895; x_wconf 88' lang='lat' dir='ltr'><strong>solebat:</strong></span> <span class='ocrx_word' id='word_1_485' title='bbox 1300 3841 1373 3897; x_wconf 88' lang='lat' dir='ltr'><strong>unde</strong></span> <span class='ocrx_word' id='word_1_486' title='bbox 1400 3840 1537 3911; x_wconf 80' lang='lat' dir='ltr'><strong>Ephebia,</strong></span> <span class='ocrx_word' id='word_1_487' title='bbox 1571 3841 1631 3897; x_wconf 88' lang='lat' dir='ltr'><strong>loca</strong></span> <span class='ocrx_word' id='word_1_488' title='bbox 1658 3843 1795 3914; x_wconf 76' lang='lat' dir='ltr'><strong>juventuti</strong></span> 
     </span>
     <span class='ocr_line' id='line_1_40' title="bbox 177 3907 1794 3981; baseline -0.002 -7"><span class='ocrx_word' id='word_1_489' title='bbox 177 3912 237 3975; x_wconf 85' lang='lat' dir='ltr'><strong>¹&#39;ld</strong></span> <span class='ocrx_word' id='word_1_490' title='bbox 251 3925 361 3973; x_wconf 87' lang='lat' dir='ltr'><strong>estnon</strong></span> <span class='ocrx_word' id='word_1_491' title='bbox 375 3915 508 3970; x_wconf 89' lang='lat' dir='ltr'><strong>naturalia</strong></span> <span class='ocrx_word' id='word_1_492' title='bbox 524 3929 530 3966; x_wconf 92' lang='lat'>:</span> <span class='ocrx_word' id='word_1_493' title='bbox 545 3907 700 3981; x_wconf 68' lang='lat' dir='ltr'><strong>cujusmodi</strong></span> <span class='ocrx_word' id='word_1_494' title='bbox 712 3914 944 3976; x_wconf 82' lang='lat' dir='ltr'><strong>sometavantiac,</strong></span> <span class='ocrx_word' id='word_1_495' title='bbox 998 3908 1156 3966; x_wconf 81' lang='lat' dir='ltr'><strong>exercendae</strong></span> <span class='ocrx_word' id='word_1_496' title='bbox 1171 3909 1333 3967; x_wconf 87' lang='lat' dir='ltr'><strong>constituta.</strong></span> <span class='ocrx_word' id='word_1_497' title='bbox 1354 3913 1395 3968; x_wconf 85' lang='lat' dir='ltr'><strong>Da</strong></span> <span class='ocrx_word' id='word_1_498' title='bbox 1408 3911 1452 3967; x_wconf 90' lang='lat' dir='ltr'><strong>his</strong></span> <span class='ocrx_word' id='word_1_499' title='bbox 1469 3911 1603 3969; x_wconf 74' lang='lat' dir='ltr'><strong>Alexand.</strong></span> <span class='ocrx_word' id='word_1_500' title='bbox 1620 3911 1655 3969; x_wconf 92' lang='lat' dir='ltr'><strong>ab</strong></span> <span class='ocrx_word' id='word_1_501' title='bbox 1680 3915 1794 3970; x_wconf 80' lang='lat' dir='ltr'><strong>Alexan.</strong></span> 
     </span>
     <span class='ocr_line' id='line_1_41' title="bbox 82 3978 1579 4060; baseline -0.005 -14"><span class='ocrx_word' id='word_1_502' title='bbox 82 4015 85 4018; x_wconf 46' lang='lat'><strong>⁴</strong></span> <span class='ocrx_word' id='word_1_503' title='bbox 143 3989 262 4056; x_wconf 79' lang='lat' dir='ltr'><strong>invidiae,</strong></span> <span class='ocrx_word' id='word_1_504' title='bbox 280 3987 385 4045; x_wconf 83' lang='lat' dir='ltr'><strong>acediae</strong></span> <span class='ocrx_word' id='word_1_505' title='bbox 405 3984 478 4039; x_wconf 87' lang='lat' dir='ltr'><strong>vitia.</strong></span> <span class='ocrx_word' id='word_1_506' title='bbox 494 3983 562 4038; x_wconf 69' lang='lat' dir='ltr'><strong>Hac</strong></span> <span class='ocrx_word' id='word_1_507' title='bbox 582 3979 659 4035; x_wconf 91' lang='lat' dir='ltr'><strong>enim</strong></span> <span class='ocrx_word' id='word_1_508' title='bbox 681 3978 796 4060; x_wconf 87' lang='lat' dir='ltr'><strong>opponit</strong></span> <span class='ocrx_word' id='word_1_509' title='bbox 812 3978 941 4035; x_wconf 88' lang='lat' dir='ltr'><strong>naturali·</strong></span> <span class='ocrx_word' id='word_1_510' title='bbox 995 3980 1136 4038; x_wconf 74' lang='lat' dir='ltr'><strong>Geniali</strong></span> <span class='ocrx_word' id='word_1_511' title='bbox 1152 3987 1179 4049; x_wconf 81' lang='lat'><strong>3,</strong></span> <span class='ocrx_word' id='word_1_512' title='bbox 1191 3996 1215 4038; x_wconf 89' lang='lat' dir='ltr'><strong>c.</strong></span> <span class='ocrx_word' id='word_1_513' title='bbox 1231 3984 1275 4051; x_wconf 73' lang='lat' dir='ltr'><strong>bt,</strong></span> <span class='ocrx_word' id='word_1_514' title='bbox 1294 3989 1323 4038; x_wconf 88' lang='lat' dir='ltr'><strong>et</strong></span> <span class='ocrx_word' id='word_1_515' title='bbox 1335 3981 1475 4039; x_wconf 83' lang='lat' dir='ltr'><strong>Vitmrius</strong></span> <span class='ocrx_word' id='word_1_516' title='bbox 1487 3982 1536 4038; x_wconf 86' lang='lat' dir='ltr'><strong>lib.</strong></span> <span class='ocrx_word' id='word_1_517' title='bbox 1550 3998 1579 4038; x_wconf 89' lang='lat' dir='ltr'><strong>v.</strong></span> 
     </span>
     <span class='ocr_line' id='line_1_42' title="bbox 143 4049 1794 4131; baseline -0.006 -12"><span class='ocrx_word' id='word_1_518' title='bbox 143 4060 195 4119; x_wconf 84' lang='lat' dir='ltr'><strong>bui</strong></span> <span class='ocrx_word' id='word_1_519' title='bbox 206 4059 296 4117; x_wconf 87' lang='lat' dir='ltr'><strong>carnis</strong></span> <span class='ocrx_word' id='word_1_520' title='bbox 310 4055 487 4131; x_wconf 82' lang='lat' dir='ltr'><strong>appetitibus,</strong></span> <span class='ocrx_word' id='word_1_521' title='bbox 501 4053 595 4118; x_wconf 89' lang='lat' dir='ltr'><strong>idest,</strong></span> <span class='ocrx_word' id='word_1_522' title='bbox 610 4049 730 4107; x_wconf 79' lang='lat' dir='ltr'><strong>luxuriae</strong></span> <span class='ocrx_word' id='word_1_523' title='bbox 743 4051 865 4131; x_wconf 38' lang='lat' dir='ltr'><strong>et&#39;gulae,</strong></span> <span class='ocrx_word' id='word_1_524' title='bbox 879 4065 941 4121; x_wconf 83' lang='lat' dir='ltr'><strong>quae</strong></span> <span class='ocrx_word' id='word_1_525' title='bbox 1031 4055 1044 4085; x_wconf 82' lang='lat'>&#39;</span> <span class='ocrx_word' id='word_1_526' title='bbox 1059 4054 1100 4108; x_wconf 87' lang='lat' dir='ltr'><strong>De</strong></span> <span class='ocrx_word' id='word_1_527' title='bbox 1117 4050 1225 4108; x_wconf 87' lang='lat' dir='ltr'><strong>coronis</strong></span> <span class='ocrx_word' id='word_1_528' title='bbox 1239 4053 1411 4124; x_wconf 88' lang='lat' dir='ltr'><strong>militaribus,</strong></span> <span class='ocrx_word' id='word_1_529' title='bbox 1423 4052 1457 4109; x_wconf 91' lang='lat' dir='ltr'><strong>ad</strong></span> <span class='ocrx_word' id='word_1_530' title='bbox 1473 4068 1540 4124; x_wconf 86' lang='lat' dir='ltr'><strong>quas</strong></span> <span class='ocrx_word' id='word_1_531' title='bbox 1558 4054 1669 4125; x_wconf 89' lang='lat' dir='ltr'><strong>respicit</strong></span> <span class='ocrx_word' id='word_1_532' title='bbox 1681 4059 1794 4124; x_wconf 80' lang='lat' dir='ltr'><strong>auctor,</strong></span> 
     </span>
     <span class='ocr_line' id='line_1_43' title="bbox 128 4119 1794 4198; baseline -0.006 -8"><span class='ocrx_word' id='word_1_533' title='bbox 128 4132 172 4195; x_wconf 79' lang='lat' dir='ltr'><strong>‚in</strong></span> <span class='ocrx_word' id='word_1_534' title='bbox 189 4139 287 4188; x_wconf 91' lang='lat' dir='ltr'><strong>natura</strong></span> <span class='ocrx_word' id='word_1_535' title='bbox 311 4134 404 4184; x_wconf 88' lang='lat' dir='ltr'><strong>nostra</strong></span> <span class='ocrx_word' id='word_1_536' title='bbox 424 4122 602 4198; x_wconf 77' lang='lat' dir='ltr'><strong>primigeniae</strong></span> <span class='ocrx_word' id='word_1_537' title='bbox 623 4129 651 4178; x_wconf 91' lang='lat' dir='ltr'><strong>et</strong></span> <span class='ocrx_word' id='word_1_538' title='bbox 666 4128 823 4194; x_wconf 89' lang='lat' dir='ltr'><strong>congemtas</strong></span> <span class='ocrx_word' id='word_1_539' title='bbox 840 4119 943 4177; x_wconf 87' lang='lat' dir='ltr'><strong>hahent</strong></span> <span class='ocrx_word' id='word_1_540' title='bbox 1014 4122 1097 4179; x_wconf 88' lang='lat' dir='ltr'><strong>uibus</strong></span> <span class='ocrx_word' id='word_1_541' title='bbox 1106 4122 1274 4180; x_wconf 85' lang='lat' dir='ltr'><strong>ornabantur</strong></span> <span class='ocrx_word' id='word_1_542' title='bbox 1287 4125 1421 4192; x_wconf 83' lang='lat' dir='ltr'><strong>uictores,</strong></span> <span class='ocrx_word' id='word_1_543' title='bbox 1436 4123 1511 4189; x_wconf 82' lang='lat' dir='ltr'><strong>ride,</strong></span> <span class='ocrx_word' id='word_1_544' title='bbox 1530 4124 1651 4193; x_wconf 90' lang='lat' dir='ltr'><strong>silibet,</strong></span> <span class='ocrx_word' id='word_1_545' title='bbox 1673 4126 1794 4182; x_wconf 89' lang='lat' dir='ltr'><strong>Plinium</strong></span> 
     </span>
     <span class='ocr_line' id='line_1_44' title="bbox 143 4138 1638 4275; baseline -0.009 -15"><span class='ocrx_word' id='word_1_546' title='bbox 143 4202 247 4260; x_wconf 85' lang='lat' dir='ltr'><strong>radices</strong></span> <span class='ocrx_word' id='word_1_547' title='bbox 264 4209 292 4257; x_wconf 93' lang='lat' dir='ltr'><strong>et</strong></span> <span class='ocrx_word' id='word_1_548' title='bbox 304 4198 432 4267; x_wconf 80' lang='lat' dir='ltr'><strong>fomites,</strong></span> <span class='ocrx_word' id='word_1_549' title='bbox 456 4195 572 4268; x_wconf 88' lang='lat' dir='ltr'><strong>ideoque</strong></span> <span class='ocrx_word' id='word_1_550' title='bbox 585 4191 719 4250; x_wconf 87' lang='lat' dir='ltr'><strong>naturalia</strong></span> <span class='ocrx_word' id='word_1_551' title='bbox 729 4190 887 4275; x_wconf 32' lang='lat' dir='ltr'><strong>‘dicuntum</strong></span> <span class='ocrx_word' id='word_1_552' title='bbox 907 4193 942 4248; x_wconf 89' lang='lat' dir='ltr'><strong>de</strong></span> <span class='ocrx_word' id='word_1_553' title='bbox 995 4138 1043 4250; x_wconf 58' lang='lat' dir='ltr'><strong>ab.</strong></span> <span class='ocrx_word' id='word_1_554' title='bbox 1059 4209 1114 4250; x_wconf 84' lang='lat' dir='ltr'><strong>xvi</strong></span> <span class='ocrx_word' id='word_1_555' title='bbox 1126 4209 1186 4266; x_wconf 88' lang='lat' dir='ltr'><strong>cap.</strong></span> <span class='ocrx_word' id='word_1_556' title='bbox 1200 4199 1308 4260; x_wconf 79' lang='lat' dir='ltr'><strong>t,etA</strong></span> <span class='ocrx_word' id='word_1_557' title='bbox 1329 4195 1423 4251; x_wconf 88' lang='lat' dir='ltr'><strong>ollium</strong></span> <span class='ocrx_word' id='word_1_558' title='bbox 1437 4195 1485 4251; x_wconf 87' lang='lat' dir='ltr'><strong>lib.</strong></span> <span class='ocrx_word' id='word_1_559' title='bbox 1502 4210 1591 4268; x_wconf 86' lang='lat' dir='ltr'><strong>veap.</strong></span> <span class='ocrx_word' id='word_1_560' title='bbox 1611 4201 1638 4252; x_wconf 80' lang='grc'><strong>6.</strong></span> 
     </span>
     <span class='ocr_line' id='line_1_45' title="bbox 142 4257 1794 4354; baseline -0.004 -25"><span class='ocrx_word' id='word_1_561' title='bbox 142 4289 196 4354; x_wconf 78' lang='lat' dir='ltr'><strong>qna</strong></span> <span class='ocrx_word' id='word_1_562' title='bbox 210 4270 414 4345; x_wconf 85' lang='lat' dir='ltr'><strong>comparatione</strong></span> <span class='ocrx_word' id='word_1_563' title='bbox 427 4267 559 4326; x_wconf 87' lang='lat' dir='ltr'><strong>vitiorum</strong></span> <span class='ocrx_word' id='word_1_564' title='bbox 576 4263 681 4338; x_wconf 89' lang='lat' dir='ltr'><strong>plenius</strong></span> <span class='ocrx_word' id='word_1_565' title='bbox 694 4271 784 4338; x_wconf 68' lang='lat' dir='ltr'><strong>amtor</strong></span> <span class='ocrx_word' id='word_1_566' title='bbox 797 4262 941 4320; x_wconf 88' lang='lat' dir='ltr'><strong>collatione</strong></span> <span class='ocrx_word' id='word_1_567' title='bbox 1030 4257 1167 4344; x_wconf 72' lang='lat' dir='ltr'><strong>‘Vulgata</strong></span> <span class='ocrx_word' id='word_1_568' title='bbox 1184 4264 1315 4320; x_wconf 84' lang='lat' dir='ltr'><strong>versioha</strong></span> <span class='ocrx_word' id='word_1_569' title='bbox 1351 4268 1488 4346; x_wconf 64' lang='lat' dir='ltr'><strong>tzitpuo</strong></span> <span class='ocrx_word' id='word_1_570' title='bbox 1498 4269 1568 4322; x_wconf 82' lang='lat' dir='ltr'><strong>enim</strong></span> <span class='ocrx_word' id='word_1_571' title='bbox 1579 4270 1640 4337; x_wconf 82' lang='lat' dir='ltr'><strong>puis</strong></span> <span class='ocrx_word' id='word_1_572' title='bbox 1651 4271 1794 4349; x_wconf 78' lang='lat' dir='ltr'><strong>eriperetur</strong></span> 
     </span>
     <span class='ocr_line' id='line_1_46' title="bbox 143 4335 1794 4487; baseline -0.002 -20"><span class='ocrx_word' id='word_1_573' title='bbox 143 4351 290 4467; x_wconf 38' lang='lat' dir='ltr'><strong>qugnltiziiiere</strong></span> <span class='ocrx_word' id='word_1_574' title='bbox 312 4407 378 4462; x_wconf 86' lang='lat' dir='ltr'><strong>olim</strong></span> <span class='ocrx_word' id='word_1_575' title='bbox 392 4407 466 4477; x_wconf 89' lang='lat' dir='ltr'><strong>apud</strong></span> <span class='ocrx_word' id='word_1_576' title='bbox 486 4410 601 4464; x_wconf 80' lang='lat' dir='ltr'><strong>Graecos</strong></span> <span class='ocrx_word' id='word_1_577' title='bbox 623 4415 740 4477; x_wconf 86' lang='lat' dir='ltr'><strong>quatuor</strong></span> <span class='ocrx_word' id='word_1_578' title='bbox 759 4404 941 4487; x_wconf 76' lang='lat' dir='ltr'><strong>armaminnm</strong></span> <span class='ocrx_word' id='word_1_579' title='bbox 994 4335 1570 4487; x_wconf 34' lang='lat' dir='ltr'><strong>gatiilfflpugstqtffinmveistCfflmgffi</strong></span> <span class='ocrx_word' id='word_1_580' title='bbox 1589 4346 1634 4464; x_wconf 48' lang='lat' dir='ltr'><strong>canta</strong></span> <span class='ocrx_word' id='word_1_581' title='bbox 1652 4345 1794 4464; x_wconf 43' lang='grc' dir='ltr'><strong>38ξὲξὲῃὲιῖ</strong></span> 
     </span>
     <span class='ocr_line' id='line_1_47' title="bbox 143 4473 1796 4559; baseline -0.001 -24"><span class='ocrx_word' id='word_1_582' title='bbox 143 4493 242 4554; x_wconf 90' lang='lat' dir='ltr'><strong>genera</strong></span> <span class='ocrx_word' id='word_1_583' title='bbox 257 4490 356 4556; x_wconf 83' lang='lat' dir='ltr'><strong>magno</strong></span> <span class='ocrx_word' id='word_1_584' title='bbox 370 4490 505 4531; x_wconf 91' lang='lat' dir='ltr'><strong>concursu</strong></span> <span class='ocrx_word' id='word_1_585' title='bbox 523 4483 559 4554; x_wconf 35' lang='lat' dir='ltr'><strong>et·</strong></span> <span class='ocrx_word' id='word_1_586' title='bbox 571 4485 701 4554; x_wconf 79' lang='lat' dir='ltr'><strong>apparatu</strong></span> <span class='ocrx_word' id='word_1_587' title='bbox 726 4475 880 4554; x_wconf 82' lang='lat' dir='ltr'><strong>celebrata,</strong></span> <span class='ocrx_word' id='word_1_588' title='bbox 894 4491 940 4544; x_wconf 87' lang='lat' dir='ltr'><strong>qur</strong></span> <span class='ocrx_word' id='word_1_589' title='bbox 995 4473 1181 4536; x_wconf 79' lang='lat' dir='ltr'><strong>obediendam,</strong></span> <span class='ocrx_word' id='word_1_590' title='bbox 1196 4489 1268 4555; x_wconf 80' lang='lat' dir='ltr'><strong>serm</strong></span> <span class='ocrx_word' id='word_1_591' title='bbox 1282 4491 1339 4558; x_wconf 75' lang='lat' dir='ltr'><strong>epus</strong></span> <span class='ocrx_word' id='word_1_592' title='bbox 1348 4479 1415 4559; x_wconf 35' lang='lat' dir='ltr'><strong>&#39;estis</strong></span> <span class='ocrx_word' id='word_1_593' title='bbox 1431 4480 1611 4558; x_wconf 82' lang='lat' dir='ltr'><strong>cotobeditis,</strong></span> <span class='ocrx_word' id='word_1_594' title='bbox 1622 4482 1679 4535; x_wconf 79' lang='lat' dir='ltr'><strong>sice</strong></span> <span class='ocrx_word' id='word_1_595' title='bbox 1690 4484 1796 4550; x_wconf 77' lang='lat' dir='ltr'><strong>pecarii</strong></span> 
     </span>
     <span class='ocr_line' id='line_1_48' title="bbox 143 4540 1795 4693; baseline 0.008 -15"><span class='ocrx_word' id='word_1_596' title='bbox 143 4540 941 4693; x_wconf 62' lang='lat' dir='ltr'><strong>illitteratissimasfantiumili</strong></span> <span class='ocrx_word' id='word_1_597' title='bbox 994 4546 1795 4691; x_wconf 53' lang='lat' dir='ltr'><strong>nautiainstantissimaehit</strong></span> 
     </span>
     <span class='ocr_line' id='line_1_49' title="bbox 143 4680 1792 4764; baseline -0.001 -15"><span class='ocrx_word' id='word_1_598' title='bbox 143 4693 291 4749; x_wconf 83' lang='lat' dir='ltr'><strong>nioliamc.</strong></span> <span class='ocrx_word' id='word_1_599' title='bbox 308 4686 345 4756; x_wconf 80' lang='lat'><strong>8).</strong></span> <span class='ocrx_word' id='word_1_600' title='bbox 360 4687 401 4740; x_wconf 89' lang='lat' dir='ltr'><strong>De</strong></span> <span class='ocrx_word' id='word_1_601' title='bbox 414 4684 515 4756; x_wconf 90' lang='lat' dir='ltr'><strong>quibus</strong></span> <span class='ocrx_word' id='word_1_602' title='bbox 527 4680 646 4764; x_wconf 75' lang='lat' dir='ltr'><strong>Budaeus</strong></span> <span class='ocrx_word' id='word_1_603' title='bbox 658 4698 687 4736; x_wconf 91' lang='lat' dir='ltr'><strong>in</strong></span> <span class='ocrx_word' id='word_1_604' title='bbox 697 4681 825 4764; x_wconf 79' lang='lat' dir='ltr'><strong>Pandect.</strong></span> <span class='ocrx_word' id='word_1_605' title='bbox 841 4683 941 4739; x_wconf 85' lang='lat' dir='ltr'><strong>etCoe-</strong></span> <span class='ocrx_word' id='word_1_606' title='bbox 992 4686 1098 4758; x_wconf 82' lang='lat' dir='ltr'><strong>pluras,</strong></span> <span class='ocrx_word' id='word_1_607' title='bbox 1111 4700 1213 4756; x_wconf 75' lang='lat' dir='ltr'><strong>cassim</strong></span> <span class='ocrx_word' id='word_1_608' title='bbox 1231 4687 1382 4760; x_wconf 82' lang='lat' dir='ltr'><strong>elegantes,</strong></span> <span class='ocrx_word' id='word_1_609' title='bbox 1396 4688 1461 4745; x_wconf 84' lang='lat' dir='ltr'><strong>iacit</strong></span> <span class='ocrx_word' id='word_1_610' title='bbox 1477 4691 1634 4748; x_wconf 87' lang='lat' dir='ltr'><strong>antitheses.</strong></span> <span class='ocrx_word' id='word_1_611' title='bbox 1650 4694 1722 4748; x_wconf 88' lang='lat' dir='ltr'><strong>Nam</strong></span> <span class='ocrx_word' id='word_1_612' title='bbox 1735 4707 1792 4748; x_wconf 94' lang='lat' dir='ltr'><strong>non</strong></span> 
     </span>
     <span class='ocr_line' id='line_1_50' title="bbox 143 4752 1792 4836; baseline -0.001 -15"><span class='ocrx_word' id='word_1_613' title='bbox 143 4762 195 4821; x_wconf 87' lang='lat' dir='ltr'><strong>lius</strong></span> <span class='ocrx_word' id='word_1_614' title='bbox 207 4757 327 4830; x_wconf 83' lang='lat' dir='ltr'><strong>Rhodig.</strong></span> <span class='ocrx_word' id='word_1_615' title='bbox 341 4755 388 4812; x_wconf 89' lang='lat' dir='ltr'><strong>lih.</strong></span> <span class='ocrx_word' id='word_1_616' title='bbox 403 4772 423 4813; x_wconf 86' lang='lat' dir='ltr'>x</span> <span class='ocrx_word' id='word_1_617' title='bbox 438 4771 498 4828; x_wconf 89' lang='lat' dir='ltr'><strong>cap.</strong></span> <span class='ocrx_word' id='word_1_618' title='bbox 512 4761 528 4811; x_wconf 81' lang='grc'>3</span> <span class='ocrx_word' id='word_1_619' title='bbox 544 4768 600 4834; x_wconf 67' lang='lat' dir='ltr'><strong>van</strong></span> <span class='ocrx_word' id='word_1_620' title='bbox 613 4755 683 4809; x_wconf 85' lang='lat' dir='ltr'><strong>liist.</strong></span> <span class='ocrx_word' id='word_1_621' title='bbox 698 4752 841 4836; x_wconf 82' lang='lat' dir='ltr'><strong>olympica</strong></span> <span class='ocrx_word' id='word_1_622' title='bbox 854 4763 940 4835; x_wconf 74' lang='lat' dir='ltr'><strong>certa-</strong></span> <span class='ocrx_word' id='word_1_623' title='bbox 993 4756 1084 4813; x_wconf 89' lang='lat' dir='ltr'><strong>solum</strong></span> <span class='ocrx_word' id='word_1_624' title='bbox 1098 4755 1251 4814; x_wconf 89' lang='lat' dir='ltr'><strong>libertatem</strong></span> <span class='ocrx_word' id='word_1_625' title='bbox 1263 4760 1404 4826; x_wconf 76' lang='lat' dir='ltr'><strong>servituti,</strong></span> <span class='ocrx_word' id='word_1_626' title='bbox 1415 4759 1464 4817; x_wconf 89' lang='lat' dir='ltr'><strong>sed</strong></span> <span class='ocrx_word' id='word_1_627' title='bbox 1478 4761 1633 4819; x_wconf 89' lang='lat' dir='ltr'><strong>libertatem</strong></span> <span class='ocrx_word' id='word_1_628' title='bbox 1654 4762 1792 4832; x_wconf 89' lang='lat' dir='ltr'><strong>libertati,</strong></span> 
     </span>
     <span class='ocr_line' id='line_1_51' title="bbox 144 4823 1792 4907; baseline -0.001 -16"><span class='ocrx_word' id='word_1_629' title='bbox 144 4835 236 4901; x_wconf 89' lang='lat' dir='ltr'><strong>mina,</strong></span> <span class='ocrx_word' id='word_1_630' title='bbox 252 4846 300 4888; x_wconf 86' lang='lat' dir='ltr'><strong>sca</strong></span> <span class='ocrx_word' id='word_1_631' title='bbox 319 4828 375 4885; x_wconf 91' lang='lat' dir='ltr'><strong>ludi</strong></span> <span class='ocrx_word' id='word_1_632' title='bbox 398 4827 470 4900; x_wconf 91' lang='lat' dir='ltr'><strong>apud</strong></span> <span class='ocrx_word' id='word_1_633' title='bbox 491 4827 647 4899; x_wconf 84' lang='lat' dir='ltr'><strong>Olympiam</strong></span> <span class='ocrx_word' id='word_1_634' title='bbox 667 4823 762 4881; x_wconf 88' lang='lat' dir='ltr'><strong>urbem</strong></span> <span class='ocrx_word' id='word_1_635' title='bbox 777 4825 867 4880; x_wconf 84' lang='lat' dir='ltr'><strong>Pisani</strong></span> <span class='ocrx_word' id='word_1_636' title='bbox 881 4825 938 4896; x_wconf 91' lang='lat' dir='ltr'><strong>agri</strong></span> <span class='ocrx_word' id='word_1_637' title='bbox 955 4835 1023 4907; x_wconf 73' lang='lat' dir='ltr'><strong>pet</strong></span> <span class='ocrx_word' id='word_1_638' title='bbox 1036 4827 1195 4883; x_wconf 77' lang='lat' dir='ltr'><strong>servitutem</strong></span> <span class='ocrx_word' id='word_1_639' title='bbox 1208 4829 1322 4902; x_wconf 92' lang='lat' dir='ltr'><strong>opponit</strong></span> <span class='ocrx_word' id='word_1_640' title='bbox 1339 4831 1472 4888; x_wconf 84' lang='lat' dir='ltr'><strong>servituti.</strong></span> <span class='ocrx_word' id='word_1_641' title='bbox 1494 4832 1614 4889; x_wconf 86' lang='lat' dir='ltr'><strong>Primam</strong></span> <span class='ocrx_word' id='word_1_642' title='bbox 1632 4832 1792 4889; x_wconf 87' lang='lat' dir='ltr'><strong>antithesim</strong></span> 
     </span>
     <span class='ocr_line' id='line_1_52' title="bbox 144 4894 1792 4985; baseline -0.001 -24"><span class='ocrx_word' id='word_1_643' title='bbox 144 4907 173 4963; x_wconf 90' lang='lat' dir='ltr'><strong>in</strong></span> <span class='ocrx_word' id='word_1_644' title='bbox 191 4904 284 4974; x_wconf 77' lang='lat' dir='ltr'><strong>Elide,</strong></span> <span class='ocrx_word' id='word_1_645' title='bbox 311 4916 374 4985; x_wconf 80' lang='lat' dir='ltr'><strong>qum</strong></span> <span class='ocrx_word' id='word_1_646' title='bbox 392 4909 434 4957; x_wconf 86' lang='lat' dir='ltr'><strong>est</strong></span> <span class='ocrx_word' id='word_1_647' title='bbox 453 4894 633 4978; x_wconf 66' lang='lat' dir='ltr'><strong>Peloponuepl</strong></span> <span class='ocrx_word' id='word_1_648' title='bbox 650 4895 742 4969; x_wconf 88' lang='lat' dir='ltr'><strong>regio,</strong></span> <span class='ocrx_word' id='word_1_649' title='bbox 754 4894 940 4978; x_wconf 28' lang='lat' dir='ltr'><strong>‘inhonorem</strong></span> <span class='ocrx_word' id='word_1_650' title='bbox 994 4897 1234 4980; x_wconf 83' lang='lat' dir='ltr'><strong>habes,llom.v1</strong></span> <span class='ocrx_word' id='word_1_651' title='bbox 1252 4902 1390 4958; x_wconf 85' lang='lat' dir='ltr'><strong>:Liberoti</strong></span> <span class='ocrx_word' id='word_1_652' title='bbox 1402 4919 1419 4957; x_wconf 90' lang='lat' dir='ltr'><strong>o</strong></span> <span class='ocrx_word' id='word_1_653' title='bbox 1431 4909 1548 4974; x_wconf 80' lang='lat' dir='ltr'><strong>peccato,</strong></span> <span class='ocrx_word' id='word_1_654' title='bbox 1562 4907 1633 4959; x_wconf 71' lang='lat' dir='ltr'><strong>sora</strong></span> <span class='ocrx_word' id='word_1_655' title='bbox 1645 4905 1716 4972; x_wconf 72' lang='lat' dir='ltr'><strong>tecti</strong></span> <span class='ocrx_word' id='word_1_656' title='bbox 1729 4907 1792 4961; x_wconf 86' lang='lat' dir='ltr'><strong>estis</strong></span> 
     </span>
     <span class='ocr_line' id='line_1_53' title="bbox 143 4967 1792 5050; baseline -0.001 -17"><span class='ocrx_word' id='word_1_657' title='bbox 143 4977 245 5050; x_wconf 89' lang='lat' dir='ltr'><strong>impuri</strong></span> <span class='ocrx_word' id='word_1_658' title='bbox 262 4975 328 5032; x_wconf 91' lang='lat' dir='ltr'><strong>idoli</strong></span> <span class='ocrx_word' id='word_1_659' title='bbox 351 4989 384 5030; x_wconf 93' lang='lat' dir='ltr'><strong>co</strong></span> <span class='ocrx_word' id='word_1_660' title='bbox 404 4977 537 5028; x_wconf 90' lang='lat' dir='ltr'><strong>nomento</strong></span> <span class='ocrx_word' id='word_1_661' title='bbox 560 4968 634 5024; x_wconf 87' lang='lat' dir='ltr'><strong>lovis</strong></span> <span class='ocrx_word' id='word_1_662' title='bbox 649 4967 820 5040; x_wconf 85' lang='lat' dir='ltr'><strong>Olympiaci,</strong></span> <span class='ocrx_word' id='word_1_663' title='bbox 843 4975 940 5039; x_wconf 89' lang='lat' dir='ltr'><strong>quinto</strong></span> <span class='ocrx_word' id='word_1_664' title='bbox 993 4973 1056 5027; x_wconf 83' lang='lat' dir='ltr'><strong>Deo.</strong></span> <span class='ocrx_word' id='word_1_665' title='bbox 1083 4973 1118 5027; x_wconf 83' lang='lat' dir='ltr'><strong>Et</strong></span> <span class='ocrx_word' id='word_1_666' title='bbox 1137 4985 1231 5027; x_wconf 89' lang='lat' dir='ltr'><strong>rursus</strong></span> <span class='ocrx_word' id='word_1_667' title='bbox 1248 4986 1281 5027; x_wconf 83' lang='lat' dir='ltr'><strong>ex</strong></span> <span class='ocrx_word' id='word_1_668' title='bbox 1295 4971 1431 5029; x_wconf 80' lang='lat' dir='ltr'><strong>adverso:</strong></span> <span class='ocrx_word' id='word_1_669' title='bbox 1453 4976 1517 5031; x_wconf 83' lang='lat' dir='ltr'><strong>Gom</strong></span> <span class='ocrx_word' id='word_1_670' title='bbox 1537 4978 1608 5030; x_wconf 81' lang='lat' dir='ltr'><strong>soal</strong></span> <span class='ocrx_word' id='word_1_671' title='bbox 1620 4978 1710 5032; x_wconf 77' lang='lat' dir='ltr'><strong>moetas</strong></span> <span class='ocrx_word' id='word_1_672' title='bbox 1726 4991 1792 5046; x_wconf 87' lang='lat' dir='ltr'><strong>pec-</strong></span> 
     </span>
     <span class='ocr_line' id='line_1_54' title="bbox 163 4989 1794 5123; baseline -0.002 -19"><span class='ocrx_word' id='word_1_673' title='bbox 163 5063 253 5119; x_wconf 88' lang='lat' dir='ltr'><strong>uoque</strong></span> <span class='ocrx_word' id='word_1_674' title='bbox 273 5060 345 5101; x_wconf 90' lang='lat' dir='ltr'><strong>anno</strong></span> <span class='ocrx_word' id='word_1_675' title='bbox 359 4989 490 5100; x_wconf 48' lang='lat' dir='ltr'><strong>reffleunte</strong></span> <span class='ocrx_word' id='word_1_676' title='bbox 499 5037 727 5123; x_wconf 77' lang='lat' dir='ltr'><strong>,celebrabantur</strong></span> <span class='ocrx_word' id='word_1_677' title='bbox 741 5054 843 5109; x_wconf 89' lang='lat' dir='ltr'><strong>magno</strong></span> <span class='ocrx_word' id='word_1_678' title='bbox 857 5038 941 5095; x_wconf 88' lang='lat' dir='ltr'><strong>totius</strong></span> <span class='ocrx_word' id='word_1_679' title='bbox 993 5043 1058 5105; x_wconf 85' lang='lat' dir='ltr'><strong>coti,</strong></span> <span class='ocrx_word' id='word_1_680' title='bbox 1068 5042 1373 5113; x_wconf 75' lang='lat' dir='ltr'><strong>libmifutstlsjortitio.</strong></span> <span class='ocrx_word' id='word_1_681' title='bbox 1382 5044 1544 5112; x_wconf 57' lang='lat' dir='ltr'><strong>meandum,</strong></span> <span class='ocrx_word' id='word_1_682' title='bbox 1555 5049 1564 5100; x_wconf 97' lang='lat' dir='ltr'><strong>l</strong></span> <span class='ocrx_word' id='word_1_683' title='bbox 1575 5046 1647 5102; x_wconf 83' lang='lat' dir='ltr'><strong>Petri</strong></span> <span class='ocrx_word' id='word_1_684' title='bbox 1656 5062 1678 5102; x_wconf 94' lang='lat' dir='ltr'><strong>ii</strong></span> <span class='ocrx_word' id='word_1_685' title='bbox 1690 5063 1697 5100; x_wconf 75' lang='grc' dir='ltr'><strong>ε</strong></span> <span class='ocrx_word' id='word_1_686' title='bbox 1707 5048 1794 5114; x_wconf 78' lang='lat' dir='ltr'><strong>Quasi</strong></span> 
     </span>
     <span class='ocr_line' id='line_1_55' title="bbox 142 5064 1791 5183; baseline -0.002 -7"><span class='ocrx_word' id='word_1_687' title='bbox 142 5064 260 5176; x_wconf 54' lang='lat' dir='ltr'><strong>arecia</strong></span> <span class='ocrx_word' id='word_1_688' title='bbox 272 5130 405 5170; x_wconf 90' lang='lat' dir='ltr'><strong>concursu</strong></span> <span class='ocrx_word' id='word_1_689' title='bbox 424 5132 430 5169; x_wconf 93' lang='lat'>:</span> <span class='ocrx_word' id='word_1_690' title='bbox 444 5110 572 5183; x_wconf 88' lang='lat' dir='ltr'><strong>aquibus</strong></span> <span class='ocrx_word' id='word_1_691' title='bbox 586 5109 761 5181; x_wconf 72' lang='lat' dir='ltr'><strong>Olympiades</strong></span> <span class='ocrx_word' id='word_1_692' title='bbox 770 5125 873 5166; x_wconf 89' lang='lat' dir='ltr'><strong>nomen</strong></span> <span class='ocrx_word' id='word_1_693' title='bbox 883 5126 941 5166; x_wconf 91' lang='lat' dir='ltr'><strong>sor·</strong></span> <span class='ocrx_word' id='word_1_694' title='bbox 995 5112 1084 5175; x_wconf 81' lang='lat' dir='ltr'><strong>liberi,</strong></span> <span class='ocrx_word' id='word_1_695' title='bbox 1096 5129 1148 5167; x_wconf 83' lang='lat' dir='ltr'><strong>non</strong></span> <span class='ocrx_word' id='word_1_696' title='bbox 1158 5115 1366 5182; x_wconf 81' lang='lat' dir='ltr'><strong>quosioelomen</strong></span> <span class='ocrx_word' id='word_1_697' title='bbox 1375 5116 1499 5171; x_wconf 84' lang='lat' dir='ltr'><strong>babentes</strong></span> <span class='ocrx_word' id='word_1_698' title='bbox 1508 5119 1621 5172; x_wconf 76' lang='lat' dir='ltr'><strong>malitia</strong></span> <span class='ocrx_word' id='word_1_699' title='bbox 1630 5118 1791 5180; x_wconf 68' lang='lat' dir='ltr'><strong>libertatem,</strong></span> 
     </span>
     <span class='ocr_line' id='line_1_56' title="bbox 144 5180 1792 5260; baseline -0.001 -15"><span class='ocrx_word' id='word_1_700' title='bbox 144 5187 203 5244; x_wconf 86' lang='lat' dir='ltr'><strong>titae</strong></span> <span class='ocrx_word' id='word_1_701' title='bbox 216 5193 297 5252; x_wconf 81' lang='lat' dir='ltr'><strong>sunt3</strong></span> <span class='ocrx_word' id='word_1_702' title='bbox 311 5183 408 5255; x_wconf 83' lang='lat' dir='ltr'><strong>Pythia</strong></span> <span class='ocrx_word' id='word_1_703' title='bbox 421 5183 451 5238; x_wconf 90' lang='lat' dir='ltr'><strong>in</strong></span> <span class='ocrx_word' id='word_1_704' title='bbox 466 5181 599 5237; x_wconf 89' lang='lat' dir='ltr'><strong>honorem</strong></span> <span class='ocrx_word' id='word_1_705' title='bbox 614 5181 752 5252; x_wconf 74' lang='lat' dir='ltr'><strong>Apollinis</strong></span> <span class='ocrx_word' id='word_1_706' title='bbox 767 5180 856 5253; x_wconf 83' lang='lat' dir='ltr'><strong>Pythii</strong></span> <span class='ocrx_word' id='word_1_707' title='bbox 871 5197 940 5237; x_wconf 92' lang='lat' dir='ltr'><strong>nun·</strong></span> <span class='ocrx_word' id='word_1_708' title='bbox 994 5183 1042 5238; x_wconf 87' lang='lat' dir='ltr'><strong>sed</strong></span> <span class='ocrx_word' id='word_1_709' title='bbox 1054 5185 1123 5239; x_wconf 73' lang='lat' dir='ltr'><strong>sicto</strong></span> <span class='ocrx_word' id='word_1_710' title='bbox 1135 5186 1207 5238; x_wconf 71' lang='lat' dir='ltr'><strong>seria?</strong></span> <span class='ocrx_word' id='word_1_711' title='bbox 1219 5186 1276 5240; x_wconf 80' lang='lat' dir='ltr'><strong>bei.</strong></span> <span class='ocrx_word' id='word_1_712' title='bbox 1299 5185 1351 5242; x_wconf 91' lang='lat' dir='ltr'><strong>Ubi</strong></span> <span class='ocrx_word' id='word_1_713' title='bbox 1365 5200 1456 5241; x_wconf 88' lang='lat' dir='ltr'><strong>reram</strong></span> <span class='ocrx_word' id='word_1_714' title='bbox 1469 5187 1638 5254; x_wconf 86' lang='lat' dir='ltr'><strong>libertatem,</strong></span> <span class='ocrx_word' id='word_1_715' title='bbox 1652 5202 1715 5260; x_wconf 83' lang='lat' dir='ltr'><strong>queo</strong></span> <span class='ocrx_word' id='word_1_716' title='bbox 1726 5203 1792 5244; x_wconf 88' lang='lat' dir='ltr'><strong>cuni</strong></span> 
     </span>
     <span class='ocr_line' id='line_1_57' title="bbox 142 5251 1793 5340; baseline 0 -25"><span class='ocrx_word' id='word_1_717' title='bbox 142 5257 247 5340; x_wconf 84' lang='lat' dir='ltr'><strong>cupali,</strong></span> <span class='ocrx_word' id='word_1_718' title='bbox 271 5253 436 5334; x_wconf 38' lang='lat' dir='ltr'><strong>al’ythone·</strong></span> <span class='ocrx_word' id='word_1_719' title='bbox 449 5260 575 5334; x_wconf 86' lang='lat' dir='ltr'><strong>serpente</strong></span> <span class='ocrx_word' id='word_1_720' title='bbox 605 5252 664 5324; x_wconf 82' lang='lat' dir='ltr'><strong>ejus</strong></span> <span class='ocrx_word' id='word_1_721' title='bbox 675 5251 773 5333; x_wconf 77' lang='lat' dir='ltr'><strong>jaculis</strong></span> <span class='ocrx_word' id='word_1_722' title='bbox 795 5251 940 5333; x_wconf 63' lang='lat' dir='ltr'><strong>confosso,</strong></span> <span class='ocrx_word' id='word_1_723' title='bbox 994 5253 1122 5310; x_wconf 74' lang='lat' dir='ltr'><strong>servitute</strong></span> <span class='ocrx_word' id='word_1_724' title='bbox 1137 5254 1186 5311; x_wconf 87' lang='lat' dir='ltr'><strong>Dei</strong></span> <span class='ocrx_word' id='word_1_725' title='bbox 1204 5253 1350 5326; x_wconf 80' lang='lat' dir='ltr'><strong>conjuncta</strong></span> <span class='ocrx_word' id='word_1_726' title='bbox 1368 5264 1424 5323; x_wconf 89' lang='lat' dir='ltr'><strong>est,</strong></span> <span class='ocrx_word' id='word_1_727' title='bbox 1445 5258 1560 5328; x_wconf 91' lang='lat' dir='ltr'><strong>opponit</strong></span> <span class='ocrx_word' id='word_1_728' title='bbox 1578 5257 1653 5315; x_wconf 83' lang='lat' dir='ltr'><strong>falsae</strong></span> <span class='ocrx_word' id='word_1_729' title='bbox 1668 5267 1695 5314; x_wconf 90' lang='lat' dir='ltr'><strong>et</strong></span> <span class='ocrx_word' id='word_1_730' title='bbox 1716 5273 1793 5315; x_wconf 80' lang='lat' dir='ltr'><strong>rania</strong></span> 
     </span>
     <span class='ocr_line' id='line_1_58' title="bbox 143 5319 1793 5403; baseline -0.001 -18"><span class='ocrx_word' id='word_1_731' title='bbox 143 5343 221 5399; x_wconf 71' lang='lat' dir='ltr'><strong>majus</strong></span> <span class='ocrx_word' id='word_1_732' title='bbox 233 5326 324 5383; x_wconf 84' lang='lat' dir='ltr'><strong>tabula</strong></span> <span class='ocrx_word' id='word_1_733' title='bbox 338 5323 372 5380; x_wconf 92' lang='lat' dir='ltr'><strong>ab</strong></span> <span class='ocrx_word' id='word_1_734' title='bbox 386 5322 484 5381; x_wconf 76' lang='lat' dir='ltr'><strong>Ouidio</strong></span> <span class='ocrx_word' id='word_1_735' title='bbox 498 5338 525 5403; x_wconf 82' lang='lat' dir='ltr'><strong>in</strong></span> <span class='ocrx_word' id='word_1_736' title='bbox 540 5323 756 5394; x_wconf 87' lang='lat' dir='ltr'><strong>bletainorphosr</strong></span> <span class='ocrx_word' id='word_1_737' title='bbox 768 5319 939 5402; x_wconf 79' lang='lat' dir='ltr'><strong>describitur.</strong></span> <span class='ocrx_word' id='word_1_738' title='bbox 994 5323 1123 5381; x_wconf 87' lang='lat' dir='ltr'><strong>libertati.</strong></span> <span class='ocrx_word' id='word_1_739' title='bbox 1140 5325 1261 5381; x_wconf 88' lang='lat' dir='ltr'><strong>Tertiam</strong></span> <span class='ocrx_word' id='word_1_740' title='bbox 1274 5327 1301 5381; x_wconf 93' lang='lat' dir='ltr'><strong>in</strong></span> <span class='ocrx_word' id='word_1_741' title='bbox 1316 5326 1405 5382; x_wconf 82' lang='lat' dir='ltr'><strong>verbis</strong></span> <span class='ocrx_word' id='word_1_742' title='bbox 1421 5343 1501 5399; x_wconf 91' lang='lat' dir='ltr'><strong>supra</strong></span> <span class='ocrx_word' id='word_1_743' title='bbox 1514 5329 1602 5385; x_wconf 91' lang='lat' dir='ltr'><strong>citatis</strong></span> <span class='ocrx_word' id='word_1_744' title='bbox 1617 5347 1624 5384; x_wconf 74' lang='grc' dir='ltr'>ι</span> <span class='ocrx_word' id='word_1_745' title='bbox 1640 5331 1719 5386; x_wconf 76' lang='lat' dir='ltr'><strong>Serri</strong></span> <span class='ocrx_word' id='word_1_746' title='bbox 1734 5331 1793 5399; x_wconf 78' lang='lat' dir='ltr'><strong>ejice</strong></span> 
     </span>
     <span class='ocr_line' id='line_1_59' title="bbox 144 5391 1795 5468; baseline 0 -13"><span class='ocrx_word' id='word_1_747' title='bbox 144 5400 176 5456; x_wconf 90' lang='lat' dir='ltr'><strong>ln</strong></span> <span class='ocrx_word' id='word_1_748' title='bbox 188 5397 267 5454; x_wconf 88' lang='lat' dir='ltr'><strong>biset</strong></span> <span class='ocrx_word' id='word_1_749' title='bbox 281 5393 440 5467; x_wconf 73' lang='lat' dir='ltr'><strong>huiusmodi</strong></span> <span class='ocrx_word' id='word_1_750' title='bbox 458 5391 530 5449; x_wconf 91' lang='lat' dir='ltr'><strong>ludis</strong></span> <span class='ocrx_word' id='word_1_751' title='bbox 545 5398 573 5447; x_wconf 91' lang='lat' dir='ltr'><strong>ct</strong></span> <span class='ocrx_word' id='word_1_752' title='bbox 587 5391 779 5449; x_wconf 88' lang='lat' dir='ltr'><strong>certaminibus</strong></span> <span class='ocrx_word' id='word_1_753' title='bbox 797 5406 869 5446; x_wconf 88' lang='lat' dir='ltr'><strong>varia</strong></span> <span class='ocrx_word' id='word_1_754' title='bbox 881 5407 941 5448; x_wconf 88' lang='lat' dir='ltr'><strong>eer-</strong></span> <span class='ocrx_word' id='word_1_755' title='bbox 995 5398 1069 5459; x_wconf 85' lang='lat' dir='ltr'><strong>estis,</strong></span> <span class='ocrx_word' id='word_1_756' title='bbox 1082 5398 1127 5451; x_wconf 83' lang='lat' dir='ltr'><strong>coi</strong></span> <span class='ocrx_word' id='word_1_757' title='bbox 1139 5397 1261 5460; x_wconf 69' lang='lat' dir='ltr'><strong>obeditis,</strong></span> <span class='ocrx_word' id='word_1_758' title='bbox 1274 5399 1330 5453; x_wconf 85' lang='lat' dir='ltr'><strong>siae</strong></span> <span class='ocrx_word' id='word_1_759' title='bbox 1338 5401 1442 5468; x_wconf 84' lang='lat' dir='ltr'><strong>peccati</strong></span> <span class='ocrx_word' id='word_1_760' title='bbox 1455 5401 1492 5455; x_wconf 83' lang='lat' dir='ltr'><strong>od</strong></span> <span class='ocrx_word' id='word_1_761' title='bbox 1502 5406 1623 5463; x_wconf 86' lang='lat' dir='ltr'><strong>mortem,</strong></span> <span class='ocrx_word' id='word_1_762' title='bbox 1638 5403 1693 5456; x_wconf 83' lang='lat' dir='ltr'><strong>sire</strong></span> <span class='ocrx_word' id='word_1_763' title='bbox 1703 5401 1795 5456; x_wconf 86' lang='lat' dir='ltr'><strong>obedi-</strong></span> 
     </span>
    </p>
   </div>
   <div class='ocr_carea' id='block_1_9' title="bbox 139 5461 1793 5968">
    <p class='ocr_par' dir='ltr' id='par_1_12' title="bbox 139 5461 1793 5968">
     <span class='ocr_line' id='line_1_60' title="bbox 143 5461 1792 5541; baseline -0.006 -15"><span class='ocrx_word' id='word_1_764' title='bbox 143 5469 261 5536; x_wconf 88' lang='lat' dir='ltr'><strong>tahatur,</strong></span> <span class='ocrx_word' id='word_1_765' title='bbox 277 5483 376 5532; x_wconf 88' lang='lat' dir='ltr'><strong>cursu,</strong></span> <span class='ocrx_word' id='word_1_766' title='bbox 393 5464 478 5535; x_wconf 88' lang='lat' dir='ltr'><strong>lucta,</strong></span> <span class='ocrx_word' id='word_1_767' title='bbox 499 5479 534 5536; x_wconf 92' lang='lat' dir='ltr'><strong>pu</strong></span> <span class='ocrx_word' id='word_1_768' title='bbox 565 5462 636 5531; x_wconf 90' lang='lat' dir='ltr'><strong>latu,</strong></span> <span class='ocrx_word' id='word_1_769' title='bbox 651 5463 739 5528; x_wconf 89' lang='lat' dir='ltr'><strong>saltu,</strong></span> <span class='ocrx_word' id='word_1_770' title='bbox 755 5461 940 5534; x_wconf 83' lang='lat' dir='ltr'><strong>aliisqnemo·</strong></span> <span class='ocrx_word' id='word_1_771' title='bbox 993 5467 1125 5522; x_wconf 73' lang='lat' dir='ltr'><strong>tionisrm</strong></span> <span class='ocrx_word' id='word_1_772' title='bbox 1135 5468 1282 5536; x_wconf 74' lang='lat' dir='ltr'><strong>justitium.</strong></span> <span class='ocrx_word' id='word_1_773' title='bbox 1299 5470 1337 5523; x_wconf 81' lang='lat' dir='ltr'><strong>Ex</strong></span> <span class='ocrx_word' id='word_1_774' title='bbox 1350 5468 1448 5541; x_wconf 88' lang='lat' dir='ltr'><strong>quihus</strong></span> <span class='ocrx_word' id='word_1_775' title='bbox 1464 5469 1545 5526; x_wconf 77' lang='lat' dir='ltr'><strong>etiam</strong></span> <span class='ocrx_word' id='word_1_776' title='bbox 1561 5470 1693 5528; x_wconf 68' lang='lat' dir='ltr'><strong>trahemus</strong></span> <span class='ocrx_word' id='word_1_777' title='bbox 1707 5471 1792 5528; x_wconf 64' lang='lat' dir='ltr'><strong>aliam</strong></span> 
     </span>
     <span class='ocr_line' id='line_1_61' title="bbox 143 5478 1793 5619; baseline -0.007 -11"><span class='ocrx_word' id='word_1_778' title='bbox 143 5539 186 5597; x_wconf 60' lang='grc' dir='ltr'><strong>(ἥδ</strong></span> <span class='ocrx_word' id='word_1_779' title='bbox 205 5561 211 5596; x_wconf 79' lang='lat'>²</span> <span class='ocrx_word' id='word_1_780' title='bbox 229 5538 301 5595; x_wconf 69' lang='lat' dir='ltr'><strong>unde</strong></span> <span class='ocrx_word' id='word_1_781' title='bbox 316 5546 342 5593; x_wconf 65' lang='lat' dir='ltr'><strong>el</strong></span> <span class='ocrx_word' id='word_1_782' title='bbox 363 5543 498 5616; x_wconf 61' lang='grc' dir='ltr'><strong>θθῐῑθῑὲῑθῦ</strong></span> <span class='ocrx_word' id='word_1_783' title='bbox 511 5478 638 5615; x_wconf 56' lang='lat' dir='ltr'><strong>iliffiiiaei</strong></span> <span class='ocrx_word' id='word_1_784' title='bbox 652 5533 800 5606; x_wconf 65' lang='lat' dir='ltr'><strong>³8⁰¹¹l⁵¹aer</strong></span> <span class='ocrx_word' id='word_1_785' title='bbox 820 5532 940 5614; x_wconf 63' lang='lat' dir='ltr'><strong>PPssssii,</strong></span> <span class='ocrx_word' id='word_1_786' title='bbox 994 5551 1054 5619; x_wconf 62' lang='lat' dir='ltr'><strong>ease</strong></span> <span class='ocrx_word' id='word_1_787' title='bbox 1068 5536 1220 5619; x_wconf 72' lang='lat' dir='ltr'><strong>libertatem</strong></span> <span class='ocrx_word' id='word_1_788' title='bbox 1241 5539 1361 5619; x_wconf 83' lang='lat' dir='ltr'><strong>spiritus,</strong></span> <span class='ocrx_word' id='word_1_789' title='bbox 1378 5540 1461 5597; x_wconf 88' lang='lat' dir='ltr'><strong>aliam</strong></span> <span class='ocrx_word' id='word_1_790' title='bbox 1482 5540 1571 5598; x_wconf 85' lang='lat' dir='ltr'><strong>carnis</strong></span> <span class='ocrx_word' id='word_1_791' title='bbox 1590 5559 1596 5595; x_wconf 74' lang='grc' dir='ltr'>ι</span> <span class='ocrx_word' id='word_1_792' title='bbox 1621 5550 1649 5598; x_wconf 91' lang='lat' dir='ltr'><strong>et</strong></span> <span class='ocrx_word' id='word_1_793' title='bbox 1665 5542 1793 5599; x_wconf 84' lang='lat' dir='ltr'><strong>similiter</strong></span> 
     </span>
     <span class='ocr_line' id='line_1_62' title="bbox 142 5603 1791 5685; baseline 0 -18"><span class='ocrx_word' id='word_1_794' title='bbox 142 5624 275 5677; x_wconf 88' lang='lat' dir='ltr'><strong>oiirsores,</strong></span> <span class='ocrx_word' id='word_1_795' title='bbox 290 5616 339 5666; x_wconf 90' lang='lat' dir='ltr'><strong>aut</strong></span> <span class='ocrx_word' id='word_1_796' title='bbox 349 5607 494 5678; x_wconf 75' lang='lat' dir='ltr'><strong>palestrita</strong></span> <span class='ocrx_word' id='word_1_797' title='bbox 511 5603 693 5661; x_wconf 86' lang='lat' dir='ltr'><strong>dicebantur:</strong></span> <span class='ocrx_word' id='word_1_798' title='bbox 712 5619 762 5660; x_wconf 89' lang='lat' dir='ltr'><strong>nec</strong></span> <span class='ocrx_word' id='word_1_799' title='bbox 779 5604 893 5674; x_wconf 85' lang='lat' dir='ltr'><strong>quilibet</strong></span> <span class='ocrx_word' id='word_1_800' title='bbox 906 5604 941 5661; x_wconf 91' lang='lat' dir='ltr'><strong>ad</strong></span> <span class='ocrx_word' id='word_1_801' title='bbox 996 5606 1077 5663; x_wconf 90' lang='lat' dir='ltr'><strong>aliam</strong></span> <span class='ocrx_word' id='word_1_802' title='bbox 1092 5615 1251 5664; x_wconf 81' lang='lat' dir='ltr'><strong>servitutem</strong></span> <span class='ocrx_word' id='word_1_803' title='bbox 1266 5609 1391 5682; x_wconf 79' lang='lat' dir='ltr'><strong>Justitiae,</strong></span> <span class='ocrx_word' id='word_1_804' title='bbox 1407 5611 1487 5667; x_wconf 90' lang='lat' dir='ltr'><strong>aliam</strong></span> <span class='ocrx_word' id='word_1_805' title='bbox 1499 5613 1659 5669; x_wconf 83' lang='lat' dir='ltr'><strong>servitutem</strong></span> <span class='ocrx_word' id='word_1_806' title='bbox 1677 5613 1791 5685; x_wconf 85' lang='lat' dir='ltr'><strong>pracati,</strong></span> 
     </span>
     <span class='ocr_line' id='line_1_63' title="bbox 141 5673 1791 5764; baseline -0.007 -26"><span class='ocrx_word' id='word_1_807' title='bbox 141 5676 299 5764; x_wconf 62' lang='lat' dir='ltr'><strong>huiusmodi</strong></span> <span class='ocrx_word' id='word_1_808' title='bbox 317 5677 468 5735; x_wconf 85' lang='lat' dir='ltr'><strong>certamina</strong></span> <span class='ocrx_word' id='word_1_809' title='bbox 478 5675 709 5757; x_wconf 72' lang='lat' dir='ltr'><strong>admittebantur,</strong></span> <span class='ocrx_word' id='word_1_810' title='bbox 722 5673 770 5756; x_wconf 78' lang='lat' dir='ltr'><strong>sed</strong></span> <span class='ocrx_word' id='word_1_811' title='bbox 781 5674 864 5756; x_wconf 64' lang='lat' dir='ltr'><strong>sigrtis</strong></span> <span class='ocrx_word' id='word_1_812' title='bbox 877 5690 942 5730; x_wconf 88' lang='lat' dir='ltr'><strong>con·</strong></span> <span class='ocrx_word' id='word_1_813' title='bbox 993 5675 1029 5733; x_wconf 88' lang='lat' dir='ltr'><strong>de</strong></span> <span class='ocrx_word' id='word_1_814' title='bbox 1042 5692 1097 5759; x_wconf 78' lang='lat' dir='ltr'><strong>qna</strong></span> <span class='ocrx_word' id='word_1_815' title='bbox 1120 5677 1163 5734; x_wconf 91' lang='lat' dir='ltr'><strong>hic</strong></span> <span class='ocrx_word' id='word_1_816' title='bbox 1176 5676 1266 5750; x_wconf 88' lang='lat' dir='ltr'><strong>agitur</strong></span> <span class='ocrx_word' id='word_1_817' title='bbox 1283 5695 1344 5751; x_wconf 84' lang='lat' dir='ltr'><strong>quae</strong></span> <span class='ocrx_word' id='word_1_818' title='bbox 1364 5685 1490 5739; x_wconf 83' lang='lat' dir='ltr'><strong>omnium</strong></span> <span class='ocrx_word' id='word_1_819' title='bbox 1509 5684 1661 5740; x_wconf 64' lang='lat' dir='ltr'><strong>miserrima</strong></span> <span class='ocrx_word' id='word_1_820' title='bbox 1681 5692 1709 5740; x_wconf 65' lang='lat' dir='ltr'><strong>pp</strong></span> <span class='ocrx_word' id='word_1_821' title='bbox 1731 5692 1791 5741; x_wconf 66' lang='lat' dir='ltr'><strong>pur.</strong></span> 
     </span>
     <span class='ocr_line' id='line_1_64' title="bbox 141 5744 1792 5824; baseline -0.007 -14"><span class='ocrx_word' id='word_1_822' title='bbox 141 5750 292 5810; x_wconf 79' lang='lat' dir='ltr'><strong>ditionibus</strong></span> <span class='ocrx_word' id='word_1_823' title='bbox 306 5748 413 5822; x_wconf 89' lang='lat' dir='ltr'><strong>probati</strong></span> <span class='ocrx_word' id='word_1_824' title='bbox 426 5755 454 5804; x_wconf 90' lang='lat' dir='ltr'><strong>et</strong></span> <span class='ocrx_word' id='word_1_825' title='bbox 475 5755 642 5817; x_wconf 77' lang='lat' dir='ltr'><strong>examinati,</strong></span> <span class='ocrx_word' id='word_1_826' title='bbox 656 5753 687 5801; x_wconf 89' lang='lat' dir='ltr'><strong>ut</strong></span> <span class='ocrx_word' id='word_1_827' title='bbox 701 5744 745 5800; x_wconf 91' lang='lat' dir='ltr'><strong>hic</strong></span> <span class='ocrx_word' id='word_1_828' title='bbox 760 5744 869 5814; x_wconf 90' lang='lat' dir='ltr'><strong>dicitur,</strong></span> <span class='ocrx_word' id='word_1_829' title='bbox 884 5761 941 5802; x_wconf 93' lang='lat' dir='ltr'><strong>non</strong></span> <span class='ocrx_word' id='word_1_830' title='bbox 994 5747 1235 5819; x_wconf 83' lang='lat' dir='ltr'><strong>pissimaserritus</strong></span> <span class='ocrx_word' id='word_1_831' title='bbox 1253 5752 1515 5824; x_wconf 78' lang='lat' dir='ltr'><strong>est,dequa1).A</strong></span> <span class='ocrx_word' id='word_1_832' title='bbox 1555 5756 1664 5811; x_wconf 75' lang='lat' dir='ltr'><strong>ustinus</strong></span> <span class='ocrx_word' id='word_1_833' title='bbox 1680 5775 1687 5809; x_wconf 90' lang='lat'>:</span> <span class='ocrx_word' id='word_1_834' title='bbox 1703 5757 1792 5812; x_wconf 61' lang='lat' dir='ltr'><strong>offla.</strong></span> 
     </span>
     <span class='ocr_line' id='line_1_65' title="bbox 140 5815 1793 5904; baseline -0.003 -23"><span class='ocrx_word' id='word_1_835' title='bbox 140 5822 232 5891; x_wconf 77' lang='lat' dir='ltr'><strong>aerti,</strong></span> <span class='ocrx_word' id='word_1_836' title='bbox 250 5837 306 5878; x_wconf 93' lang='lat' dir='ltr'><strong>non</strong></span> <span class='ocrx_word' id='word_1_837' title='bbox 325 5819 457 5886; x_wconf 80' lang='lat' dir='ltr'><strong>infames,</strong></span> <span class='ocrx_word' id='word_1_838' title='bbox 471 5831 529 5875; x_wconf 90' lang='lat' dir='ltr'><strong>non</strong></span> <span class='ocrx_word' id='word_1_839' title='bbox 540 5815 648 5900; x_wconf 71' lang='lat' dir='ltr'><strong>ignari,</strong></span> <span class='ocrx_word' id='word_1_840' title='bbox 661 5815 780 5898; x_wconf 32' lang='lat' dir='ltr'><strong>‘natalia</strong></span> <span class='ocrx_word' id='word_1_841' title='bbox 792 5816 940 5887; x_wconf 88' lang='lat' dir='ltr'><strong>ignominia</strong></span> <span class='ocrx_word' id='word_1_842' title='bbox 994 5821 1124 5882; x_wconf 64' lang='lat' dir='ltr'><strong>smnio,</strong></span> <span class='ocrx_word' id='word_1_843' title='bbox 1145 5820 1239 5904; x_wconf 85' lang='lat' dir='ltr'><strong>inquit</strong></span> <span class='ocrx_word' id='word_1_844' title='bbox 1260 5825 1363 5888; x_wconf 79' lang='lat' dir='ltr'><strong>(Troct.</strong></span> <span class='ocrx_word' id='word_1_845' title='bbox 1376 5831 1409 5880; x_wconf 79' lang='lat' dir='ltr'><strong>tt</strong></span> <span class='ocrx_word' id='word_1_846' title='bbox 1427 5827 1456 5880; x_wconf 84' lang='lat' dir='ltr'><strong>in</strong></span> <span class='ocrx_word' id='word_1_847' title='bbox 1468 5828 1544 5882; x_wconf 82' lang='lat' dir='ltr'><strong>Joon.</strong></span> <span class='ocrx_word' id='word_1_848' title='bbox 1567 5829 1719 5893; x_wconf 69' lang='lat' dir='ltr'><strong>,sonitant</strong></span> <span class='ocrx_word' id='word_1_849' title='bbox 1733 5828 1793 5882; x_wconf 78' lang='lat' dir='ltr'><strong>Plc-</strong></span> 
     </span>
     <span class='ocr_line' id='line_1_66' title="bbox 139 5885 1792 5968; baseline 0 -15"><span class='ocrx_word' id='word_1_850' title='bbox 139 5892 235 5954; x_wconf 89' lang='lat' dir='ltr'><strong>notati.</strong></span> <span class='ocrx_word' id='word_1_851' title='bbox 252 5894 379 5968; x_wconf 82' lang='lat' dir='ltr'><strong>Quorum</strong></span> <span class='ocrx_word' id='word_1_852' title='bbox 396 5889 521 5962; x_wconf 81' lang='lat' dir='ltr'><strong>exemplo</strong></span> <span class='ocrx_word' id='word_1_853' title='bbox 539 5896 567 5946; x_wconf 91' lang='lat' dir='ltr'><strong>et</strong></span> <span class='ocrx_word' id='word_1_854' title='bbox 583 5886 766 5947; x_wconf 85' lang='lat' dir='ltr'><strong>similitudino</strong></span> <span class='ocrx_word' id='word_1_855' title='bbox 780 5885 861 5944; x_wconf 88' lang='lat' dir='ltr'><strong>docet</strong></span> <span class='ocrx_word' id='word_1_856' title='bbox 882 5891 941 5943; x_wconf 77' lang='lat' dir='ltr'><strong>Aa·</strong></span> <span class='ocrx_word' id='word_1_857' title='bbox 994 5904 1109 5960; x_wconf 80' lang='lat' dir='ltr'><strong>rumpite</strong></span> <span class='ocrx_word' id='word_1_858' title='bbox 1121 5891 1240 5948; x_wconf 80' lang='lat' dir='ltr'><strong>homines</strong></span> <span class='ocrx_word' id='word_1_859' title='bbox 1249 5909 1308 5950; x_wconf 83' lang='lat' dir='ltr'><strong>eom</strong></span> <span class='ocrx_word' id='word_1_860' title='bbox 1320 5895 1441 5953; x_wconf 79' lang='lat' dir='ltr'><strong>dominos</strong></span> <span class='ocrx_word' id='word_1_861' title='bbox 1451 5897 1698 5968; x_wconf 73' lang='lat' dir='ltr'><strong>noioepantintur,</strong></span> <span class='ocrx_word' id='word_1_862' title='bbox 1710 5912 1792 5957; x_wconf 76' lang='lat' dir='ltr'><strong>ceno</strong></span> 
     </span>
    </p>
   </div>
   <div class='ocr_carea' id='block_1_10' title="bbox 0 0 1928 6151">
    <p class='ocr_par' dir='ltr' id='par_1_13' title="bbox 0 0 1928 6151">
     <span class='ocr_line' id='line_1_67' title="bbox 0 0 1928 6151; baseline 0 0"><span class='ocrx_word' id='word_1_863' title='bbox 0 0 1928 6151; x_wconf 95' lang='lat' dir='ltr'><strong> </strong></span> 
     </span>
    </p>
   </div>
  </div>
 </body>
</html>
