3824 6164
126 221 196 275 tlte

665 203 806 263 toxNst
825 200 978 260 casstxltt
995 201 1239 264 cottutvuuas.

1715 215 1786 271 libi)

124 342 187 401 tatis
208 346 396 409 conservetur,
412 345 442 393 et
460 333 657 391 saluberrimus
670 328 847 404 parcimoniae
863 342 928 384 mo·
943 330 970 394 Α
983 332 1030 384 tua
1050 331 1178 395 (uotum.
1196 336 1227 401 ι).
1245 331 1365 389 sienim
1387 332 1562 392 continentiae
1579 334 1725 408 iugitatem
1743 338 1786 398 tn.

125 435 178 494 dus
195 434 311 491 minime
327 429 551 496 transcendatur,
564 424 668 484 sufficit
684 432 715 480 ut
728 421 927 496 indulgentiam

126 523 294 582 remissionis
307 538 340 578 eo
358 534 445 593 usque
465 515 591 591 progredi
615 515 751 587 patiamur
764 523 778 550 ⁸
800 520 832 569 ut
847 511 927 568 cibus

126 618 172 691 qui
191 617 258 673 hora
272 615 325 672 diei
340 628 413 670 nona
424 611 513 669 fuerat
525 609 682 681 capiendus,
697 605 881 680 parioculos,
896 603 925 660 id

126 719 177 780 est,
197 717 272 767 sexta
284 707 352 764 hora
367 721 417 779 pro
431 702 582 762 festivitatis
595 711 720 774 tempore
737 699 868 772 capiatur,
893 712 926 753 ea

126 806 233 863 ratione
258 803 415 869 dumtaxat,
438 808 469 857 ut
489 812 613 856 escarum
639 795 737 853 solitus
759 791 860 851 modus
885 792 926 850 vel

127 899 244 972 qualitas
254 913 310 953 non
330 902 464 962 mutetur,
484 908 520 949 ne
539 890 641 964 puritas
653 887 787 961 corporis,
801 885 842 944 vel
856 886 929 942 inte-

125 992 208 1067 gavas
239 989 358 1061 mentis,
382 985 545 1045 abstinentia
567 981 929 1055 Quadragesimae'diligen·

127 1085 183 1143 tius
196 1085 338 1157 acquisita,
354 1079 594 1153 Quinquagesimae
615 1076 776 1134 remissione
791 1075 928 1145 depereat,

127 1179 249 1251 nihilque
269 1178 350 1235 nobis
370 1176 456 1249 prosit
469 1174 619 1230 obtinuisse
634 1171 748 1243 jejuniis
764 1168 838 1242 quod
863 1183 930 1225 mox

128 1271 215 1327 amitti
227 1276 307 1342 cogat
321 1266 430 1323 incitata
445 1266 590 1322 saturitas:
603 1261 754 1335 praesertim
766 1276 831 1317 cum
845 1262 929 1318 etiam

127 1362 308 1421 hostisoostri
317 1376 373 1417 non
387 1360 478 1433 ignota
491 1357 618 1424 remotio,
634 1363 701 1410 tunc
715 1355 851 1426 praecipue
864 1369 929 1410 rno-

125 1459 260 1515 nitionem
274 1465 376 1513 nostrae
396 1453 522 1526 puritatis
536 1452 693 1523 impugnet,
707 1465 771 1505 cum
792 1449 849 1520 ejus
876 1464 926 1504 cu·

127 1550 245 1609 stodiam
270 1548 387 1605 senserit
405 1544 589 1604 solemnitatis
610 1543 770 1600 celebritate
793 1542 926 1599 laxatam.

126 1637 348 1717 bQuamobrem
371 1640 575 1714 vigilantissime
600 1637 801 1710 providendum
825 1645 876 1703 est,
893 1652 929 1693 ne

127 1752 261 1810 umquam
275 1735 376 1792 mentis
394 1741 496 1790 nostra
511 1733 588 1805 vigor
601 1730 708 1786 blandis
726 1727 929 1787 seductionibus
943 1724 968 1785 B

127 1840 281 1899 enervetur,
300 1844 345 1898 ne,
370 1828 452 1884 veluti
471 1842 552 1898 supra
571 1824 759 1897 jamdictum
772 1830 826 1890 est,
844 1823 928 1879 casti-

128 1926 231 1984 moniae
252 1925 399 1997 puritatem
423 1919 643 1993 Qtvadragesimae
666 1916 758 1974 labore
781 1916 927 1988 quaesitam

127 2019 363 2092 Quinquagesimae
380 2016 474 2089 requie
494 2030 526 2071 ac
550 2012 697 2070 securitate
720 2008 877 2081 perdamus.
893 2010 929 2065 Et

127 2111 231 2170 idcirco
246 2111 318 2167 nulla
330 2109 441 2183 penitus
456 2109 482 2163 in
501 2107 628 2162 ciborum
644 2103 775 2175 qualitate
788 2101 829 2157 vel
843 2101 928 2160 modo

127 2204 290 2262 admittatur
309 2202 435 2274 adjectio,
450 2198 498 2255 sed
514 2199 549 2254 ab
567 2198 636 2255 escis
651 2211 767 2268 quarum
781 2195 928 2252 continen-

125 2297 167 2353 tia
178 2295 274 2352 diebus
281 2293 378 2366 jeJunii
393 2306 444 2363 pro
458 2291 613 2363 integritate
626 2288 761 2360 pudicitiae
771 2288 925 2357 utebamur,

126 2392 213 2448 etiam
226 2388 323 2446 diebus
339 2384 521 2443 celeberrimis
540 2383 668 2440 similiter
682 2391 877 2454 temperemus,
891 2397 927 2439 ne

125 2486 221 2544 laetitia
234 2480 385 2539 festivitatis
407 2477 662 2551 perniciosissimam
676 2476 756 2532 nobis
775 2473 926 2532 ramalium

125 2577 324 2638 incentivorum
337 2572 471 2631 suscitans
489 2585 619 2644 pugnam,
631 2577 754 2626 vertatur
767 2569 926 2639 inductum,

124 2673 257 2745 illamque
276 2669 358 2726 nobis
382 2665 617 2734 excellentiorem,
631 2679 693 2736 qoae
713 2663 810 2736 gaudio
833 2663 925 2718 incor-

126 2764 258 2841 ruptionis
273 2763 405 2827 exsultat,
420 2759 595 2818 festivitatem
607 2759 708 2814 mentis
719 2756 824 2830 eripiat,
840 2765 867 2813 et
880 2756 926 2811 in-

126 2860 257 2934 cipiamus
280 2865 342 2929 post
366 2856 475 2911 brevem
497 2851 613 2909 camelis
640 2851 741 2909 laetitiae
765 2851 924 2919 vanitatem,

125 2954 258 3013 amissam
275 2949 366 3008 cordis
382 2947 545 3021 pudicitiam
569 2946 654 3015 longo
669 2943 835 3015 poenitentiae
854 2957 925 2999 rnoe·

125 3063 189 3105 rore
196 3046 307 3101 deflere.
316 3040 488 3099 studendum
497 3038 651 3111 quinimmo
659 3043 701 3092 cst
714 3045 811 3092 utnon
824 3033 926 3092 frustra

981 423 1092 495 terjecta
1105 423 1213 481 dierum
1234 426 1394 483 solemnitas
1407 442 1463 483 non
1474 427 1598 498 mutarit,
1613 430 1785 501 spiritalibus

981 516 1055 573 feriis
1066 518 1170 591 jugiter
1184 519 1366 590 perfruemur,
1380 528 1408 577 et
1426 520 1462 576 ita
1476 520 1583 578 nobisa
1605 524 1700 581 servili
1716 541 1788 600 ope-

980 610 1088 665 ratione
1105 612 1286 681 cessantibus,
1299 615 1361 670 Em't
1376 616 1473 671 memb
1487 630 1522 672 ea
1536 630 1635 679 meuse,
1648 622 1674 673 et
1691 621 1789 678 sadda-

980 706 1038 758 tum
1050 718 1085 758 ea
1097 704 1208 761 sabbato
1222 708 1314 775 (isaia
1324 711 1424 775 axvi).

998 886 1001 893 Ι
1257 810 1377 867 CAPUT
1399 812 1504 867 Xle.

995 912 1174 980 iuterrogatio
1188 913 1221 968 de
1232 913 1342 968 diuersa
1350 914 1533 969 obseruatione
1542 914 1773 987 Quadrupesima.

1019 1012 1175 1070 Germanus
1190 1034 1196 1071 :
1211 1014 1283 1088 Quid
1302 1031 1394 1072 causae
1411 1023 1452 1073 est
1462 1023 1553 1073 otsex
1566 1016 1787 1084 bebdomadibus

984 1103 1200 1178 Quadragesima
1220 1108 1379 1177 celebretur,
1401 1108 1461 1165 licet
1482 1110 1511 1165 in
1537 1110 1700 1182 quibusdam
1721 1132 1786 1188 pro-

983 1198 1078 1255 vinciis
1096 1200 1233 1272 religionis
1257 1201 1371 1258 forsitan
1386 1202 1548 1275 propensior
1571 1220 1635 1261 eura
1656 1206 1788 1281 adjecisse

983 1291 1188 1350 hebdomadam
1205 1296 1290 1352 etiam
1304 1296 1446 1368 septimam
1460 1295 1598 1366 videatur,
1614 1316 1679 1358 cum
1691 1312 1786 1363 neuter

983 1401 1126 1460 numems,
1139 1398 1149 1423 ⁶
1163 1387 1207 1445 die
1223 1389 1361 1446 dominico
1374 1390 1541 1463 sabbatoque
1551 1393 1705 1465 subtracto,
1716 1416 1784 1472 qua-

983 1476 1110 1550 draginta
1124 1477 1232 1536 dierum
1241 1481 1352 1552 impleat
1365 1489 1526 1542 summam?
1540 1487 1594 1542 Sex
1607 1489 1681 1545 enim
1695 1500 1724 1548 et
1735 1493 1784 1551 tri·

983 1570 1057 1643 giuta
1072 1571 1129 1628 dies
1144 1574 1173 1628 in
1186 1573 1251 1646 ipsis
1270 1574 1492 1633 hebdomadibus
1505 1583 1702 1641 tantummodo
1713 1600 1783 1643 eon·

983 1663 1138 1721 eluduntur.

1268 1760 1389 1817 CAPUT
1406 1765 1499 1821 XXV.

983 1860 1127 1928 Rupertsio
1138 1858 1175 1913 od
1189 1864 1355 1930 propositam
1376 1865 1624 1934 interrogationem,
1639 1884 1691 1937 quo
1703 1872 1782 1926 etrum

1019 1930 1093 1983 docet
1112 1930 1331 1999 Quadrupese'ma
1349 1933 1488 2003 jejunium
1514 1939 1598 1991 tricem
1620 1939 1780 1998 decimarum

1020 2002 1099 2054 totius
1111 2004 1179 2055 ouvti
1190 2004 1336 2071 complecti.

1018 2103 1143 2159 Theonas
1158 2103 1256 2159 {Licet
1275 2105 1461 2176 quorumdam
1476 2109 1523 2179 pia
1535 2107 1694 2181 simplicitas
1707 2110 1784 2186 hujus

982 2196 1021 2251 rei
1035 2204 1159 2268 amputet
1171 2197 1362 2268 quaestionem,
1377 2207 1471 2255 tamen
1485 2201 1551 2272 quia
1565 2203 1651 2259 etiam
1666 2203 1711 2260 illa
1724 2220 1782 2278 quae

982 2289 1050 2345 alius
1069 2290 1283 2362 interrogatione
1305 2291 1415 2364 indigna
1439 2291 1572 2362 duxisset,
1598 2297 1781 2368 scrupulosius

983 2392 1194 2455 perscrutantes,
1206 2384 1341 2456 integram
1362 2385 1544 2444 observantiae
1562 2396 1669 2445 nostrat
1687 2405 1783 2464 aemy-

982 2476 1056 2532 sterii
1071 2478 1214 2533 veritatem
1228 2478 1389 2534 desideratis
1405 2495 1554 2552 agnoscere
1578 2503 1585 2537 :
1609 2483 1781 2543 evidentissi-

983 2585 1055 2624 mam
1070 2570 1151 2642 bujus
1165 2572 1249 2627 etiam
1264 2573 1302 2628 rei
1322 2572 1452 2645 percipite
1465 2575 1619 2645 rationem,
1632 2586 1663 2633 ut
1674 2578 1782 2637 manife·

981 2664 1049 2721 etius
1064 2663 1220 2737 approbetis
1233 2664 1300 2721 nihil
1318 2666 1503 2724 irrationabile
1515 2678 1627 2727 nostros
1642 2671 1783 2731 tradidisse

982 2757 1110 2829 majores.
1127 2761 1199 2830 Lege
1208 2759 1324 2815 Mosaica
1337 2760 1463 2817 universo
1477 2763 1581 2833 populo
1591 2765 1729 2835 generalis
1741 2774 1783 2824 est

980 2852 1150 2925 promulgata
1165 2855 1310 2925 praeoeptio
1322 2873 1329 2910 :
1340 2859 1460 2911 Decimus
1474 2861 1533 2913 tutu
1539 2861 1565 2912 et
1571 2861 1713 2928 prunitios
1720 2858 1783 2931 ofte-

980 2960 1022 2999 res
1032 2948 1143 3001 ltomiuo
1156 2950 1210 3002 Deo
1219 2952 1265 3003 tero
1279 2948 1374 3020 (huod
1388 2949 1477 3022 xxxi).
1491 2953 1589 3023 ltaque
1599 2952 1647 3023 qui
1655 2952 1781 3011 substan·

980 3037 1080 3094 tiarum
1105 3049 1266 3097 nostrarum
1293 3043 1471 3114 omniumque
1494 3042 1638 3100 fructuum
1664 3045 1781 3104 decimat

126 3137 161 3195 ad
189 3151 241 3193 nos
263 3135 307 3190 illa
330 3133 497 3205 propheticae
520 3129 719 3188 adhortationis
744 3129 927 3187 commonitio
942 3119 965 3184 C
982 3130 1086 3189 offerre
1105 3135 1296 3206 praecipimur,
1315 3135 1405 3192 multo
1429 3137 1517 3208 magis
1536 3152 1651 3194 necesse
1672 3147 1712 3195 est
1725 3129 1739 3173 ⁴
1751 3149 1780 3197 ut

126 3231 273 3307 dirigatur:
284 3230 402 3297 Celebre,
409 3228 490 3291 tuda,
500 3228 662 3295 festivitates
668 3231 740 3290 tuos,
746 3229 771 3281 et
778 3226 858 3283 redde
866 3230 926 3281 uota

981 3225 1065 3299 ipsius
1081 3243 1189 3299 quoque
1207 3229 1420 3287 conversationis
1437 3239 1540 3288 nostrae
1557 3238 1585 3289 et
1595 3232 1706 3290 humani
1717 3249 1780 3291 ustis

673 3369 801 3424 attunt
822 3370 934 3425 Gaza!
955 3368 1232 3427 COMMENTARIUS.

160 3510 174 3539 ¹
188 3504 293 3562 Eodem
308 3501 391 3559 modo
400 3501 484 3557 abbas
494 3503 603 3627 bloffses
614 3502 705 3557 collat.
720 3507 736 3555 2
749 3518 808 3573 cap.
823 3508 857 3557 tu
872 3500 926 3558 do-

126 3586 169 3634 cet
187 3574 328 3648 quomodo
346 3572 510 3638 humanitas,
528 3572 536 3626 i
569 3579 620 3638 est,
635 3571 813 3642 hospitalitas,
832 3572 924 3628 fratri-

124 3648 178 3705 bus
195 3644 402 3702 advenientibus
415 3642 532 3699 exhiberi
549 3643 643 3715 possit,
659 3643 763 3714 absque
782 3642 923 3714 dispendio

124 3727 264 3776 consuetae
278 3714 457 3772 districtionis
470 3721 498 3769 et
510 3712 699 3770 abstinentiae:
719 3717 753 3770 Ut
776 3718 806 3768 iu
826 3720 924 3770 eteutro

120 3794 202 3862 poete
221 3787 441 3858 reprehensibiles
460 3786 640 3847 inveniamur,
655 3787 681 3838 si
700 3785 764 3847 bac,
788 3784 887 3855 inquit,
906 3801 924 3840 a

124 3862 201 3917 uobis
216 3858 376 3914 eoitsuetudo
391 3858 551 3921 reducatur,
567 3858 598 3909 ut
612 3856 677 3909 hora
689 3870 759 3909 uorsa
773 3855 806 3908 de
820 3855 924 3910 duobus

120 3931 353 4003 paximaciisqua
362 3928 438 3981 uobis
447 3927 704 3980 cauoru‘eumeusuru
709 3926 775 3994 jure
782 3926 920 3995 miratur,

20 4050 24 4059 ,
124 4017 177 4058 uuo
183 4002 341 4073 peueimocv'o
352 3998 503 4069 prelibato,
518 3996 608 4063 aliud,
623 3997 704 4065 buires
716 3998 923 4065 cospectutionis

124 4076 223 4144 pratia,
236 4074 264 4125 iu
279 4085 417 4140 ruperam
424 4082 585 4123 resonemus
599 4086 608 4133 3
623 4068 695 4136 quod
707 4069 733 4120 si
743 4069 924 4136 suprareuerit

123 4147 259 4216 quispiam
272 4144 399 4210 fratrum,
415 4141 541 4207 cumipse
552 4140 657 4207 pariter·
666 4140 840 4205 tristaremur,
853 4139 924 4192 nibil

124 4215 313 4273 consuetudini
322 4214 407 4268 solita
418 4211 535 4279 amplius
549 4208 745 4278 adjungentem
764 4215 790 4262 et
804 4211 852 4263 leae
866 4209 922 4263 dis·

121 4288 279 4357 priuatione
292 4298 463 4353 ueqtmquom
474 4282 573 4349 fratris
589 4296 635 4333 tvos
649 4280 816 4333 corttre'stabit
827 4280 922 4334 odaeu-

124 4363 181 4421 tus,
192 4357 241 4425 qui
252 4356 326 4408 vvobis
339 4354 414 4407 defiet
423 4366 476 4407 esse
485 4352 666 4419 qeuthsimus,
678 4350 811 4419 siquidem
822 4352 863 4403 itu
878 4351 924 4404 hrt·

124 4427 266 4481 mareotis
278 4424 432 4479 cohibemus
450 4422 587 4490 obsequia,
597 4422 705 4475 utuilvil
712 4438 729 4475 a
740 4424 832 4490 riqoru
843 4422 926 4476 conti·

124 4499 223 4554 recretia
241 4495 402 4549 relucemus.

161 4561 308 4624 ¹’Observa
329 4564 384 4631 hic,
401 4562 523 4635 religiose
545 4561 641 4629 lector,
656 4577 708 4686 qua
729 4559 882 4632 frugalitate
894 4571 922 4619 et

123 4637 305 4712 temperantia
318 4634 450 4692 utendum
463 4642 661 4760 temporeJusc
671 4633 726 4700 tali,
736 4633 793 4687 sive
808 4641 869 4700 post
876 4633 921 4703 jc-

120 4711 230 4786 junium
253 4707 486 4780 Quadragesimae,
501 4712 528 4760 et
544 4704 572 4759 iu
606 4703 681 4759 iebus
695 4703 921 4773 solemnioribus,

979 3512 1073 3559 vatvvm
1086 3505 1324 3576 ipsemcttestatur
1336 3507 1385 3563 lib.
1395 3507 1428 3564 de
1441 3510 1534 3565 liliaet
1547 3512 1660 3581 Jejnnio
1670 3513 1773 3570 dicens:

980 3575 1194 3644 Quadrupest'mu
1213 3580 1286 3644 totis,
1300 3585 1400 3647 prater
1414 3582 1556 3637 sabbatum
1565 3590 1592 3638 et
1605 3584 1773 3647 dominicum,

973 3646 1117 3715 jejvtuatur
1129 3648 1232 3703 diebus.
1247 3650 1443 3718 llocjcjuuium
1456 3656 1679 3709 DomiuiPoscha
1694 3658 1778 3711 v'uelu-

978 3717 1029 3770 etit.
1047 3720 1115 3771 Cum
1132 3717 1139 3771 i
1161 3718 1215 3773 itur
1230 3720 1303 3789 apud
1313 3720 1469 3800 prientales
1483 3723 1594 3780 sabbata
1612 3740 1676 3779 curn
1692 3726 1777 3783 donti-

977 3787 1056 3849 nicis,
1079 3734 1158 3858 apvuf
1176 3789 1290 3844 Latinos
1309 3806 1373 3846 vero
1397 3793 1521 3848 nonnisi
1538 3794 1593 3848 dies
1613 3792 1776 3852 dominicis

976 3856 1079 3982 jegunio
1102 3858 1300 3930 exciperentur,
1320 3877 1431 3918 necesse
1453 3872 1510 3919 erat
1526 3863 1559 3920 ab
1580 3863 1634 3920 illis
1655 3874 1776 3938 septem,

977 3942 993 3983 a
1027 3926 1273 3985 histoutummedo
1291 3946 1337 3986 sex
1353 3932 1640 4007 hebdomadasjejunii
1658 3937 1777 4009 quadra·

977 3999 1114 4071 gesimalis
1132 4001 1288 4069 observari,
1310 4010 1341 4057 ut
1364 4020 1510 4060 numerum
1531 4007 1643 4078 triginta
1658 4022 1704 4064 sex
1723 4008 1776 4065 die-

977 4084 1039 4124 rum
1061 4072 1167 4150 pariter
1181 4082 1361 4143 exaequarent.
1382 4078 1451 4130 Nam
1469 4077 1587 4147 septima
1608 4078 1775 4136 hebdomada

977 4140 1047 4211 apud
1060 4140 1120 4196 illos
1130 4144 1270 4213 supplebat
1277 4144 1364 4199 vicem
1376 4146 1568 4215 sabbatorum,
1582 4148 1710 4231 adjuncto
1721 4150 1776 4207 sab

980 4211 1044 4266 bato
1061 4212 1181 4268 Paschae.
1198 4214 1251 4269 Sed
1263 4215 1296 4269 de
1309 4215 1352 4270 his
1365 4218 1441 4288 plura
1460 4217 1687 4290 insequentibus.

1012 4282 1105 4337 ditae
1119 4300 1171 4337 una
1186 4285 1266 4349 ratio,
1287 4295 1384 4355 praeter
1400 4287 1467 4343 alias
1479 4304 1544 4343 com
1568 4291 1650 4356 iures,
1670 4307 1719 4347 cur
1734 4290 1775 4346 in-

977 4352 1072 4407 stituta
1092 4356 1171 4408 tuterit
1184 4355 1404 4425 Quadragesima,
1416 4374 1463 4414 seu
1482 4306 1717 4433 quad'mgesvmau
1729 4360 1774 4431 J'e·

973 4422 1094 4495 jvuiium,
1105 4425 1236 4480 nimirum
1249 4435 1280 4481 ut
1291 4427 1367 4498 quasi
1382 4428 1503 4485 decimas
1519 4432 1583 4488 vitae
1598 4441 1697 4489 nostrae
1709 4446 1774 4503 ope·

977 4509 1095 4563 tutoque
1106 4505 1263 4551 nostrorum
1278 4514 1324 4569 per
1342 4499 1535 4557 abstinentiam
1551 4504 1772 4576 quadragesima-

979 4564 1031 4619 lem
1048 4567 1167 4620 Domino
1180 4566 1328 4624 offeravvtus
1341 4571 1419 4637 (l'v'de
1431 4573 1563 4628 Bellevmu.
1575 4576 1620 4631 lib.
1636 4591 1657 4630 ιι
1669 4574 1760 4629 delion

977 4637 1054 4706 Oper.
1069 4640 1096 4690 iu
1108 4640 1205 4706 putetis.
1222 4654 1244 4691 e.
1266 4646 1316 4705 163
1337 4643 1408 4696 hom.
1428 4647 1462 4697 16
1482 4646 1510 4697 itt
1525 4648 1627 4715 Etraup.
1645 4646 1768 4701 Gratuita.

976 4707 1040 4761 dist.
1058 4714 1073 4759 5
1086 4708 1119 4761 de
1131 4710 1247 4764 Coresecr.
1259 4726 1281 4765 e.
1290 4714 1523 4786 Quaerdraqesimu).
1534 4716 1620 4786 Quam
1634 4714 1771 4769 rationem

124 4791 155 4839 ut
177 4782 220 4839 hic
242 4780 351 4837 dicitur.
372 4778 455 4851 Citius
471 4776 583 4847 insignis
604 4774 763 4832 documenti
784 4775 921 4830 rationem
936 4789 962 4851 1)
978 4777 1061 4833 etiam
1080 4781 1115 4834 D.
1138 4781 1286 4851 Gregorius
1302 4798 1351 4853 pro
1372 4785 1505 4840 concione
1527 4787 1563 4842 ad
1583 4784 1709 4857 populum
1728 4783 1771 4840 his

123 4853 252 4909 habuisse
269 4851 374 4906 videtur
390 4848 563 4906 innocentius
575 4848 613 4902 lll
630 4844 762 4918 pontifex,
775 4846 842 4902 dum
854 4846 924 4902 iuter
979 4850 1067 4903 verbis
1089 4852 1243 4920 expressit:
1262 4856 1286 4909 A
1301 4857 1431 4924 praeelati
1447 4859 1547 4912 etenim
1562 4858 1606 4913 die
1620 4857 1772 4929 [baccata

124 4923 176 4979 alia
199 4922 359 4977 monasticae
379 4919 581 4976 reformationis
600 4917 724 4973 instituta
745 4918 781 4973 ita
802 4918 922 4973 decernit

123 4994 199 5067 (Cup.
216 4993 280 5049 Castu
296 4992 333 5045 od
349 4993 550 5051 rnoreostem'um,
564 4990 597 5042 de
611 4993 685 5043 statu
704 4988 837 5060 moueret.)
853 4991 921 5046 :Nec

124 5064 322 5137 inquibusdam
331 5062 542 5116 solemru'tatihus
550 5060 627 5129 (sicut
635 5062 781 5129 aliqvmudo
792 5061 921 5131 firriecri-

123 5141 218 5205 suerit)
229 5138 369 5191 eouccutus
380 5137 457 5189 erevit
469 5148 527 5187 cum
539 5132 644 5194 abhuc,
653 5134 747 5202 paucis
762 5132 803 5185 ihi
810 5132 921 5195 relictis,

122 5214 154 5265 ut
175 5215 252 5266 caira
268 5209 440 5275 refectorium
461 5204 543 5259 edvtrtt
562 5204 809 5270 corresuscitatos
828 5202 922 5255 diebus

120 5273 920 5355 praecipuerepulerisdisciplinasitstruliosiusobseruanda.

157 5354 268 5418 cNam,
279 5359 310 5407 ut
327 5348 391 5404 alibi
413 5356 552 5403 ostensum
568 5353 610 5399 est
623 5346 690 5413 (Lib.
709 5348 920 5426 vxvtlosuueop.

123 5428 159 5489 9),
179 5423 342 5491 Orientales,
366 5435 414 5476 seu
439 5418 527 5475 Graeci
552 5417 625 5472 diem
649 5414 754 5471 sabboti
779 5431 795 5470 a
820 5418 922 5486 papinio

123 5493 343 5564 Quadragesimae
356 5490 527 5562 excipiebant
538 5496 566 5545 et
587 5486 794 5554 subtrahebant,
809 5493 922 5555 excepto

122 5561 237 5619 sabbato
252 5563 380 5632 paschali,
398 5570 509 5618 catenus
524 5560 646 5631 quidem,
664 5566 695 5614 ut
708 5558 804 5614 diebus
823 5559 922 5641 sabba-

122 5632 187 5689 tinis
204 5648 258 5687 non
278 5633 446 5703 jejunarent,
467 5633 514 5688 sed
531 5642 622 5687 tamen
637 5648 652 5687 a
667 5630 793 5686 carnibus
817 5639 844 5684 et
866 5645 923 5710 ovis

60 5694 70 5711 ⁰
121 5704 298 5770 abstinerent,
315 5711 346 5756 ut
371 5710 397 5756 et
413 5702 568 5758 dominicis.
585 5702 665 5773 viod
688 5702 715 5755 in
731 5699 879 5755 Occidente
895 5715 922 5753 tn

122 5776 245 5834 Ecclesia
259 5771 456 5832 Mediolanensi
477 5781 602 5844 tempore
618 5774 654 5827 D.
668 5770 807 5828 Ambrosii
827 5771 924 5825 obser-

975 4921 1061 4993 prima
1076 4922 1213 4977 dominica
1224 4924 1453 4998 Quadragesimae,
1467 4936 1499 4983 ut
1511 4930 1660 4984 Gratianus
1673 4926 1770 4993 retulit)

974 4993 1100 5062 usquead
1110 4996 1240 5062 puerelmlis
1249 4996 1423 5051 solmvuitutis
1433 5000 1540 5066 guardia
1549 5015 1599 5055 sea
1607 4998 1772 5055 hebdomoda

975 5066 1103 5118 ucraiuut:
1114 5081 1230 5133 quurum
1239 5067 1361 5121 credeliter
1372 5069 1430 5122 dies
1438 5071 1628 5139 quadruplum
1636 5072 1770 5137 arcemur.-

976 5151 1010 5188 m>
1022 5135 1118 5203 «prailius
1132 5137 1195 5189 dum
1212 5152 1260 5189 sea
1272 5138 1328 5192 dics
1342 5140 1472 5194 dominici
1489 5141 1701 5207 subtrahuntur,
1720 5154 1769 5192 uou

974 5208 1037 5276 plus
1048 5207 1328 5276 iu‹absfiueufv'aquum
1338 5213 1451 5279 trr'qiutu
1463 5215 1489 5265 et
1497 5227 1547 5266 sca
1557 5214 1616 5267 dies
1627 5214 1772 5273 rmuaueuit

976 5279 1039 5331 efrem
1051 5293 1111 5330 euro
1117 5284 1298 5346 pertreceutos
1310 5285 1481 5351 etseraqa'uta
1492 5287 1615 5354 quinque
1627 5286 1684 5339 dies
1691 5294 1773 5338 unitus

976 5348 1095 5409 decretvm,
1106 5364 1151 5401 reos
1162 5354 1248 5403 virttem
1256 5367 1306 5419 per
1315 5354 1429 5421 triqiufa
1443 5358 1468 5406 et
1479 5368 1528 5407 saa
1540 5356 1600 5409 dies
1611 5358 1772 5424 afficimur,

977 5421 1057 5490 quusi
1064 5421 1226 5473 ιιιιιιιίιιιιιιιι
1234 5422 1349 5476 demutas
1361 5426 1412 5478 Deo
1422 5423 1520 5480 damete
1528 5444 1537 5490 ς
1546 5430 1636 5495 utqui
1644 5426 1775 5481 autumet·

976 5493 1043 5561 ipsis
1053 5506 1102 5559 pei·
1114 5496 1248 5561 ueceptum.
1258 5510 1359 5548 ourvvrm
1367 5497 1497 5561 eiecimus,
1509 5500 1622 5551 artetur-i
1633 5504 1720 5553 uestro
1730 5506 1774 5547 uui

975 5564 1003 5615 iu
1017 5562 1074 5631 ejice
1088 5562 1197 5617 decernis
1210 5581 1258 5634 per
1269 5567 1460 5621 abstinentiam
1474 5570 1676 5638 mortifieemus.
1693 5564 1773 5630 Unde,

976 5635 1077 5700 fratres
1096 5634 1331 5697 clausurarum
1341 5638 1437 5707 sufferre
1450 5641 1479 5693 itt
1495 5639 1551 5707 leue
1560 5640 1703 5709 jubemini
1711 5635 1776 5693 deti·

976 5720 1035 5759 mus
1051 5720 1150 5773 rerum,
1165 5708 1202 5759 ilo
1218 5710 1243 5760 ct
1254 5707 1350 5775 offerre
1367 5709 1515 5764 coreteude'fe
1527 5710 1650 5767 remmus
1662 5710 1772 5766 dierum.

976 5776 1018 5831 lta
1039 5774 1196 5849 Gregorius.
1211 5776 1341 5835 Similiter
1363 5789 1391 5837 et
1413 5780 1533 5837 isidorus
1549 5781 1597 5838 lib.
1613 5781 1676 5839 rde
1695 5776 1772 5837 oide-
