3848 6158
83 252 151 307 teet
391 192 572 301 'conantio
592 239 684 297 llllltl.
703 268 740 281 -
758 239 803 294 tte
822 236 935 293 tetta
953 236 1071 295 BONUM
1089 236 1132 295 at
1151 240 1265 296 AGERE
1285 238 1416 295 nntbu.
1669 244 1738 299 laet

82 377 163 443 esaim,
175 371 275 443 inquit,
294 366 886 442 ipseepoarutnannesseuctrtstoprosrn·
901 366 1077 431 Aexcreitns
1095 369 1184 439 [Lips.
1200 371 1232 423 in
1244 384 1331 438 mm.
1346 367 1475 440 exertus]
1496 382 1529 424 ac
1542 367 1656 442 vigilans
1675 376 1736 439 est,

83 468 170 523 tribus
181 468 258 531 mab,
274 467 399 536 quisunt
411 464 583 533 connatimei
601 460 747 517 sectandum
761 474 882 525 acmen,
937 468 970 516 ut
982 460 1049 518 dum
1064 460 1200 532 psalmum
1217 464 1277 517 Deo
1289 460 1377 529 canit,
1392 476 1547 534 numquam
1560 476 1576 517 a
1588 462 1737 535 Scriptura

83 561 133 630 pai
143 562 206 615 sunt
218 560 350 615 Israelita
360 561 447 629 (Rom.
461 556 516 627 rx);
528 554 582 612 boc
592 562 643 621 est,
657 553 753 609 vellem
763 567 813 625 ego
826 567 884 608 non
937 568 1019 610 sensu
1037 554 1096 627 eJue
1115 554 1225 611 animus
1245 553 1417 612 abducatur?
1439 555 1507 625 Quis
1519 564 1577 612 mm
1598 554 1740 613 familiaris

82 653 175 709 solum
189 653 399 724 temporalibus,
422 666 517 707 rerum
539 650 624 705 etiam
638 648 777 721 perpetuis
792 644 884 703 addici
938 650 997 705 Deo
1011 656 1123 721 tamque
1136 650 1317 721 conjunctus,
1332 650 1378 722 qui
1398 650 1588 723 apostolicum
1602 650 1670 707 illud
1687 652 1741 709 im·

25 756 31 764 ·
85 746 187 819 poenis,
202 746 354 803 dummodo
379 760 487 815 omnes,
505 744 529 801 si
551 742 609 799 beri
633 750 734 815 posset,
758 740 886 797 homines
939 742 1063 815 perium,
1078 760 1133 817 quo
1155 744 1214 801 siue
1227 744 1430 801 intermissione
1451 760 1530 801 orare
1545 761 1598 801 nos
1615 746 1741 817 praecipit

84 838 186 897 Christi
199 841 338 897 consortio
350 838 517 907 [merentur.
531 838 629 894 Certus
643 835 742 892 etenim
758 848 820 890 sum
836 833 886 889 uti·
939 836 961 907 (l
974 837 1064 893 Thess.
1078 842 1127 905 v),
1142 838 1183 894 vel
1198 854 1254 894 uno
1265 838 1309 895 die
1320 852 1350 895 se
1360 837 1662 911 gaudeateasecutum?
1673 841 1741 909 Qute

83 931 180 989 liorem
193 932 304 991 Christo
317 932 425 991 etmihi
438 931 564 989 omnium
577 930 695 987 salutem
716 942 786 993 esse,
800 943 884 1001 quarn
937 928 1002 985 licet
1016 930 1110 985 omnia
1126 930 1266 986 nonnuliis
1278 930 1324 1002 qui
1342 940 1407 987 sum
1424 930 1603 987 crassioribus
1616 930 1687 987 vitiis
1698 930 1741 987 iu·

84 1040 186 1083 meam.
940 1022 1042 1087 voluti,
1055 1022 1217 1095 laniantque
1230 1038 1246 1079 a
1266 1032 1378 1095 peccato
1397 1038 1468 1096 pene
1486 1025 1574 1081 aliena
1585 1024 1739 1093 videantur,

386 1119 506 1176 CAPUT
522 1120 584 1175 vll.
939 1117 1089 1172 scientibus
1102 1125 1195 1173 tamen
1215 1117 1392 1189 perfeetionis
1412 1118 1528 1185 bonum,
1553 1119 1634 1175 etiam
1654 1117 1741 1174 mini·

150 1222 227 1289 osted
250 1222 333 1292 lippis
355 1222 457 1277 similes
479 1224 560 1287 eunt,
580 1222 630 1289 qui
654 1233 682 1273 se
705 1218 818 1273 eredunt
939 1224 1047 1267 murum
1058 1224 1153 1266 rerum
1169 1209 1318 1265 multitudo
1334 1210 1496 1281 gravissima
1509 1218 1563 1266 est.
1580 1212 1662 1267 Velut
1676 1211 1699 1267 si
1713 1211 1741 1266 in

253 1294 713 1361 “mllilltssffli01'mmltlttiiiit·
939 1304 1058 1376 aliquam
1079 1317 1210 1374 magnam
1232 1302 1350 1359 domum
1370 1302 1466 1358 multis
1483 1302 1682 1369 instrumentis,
1697 1316 1742 1357 va·

118 1400 227 1455 Bonum
241 1414 307 1472 ergo
323 1398 376 1455 hoc
394 1412 535 1454 summum
548 1395 589 1464 (id
604 1404 656 1464 est,
674 1395 722 1450 Dei
736 1400 885 1466 conspectu
939 1396 1039 1463 saulis,
1062 1396 1177 1451 sarcinis
1196 1394 1367 1466 impeditam,
1396 1408 1485 1449 unrrm
1504 1394 1609 1465 integra
1631 1394 1742 1450 risuum

83 1491 150 1560 irai,
164 1502 193 1549 et
202 1492 309 1550 Christo
319 1494 423 1566 jugiter
436 1491 581 1560 inherere)
593 1499 624 1547 ut
637 1488 756 1562 perfecte
767 1496 887 1560 aposto·
939 1491 997 1546 acie
1016 1490 1215 1562 perspicacem,
1228 1490 1344 1544 alterum
1364 1488 1407 1543 cui
1423 1487 1568 1544 oculorum
1581 1487 1674 1545 lumen
1693 1488 1743 1555 ob·¹

85 1584 128 1641 lus
140 1588 227 1658 possit
238 1586 366 1657 adipisci,
381 1585 495 1643 dissolvi
516 1593 594 1657 optat
606 1601 622 1641 a
635 1598 752 1655 corpore
772 1582 885 1653 (Philip
939 1582 1042 1640 tuderit
1057 1583 1201 1655 lippitudo,
1214 1581 1316 1655 pariter
1327 1596 1463 1654 ponamus
1484 1582 1633 1654 ingressos,
1647 1598 1742 1637 nonne

83 1680 123 1747 1),
138 1676 212 1748 quod
225 1676 361 1733 caducum
380 1686 407 1732 ot
421 1677 516 1732 multis
537 1676 687 1746 tragilitatis
700 1690 759 1731 sum
772 1674 889 1729 necessi-
940 1692 1005 1734 eum
1020 1680 1108 1749 [lips.
1123 1681 1153 1732 in
1174 1692 1261 1746 marp.
1285 1678 1331 1743 et]
1345 1675 1389 1731 illo
1403 1676 1447 1731 cui
1461 1674 1496 1731 ad
1514 1672 1629 1731 videnda
1648 1673 1741 1731 omnia

86 1863 379 1935 at'elli.³lmpossibile
398 1871 440 1918 est
455 1862 531 1918 enim
544 1861 628 1917 etiam
646 1864 733 1918 menti
748 1878 812 1935 quaa
828 1871 886 1919 tam
940 1866 1077 1932 armaria,
1101 1865 1202 1930 lectos,
1226 1878 1354 1932 mamm,
1380 1863 1530 1935 praesepia,
1555 1868 1584 1917 et
1609 1859 1743 1933 quidquid

85 1958 189 2014 crebris
206 1958 281 2014 curis
303 1954 480 2024 distenditur,
503 1964 563 2011 tam
581 1955 715 2022 molestis,
732 1963 790 2011 tam
808 1956 887 2012 variis
940 1974 995 2015 non
1010 1967 1066 2013 tam
1079 1958 1167 2015 oeulis
1179 1957 1353 2029 speculantis,
1368 1972 1451 2028 quam
1465 1954 1591 2012 manibus
1605 1954 1742 2027 palpantis

86 2050 232 2123 angoribus
250 2049 426 2121 praepeditur,
451 2046 544 2105 divino
568 2046 622 2105 irui
643 2062 754 2120 semper
777 2049 885 2107 intuitu.
940 2053 1101 2109 occurrerit:
1127 2060 1237 2107 econtra
1258 2050 1303 2107 hio
1317 2050 1365 2124 qui
1379 2050 1530 2107 clarissimo
1544 2049 1681 2106 luminum
1699 2046 1742 2103 si-

87 2144 169 2215 Qnod
182 2144 257 2200 enim
271 2153 328 2201 tam
342 2144 469 2216 pertinax
483 2150 644 2200 sanctorum
658 2141 799 2210 studium,
812 2141 887 2214 quod
941 2162 1007 2219 gore
1020 2146 1103 2202 etiarn
1118 2146 1224 2203 occulta
1238 2147 1357 2202 rimatus
1370 2155 1427 2215 est,
1444 2146 1529 2202 multa
1543 2144 1598 2200 illie
1614 2140 1742 2199 minutis·

86 2246 144 2295 mm
159 2238 277 2295 arduum
300 2246 389 2310 potest
411 2252 470 2294 esse
492 2236 678 2309 propositum,
695 2236 740 2291 cni
763 2251 819 2292 non
841 2236 890 2291 ali-
942 2242 1028 2305 sima,
1042 2248 1069 2295 et
1080 2255 1142 2312 qum
1156 2241 1206 2295 vix
1219 2240 1327 2312 possint
1342 2239 1552 2295 etiamnumero
1565 2236 1744 2309 comprehen-

86 2332 195 2403 quando
210 2331 253 2387 ille
268 2339 392 2388 versutus
406 2330 549 2386 insidiator
562 2329 678 2385 illudat?
690 2328 759 2399 Quis
769 2328 805 2383 ita
821 2329 888 2385 soli·
942 2333 988 2403 di,
1013 2334 1100 2391 inesse
1123 2334 1298 2406 pronuntiet,
1313 2347 1375 2403 quae
1397 2333 1420 2387 si
1434 2330 1583 2403 aliquando
1602 2331 1632 2385 in
1656 2343 1742 2386 unum

87 2426 187 2485 tudinis
209 2436 313 2485 secreta
342 2435 478 2491 sectatus,
505 2426 697 2483 universorum
730 2424 887 2480 mortalium
942 2434 1085 2489 cumulum
1106 2438 1321 2503 congregentur,
1336 2444 1487 2499 paucorum
1501 2443 1563 2499 quaa
1583 2428 1626 2481 ille
1648 2427 1743 2497 palpa-

86 2521 225 2577 consortia
235 2520 395 2589 declinavit,
408 2528 437 2577 ut
449 2534 602 2591 numquam
613 2518 826 2591 cogitationibus
839 2534 886 2574 su·
942 2533 1018 2582 verat
1032 2522 1251 2594 magnitudinem
1271 2520 1470 2577 numerositate
1486 2526 1680 2591 compensent,
1696 2526 1744 2575 aut

86 2614 200 2686 perlluis
214 2614 364 2684 laberetur,
378 2623 407 2671 et
430 2613 528 2669 intuitu
544 2628 637 2669 rernm
651 2612 692 2668 vel
707 2611 889 2684 occupatione
942 2618 1024 2673 etiam
1044 2614 1160 2672 iortasse
1174 2614 1388 2673 transcendant?
1411 2617 1454 2670 lta
1469 2613 1577 2686 igiturh
1593 2612 1678 2669 sancti
1699 2620 1743 2668 nt-

87 2714 198 2763 actuum
212 2714 385 2764 terrenorum
407 2705 441 2762 ab
457 2706 500 2763 illa
523 2720 585 2778 quae
608 2721 672 2763 vere
691 2704 750 2761 sola
770 2713 798 2761 et
816 2704 889 2761 bona
942 2725 996 2781 qne
1016 2710 1064 2781 (ut
1076 2709 1114 2765 ita
1127 2709 1233 2775 diram)
1248 2708 1388 2777 videntes,
1402 2708 1503 2780 quibus
1516 2706 1690 2779 perfectionis
1704 2714 1745 2763 est

87 2810 129 2857 est
153 2801 203 2858 Dei
232 2804 462 2874 contemplatione
495 2799 643 2857 derideret
679 2799 747 2868 Quis
778 2808 887 2855 tantum
941 2801 1081 2871 studium,
1107 2804 1192 2859 etiam
1218 2803 1264 2861 illa
1286 2818 1348 2875 quae
1375 2804 1449 2859 uelut
1473 2802 1636 2858 renaturusus
1660 2800 1743 2856 animi

88 2893 197 2963 spiritus
218 2910 350 2962 umquam
372 2895 460 2963 potuit
473 2895 592 2949 retinere
613 2892 764 2959 terrorem,
779 2900 811 2949 ut
829 2908 887 2948 non
940 2896 1030 2951 nostri
1044 2912 1099 2952 non
1113 2897 1235 2953 intuetur
1247 2906 1384 2970 aspectus,
1399 2896 1428 2951 in
1447 2896 1600 2967 semetipsis
1612 2894 1745 2967 sagaciter

88 2981 227 3040 interdum
258 2983 371 3038 lubricis
398 2983 609 3055 cogitationibus
641 2985 669 3037 in
696 2985 755 3052 ipsa
779 3000 888 3055 quoque
942 2988 1166 3061 deprehendunt,
1201 2990 1386 3061 acerrimeque
1425 2988 1624 3061 condemnant,
1659 3002 1744 3061 usque

89 3074 222 3133 orationis
244 3074 397 3131 intentione
419 3076 582 3140 translatus,
603 3083 713 3147 repente
734 3076 768 3132 de
790 3077 888 3133 eoeles·
942 3081 1010 3137 adeo
1031 3090 1062 3138 ut
1083 3082 1145 3154 qui,
1167 3083 1239 3140 sieut
1257 3091 1361 3141 nostrae
1382 3082 1489 3140 videtur
1507 3083 1619 3139 incurias
1640 3096 1676 3139 ne
1699 3090 1744 3139 te·

88 3169 163 3227 tibus
186 3169 222 3226 ad
243 3177 348 3225 terrena
369 3169 522 3226 corruerit?
537 3169 606 3238 Quis
628 3177 771 3235 nostmm,
790 3179 822 3225 ut
839 3186 888 3226 cae·
902 3157 925 3219 C
941 3174 1003 3230 nnis
1022 3174 1133 3246 qrridem
1165 3178 1269 3247 peceati
1290 3192 1382 3243 naevo,
1404 3192 1481 3250 puras
1506 3177 1654 3233 candorem
1674 3189 1744 3232 con-

88 3271 146 3321 tera
175 3264 400 3336 pervagationum
429 3271 553 3335 tempora
579 3263 804 3335 praetermittam,
831 3279 888 3319 non
942 3268 1062 3323 scientiae
1079 3268 1263 3334 disuaserunt,
1281 3272 1375 3326 multis
1395 3272 1446 3326 sibi
1467 3272 1582 3327 maculis
1599 3269 1745 3326 videantur

88 3357 136 3415 illo
158 3359 240 3414 etiam
258 3367 401 3415 momento
416 3372 470 3428 quo
493 3360 552 3413 Deo
577 3358 732 3430 supplicans
745 3357 779 3414 ad
801 3356 888 3414 subli-
942 3359 1069 3431 aspergi,
1090 3359 1114 3415 si
1136 3374 1193 3415 nou
1215 3358 1306 3415 dicam
1331 3375 1406 3416 vanar
1430 3361 1608 3432 cogitationis
1636 3361 1742 3433 impro-

89 3451 144 3508 mia
171 3451 252 3523 erigit
276 3460 412 3519 mentem,
437 3449 560 3522 quodam
590 3459 704 3524 stupore
736 3450 887 3522 collapsus,
942 3450 1012 3506 bitae
1026 3451 1054 3505 iu
1069 3450 1138 3507 atria
1153 3452 1254 3506 urentis
1277 3450 1434 3524 irrepserit,
1450 3450 1501 3509 sed
1517 3453 1557 3508 vel
1577 3454 1676 3525 psalmi
1697 3450 1745 3525 qui

90 3544 173 3602 etiam
189 3560 238 3619 per
255 3542 284 3601 id
306 3545 348 3600 vel
368 3544 471 3600 invitus
495 3542 636 3611 offendat,
662 3559 710 3617 per
730 3543 805 3617 qnod
826 3558 890 3615 spe·
943 3543 1076 3600 dicendus
1096 3553 1137 3602 est
1160 3544 1318 3602 recordatio
1342 3544 1474 3602 orationis
1497 3554 1623 3619 tempore
1652 3545 1744 3603 inten-

89 3637 168 3695 rabat
198 3640 308 3696 veniam
340 3638 524 3696 delictorum?
554 3638 637 3713 Quis,
669 3638 799 3710 inquam,
831 3646 889 3694 mm
944 3639 1049 3695 tionem
1064 3639 1245 3712 supplicantis
1256 3639 1435 3697 ιιιιιειίιιθ
1455 3640 1482 3697 Si
1503 3642 1585 3709 enim,
1603 3641 1744 3713 inquiunt,

640 3766 768 3820 natant
786 3766 898 3821 GdZAEi
917 3763 1197 3821 COMMENTARIUS.

124 3893 137 3919 ⁸
149 3886 186 3937 D.
198 3880 356 3935 bernardus
368 3894 452 3934 serm.
464 3886 480 3933 5
493 3880 528 3933 de
540 3882 737 3949 assumptione
751 3885 781 3934 tt.
794 3882 889 3938 bladae
943 3886 1155 3953 oeeupatiouum.

89 3952 141 4008 tria
165 3951 361 4021 impedimenta
398 3948 637 4020 contemplationis
671 3958 817 4003 annumerat
849 3950 889 4006 bis
979 3948 1154 4023 ''Prophctae
1178 3952 1245 4009 olim
1264 3948 1396 4009 videntes
1417 3952 1554 4025 appellati.
1577 3952 1672 4023 liieg.
1688 3968 1743 4011 ut:

90 4022 181 4079 verbis
195 4041 203 4075 :
218 4023 284 4077 liic
297 4026 371 4081 stant,
386 4018 484 4091 inquit,
498 4035 560 4089 qula
579 4020 685 4074 oculum
708 4021 889 4088 intelligentta
945 4024 1015 4079 Olim
1039 4026 1069 4075 in
1096 4025 1180 4077 tereret
1198 4026 1237 4075 sic
1260 4023 1417 4090 loquebatur·
1441 4028 1626 4093 uniuersisque
1645 4027 1745 4081 uadens

89 4092 275 4161 conlaudant,
301 4096 383 4161 atque
406 4108 425 4145 a
453 4092 673 4160 contemplatione
697 4094 756 4145 ueri
780 4093 889 4145 luminis
945 4093 1079 4146 comedere
1092 4096 1182 4147 Deum.
1205 4094 1315 4154 Venite,
1336 4098 1360 4146 et
1375 4096 1513 4147 iamiam
1528 4096 1678 4149 l'iitentem.
1694 4099 1748 4163 Qui

90 4164 253 4230 secludunt,
279 4163 390 4218 tenebra
412 4162 511 4217 scilieet
532 4166 714 4231 peccatorum.
741 4162 890 4217 recordatio
944 4165 1015 4217 entim
1028 4163 1272 4244 propbctcdicitna·
1289 4162 1384 4223 trodio,
1397 4164 1544 4217 uocabatur
1555 4164 1619 4218 alim
1634 4166 1744 4221 Videas.

90 4236 257 4294 emrinrdem,
279 4239 304 4288 et
326 4249 392 4288 nire
412 4238 576 4287 turonorum
596 4239 713 4287 actuum.
737 4236 827 4287 Primo
843 4234 890 4288 illo
944 4234 989 4289 Sic
1003 4233 1050 4288 ibt.
1069 4233 1215 4288 ltationem
1235 4233 1295 4303 ejus
1311 4234 1526 4290 nomenclaturae
1538 4234 1626 4291 reddit
1641 4238 1669 4290 S.
1681 4237 1747 4293 llic·

92 4307 168 4361 mado
182 4306 359 4359 turbulentae
376 4306 524 4375 plrnrqcbat
545 4306 677 4375 propbeta
691 4320 751 4358 eum
763 4304 888 4359 diceret:
944 4320 1076 4377 ronymus
1099 4306 1140 4358 bis
1165 4302 1386 4375 verbieldpist.
1413 4310 1479 4370 tlte,
1495 4306 1532 4361 aa
1551 4308 1714 4379 Petelinum)
1736 4325 1743 4362 τ

91 4378 240 4446 Dercbquit
252 4391 293 4431 me
303 4378 390 4430 uirtus
405 4392 477 4437 auae,
490 4380 515 4429 et
524 4377 614 4430 tulmen
624 4377 760 4430 malorem
771 4390 889 4429 mcortcm
943 4378 1082 4445 Prophetae
1094 4376 1300 4445 appellabantur
1313 4376 1456 4439 l'identes,
1471 4380 1537 4447 quie
1549 4379 1676 4435 videbant
1684 4394 1744 4435 eum

91 4452 116 4501 et
130 4450 219 4517 ipsum
231 4463 284 4501 nora
295 4452 333 4500 cst
350 4462 451 4501 meeum
468 4448 578 4505 (PeaIm
595 4452 721 4513 xxxvii).
743 4448 806 4503 Cum
819 4450 889 4501 enim
944 4463 1022 4516 prtem
1036 4450 1127 4501 crateri
1139 4464 1192 4501 nors
1201 4446 1335 4501 uidebant.
1350 4448 1490 4503 Abrabam
1504 4449 1576 4505 cidit
1589 4450 1660 4505 diam
1674 4452 1742 4521 ejus,

91 4518 272 4587 lueejustilioe
284 4519 467 4579 destituimur,
482 4519 523 4571 nil
536 4519 614 4572 alind
624 4534 707 4587 qnam
721 4524 889 4587 peecatorum
943 4524 969 4573 et
978 4520 1132 4573 lateranen
1142 4520 1230 4589 (loeti.
1240 4524 1316 4584 vett).
1325 4520 1595 4589 :lpteriebantureoeli
1602 4523 1742 4585 Ezechieli,

90 4594 241 4645 nostrorum
259 4590 379 4644 tenebas
393 4590 553 4643 irtaeuimus.
569 4592 634 4643 llam
648 4590 763 4644 recuruato
781 4605 808 4644 se
822 4605 889 4657 pra·
943 4593 993 4658 qui
1004 4592 1103 4660 populo
1115 4592 1249 4661 preceptori
1259 4590 1346 4645 elisaei
1355 4596 1441 4653 erant,
1453 4600 1505 4645 etc.
1519 4593 1630 4657 (Enna.
1649 4592 1744 4660 1).Αά

89 4663 149 4715 ucri
159 4661 300 4724 seruiebat,
309 4676 369 4714 mm
378 4660 477 4713 eliceret
488 4678 496 4712 .·
507 4660 717 4716 Cmioersursam
727 4663 755 4714 in
767 4676 889 4715 arumna
945 4663 1014 4715 lrarrc
1027 4664 1262 4715 rnunenclaturam
1281 4662 1404 4715 allusisse
1427 4661 1535 4716 ridetur
1550 4666 1661 4728 Auctor,
1676 4660 1744 4718 dum

90 4746 163 4797 mea,
178 4734 244 4787 llam
263 4734 405 4801 mannitur
415 4732 495 4800 quiin
507 4731 591 4799 (Psnl.
614 4732 709 4797 xxst),
722 4738 888 4800 peecatorum
904 4709 930 4772 Ῑ)
944 4730 987 4787 liic
1000 4732 1074 4785 viros
1091 4740 1202 4786 satiatos
1222 4739 1252 4785 et
1271 4730 1405 4799 perlectos
1423 4732 1502 4801 quasi
1523 4748 1569 4802 per
1582 4741 1745 4789 antonoma-

90 4802 354 4856 sct‘licctrecordctio.
369 4804 459 4857 Tertio
471 4804 596 4871 omupari
605 4806 889 4871 secortqnnu'lur,cum
944 4802 1013 4858 siant
1031 4803 1160 4858 l'iatnttes
1175 4809 1323 4871 rrtrneupat,
1335 4802 1397 4871 quia
1413 4802 1543 4859 minimos
1553 4812 1580 4859 ct
1590 4803 1743 4861 levissimos

92 4871 160 4925 dicit
179 4891 187 4925 :
203 4876 273 4937 Quia
292 4874 407 4925 cinerem
427 4877 565 4941 tamquam
583 4888 680 4943 planem
693 4874 890 4927 manducabam
944 4874 1028 4928 etiam
1048 4871 1170 4930 deiectus
1193 4873 1220 4926 in
1242 4871 1339 4941 seipsis
1362 4874 1509 4928 observant
1532 4882 1560 4930 ct
1574 4874 1741 4943 discutiunt,

92 4942 174 5007 (Psoi.
185 4944 890 5014 cil,cinaemsciliectnetimtisprepnnecuntempia·
943 4959 1013 5015 quos
1033 4943 1114 4998 rudes
1128 4954 1156 4997 et
1174 4942 1324 5011 irnperiecti
1348 4953 1513 5015 praetereunt
1531 4956 1557 5001 et
1578 4961 1635 5001 uon
1650 4946 1744 5001 anim-

92 5015 182 5069 tionis.
195 5014 357 5081 Quicumque
366 5028 429 5081 erqo
439 5016 535 5067 mentis
548 5016 652 5069 oeulrtm
664 5016 763 5069 diarium
773 5022 889 5069 roratum-
942 5014 1102 5070 advertunt.
1117 5015 1156 5067 lta
1169 5017 1203 5067 ll.
1216 5013 1367 5081 Gregorius
1381 5016 1476 5085 (Greq.
1492 5019 1520 5071 in
1532 5019 1543 5071 l
1554 5018 1617 5087 lien.
1634 5034 1656 5072 c.
1672 5033 1704 5073 rx
1715 5024 1743 5083 ):

90 5086 207 5155 plutiani
226 5084 284 5138 vult
305 5084 454 5145 intendere,
471 5088 591 5153 profecto
605 5102 707 5141 necesse
720 5094 758 5141 est
779 5092 809 5141 ut
829 5103 889 5141 eam
946 5087 1056 5147 Veiens,
1074 5084 1172 5156 inquit,
1188 5090 1236 5148 cet,
1256 5088 1305 5155 qni
1324 5087 1430 5141 interme
1443 5090 1525 5143 ctiam
1540 5091 1667 5158 respicit,
1683 5104 1744 5157 quc

90 5158 168 5223 prius
185 5157 220 5209 ab
232 5157 280 5211 lice
298 5156 404 5225 tn'ptlici
426 5156 615 5225 impedimento
628 5159 736 5211 studeret
756 5174 887 5227 purpuria,
941 5172 1015 5211 mens
1029 5157 1179 5211 muralium
1190 5172 1244 5209 non
1259 5158 1385 5211 attendit.
1403 5160 1478 5214 liuida
1491 5164 1516 5212 et
1529 5159 1562 5213 ete
1572 5162 1671 5213 soractis
1683 5161 1740 5213 ‹ersi-

93 5226 168 5291 Qemd
181 5229 207 5280 si
217 5230 278 5296 puis
290 5228 381 5293 secere
394 5226 547 5294 contendat,
566 5230 670 5281 nain-e
683 5234 776 5283 coritae
796 5230 889 5297 tm'pli-
940 5229 1059 5283 malibus
1072 5230 1172 5282 dicitin·
1187 5247 1195 5281 :
1209 5230 1240 5283 In
1253 5230 1368 5283 circuita
1379 5234 1404 5283 et
1412 5232 1486 5283 intus
1496 5230 1576 5299 plena
1589 5234 1669 5284 erant
1679 5246 1740 5285 ocu-

91 5310 147 5350 cem
158 5298 279 5350 morbum
289 5300 390 5369 triplam
400 5312 505 5367 quoque
514 5299 574 5365 sore
583 5299 740 5353 remedium.
755 5302 889 5369 tirampni
941 5300 976 5353 iis
992 5301 1097 5363 (diacoi.
1118 5306 1150 5367 r).
1164 5300 1254 5366 Quiin
1265 5302 1443 5355 catorioribns
1457 5303 1654 5370 cirmmspeeti,
1665 5308 1690 5357 et
1701 5304 1741 5357 in·

91 5382 151 5421 mas
173 5368 280 5437 quidem
299 5372 558 5437 perconsessicncm,
573 5370 704 5424 sanandus
724 5387 774 5440 per·
788 5374 889 5425 arretio·
942 5372 1741 5441 trinsecusprooiitisuntrqieoconlracitrmrlinmetectornm

91 5453 162 5505 uem,
192 5440 288 5493 tertius
309 5446 420 5495 curetur
437 5456 489 5513 per
508 5443 633 5513 quietem.
658 5444 696 5495 lta
724 5441 886 5497 bernardus.
940 5444 1177 5511 preasttmptioncm
1187 5445 1216 5495 in
1226 5444 1373 5511 Eoeniqelio
1383 5445 1511 5499 Dominus
1519 5447 1682 5512 ergrtensait
1691 5462 1700 5498 :
1710 5445 1741 5501 st

91 5508 172 5565 nltud
184 5524 267 5582 porro
281 5508 508 5579 impedimentum
521 5511 625 5583 profert
639 5513 665 5568 S.
683 5512 805 5568 Thomas
816 5518 887 5580 (2·2,
941 5528 1023 5567 eacus
1035 5528 1100 5567 creec
1112 5514 1239 5567 discretum
1250 5518 1372 5583 permutet,
1387 5516 1465 5568 anaba
1477 5516 1505 5567 in
1516 5515 1739 5581 [acaemetarum.

90 5596 118 5648 q.
135 5586 196 5647 rso,
211 5585 265 5635 art.
282 5578 320 5649 2).
333 5578 527 5637 vehementiam
543 5584 701 5655 passionum
718 5600 725 5637 :
741 5588 797 5639 buo
815 5589 887 5647 sterit,
977 5584 1135 5639 eSimiliter
1155 5584 1336 5640 ratiocinatur
1357 5588 1391 5639 l).
1422 5584 1584 5641 Berredictus
1605 5586 1641 5641 tle
1663 5602 1741 5641 reve-

93 5649 191 5719 inquit,
204 5668 264 5720 quea
276 5651 426 5721 impediunt
437 5658 526 5707 actum
544 5657 773 5725 contemplationis
786 5673 796 5708 :
810 5656 887 5711 actae·
941 5656 1028 5711 rentia
1048 5654 1181 5709 orationis
1192 5671 1275 5725 ageris
1291 5658 1369 5725 (Cep.
1387 5662 1420 5711 bc
1431 5657 1547 5725 ileprtlee)
1560 5672 1570 5710 :
1583 5658 1614 5713 Si
1627 5674 1685 5711 curn
1702 5658 1743 5711 lio

90 5723 889 5793 mentiapassionis,perqnntnabsimiliter-intentiociuitate
941 5727 1059 5781 minibus
1081 5726 1235 5795 potentibus
1256 5728 1376 5782 soliturus
1397 5728 1492 5799 atique
1515 5744 1669 5797 stepponem,
1690 5742 1742 5781 nan

90 5792 126 5847 eb
134 5794 350 5863 intelligibilibus
358 5794 396 5849 ad
404 5796 555 5862 sensibilium
567 5804 593 5851 et
607 5800 737 5853 inimicitus
746 5800 888 5855 anteriores
938 5800 1631 5869 praesumimus,raisicumbair-ilitnteetretinentia:
1641 5803 1742 5867 quarite
