3848 6158
131 243 186 296 att
382 239 428 294 DE
446 238 685 297 toextostuttutt
705 240 824 297 insiti.
846 240 910 297 tls.
933 241 976 298 vt.
996 271 1033 284 -
1051 244 1095 299 DE
1113 244 1247 302 sttutttt
1268 213 1554 306 insultationes
1734 253 1787 309 278

132 379 264 421 somnum
293 370 427 420 nocturna
451 361 539 422 delusi
562 363 686 436 fallacia,
707 364 777 422 vires
806 365 934 425 minuant
947 372 973 435 Α
988 367 1088 440 peribit
1100 384 1194 425 coram
1215 370 1349 427 Domino.
1367 372 1507 444 Quantum
1525 373 1608 446 igitur
1622 375 1786 448 integritatis

133 457 223 515 multo
256 464 383 530 tempore
411 458 595 530 conquisitas,
621 463 634 492 ¹
661 457 769 517 laminis
795 459 934 531 plumbeis
988 470 1031 518 est
1045 477 1163 532 munus,
1179 463 1239 519 sine
1261 479 1316 535 qua
1333 464 1416 522 etlam
1429 465 1468 522 illi
1483 465 1529 537 qui
1547 475 1625 523 erant
1636 466 1687 523 sub
1700 469 1785 526 veteri

131 566 229 610 renum
254 558 404 624 contegant
420 551 497 620 loca,
520 567 574 624 quo
593 551 695 610 scilieet
715 552 818 610 metalli
842 554 932 627 rigore
988 560 1164 623 testamento,
1179 556 1320 613 sacridcbs
1328 558 1426 630 typicis
1435 574 1491 614 non
1502 567 1628 631 poterant
1640 561 1784 631 iuteresse;

129 644 295 719 genitalibus
323 644 454 702 membris
477 645 621 719 applicito,
645 645 779 703 obscenos
801 646 932 705 humores
986 649 1075 720 etqui
1096 647 1178 722 bujus
1192 648 1287 707 mundi
1301 650 1507 723 corruptibilem
1528 667 1642 711 acroam
1664 654 1778 726 eupiunt

130 737 237 796 ealcum
256 736 377 795 inhibere
394 756 400 793 :
423 736 602 811 intelligentes
623 754 653 796 se
675 740 855 813 proculdubio
872 757 932 799 esse
984 741 1107 814 adipisci,
1126 751 1263 816 nequeunt
1276 736 1421 803 coronari!

22 838 29 847 “
128 831 296 900 mumius,
322 846 374 889 nee
399 830 457 903 jam
482 847 561 903 posse
591 833 764 906 propositum
792 843 931 892 certamen
1287 849 1408 908 CAPUT
1428 852 1481 907 lx.

128 923 250 998 ⁴¹0¹¹llltis
272 923 376 981 Vlfibffl
402 923 571 997 a(fimlfler‘is
594 926 617 984 Μ’
635 927 771 999 provisam
794 927 930 1000 Ρῦἆῑθῗῑῑῑθ
985 942 1119 1010 Quantum
1133 957 1236 1015 sempeg
1249 944 1337 997 cordis
1347 947 1497 1013 patritatem
1511 962 1612 1016 parom
1628 962 1718 1003 eorum
1735 949 1784 1005 Dei

127 1018 295 1076 soliditatem
319 1016 403 1075 fallax
428 1020 519 1076 noxiae
544 1021 690 1093 voluptatis
717 1021 807 1095 imago
831 1038 929 1080 eorru-
1251 1015 1334 1069 oculis
1362 1016 1515 1072 debeamus.

129 1112 210 1186 perit.
1017 1115 1113 1185 ltaque
1134 1113 1212 1168 omni
1234 1112 1356 1169 custodia
1375 1112 1466 1169 cordis
1481 1116 1569 1171 nostri
1587 1124 1654 1171 sunt
1672 1115 1783 1172 latebrae

417 1210 540 1267 CAPUT
568 1210 641 1266 Vlll.
983 1205 1109 1277 primitus
1120 1204 1271 1278 expiandae.
1288 1204 1369 1275 Quod
1386 1206 1462 1263 enim
1475 1208 1515 1263 illi
1532 1208 1693 1279 incorporis
1703 1209 1781 1280 puri·

126 1314 166 1368 De
178 1312 375 1382 comparatione
385 1313 587 1383 purificationis
607 1329 699 1367 eorum
711 1314 760 1383 qui
778 1315 927 1369 inferrem
982 1304 1037 1354 ¹³¹0
1049 1297 1164 1370 cupiunt
1179 1296 1302 1370 Willis
1317 1314 1369 1357 ¹¹⁰⁸
1380 1298 1513 1357 debfmffl
1526 1300 1610 1356 etiam
1628 1301 1656 1356 5¹¹
1675 1304 1781 1359 &⁰²¹⁰ss

279 1397 367 1452 agate
395 1388 530 1439 aestumat
552 1384 678 1439 babituri
701 1389 776 1441 stent.
981 1392 1157 1450 eonscientiae
1181 1392 1320 1466 possidere
1343 1395 1398 1452 :in
1421 1410 1475 1468 qua
1495 1394 1632 1451 Dominus
1652 1383 1780 1453 darbiter

163 1491 260 1561 ltaque
280 1488 303 1546 si
319 1489 415 1562 agonis
434 1489 581 1547 mundialis
597 1489 787 1559 ,intelleximus
810 1490 926 1564 discipli·
979 1493 1059 1558 atque
1073 1485 1238 1559 agonotheta
1259 1487 1393 1556 residens,
1409 1504 1529 1562 pugnaui
1543 1504 1640 1546 cursus
1654 1498 1682 1546 et
1693 1499 1781 1547 cena·

125 1596 211 1648 nam,
234 1580 312 1654 cujus
335 1582 460 1653 exemplo
483 1579 580 1638 beatus
599 1583 747 1654 Apostolus
767 1597 817 1640 nos
842 1582 926 1640 soluit
979 1580 1170 1654 minisnostri
1181 1580 1283 1654 jugiter
1302 1590 1440 1654 exspectat
1462 1583 1598 1655 {spectat],
1622 1591 1652 1641 ut
1670 1598 1703 1640 ea
1717 1600 1780 1658 qua

124 1673 243 1743 erudire,
256 1673 358 1732 ducens
371 1684 472 1747 quanta
487 1674 516 1731 in
528 1675 574 1732 illa
593 1675 630 1732 sit
642 1675 810 1745 observatio,
825 1684 925 1748 quanta
980 1676 1008 1731 in
1030 1676 1175 1749 propatulo
1197 1676 1344 1735 horremus
1368 1678 1532 1748 admittere,
1556 1695 1590 1735 ne
1614 1680 1779 1738 intrinsecus

124 1768 281 1842 diligentia,
307 1777 410 1841 quanta
438 1769 561 1827 custodia
589 1790 595 1826 :
626 1770 690 1843 quid
710 1786 762 1828 nos
783 1771 964 1844 conuenietss
980 1767 1092 1840 quidem
1106 1770 1258 1826 coalescere
1278 1771 1386 1828 incauta
1403 1772 1568 1845 eogitationc
1583 1775 1722 1845 patiamur
1728 1792 1736 1845 ;
1752 1783 1780 1830 et

122 1861 228 1931 facem,
251 1878 305 1936 qua
323 1865 440 1936 puritate
454 1864 592 1936 oportebit
608 1864 747 1922 custodire
766 1865 854 1923 nostri
866 1881 926 1923 cor·
979 1861 1009 1918 iu
1030 1861 1129 1934 quibus
1143 1861 1263 1921 humana
1274 1865 1432 1937 cognitione
1448 1864 1655 1936 confundimur,
1679 1883 1713 1924 ne
1729 1883 1778 1925 oe-

122 1958 294 2030 purisstque
316 1958 415 2014 animae
437 1958 609 2026 castitatem,
633 1951 733 2031 ²'quos
754 1974 864 2016 necesso
883 1967 926 2016 est
978 1952 1168 2027 cultaquidem
1181 1956 1353 2013 conniventia
1363 1957 1529 2029 polluantur.
1541 1963 1609 2031 Quae
1619 1961 1682 2016 licet
1692 1961 1778 2032 possit

117 2049 240 2123 quotidie
260 2053 442 2109 sacrosanctis
467 2052 537 2126 Agui
563 2052 694 2109 carnibus
719 2053 812 2120 vesci,
853 2068 923 2126 quas
978 2048 1123 2106 bominum
1138 2051 1276 2123 preterire
1286 2051 1431 2120 notitiam,
1446 2062 1603 2110 sanctorum
1621 2063 1715 2111 tamen
1728 2070 1776 2110 an·

121 2144 262 2201 neminem
279 2143 455 2203 immundum
475 2145 632 2218 contingere
648 2144 732 2202 etiam
745 2145 844 2203 veteris
857 2146 923 2220 legis
977 2143 1118 2217 geforum,
1150 2144 1288 2217 ipsiusque
1310 2146 1507 2218 omnipotentis
1534 2148 1586 2203 Dei
1615 2148 1775 2216 seientiam,

123 2245 262 2310 praecepta
275 2240 450 2310 permittunt!
465 2243 478 2273 ⁰
491 2241 523 2295 ln
532 2239 654 2296 Levitico
668 2254 789 2312 namque
801 2238 837 2295 ita
849 2254 921 2312 pras·
975 2253 1061 2308 quam
1071 2236 1145 2294 nulla
1157 2235 1362 2310 subterfugiunt
1370 2246 1485 2309 secreta,
1500 2240 1583 2297 latere
1596 2254 1651 2296 non
1664 2239 1774 2310 poterit.

124 2331 226 2404 cipitur
249 2350 256 2388 ε
280 2332 376 2390 anis
398 2332 520 2391 mundus
540 2333 716 2391 manducabit
741 2349 844 2390 carnes.
868 2337 920 2404 Et,
1274 2334 1396 2391 CAPUT
1411 2337 1449 2391 X.

121 2423 226 2482 Anima
240 2439 419 2500 quacumque
438 2427 587 2486 comederit
600 2427 635 2484 de
652 2425 781 2484 carnibus
798 2425 923 2484 sacrificii
994 2426 1070 2495 Quod
1090 2428 1127 2482 sit
1144 2427 1273 2483 iradiassum
1290 2430 1418 2499 perfeeto
1434 2433 1460 2485 ct
1479 2431 1592 2500 integro
1611 2431 1756 2502 paritatis.

118 2517 248 2576 salutaris
260 2520 335 2594 quod
349 2529 390 2578 est
406 2520 533 2591 Domini,
552 2522 579 2578 in
591 2537 644 2595 qua
664 2528 707 2578 est
727 2519 919 2590 immunditia,
1009 2523 1021 2553 θ
1045 2523 1129 2596 Cujus
1145 2524 1273 2596 puritatis
1294 2524 1348 2581 boc
1367 2525 1420 2582 erit
1442 2525 1553 2584 evidens
1573 2526 1720 2596 iudicium,
1744 2543 1775 2585 ac

664 2640 792 2696 xtnttut
811 2638 926 2694 GAZAEI
944 2637 1227 2697 COMMENTARIUS.

156 2745 226 2801 ⁸Dc
247 2745 326 2803 variis
348 2745 512 2803 athletarum
527 2747 630 2818 legibus
642 2754 670 2803 et
689 2746 822 2813 moribus,
841 2744 901 2800 tide
973 2745 1132 2816 nothetam,
1154 2748 1199 2819 qui
1218 2750 1345 2819 'praesons
1365 2757 1482 2822 spectat,
1506 2759 1534 2807 et
1556 2751 1663 2807 animos
1680 2751 1772 2822 addit,

116 2813 144 2870 si
157 2813 245 2884 lubet,
258 2816 444 2898 alexandrum
465 2818 500 2875 ab
514 2817 685 2900 Alexandro,
701 2826 728 2873 et
743 2817 829 2872 inulta
846 2786 919 2897 apud
971 2819 1089 2943 ssfaemi⁰
1107 2819 1249 2900 proposito
1265 2821 1408 2902 :cujusrei
1421 2822 1527 2878 illustre
1542 2822 1697 2892 exemplum
1721 2823 1773 2880 fra·

117 2887 257 2946 Budaeum
271 2903 300 2943 tn
314 2889 442 2945 Pandeet.
463 2892 500 2945 De
513 2889 617 2960 plumbi
640 2904 691 2946 usu
709 2897 737 2944 et
749 2887 870 2944 efbcaeta
884 2884 919 2942 ad
991 2895 1053 2944 etur
1061 2891 1197 2946 inlitas.
1210 2891 1325 2947 Antonii
1337 2891 1372 2947 ab
1380 2891 1531 2949 Athanasio
1539 2890 1625 2949 deseri
1646 2901 1683 2948 ta.
1700 2894 1771 2950 Cum

116 2957 235 3016 Veneris
247 2961 363 3041 impetus
373 2969 401 3016 et
413 2960 502 3017 fluxus
511 2959 694 3029 cohibendos,
706 2966 804 3016 auctor
815 2957 919 3014 Plinius
972 2959 1046 3015 enim
1062 2961 1090 3015 S.
1107 2961 1244 3017 Antonius
1261 2960 1310 3018 diu
1324 2977 1389 3019 cum
1404 2963 1578 3020 damonibus
1591 2910 1768 3034 miseratus,

115 3029 238 3086 natural.
255 3032 327 3086 first.
339 3031 385 3087 lib.
399 3046 508 3099 xxxxv,
520 3034 607 3102 capite
620 3029 727 3087 decimo
740 3038 837 3086 oetam
849 3028 916 3097 (tto.
971 3038 999 3087 et
1013 3030 1129 3102 graviter
1143 3031 1229 3087 abeis
1241 3040 1353 3089 vexatus
1370 3032 1473 3098 fuisset,
1490 3033 1601 3090 undem
1616 3034 1693 3090 radio
1704 3035 1770 3092 tucis

117 3100 147 3156 ll
169 3102 275 3160 dauci,
297 3117 357 3172 cap.
382 3108 400 3158 9
421 3108 447 3158 et
460 3104 543 3159 fibv
565 3118 624 3173 cop.
645 3107 677 3172 83
700 3103 800 3160 Catius
816 3101 912 3170 Rodia.
969 3100 1117 3172 affulgente
1126 3104 1448 3174 recreatuspraesentiam
1458 3104 1572 3160 Domini
1587 3105 1730 3172 intellexit,
1743 3114 1771 3162 et

117 3172 191 3228 tat.
210 3174 297 3243 artiq.
312 3174 359 3254 lib.
375 3187 417 3230 xv
433 3189 493 3244 cup.
507 3179 545 3240 6).
889 3240 896 3253 .
929 3155 952 3219 C
970 3186 1004 3227 ex
1017 3172 1112 3229 intimo
1131 3181 1241 3255 pectore
1262 3173 1341 3246 longa
1355 3175 1468 3232 trabeas
1482 3175 1614 3257 suspiria,
1632 3175 1667 3231 ad
1689 3177 1771 3233 visio-

157 3233 242 3298 hlion
254 3252 414 3300 amaenitate
425 3244 507 3300 eredo
520 3243 657 3310 absoluta,
671 3242 720 3299 sed
737 3250 913 3316 congruenti,
968 3258 1041 3311 nem,
1054 3259 1116 3315 quae
1127 3259 1152 3299 et
1160 3255 1333 3317 apparuerat,
1343 3245 1621 3317 loquebaturdrcens:
1633 3249 1685 3303 Ubi
1699 3263 1768 3312 eres,

116 3312 230 3370 ratione
245 3313 323 3371 officii
338 3323 365 3370 et
383 3315 544 3388 praefaturtu.
561 3315 631 3371 Cum
645 3314 719 3369 euim
733 3312 760 3370 id
780 3311 915 3385 temporis
970 3315 1268 3370 botteJesuirtbieros?
1279 3318 1428 3384 Ortareuou
1440 3319 1601 3388 optirteipio
1610 3318 1725 3386 raffaisti,
1737 3323 1769 3375 ut

116 3383 242 3456 plerique
254 3385 394 3454 monachi,
414 3393 526 3458 excepto
540 3385 654 3451 abbate,
668 3392 759 3441 essent
775 3383 853 3453 laici,
868 3389 917 3440 aut
969 3401 1082 3441 sonores
1091 3387 1292 3441 calneromea?
1303 3390 1338 3443 st
1348 3403 1401 3442 eoa
1410 3389 1580 3456 soetttestad
1588 3405 1649 3443 eum
1660 3390 1765 3445 diceus:

115 3455 198 3525 pauci
212 3464 286 3512 certe
299 3472 333 3512 ex
354 3457 387 3514 iis
405 3456 596 3513 ordinarentur
618 3453 781 3538 presbyteri,
796 3463 828 3512 ut
847 3454 914 3511 alias
966 3458 1078 3519 Antoni,
1099 3457 1141 3512 liic
1154 3472 1246 3524 erom;
1261 3459 1309 3512 sed
1322 3460 1508 3528 exspectabam
1526 3460 1618 3514 ridere
1636 3466 1771 3517 certamen

111 3524 222 3583 dictum
234 3535 293 3596 est,
307 3537 521 3584 cousentaneum
542 3526 593 3583 fuit
610 3535 641 3584 ut
656 3541 701 3598 qur
720 3525 778 3583 aliis
798 3533 914 3597 praeerat
967 3533 1063 3583 tuum:
1078 3543 1149 3583 autu
1161 3533 1253 3584 uatem
1266 3531 1332 3598 quia
1346 3530 1505 3586 decertando
1517 3532 1633 3586 uiriliter·
1647 3548 1700 3586 tion
1711 3549 1770 3587 ees-

113 3595 220 3665 abbas,
234 3598 353 3669 quotidie
371 3614 465 3655 coram
477 3597 606 3655 fratribus
619 3598 766 3655 Missarum
781 3597 914 3653 solemnia
967 3600 1037 3661 sisti,
1060 3614 1163 3670 seraper
1182 3600 1337 3656 accidiatur
1350 3601 1410 3656 tibi.
1430 3604 1466 3658 Et
1477 3616 1539 3674 quae
1552 3600 1589 3658 ibi
1604 3611 1766 3674 sequuntur.

113 3665 283 3736 celebrant,
296 3678 323 3726 et
336 3670 389 3726 boe
408 3669 544 3742 praecipuo
556 3669 693 3743 religionis
704 3668 795 3726 officio
809 3668 836 3723 iu
851 3683 912 3723 mo·
967 3674 977 3738 i
988 3670 1074 3726 Verba
1086 3676 1151 3726 satit
1164 3672 1282 3740 Attiou.)

113 3741 238 3796 neoterio
260 3739 418 3811 fungeretur
438 3760 444 3796 :
461 3757 514 3813 qua
533 3741 610 3797 dere
625 3740 701 3812 plura
719 3739 784 3797 alibi
798 3738 912 3795 dicenda
1001 3746 1012 3771 ⁰
1033 3741 1112 3797 Hane
1132 3741 1289 3799 doctrinam
1304 3743 1427 3815 pluribus
1441 3745 1470 3799 in
1484 3743 1537 3799 luci
1552 3744 1671 3800 inculcat
1696 3746 1768 3800 Cas»

112 3817 181 3867 nant
192 3812 275 3878 (Vide
286 3814 375 3868 cottae.
391 3819 436 3879 ²3,
450 3828 509 3883 cup.
523 3817 579 3878 2⁰).
592 3812 672 3868 Unde
686 3812 785 3883 colligo
799 3818 827 3866 et
845 3812 911 3867 Cus-
965 3810 1078 3879 sianus,
1096 3820 1127 3867 ut
1145 3827 1203 3883 cap.
1222 3817 1256 3868 20
1274 3812 1355 3885 hujus
1375 3814 1455 3881 libri,
1478 3813 1524 3870 ubi
1545 3817 1585 3869 sic
1596 3814 1738 3869 concludit
1755 3835 1762 3869 t

111 3880 226 3938 sianum
240 3883 428 3957 presbyterum
447 3883 596 3951 exstitisse,
612 3881 685 3953 quod
707 3890 735 3938 et
754 3880 913 3938 Gennadius
966 3884 1062 3953 ltaque
1076 3884 1119 3938 bic
1130 3888 1170 3938 est
1184 3887 1351 3953 integritatis
1362 3888 1436 3955 prim,
1452 3901 1483 3940 oc
1492 3887 1614 3954 perfecta
1631 3883 1764 3952 probatio,

113 3958 146 4008 et
155 3953 325 4010 Tritbemius
334 3963 511 4022 attestantur3
525 3963 552 4011 et
564 3950 763 4025 quotidianum,
772 3959 804 4007 ut
812 3951 911 4019 decuit,
965 3955 991 4006 si
997 3955 1192 4022 quiescentibus
1199 3957 1275 4010 uobis
1286 3957 1409 4010 titillatio
1419 3957 1564 4025 uoluptatis
1574 3953 1650 4007 atulfo
1658 3953 1767 4022 subrap·

112 4021 208 4080 Missa
222 4024 384 4082 sacrificium
402 4026 568 4091 celebrasse,
583 4024 611 4079 in
625 4037 680 4093 quo
692 4026 786 4103 Agnus
801 4021 845 4076 illo
859 4021 911 4076 im·
965 4027 1047 4085 serit,
1063 4033 1133 4092 etc.;
1155 4034 1183 4079 et
1202 4024 1260 4096 cip.
1281 4031 1314 4080 22
1337 4028 1502 4094 :Hucusque
1519 4024 1705 4091 festinandum
1726 4029 1766 4079 est

112 4095 269 4152 mecttlatus
291 4095 416 4165 oflertur,
435 4097 604 4164 immolatur,
621 4101 650 4150 et
664 4098 792 4150 sumitur.
807 4091 911 4161 Quam·
965 4095 1052 4155 euobis
1061 4099 1087 4148 et
1097 4110 1126 4148 eo
1135 4110 1219 4163 resque
1228 4095 1357 4150 adsersus
1368 4098 1457 4149 citimi
1468 4101 1565 4162 motus,
1573 4094 1616 4148 ecl
1623 4095 1713 4147 corais
1725 4096 1766 4147 in-

111 4180 200 4237 quam
215 4166 369 4225 existimem
385 4170 475 4240 ipsum
493 4183 549 4223 non
565 4166 593 4221 iu
613 4179 662 4221 sua
675 4172 783 4220 tantum
796 4176 912 4233 persona
965 4157 1069 4218 ceabfca
1080 4166 1271 4233 pugriaadum,
1286 4166 1367 4219 donec
1382 4168 1435 4219 ista
1448 4167 1537 4219 corais
1552 4164 1668 4218 conditio
1679 4179 1766 4219 treces-

113 4235 155 4292 ita
168 4236 309 4306 locutum,
328 4239 376 4295 sed
388 4239 505 4296 aliorum
520 4238 602 4294 etiam
614 4235 798 4301 sacerdotum,
813 4233 913 4306 quibus
964 4235 1647 4305 sitotammtaraeaplcotmonematetcoluptatem.
1659 4237 1766 4293 Rursus

111 4321 151 4363 ex
169 4307 262 4364 officio
279 4311 319 4365 vel
346 4319 410 4366 acto
432 4309 601 4366 incumberet
625 4305 749 4380 quotidie
768 4319 910 4361 sacrosan·
965 4304 1111 4361 collatione
1124 4310 1234 4376 12,eap.
1247 4311 1273 4374 7,
1286 4306 1333 4362 ubi
1345 4305 1444 4377 gradus
1455 4305 1588 4362 castitatis
1602 4321 1762 4365 recensens:

111 4377 169 4434 ctis
181 4379 252 4450 Agui
264 4380 382 4438 coelcstis
400 4381 530 4438 carnibus
543 4379 630 4449 vesci,
641 4378 718 4452 quod
732 4376 763 4433 ut
778 4377 807 4434 in
819 4376 912 4433 Missae
967 4378 1081 4439 Tertius,
1092 4376 1189 4449 inquit,
1205 4392 1238 4432 ne
1248 4379 1363 4445 terrimo
1374 4378 1415 4432 uel
1430 4379 1522 4434 leuiter·
1532 4379 1569 4434 ud
1580 4380 1763 4448 coamtpiseeu·

108 4448 256 4506 meando.
965 4450 1032 4503 tiam
1045 4453 1183 4504 moueatur
1196 4454 1319 4519 aspectu;
1334 4454 1457 4519 qmtrtxn,
1469 4467 1501 4506 uc
1511 4450 1628 4520 uigilans
1642 4451 1683 4504 uel
1696 4453 1763 4504 sim·

149 4514 169 4554 ι’
176 4521 291 4577 levitici
307 4537 365 4588 vn,
380 4521 533 4580 seeundum
557 4522 648 4577 Lxx.
671 4516 910 4591 Quemadmodum
924 4554 951 4618 D
963 4521 1058 4590 plicem
1067 4523 1155 4577 carnis
1163 4524 1284 4591 perferat
1293 4526 1409 4588 motam3
1421 4525 1542 4591 quietius,
1551 4537 1651 4576 rteatm
1665 4536 1765 4576 memo-

108 4592 181 4648 citat
197 4608 291 4650 rursus
308 4593 436 4650 eumdem
454 4593 545 4650 locum
559 4593 649 4649 collat.
664 4596 709 4657 22,
727 4605 787 4660 cap.
804 4595 830 4646 5.
844 4589 911 4645 Vul·
965 4594 1037 4646 riom
1055 4595 1233 4659 ameratiom's
1255 4595 1396 4656 bumana,
1417 4595 1459 4648 uel
1474 4597 1604 4648 tractatus
1625 4594 1706 4654 ratio,
1724 4594 1766 4647 eet

109 4671 194 4733 gatus
205 4672 295 4721 textus
305 4665 431 4721 nonnihil
445 4664 567 4721 diversus
584 4681 590 4719 :
606 4665 708 4720 Attimst
719 4662 835 4730 polluta,
851 4677 911 4731 quie
964 4664 1105 4718 suecessitos
1125 4665 1243 4718 fectionis
1266 4666 1422 4733 ingesserit,
1437 4666 1629 4719 subtilissimus
1650 4667 1765 4715 merrtem

107 4735 199 4790 ederit
213 4736 247 4791 de
256 4737 383 4791 comtibus
397 4738 490 4792 hostia
500 4737 756 4806 poeticarumque
770 4733 860 4787 oblato
873 4736 912 4788 est
965 4735 1026 4788 colu
1047 4736 1243 4789 tertiaeetiortis
1250 4737 1559 4803 perstringatassensus,
1568 4732 1765 4798 sedcelutopus

109 4808 237 4869 Domino,
250 4809 353 4877 peribit
366 4808 399 4862 de
409 4808 518 4879 populis
533 4809 599 4870 suis,
616 4812 668 4861 etc.
686 4802 739 4860 Ubi
757 4802 847 4864 anima
862 4818 912 4875 pro
966 4750 1101 4874 quoefdom
1118 4806 1243 4874 siarpfea,
1256 4821 1287 4858 cc
1300 4807 1481 4859 ministerium
1492 4803 1608 4855 frumario
1618 4802 1764 4868 perreriae·

107 4875 224 4933 bomine
237 4878 378 4949 accipitur.
740 4944 746 4955 ⁶
833 4943 838 4955 Ι
966 4877 1080 4930 cessarie
1097 4876 1290 4937 oottttibatum,
1307 4874 1453 4942 tranquillo
1465 4888 1496 4953 ae
1507 4886 1576 4953 pietro
1591 4870 1680 4924 cordis
1701 4887 1764 4925 cou-

147 4934 373 5018 dngonotbetes,
386 4947 443 5004 sive
456 4945 633 5021 agonotheta,
648 4952 747 5015 estqui
758 4960 849 5016 agoni,
862 4942 914 5000 boc
968 4946 1110 5015 temptetur
1125 4947 1309 5009 intuitu,ete.;
1323 4948 1415 4998 sectus
1425 4946 1587 4997 aestimante
1601 4941 1704 5010 prodas
1714 4946 1763 5006 esf,
1806 4958 1809 4964 ’

106 5025 170 5087 est,
190 5020 330 5076 certamini
351 5028 460 5091 praeest,
480 5019 521 5074 vel
544 5019 591 5091 qui
614 5015 780 5072 certantibus
799 5014 913 5140 Bremia
966 5032 999 5071 ae
1013 5015 1173 5070 illecebrosis
1187 5015 1437 5085 {phantasmatibus
1459 5015 1624 5081 femineorum
1642 5013 1684 5067 eei
1700 5014 1766 5069 elor-

107 5091 252 5163 proponit.
264 5092 346 5147 lluuc
355 5091 464 5147 titulum
474 5089 583 5147 cbristo
594 5088 692 5144 tribuit
703 5087 786 5142 etiam
828 5085 913 5142 ‚Hie
967 5087 1051 5141 mimas
1062 5085 1205 5141 illudatur.
1219 5087 1356 5141 Hactenus
1368 5085 1511 5152 casianus,
1522 5094 1580 5141 tum
1591 5100 1622 5140 ex
1635 5100 1693 5151 sua,
1705 5093 1765 5141 tum

108 5175 247 5244 ronymus
265 5162 340 5228 (Lib.
367 5177 380 5218 x
399 5179 422 5218 e.
441 5165 487 5229 7),
502 5175 586 5231 agens
600 5159 635 5215 de
650 5157 805 5230 virginitate
818 5164 913 5213 contra
967 5173 1000 5212 cx
1015 5157 1133 5212 aliorum
1144 5158 1288 5213 sententia.
1307 5160 1408 5213 Verum
1422 5156 1502 5213 biset
1516 5157 1765 5230 lruJ'usmodidictis

106 5232 288 5289 lorinianum
304 5235 458 5305 :Proponit
470 5232 567 5304 inquit,
582 5231 751 5300 agonothetes
760 5231 911 5300 premium,
966 5243 1119 5301 repugnare
1132 5228 1239 5284 videtur
1261 5228 1402 5300 inprimis
1422 5229 1555 5284 sententia
1574 5229 1697 5298 Apostoli
1721 5228 1764 5284 di·

106 5306 211 5360 imitat
218 5305 257 5359 ad
263 5320 382 5369 mosum,
391 5310 462 5360 tenet
469 5307 497 5358 iu
503 5318 586 5359 mauu
593 5303 764 5372 virginitatis
775 5301 912 5362 bracium,
966 5301 1052 5357 centis
1065 5303 1099 5367 (ll
1112 5301 1212 5358 cotra
1225 5304 1281 5366 xnl
1299 5304 1404 5357 :Dattts
1414 5306 1453 5357 est
1462 5302 1531 5355 mibi
1543 5301 1667 5355 stimulus
1678 5303 1765 5357 etri-uis

106 5377 228 5430 ostendit
239 5378 418 5446 purbmmum
438 5378 555 5444 fotttem,
572 5378 598 5430 et
611 5374 734 5429 clamitat
749 5392 757 5427 a
775 5373 827 5439 Qes
836 5373 911 5433 sitit,
966 5388 1040 5436 mete,
1051 5372 1160 5441 angelus
1172 5373 1290 5434 sorana,
1299 5373 1349 5441 qai
1356 5388 1397 5427 me
1406 5373 1561 5443 colaphizet.
1573 5373 1766 5441 Propterquod
1876 5436 1877 5441 ἵ

109 5448 203 5501 umiut
214 5452 242 5503 et
255 5448 338 5503 bibat.
353 5448 407 5515 Qui
414 5449 501 5517 potest
510 5461 613 5517 capere,
626 5461 657 5500 ca
683 5446 689 5457 '
707 5449 718 5498 t
731 5445 818 5515 llicit.
832 5442 909 5511 xtxl.
966 5448 1006 5498 ter
1019 5445 1163 5500 Dome‘aum
1174 5445 1278 5512 rogaui,
1291 5448 1322 5498 ut
1336 5444 1484 5498 discederet
1496 5459 1513 5497 o
1525 5458 1576 5506 me,
1589 5451 1641 5498 etc.
1654 5446 1688 5498 Et
1698 5443 1764 5498 alibi

111 5516 566 5590 {todemrespexttxpostotustoca
577 5517 659 5587 praeal
670 5523 751 5585 egato
760 5516 910 5582 (flebunt,
964 5529 1060 5572 rursus
1075 5514 1233 5587 huiusmodi
1248 5523 1343 5571 motus
1354 5515 1446 5571 carnis
1459 5514 1559 5571 rationi
1573 5522 1764 5585 repugnantes,

111 5599 226 5644 monens
234 5598 264 5647 ut
278 5592 440 5661 aspiciamus
451 5591 481 5643 iu
492 5587 699 5659 auctoranpdci
709 5592 735 5643 et
747 5600 912 5643 masuram
964 5594 1013 5642 aut
1024 5601 1085 5641 eam
1098 5585 1307 5658 praevenientes,
1324 5586 1537 5642 lamentabiliter
1552 5586 1580 5641 in
1595 5600 1624 5640 se
1640 5585 1765 5656 deplorat

109 5661 300 5725 tamtaum
312 5675 412 5732 nempe
423 5669 564 5731 tamquam
575 5659 734 5715 certaminis
743 5658 913 5729 nostrtpra-
965 5656 1009 5713 bis
1024 5656 1112 5713 verbis
1125 5661 1275 5724 (Roman)
1289 5674 1296 5712 ι
1314 5659 1398 5715 Video
1410 5659 1494 5712 oliam
1503 5660 1586 5726 legem
1600 5660 1627 5711 in
1638 5658 1764 5711 rtrtnebris

107 5727 198 5787 sidem
219 5747 252 5788 ac
271 5732 492 5804 praemiatorema
513 5731 585 5786 sicut
606 5731 693 5786 solent
716 5736 856 5785 curreutes
879 5745 912 5785 ac
964 5731 1030 5785 meis
1043 5733 1236 5798 repumtoutem
1249 5731 1303 5798 legi
1314 5732 1409 5784 meretis
1419 5745 1482 5784 meu
1493 5736 1519 5783 et
1528 5730 1710 5800 captivantem
1723 5742 1764 5782 rae

106 5808 247 5864 certantes
260 5804 289 5859 in
305 5802 395 5861 stadio
419 5802 553 5875 respicere
567 5799 602 5858 ad
625 5800 784 5874 prefectum
799 5808 827 5856 ct
840 5814 906 5873 ago·
965 5803 994 5856 in
1007 5801 1184 5873 legcpeceoti.
1196 5802 1299 5868 inseiis
1308 5816 1356 5871 ego
1368 5802 1458 5856 tomo!
1471 5804 1532 5870 quis
1544 5816 1586 5855 rac
1598 5799 1723 5852 liberabit
1733 5798 1767 5852 de
