<?xml version="1.0" encoding="UTF-8"?>
<!DOCTYPE html PUBLIC "-//W3C//DTD XHTML 1.0 Transitional//EN"
    "http://www.w3.org/TR/xhtml1/DTD/xhtml1-transitional.dtd">
<html xmlns="http://www.w3.org/1999/xhtml" xml:lang="en" lang="en">
 <head>
  <title>
</title>
<meta http-equiv="Content-Type" content="text/html;charset=utf-8" />
  <meta name='ocr-system' content='tesseract 3.04.00' />
  <meta name='ocr-capabilities' content='ocr_page ocr_carea ocr_par ocr_line ocrx_word'/>
</head>
<body>
  <div class='ocr_page' id='page_1' title='image "./patrologiaecurs29unkngoog_0048.png"; bbox 0 0 3848 6158; ppageno 0'>
   <div class='ocr_carea' id='block_1_1' title="bbox 122 241 1774 311">
    <p class='ocr_par' dir='ltr' id='par_1_1' title="bbox 122 241 1774 311">
     <span class='ocr_line' id='line_1_1' title="bbox 122 241 1774 311; baseline 0.001 -1"><span class='ocrx_word' id='word_1_1' title='bbox 122 257 153 310; x_wconf 78' lang='lat'>81</span> <span class='ocrx_word' id='word_1_2' title='bbox 360 241 405 306; x_wconf 73' lang='lat' dir='ltr'>BE</span> <span class='ocrx_word' id='word_1_3' title='bbox 424 250 664 308; x_wconf 73' lang='lat' dir='ltr'>COENOBIORUM</span> <span class='ocrx_word' id='word_1_4' title='bbox 682 250 804 306; x_wconf 74' lang='lat' dir='ltr'>tussit.</span> <span class='ocrx_word' id='word_1_5' title='bbox 826 250 887 306; x_wconf 76' lang='lat' dir='ltr'>titi.</span> <span class='ocrx_word' id='word_1_6' title='bbox 909 251 940 305; x_wconf 92' lang='lat' dir='ltr'>ll.</span> <span class='ocrx_word' id='word_1_7' title='bbox 962 279 996 291; x_wconf 90' lang='lat'>-</span> <span class='ocrx_word' id='word_1_8' title='bbox 1016 248 1271 306; x_wconf 73' lang='lat' dir='ltr'>nonantulanis</span> <span class='ocrx_word' id='word_1_9' title='bbox 1290 251 1533 309; x_wconf 79' lang='lat' dir='ltr'>uuattorttttus.</span> <span class='ocrx_word' id='word_1_10' title='bbox 1740 259 1774 311; x_wconf 77' lang='grc'>82</span> 
     </span>
    </p>
   </div>
   <div class='ocr_carea' id='block_1_2' title="bbox 120 376 1774 454">
    <p class='ocr_par' dir='ltr' id='par_1_2' title="bbox 120 376 1774 454">
     <span class='ocr_line' id='line_1_2' title="bbox 120 376 1774 454; baseline 0 -17"><span class='ocrx_word' id='word_1_11' title='bbox 120 387 299 454; x_wconf 78' lang='lat' dir='ltr'>praeceptum,</span> <span class='ocrx_word' id='word_1_12' title='bbox 324 377 512 451; x_wconf 90' lang='lat' dir='ltr'>quotidianum</span> <span class='ocrx_word' id='word_1_13' title='bbox 535 377 646 441; x_wconf 82' lang='lat' dir='ltr'>rictum,</span> <span class='ocrx_word' id='word_1_14' title='bbox 663 376 706 434; x_wconf 89' lang='lat' dir='ltr'>vel</span> <span class='ocrx_word' id='word_1_15' title='bbox 732 377 788 435; x_wconf 92' lang='lat' dir='ltr'>suis</span> <span class='ocrx_word' id='word_1_16' title='bbox 812 376 916 448; x_wconf 90' lang='lat' dir='ltr'>usibus,</span> <span class='ocrx_word' id='word_1_17' title='bbox 932 383 958 444; x_wconf 84' lang='grc' dir='ltr'>Α</span> <span class='ocrx_word' id='word_1_18' title='bbox 974 393 1138 450; x_wconf 82' lang='lat' dir='ltr'>quemquam</span> <span class='ocrx_word' id='word_1_19' title='bbox 1150 377 1247 434; x_wconf 89' lang='lat' dir='ltr'>seniori</span> <span class='ocrx_word' id='word_1_20' title='bbox 1261 392 1349 450; x_wconf 89' lang='lat' dir='ltr'>posse,</span> <span class='ocrx_word' id='word_1_21' title='bbox 1362 377 1412 434; x_wconf 90' lang='lat' dir='ltr'>nisi</span> <span class='ocrx_word' id='word_1_22' title='bbox 1427 393 1490 433; x_wconf 91' lang='lat' dir='ltr'>eum</span> <span class='ocrx_word' id='word_1_23' title='bbox 1506 379 1553 450; x_wconf 90' lang='lat' dir='ltr'>qui</span> <span class='ocrx_word' id='word_1_24' title='bbox 1563 388 1774 437; x_wconf 88' lang='lat' dir='ltr'>consummatus</span> 
     </span>
    </p>
   </div>
   <div class='ocr_carea' id='block_1_3' title="bbox 112 471 921 1300">
    <p class='ocr_par' dir='ltr' id='par_1_3' title="bbox 112 471 921 1300">
     <span class='ocr_line' id='line_1_3' title="bbox 118 471 918 545; baseline 0 -15"><span class='ocrx_word' id='word_1_25' title='bbox 118 474 162 530; x_wconf 84' lang='lat' dir='ltr'>rel</span> <span class='ocrx_word' id='word_1_26' title='bbox 177 472 384 530; x_wconf 89' lang='lat' dir='ltr'>advenientium</span> <span class='ocrx_word' id='word_1_27' title='bbox 395 471 599 530; x_wconf 87' lang='lat' dir='ltr'>necessitatibus</span> <span class='ocrx_word' id='word_1_28' title='bbox 611 486 778 545; x_wconf 80' lang='lat' dir='ltr'>praeparans,</span> <span class='ocrx_word' id='word_1_29' title='bbox 793 479 821 529; x_wconf 89' lang='lat' dir='ltr'>et</span> <span class='ocrx_word' id='word_1_30' title='bbox 832 471 918 530; x_wconf 82' lang='lat' dir='ltr'>fastus</span> 
     </span>
     <span class='ocr_line' id='line_1_4' title="bbox 118 564 918 640; baseline -0.003 -17"><span class='ocrx_word' id='word_1_31' title='bbox 118 567 181 624; x_wconf 82' lang='lat' dir='ltr'>vtiae</span> <span class='ocrx_word' id='word_1_32' title='bbox 206 566 352 640; x_wconf 77' lang='lat' dir='ltr'>praeteritae</span> <span class='ocrx_word' id='word_1_33' title='bbox 365 566 464 639; x_wconf 84' lang='lat' dir='ltr'><strong>possit,</strong></span> <span class='ocrx_word' id='word_1_34' title='bbox 478 574 505 622; x_wconf 88' lang='lat' dir='ltr'>et</span> <span class='ocrx_word' id='word_1_35' title='bbox 522 564 630 622; x_wconf 76' lang='lat' dir='ltr'>delicias</span> <span class='ocrx_word' id='word_1_36' title='bbox 644 565 774 633; x_wconf 86' lang='lat' dir='ltr'>oblivisci,</span> <span class='ocrx_word' id='word_1_37' title='bbox 788 574 816 621; x_wconf 91' lang='lat' dir='ltr'>et</span> <span class='ocrx_word' id='word_1_38' title='bbox 830 565 918 622; x_wconf 93' lang='lat' dir='ltr'>humi·</span> 
     </span>
     <span class='ocr_line' id='line_1_5' title="bbox 118 658 918 731; baseline 0 -15"><span class='ocrx_word' id='word_1_39' title='bbox 118 661 221 717; x_wconf 90' lang='lat' dir='ltr'>litatem</span> <span class='ocrx_word' id='word_1_40' title='bbox 241 661 348 727; x_wconf 90' lang='lat' dir='ltr'>cordis,</span> <span class='ocrx_word' id='word_1_41' title='bbox 364 660 525 717; x_wconf 70' lang='lat' dir='ltr'>contritione</span> <span class='ocrx_word' id='word_1_42' title='bbox 546 659 646 715; x_wconf 91' lang='lat' dir='ltr'>laboris</span> <span class='ocrx_word' id='word_1_43' title='bbox 668 660 816 731; x_wconf 79' lang='lat' dir='ltr'>acquirere.</span> <span class='ocrx_word' id='word_1_44' title='bbox 842 658 918 716; x_wconf 91' lang='lat' dir='ltr'>ldeo·</span> 
     </span>
     <span class='ocr_line' id='line_1_6' title="bbox 117 752 921 827; baseline 0.001 -17"><span class='ocrx_word' id='word_1_45' title='bbox 117 759 194 826; x_wconf 75' lang='lat' dir='ltr'>que&#39;</span> <span class='ocrx_word' id='word_1_46' title='bbox 213 754 305 810; x_wconf 91' lang='lat' dir='ltr'>nullus</span> <span class='ocrx_word' id='word_1_47' title='bbox 328 752 528 827; x_wconf 78' lang='lat' dir='ltr'>congregationi</span> <span class='ocrx_word' id='word_1_48' title='bbox 552 752 669 810; x_wconf 82' lang='lat' dir='ltr'>fratrum</span> <span class='ocrx_word' id='word_1_49' title='bbox 691 752 857 826; x_wconf 74' lang='lat' dir='ltr'>praefuturus</span> <span class='ocrx_word' id='word_1_50' title='bbox 873 755 921 811; x_wconf 91' lang='lat' dir='ltr'>eli·</span> 
     </span>
     <span class='ocr_line' id='line_1_7' title="bbox 116 846 919 921; baseline 0.002 -18"><span class='ocrx_word' id='word_1_51' title='bbox 116 849 199 920; x_wconf 87' lang='lat' dir='ltr'>gitur,</span> <span class='ocrx_word' id='word_1_52' title='bbox 227 847 387 921; x_wconf 89' lang='lat' dir='ltr'>priusquam</span> <span class='ocrx_word' id='word_1_53' title='bbox 410 846 483 904; x_wconf 89' lang='lat' dir='ltr'>idem</span> <span class='ocrx_word' id='word_1_54' title='bbox 505 847 551 919; x_wconf 93' lang='lat' dir='ltr'>qui</span> <span class='ocrx_word' id='word_1_55' title='bbox 568 847 759 921; x_wconf 68' lang='lat' dir='ltr'>proiciendus</span> <span class='ocrx_word' id='word_1_56' title='bbox 778 858 834 917; x_wconf 88' lang='lat' dir='ltr'>est,</span> <span class='ocrx_word' id='word_1_57' title='bbox 854 849 919 921; x_wconf 93' lang='lat' dir='ltr'>quid</span> 
     </span>
     <span class='ocr_line' id='line_1_8' title="bbox 115 941 918 1014; baseline 0.002 -17"><span class='ocrx_word' id='word_1_58' title='bbox 115 943 344 1014; x_wconf 80' lang='lat' dir='ltr'>obtemperaturis</span> <span class='ocrx_word' id='word_1_59' title='bbox 370 950 496 1013; x_wconf 91' lang='lat' dir='ltr'>oporteat</span> <span class='ocrx_word' id='word_1_60' title='bbox 515 942 653 1014; x_wconf 87' lang='lat' dir='ltr'>imperari,</span> <span class='ocrx_word' id='word_1_61' title='bbox 674 941 828 999; x_wconf 91' lang='lat' dir='ltr'>obediendo</span> <span class='ocrx_word' id='word_1_62' title='bbox 849 942 918 999; x_wconf 91' lang='lat' dir='ltr'>didi·</span> 
     </span>
     <span class='ocr_line' id='line_1_9' title="bbox 114 1034 918 1109; baseline 0.004 -18"><span class='ocrx_word' id='word_1_63' title='bbox 114 1036 192 1105; x_wconf 88' lang='lat' dir='ltr'>cerit,</span> <span class='ocrx_word' id='word_1_64' title='bbox 213 1044 242 1092; x_wconf 86' lang='lat' dir='ltr'>et</span> <span class='ocrx_word' id='word_1_65' title='bbox 266 1035 332 1108; x_wconf 91' lang='lat' dir='ltr'>quid</span> <span class='ocrx_word' id='word_1_66' title='bbox 347 1035 502 1109; x_wconf 75' lang='lat' dir='ltr'>iunioribus</span> <span class='ocrx_word' id='word_1_67' title='bbox 526 1035 634 1093; x_wconf 88' lang='lat' dir='ltr'>tradere</span> <span class='ocrx_word' id='word_1_68' title='bbox 655 1034 764 1106; x_wconf 86' lang='lat' dir='ltr'>debeat,</span> <span class='ocrx_word' id='word_1_69' title='bbox 787 1036 918 1094; x_wconf 91' lang='lat' dir='ltr'>institutis</span> 
     </span>
     <span class='ocr_line' id='line_1_10' title="bbox 114 1127 915 1205; baseline 0.002 -19"><span class='ocrx_word' id='word_1_70' title='bbox 114 1130 254 1186; x_wconf 88' lang='lat' dir='ltr'>seniorum</span> <span class='ocrx_word' id='word_1_71' title='bbox 273 1127 357 1187; x_wconf 81' lang='lat' dir='ltr'>fuerit</span> <span class='ocrx_word' id='word_1_72' title='bbox 385 1138 533 1186; x_wconf 88' lang='lat' dir='ltr'>assecutus.</span> <span class='ocrx_word' id='word_1_73' title='bbox 564 1131 637 1185; x_wconf 88' lang='lat' dir='ltr'>Bene</span> <span class='ocrx_word' id='word_1_74' title='bbox 662 1130 735 1185; x_wconf 90' lang='lat' dir='ltr'>enim</span> <span class='ocrx_word' id='word_1_75' title='bbox 763 1146 857 1205; x_wconf 88' lang='lat' dir='ltr'>regere</span> <span class='ocrx_word' id='word_1_76' title='bbox 874 1133 915 1188; x_wconf 89' lang='lat' dir='ltr'>iel</span> 
     </span>
     <span class='ocr_line' id='line_1_11' title="bbox 112 1209 915 1300; baseline 0.004 -19"><span class='ocrx_word' id='word_1_77' title='bbox 112 1225 181 1297; x_wconf 85' lang='lat' dir='ltr'>regi,</span> <span class='ocrx_word' id='word_1_78' title='bbox 194 1225 323 1298; x_wconf 88' lang='lat' dir='ltr'>sapientis</span> <span class='ocrx_word' id='word_1_79' title='bbox 345 1240 404 1282; x_wconf 90' lang='lat' dir='ltr'>csse</span> <span class='ocrx_word' id='word_1_80' title='bbox 430 1223 616 1297; x_wconf 91' lang='lat' dir='ltr'>pronuntiant,</span> <span class='ocrx_word' id='word_1_81' title='bbox 639 1240 834 1300; x_wconf 90' lang='lat' dir='ltr'>summumque</span> <span class='ocrx_word' id='word_1_82' title='bbox 865 1209 915 1284; x_wconf 76' lang='lat' dir='ltr'>do·</span> 
     </span>
    </p>
   </div>
   <div class='ocr_carea' id='block_1_4' title="bbox 969 470 1772 1303">
    <p class='ocr_par' dir='ltr' id='par_1_4' title="bbox 969 470 1772 1303">
     <span class='ocr_line' id='line_1_12' title="bbox 972 470 1771 546; baseline 0.004 -18"><span class='ocrx_word' id='word_1_83' title='bbox 972 471 1070 528; x_wconf 90' lang='lat' dir='ltr'>timore</span> <span class='ocrx_word' id='word_1_84' title='bbox 1093 472 1139 528; x_wconf 91' lang='lat' dir='ltr'>Bei</span> <span class='ocrx_word' id='word_1_85' title='bbox 1162 479 1189 529; x_wconf 90' lang='lat' dir='ltr'>et</span> <span class='ocrx_word' id='word_1_86' title='bbox 1211 471 1370 528; x_wconf 88' lang='lat' dir='ltr'>humilitatis</span> <span class='ocrx_word' id='word_1_87' title='bbox 1388 470 1470 528; x_wconf 87' lang='lat' dir='ltr'>luerit</span> <span class='ocrx_word' id='word_1_88' title='bbox 1499 473 1598 529; x_wconf 86' lang='lat' dir='ltr'>virtute</span> <span class='ocrx_word' id='word_1_89' title='bbox 1623 473 1771 546; x_wconf 80' lang='lat' dir='ltr'>perfectus.</span> 
     </span>
     <span class='ocr_line' id='line_1_13' title="bbox 973 565 1772 641; baseline 0.009 -22"><span class='ocrx_word' id='word_1_90' title='bbox 973 565 1091 638; x_wconf 82' lang='lat' dir='ltr'>Ideoque</span> <span class='ocrx_word' id='word_1_91' title='bbox 1104 565 1273 623; x_wconf 79' lang='lat' dir='ltr'>diversitates</span> <span class='ocrx_word' id='word_1_92' title='bbox 1286 575 1414 640; x_wconf 84' lang='lat' dir='ltr'>typorum</span> <span class='ocrx_word' id='word_1_93' title='bbox 1428 581 1460 622; x_wconf 88' lang='lat' dir='ltr'>ac</span> <span class='ocrx_word' id='word_1_94' title='bbox 1483 568 1640 641; x_wconf 88' lang='lat' dir='ltr'>regularum</span> <span class='ocrx_word' id='word_1_95' title='bbox 1657 584 1703 640; x_wconf 90' lang='lat' dir='ltr'>per</span> <span class='ocrx_word' id='word_1_96' title='bbox 1720 584 1772 628; x_wconf 72' lang='lat' dir='ltr'>cae·</span> 
     </span>
     <span class='ocr_line' id='line_1_14' title="bbox 973 659 1771 735; baseline 0.005 -21"><span class='ocrx_word' id='word_1_97' title='bbox 973 666 1043 715; x_wconf 90' lang='lat' dir='ltr'>teras</span> <span class='ocrx_word' id='word_1_98' title='bbox 1063 660 1213 731; x_wconf 86' lang='lat' dir='ltr'>provincias</span> <span class='ocrx_word' id='word_1_99' title='bbox 1232 659 1370 718; x_wconf 88' lang='lat' dir='ltr'>cemimus</span> <span class='ocrx_word' id='word_1_100' title='bbox 1383 669 1542 734; x_wconf 88' lang='lat' dir='ltr'>usurpatas,</span> <span class='ocrx_word' id='word_1_101' title='bbox 1559 662 1633 734; x_wconf 93' lang='lat' dir='ltr'>quod</span> <span class='ocrx_word' id='word_1_102' title='bbox 1650 663 1771 735; x_wconf 85' lang='lat' dir='ltr'>plerum-</span> 
     </span>
     <span class='ocr_line' id='line_1_15' title="bbox 973 757 1772 830; baseline 0.004 -18"><span class='ocrx_word' id='word_1_103' title='bbox 973 771 1026 828; x_wconf 90' lang='lat' dir='ltr'>que</span> <span class='ocrx_word' id='word_1_104' title='bbox 1056 757 1194 814; x_wconf 91' lang='lat' dir='ltr'>senlorum</span> <span class='ocrx_word' id='word_1_105' title='bbox 1224 757 1399 815; x_wconf 89' lang='lat' dir='ltr'>institutionis</span> <span class='ocrx_word' id='word_1_106' title='bbox 1439 769 1563 830; x_wconf 81' lang='lat' dir='ltr'>expertes</span> <span class='ocrx_word' id='word_1_107' title='bbox 1602 760 1772 817; x_wconf 90' lang='lat' dir='ltr'>monasteriis</span> 
     </span>
     <span class='ocr_line' id='line_1_16' title="bbox 973 851 1770 926; baseline 0.001 -20"><span class='ocrx_word' id='word_1_108' title='bbox 973 866 1090 922; x_wconf 81' lang='lat' dir='ltr'>pracesse</span> <span class='ocrx_word' id='word_1_109' title='bbox 1102 851 1245 919; x_wconf 87' lang='lat' dir='ltr'>nudemus,</span> <span class='ocrx_word' id='word_1_110' title='bbox 1260 860 1288 907; x_wconf 90' lang='lat' dir='ltr'>et</span> <span class='ocrx_word' id='word_1_111' title='bbox 1302 852 1414 908; x_wconf 83' lang='lat' dir='ltr'>abbates</span> <span class='ocrx_word' id='word_1_112' title='bbox 1426 868 1478 908; x_wconf 91' lang='lat' dir='ltr'>nos</span> <span class='ocrx_word' id='word_1_113' title='bbox 1490 861 1635 924; x_wconf 89' lang='lat' dir='ltr'>autequam</span> <span class='ocrx_word' id='word_1_114' title='bbox 1649 852 1770 926; x_wconf 92' lang='lat' dir='ltr'>discipu-</span> 
     </span>
     <span class='ocr_line' id='line_1_17' title="bbox 973 944 1770 1020; baseline 0.004 -20"><span class='ocrx_word' id='word_1_115' title='bbox 973 944 1013 1001; x_wconf 89' lang='lat' dir='ltr'>los</span> <span class='ocrx_word' id='word_1_116' title='bbox 1031 944 1155 1018; x_wconf 82' lang='lat' dir='ltr'>professi,</span> <span class='ocrx_word' id='word_1_117' title='bbox 1168 944 1243 1015; x_wconf 93' lang='lat' dir='ltr'>quod</span> <span class='ocrx_word' id='word_1_118' title='bbox 1260 945 1368 1003; x_wconf 92' lang='lat' dir='ltr'>libitum</span> <span class='ocrx_word' id='word_1_119' title='bbox 1381 946 1473 1016; x_wconf 84' lang='lat' dir='ltr'>fuerit,</span> <span class='ocrx_word' id='word_1_120' title='bbox 1496 947 1659 1015; x_wconf 87' lang='lat' dir='ltr'>statuimus;</span> <span class='ocrx_word' id='word_1_121' title='bbox 1674 963 1770 1020; x_wconf 91' lang='lat' dir='ltr'>prom-</span> 
     </span>
     <span class='ocr_line' id='line_1_18' title="bbox 972 1040 1769 1113; baseline 0.005 -19"><span class='ocrx_word' id='word_1_122' title='bbox 972 1040 1071 1112; x_wconf 91' lang='lat' dir='ltr'>ptiores</span> <span class='ocrx_word' id='word_1_123' title='bbox 1089 1047 1246 1095; x_wconf 88' lang='lat' dir='ltr'>nostrorum</span> <span class='ocrx_word' id='word_1_124' title='bbox 1269 1040 1442 1097; x_wconf 85' lang='lat' dir='ltr'>inventorum</span> <span class='ocrx_word' id='word_1_125' title='bbox 1470 1041 1576 1113; x_wconf 83' lang='lat' dir='ltr'>exigere</span> <span class='ocrx_word' id='word_1_126' title='bbox 1594 1041 1769 1110; x_wconf 87' lang='lat' dir='ltr'>custodiam,</span> 
     </span>
     <span class='ocr_line' id='line_1_19' title="bbox 971 1134 1769 1207; baseline 0.006 -18"><span class='ocrx_word' id='word_1_127' title='bbox 971 1149 1052 1206; x_wconf 89' lang='lat' dir='ltr'>quam</span> <span class='ocrx_word' id='word_1_128' title='bbox 1064 1134 1244 1191; x_wconf 85' lang='lat' dir='ltr'>examinatam</span> <span class='ocrx_word' id='word_1_129' title='bbox 1256 1135 1391 1207; x_wconf 88' lang='lat' dir='ltr'>majorum</span> <span class='ocrx_word' id='word_1_130' title='bbox 1406 1151 1513 1192; x_wconf 84' lang='lat' dir='ltr'>servare</span> <span class='ocrx_word' id='word_1_131' title='bbox 1526 1135 1689 1193; x_wconf 88' lang='lat' dir='ltr'>doctrinam.</span> <span class='ocrx_word' id='word_1_132' title='bbox 1715 1136 1769 1195; x_wconf 88' lang='lat' dir='ltr'>Sed</span> 
     </span>
     <span class='ocr_line' id='line_1_20' title="bbox 969 1227 1770 1303; baseline 0.004 -18"><span class='ocrx_word' id='word_1_133' title='bbox 969 1227 1037 1286; x_wconf 93' lang='lat' dir='ltr'>dnm</span> <span class='ocrx_word' id='word_1_134' title='bbox 1054 1229 1209 1287; x_wconf 90' lang='lat' dir='ltr'>orationum</span> <span class='ocrx_word' id='word_1_135' title='bbox 1221 1228 1335 1286; x_wconf 90' lang='lat' dir='ltr'>modurn</span> <span class='ocrx_word' id='word_1_136' title='bbox 1356 1229 1403 1302; x_wconf 92' lang='lat' dir='ltr'>qui</span> <span class='ocrx_word' id='word_1_137' title='bbox 1416 1230 1589 1303; x_wconf 90' lang='lat' dir='ltr'>potissimum</span> <span class='ocrx_word' id='word_1_138' title='bbox 1607 1230 1705 1287; x_wconf 90' lang='lat' dir='ltr'>debeat</span> <span class='ocrx_word' id='word_1_139' title='bbox 1725 1247 1770 1288; x_wconf 91' lang='lat' dir='ltr'>cu·</span> 
     </span>
    </p>
   </div>
   <div class='ocr_carea' id='block_1_5' title="bbox 49 1318 1768 1677">
    <p class='ocr_par' dir='ltr' id='par_1_5' title="bbox 49 1318 1768 1677">
     <span class='ocr_line' id='line_1_21' title="bbox 110 1318 1768 1396; baseline 0.003 -20"><span class='ocrx_word' id='word_1_140' title='bbox 110 1336 180 1376; x_wconf 91' lang='lat' dir='ltr'>num</span> <span class='ocrx_word' id='word_1_141' title='bbox 199 1328 228 1377; x_wconf 90' lang='lat' dir='ltr'>et</span> <span class='ocrx_word' id='word_1_142' title='bbox 246 1320 360 1392; x_wconf 86' lang='lat' dir='ltr'>gratiam</span> <span class='ocrx_word' id='word_1_143' title='bbox 372 1319 457 1376; x_wconf 87' lang='lat' dir='ltr'>sancti</span> <span class='ocrx_word' id='word_1_144' title='bbox 472 1318 587 1391; x_wconf 90' lang='lat' dir='ltr'>Spiritus</span> <span class='ocrx_word' id='word_1_145' title='bbox 606 1335 665 1376; x_wconf 88' lang='lat' dir='ltr'>esse</span> <span class='ocrx_word' id='word_1_146' title='bbox 682 1319 825 1377; x_wconf 88' lang='lat' dir='ltr'>deliniunt.</span> <span class='ocrx_word' id='word_1_147' title='bbox 843 1322 914 1378; x_wconf 85' lang='lat' dir='ltr'>llam</span> <span class='ocrx_word' id='word_1_148' title='bbox 970 1323 1077 1391; x_wconf 91' lang='lat' dir='ltr'>stodiri,</span> <span class='ocrx_word' id='word_1_149' title='bbox 1092 1324 1218 1380; x_wconf 89' lang='lat' dir='ltr'>volumus</span> <span class='ocrx_word' id='word_1_150' title='bbox 1229 1324 1375 1396; x_wconf 83' lang='lat' dir='ltr'>explicare,</span> <span class='ocrx_word' id='word_1_151' title='bbox 1392 1324 1522 1380; x_wconf 90' lang='lat' dir='ltr'>institutis</span> <span class='ocrx_word' id='word_1_152' title='bbox 1534 1333 1647 1396; x_wconf 88' lang='lat' dir='ltr'>potrum</span> <span class='ocrx_word' id='word_1_153' title='bbox 1660 1324 1768 1382; x_wconf 83' lang='lat' dir='ltr'>auidius</span> 
     </span>
     <span class='ocr_line' id='line_1_22' title="bbox 115 1413 1768 1491; baseline 0.004 -21"><span class='ocrx_word' id='word_1_154' title='bbox 115 1429 203 1487; x_wconf 86' lang='lat' dir='ltr'>neque</span> <span class='ocrx_word' id='word_1_155' title='bbox 221 1413 348 1472; x_wconf 80' lang='lat' dir='ltr'>salutaria</span> <span class='ocrx_word' id='word_1_156' title='bbox 367 1423 501 1487; x_wconf 88' lang='lat' dir='ltr'>praecepta</span> <span class='ocrx_word' id='word_1_157' title='bbox 530 1413 685 1486; x_wconf 91' lang='lat' dir='ltr'>quempiam</span> <span class='ocrx_word' id='word_1_158' title='bbox 712 1429 793 1485; x_wconf 90' lang='lat' dir='ltr'>posse</span> <span class='ocrx_word' id='word_1_159' title='bbox 809 1413 916 1471; x_wconf 90' lang='lat' dir='ltr'>obtem·</span> <span class='ocrx_word' id='word_1_160' title='bbox 969 1417 1320 1490; x_wconf 79' lang='lat' dir='ltr'>prouocati‚narrationem</span> <span class='ocrx_word' id='word_1_161' title='bbox 1332 1434 1416 1491; x_wconf 92' lang='lat' dir='ltr'>quam</span> <span class='ocrx_word' id='word_1_162' title='bbox 1432 1419 1488 1475; x_wconf 90' lang='lat' dir='ltr'>suis</span> <span class='ocrx_word' id='word_1_163' title='bbox 1503 1419 1709 1476; x_wconf 88' lang='lat' dir='ltr'>reservabamus</span> <span class='ocrx_word' id='word_1_164' title='bbox 1728 1418 1768 1476; x_wconf 89' lang='lat' dir='ltr'>lo·</span> 
     </span>
     <span class='ocr_line' id='line_1_23' title="bbox 49 1506 1768 1584; baseline 0.004 -22"><span class='ocrx_word' id='word_1_165' title='bbox 49 1569 56 1582; x_wconf 33' lang='lat'>¹</span> <span class='ocrx_word' id='word_1_166' title='bbox 114 1508 271 1581; x_wconf 80' lang='lat' dir='ltr'>parantibus</span> <span class='ocrx_word' id='word_1_167' title='bbox 288 1509 466 1580; x_wconf 71' lang='lat' dir='ltr'>praestituere,</span> <span class='ocrx_word' id='word_1_168' title='bbox 478 1506 529 1565; x_wconf 91' lang='lat' dir='ltr'>nisi</span> <span class='ocrx_word' id='word_1_169' title='bbox 541 1523 606 1564; x_wconf 92' lang='lat' dir='ltr'>cum</span> <span class='ocrx_word' id='word_1_170' title='bbox 627 1507 673 1579; x_wconf 94' lang='lat' dir='ltr'>qui</span> <span class='ocrx_word' id='word_1_171' title='bbox 691 1507 765 1580; x_wconf 91' lang='lat' dir='ltr'>prius</span> <span class='ocrx_word' id='word_1_172' title='bbox 783 1508 916 1566; x_wconf 85' lang='lat' dir='ltr'>universis</span> <span class='ocrx_word' id='word_1_173' title='bbox 968 1510 1019 1579; x_wconf 90' lang='lat' dir='ltr'>cis,</span> <span class='ocrx_word' id='word_1_174' title='bbox 1032 1524 1147 1583; x_wconf 88' lang='lat' dir='ltr'>propero</span> <span class='ocrx_word' id='word_1_175' title='bbox 1173 1527 1285 1568; x_wconf 90' lang='lat' dir='ltr'>excessu</span> <span class='ocrx_word' id='word_1_176' title='bbox 1305 1511 1496 1584; x_wconf 80' lang='lat' dir='ltr'>praevenimus.</span> <span class='ocrx_word' id='word_1_177' title='bbox 1524 1515 1603 1570; x_wconf 82' lang='lat' dir='ltr'>Nunc</span> <span class='ocrx_word' id='word_1_178' title='bbox 1622 1512 1713 1584; x_wconf 90' lang='lat' dir='ltr'>itaque</span> <span class='ocrx_word' id='word_1_179' title='bbox 1733 1511 1768 1570; x_wconf 88' lang='lat' dir='ltr'>ad</span> 
     </span>
     <span class='ocr_line' id='line_1_24' title="bbox 113 1600 1336 1677; baseline 0.005 -20"><span class='ocrx_word' id='word_1_180' title='bbox 113 1602 247 1659; x_wconf 77' lang='lat' dir='ltr'>virtutum</span> <span class='ocrx_word' id='word_1_181' title='bbox 269 1601 418 1674; x_wconf 87' lang='lat' dir='ltr'>disciplinis</span> <span class='ocrx_word' id='word_1_182' title='bbox 440 1600 522 1658; x_wconf 84' lang='lat' dir='ltr'>fuerit</span> <span class='ocrx_word' id='word_1_183' title='bbox 540 1601 706 1670; x_wconf 85' lang='lat' dir='ltr'>instructus,</span> <span class='ocrx_word' id='word_1_184' title='bbox 732 1617 782 1660; x_wconf 90' lang='lat' dir='ltr'>nec</span> <span class='ocrx_word' id='word_1_185' title='bbox 803 1602 913 1660; x_wconf 90' lang='lat' dir='ltr'>obedire</span> <span class='ocrx_word' id='word_1_186' title='bbox 969 1605 1138 1677; x_wconf 89' lang='lat' dir='ltr'>propositum</span> <span class='ocrx_word' id='word_1_187' title='bbox 1157 1615 1336 1664; x_wconf 88' lang='lat' dir='ltr'>revertamur.</span> 
     </span>
    </p>
   </div>
   <div class='ocr_carea' id='block_1_6' title="bbox 665 1764 1219 1823">
    <p class='ocr_par' dir='ltr' id='par_1_6' title="bbox 665 1764 1219 1823">
     <span class='ocr_line' id='line_1_25' title="bbox 665 1764 1219 1823; baseline 0.005 -5"><span class='ocrx_word' id='word_1_188' title='bbox 665 1764 792 1821; x_wconf 80' lang='lat' dir='ltr'>thRDl</span> <span class='ocrx_word' id='word_1_189' title='bbox 811 1765 923 1821; x_wconf 85' lang='lat' dir='ltr'>GhZAEl</span> <span class='ocrx_word' id='word_1_190' title='bbox 942 1764 1219 1823; x_wconf 74' lang='lat' dir='ltr'><strong>COMMENTARIUS.</strong></span> 
     </span>
    </p>
   </div>
   <div class='ocr_carea' id='block_1_7' title="bbox 109 1911 1764 2345">
    <p class='ocr_par' dir='ltr' id='par_1_7' title="bbox 109 1911 1764 2345">
     <span class='ocr_line' id='line_1_26' title="bbox 111 1911 1764 1991; baseline 0.005 -24"><span class='ocrx_word' id='word_1_191' title='bbox 111 1911 285 1983; x_wconf 90' lang='lat' dir='ltr'>antiquarum</span> <span class='ocrx_word' id='word_1_192' title='bbox 296 1912 466 1986; x_wconf 88' lang='lat' dir='ltr'>religionum,</span> <span class='ocrx_word' id='word_1_193' title='bbox 481 1922 512 1969; x_wconf 90' lang='lat' dir='ltr'>ut</span> <span class='ocrx_word' id='word_1_194' title='bbox 527 1912 612 1971; x_wconf 90' lang='lat' dir='ltr'>labori</span> <span class='ocrx_word' id='word_1_195' title='bbox 625 1930 754 1971; x_wconf 89' lang='lat' dir='ltr'>manuum</span> <span class='ocrx_word' id='word_1_196' title='bbox 769 1925 907 1987; x_wconf 85' lang='lat' dir='ltr'>vacarent,</span> <span class='ocrx_word' id='word_1_197' title='bbox 920 1922 945 1985; x_wconf 85' lang='grc' dir='ltr'><strong>Β</strong></span> <span class='ocrx_word' id='word_1_198' title='bbox 963 1917 1014 1974; x_wconf 94' lang='lat' dir='ltr'>sub</span> <span class='ocrx_word' id='word_1_199' title='bbox 1027 1934 1082 1974; x_wconf 95' lang='lat' dir='ltr'>uno</span> <span class='ocrx_word' id='word_1_200' title='bbox 1093 1918 1201 1974; x_wconf 72' lang='lat' dir='ltr'>abbate</span> <span class='ocrx_word' id='word_1_201' title='bbox 1210 1916 1341 1991; x_wconf 79' lang='lat' dir='ltr'>degerent</span> <span class='ocrx_word' id='word_1_202' title='bbox 1353 1927 1441 1990; x_wconf 91' lang='lat' dir='ltr'>terna,</span> <span class='ocrx_word' id='word_1_203' title='bbox 1458 1927 1490 1974; x_wconf 91' lang='lat' dir='ltr'>ut</span> <span class='ocrx_word' id='word_1_204' title='bbox 1501 1919 1656 1987; x_wconf 89' lang='lat' dir='ltr'>minimum,</span> <span class='ocrx_word' id='word_1_205' title='bbox 1668 1936 1764 1977; x_wconf 88' lang='lat' dir='ltr'>mona·</span> 
     </span>
     <span class='ocr_line' id='line_1_27' title="bbox 111 1983 1764 2110; baseline 0.005 -71"><span class='ocrx_word' id='word_1_206' title='bbox 111 1991 140 2039; x_wconf 85' lang='lat' dir='ltr'>et</span> <span class='ocrx_word' id='word_1_207' title='bbox 158 1983 275 2110; x_wconf 49' lang='lat' dir='ltr'>propriis</span> <span class='ocrx_word' id='word_1_208' title='bbox 291 1985 416 2040; x_wconf 92' lang='lat' dir='ltr'>manibus</span> <span class='ocrx_word' id='word_1_209' title='bbox 430 1984 579 2066; x_wconf 85' lang='lat' dir='ltr'>laborando</span> <span class='ocrx_word' id='word_1_210' title='bbox 603 1985 790 2057; x_wconf 91' lang='lat' dir='ltr'>quotidianum</span> <span class='ocrx_word' id='word_1_211' title='bbox 806 1988 907 2044; x_wconf 84' lang='lat' dir='ltr'>victum</span> <span class='ocrx_word' id='word_1_212' title='bbox 963 1988 1077 2045; x_wconf 93' lang='lat' dir='ltr'>chorum</span> <span class='ocrx_word' id='word_1_213' title='bbox 1090 1990 1183 2058; x_wconf 90' lang='lat' dir='ltr'>millia,</span> <span class='ocrx_word' id='word_1_214' title='bbox 1196 1997 1226 2045; x_wconf 94' lang='lat' dir='ltr'>ut</span> <span class='ocrx_word' id='word_1_215' title='bbox 1236 1989 1372 2046; x_wconf 89' lang='lat' dir='ltr'>scribitB.</span> <span class='ocrx_word' id='word_1_216' title='bbox 1392 1990 1618 2063; x_wconf 77' lang='lat' dir='ltr'>Augustinuslib.</span> <span class='ocrx_word' id='word_1_217' title='bbox 1635 2007 1644 2047; x_wconf 98' lang='grc' dir='ltr'>ι</span> <span class='ocrx_word' id='word_1_218' title='bbox 1660 1990 1693 2046; x_wconf 89' lang='lat' dir='ltr'>de</span> <span class='ocrx_word' id='word_1_219' title='bbox 1704 1993 1764 2047; x_wconf 88' lang='lat' dir='ltr'>lllo-</span> 
     </span>
     <span class='ocr_line' id='line_1_28' title="bbox 110 2055 1764 2133; baseline 0.005 -23"><span class='ocrx_word' id='word_1_220' title='bbox 110 2063 170 2110; x_wconf 89' lang='lat' dir='ltr'>tom</span> <span class='ocrx_word' id='word_1_221' title='bbox 190 2056 212 2110; x_wconf 90' lang='lat' dir='ltr'>si</span> <span class='ocrx_word' id='word_1_222' title='bbox 233 2055 339 2128; x_wconf 87' lang='lat' dir='ltr'>iquam</span> <span class='ocrx_word' id='word_1_223' title='bbox 367 2055 519 2127; x_wconf 83' lang='lat' dir='ltr'>hospitibus</span> <span class='ocrx_word' id='word_1_224' title='bbox 541 2065 569 2112; x_wconf 91' lang='lat' dir='ltr'>et</span> <span class='ocrx_word' id='word_1_225' title='bbox 593 2058 740 2128; x_wconf 79' lang='lat' dir='ltr'>peregrinis</span> <span class='ocrx_word' id='word_1_226' title='bbox 754 2057 789 2115; x_wconf 90' lang='lat' dir='ltr'>ad</span> <span class='ocrx_word' id='word_1_227' title='bbox 809 2074 838 2115; x_wconf 91' lang='lat' dir='ltr'>se</span> <span class='ocrx_word' id='word_1_228' title='bbox 858 2074 906 2116; x_wconf 88' lang='lat' dir='ltr'>ve·</span> <span class='ocrx_word' id='word_1_229' title='bbox 961 2061 1035 2116; x_wconf 88' lang='lat' dir='ltr'>ribus</span> <span class='ocrx_word' id='word_1_230' title='bbox 1059 2061 1163 2116; x_wconf 83' lang='lat' dir='ltr'>Eccles</span> <span class='ocrx_word' id='word_1_231' title='bbox 1187 2077 1247 2133; x_wconf 88' lang='lat' dir='ltr'>cap.</span> <span class='ocrx_word' id='word_1_232' title='bbox 1273 2067 1317 2116; x_wconf 85' lang='lat' dir='ltr'>at.</span> <span class='ocrx_word' id='word_1_233' title='bbox 1341 2061 1433 2116; x_wconf 77' lang='lat' dir='ltr'>Altera</span> <span class='ocrx_word' id='word_1_234' title='bbox 1458 2061 1544 2129; x_wconf 82' lang='lat' dir='ltr'>ratio,</span> <span class='ocrx_word' id='word_1_235' title='bbox 1566 2062 1600 2117; x_wconf 91' lang='lat' dir='ltr'>ad</span> <span class='ocrx_word' id='word_1_236' title='bbox 1624 2061 1764 2118; x_wconf 81' lang='lat' dir='ltr'>vitandum</span> 
     </span>
     <span class='ocr_line' id='line_1_29' title="bbox 109 2125 1763 2203; baseline 0.005 -24"><span class='ocrx_word' id='word_1_237' title='bbox 109 2125 251 2182; x_wconf 90' lang='lat' dir='ltr'>nientibus</span> <span class='ocrx_word' id='word_1_238' title='bbox 269 2136 465 2200; x_wconf 88' lang='lat' dir='ltr'>compararent.</span> <span class='ocrx_word' id='word_1_239' title='bbox 483 2130 517 2182; x_wconf 91' lang='lat' dir='ltr'>D.</span> <span class='ocrx_word' id='word_1_240' title='bbox 532 2128 716 2200; x_wconf 82' lang='lat' dir='ltr'>Hieronymus</span> <span class='ocrx_word' id='word_1_241' title='bbox 734 2130 762 2183; x_wconf 93' lang='lat' dir='ltr'>in</span> <span class='ocrx_word' id='word_1_242' title='bbox 779 2130 856 2200; x_wconf 90' lang='lat' dir='ltr'>epist.</span> <span class='ocrx_word' id='word_1_243' title='bbox 872 2131 908 2188; x_wconf 90' lang='lat' dir='ltr'>ad</span> <span class='ocrx_word' id='word_1_244' title='bbox 961 2131 1058 2197; x_wconf 83' lang='lat' dir='ltr'>otium,</span> <span class='ocrx_word' id='word_1_245' title='bbox 1071 2139 1108 2196; x_wconf 92' lang='lat' dir='ltr'>et,</span> <span class='ocrx_word' id='word_1_246' title='bbox 1122 2140 1153 2193; x_wconf 90' lang='lat' dir='ltr'>ut</span> <span class='ocrx_word' id='word_1_247' title='bbox 1166 2131 1284 2203; x_wconf 91' lang='lat' dir='ltr'>loquitur</span> <span class='ocrx_word' id='word_1_248' title='bbox 1297 2133 1330 2186; x_wconf 87' lang='lat' dir='ltr'>D.</span> <span class='ocrx_word' id='word_1_249' title='bbox 1348 2131 1542 2203; x_wconf 79' lang='lat' dir='ltr'>Hieronymus,</span> <span class='ocrx_word' id='word_1_250' title='bbox 1556 2149 1588 2187; x_wconf 86' lang='lat' dir='ltr'>uc</span> <span class='ocrx_word' id='word_1_251' title='bbox 1601 2149 1674 2187; x_wconf 88' lang='lat' dir='ltr'>meas</span> <span class='ocrx_word' id='word_1_252' title='bbox 1686 2135 1763 2202; x_wconf 71' lang='lat' dir='ltr'>pera·-</span> 
     </span>
     <span class='ocr_line' id='line_1_30' title="bbox 110 2197 1762 2272; baseline 0.004 -20"><span class='ocrx_word' id='word_1_253' title='bbox 110 2197 260 2252; x_wconf 85' lang='lat' dir='ltr'>Busticum</span> <span class='ocrx_word' id='word_1_254' title='bbox 274 2198 437 2254; x_wconf 89' lang='lat' dir='ltr'>monachum</span> <span class='ocrx_word' id='word_1_255' title='bbox 446 2207 561 2254; x_wconf 89' lang='lat' dir='ltr'>testatur</span> <span class='ocrx_word' id='word_1_256' title='bbox 572 2203 761 2270; x_wconf 78' lang='lat' dir='ltr'>AEqyptiomim</span> <span class='ocrx_word' id='word_1_257' title='bbox 775 2206 908 2256; x_wconf 84' lang='lat' dir='ltr'>morioste·</span> <span class='ocrx_word' id='word_1_258' title='bbox 961 2204 1056 2257; x_wconf 85' lang='lat' dir='ltr'>culosis</span> <span class='ocrx_word' id='word_1_259' title='bbox 1066 2205 1272 2272; x_wconf 73' lang='lat' dir='ltr'>cogitationibus</span> <span class='ocrx_word' id='word_1_260' title='bbox 1286 2209 1443 2271; x_wconf 78' lang='lat' dir='ltr'>otiqiirctur.</span> <span class='ocrx_word' id='word_1_261' title='bbox 1456 2205 1544 2272; x_wconf 85' lang='lat' dir='ltr'>Quam</span> <span class='ocrx_word' id='word_1_262' title='bbox 1556 2219 1666 2259; x_wconf 89' lang='lat' dir='ltr'>causam</span> <span class='ocrx_word' id='word_1_263' title='bbox 1680 2204 1762 2259; x_wconf 91' lang='lat' dir='ltr'>etiam</span> 
     </span>
     <span class='ocr_line' id='line_1_31' title="bbox 111 2269 1761 2345; baseline 0.005 -24"><span class='ocrx_word' id='word_1_264' title='bbox 111 2271 160 2321; x_wconf 68' lang='lat' dir='ltr'>aio</span> <span class='ocrx_word' id='word_1_265' title='bbox 176 2269 245 2322; x_wconf 83' lang='lat' dir='ltr'>lunc</span> <span class='ocrx_word' id='word_1_266' title='bbox 257 2273 530 2338; x_wconf 67' lang='lat' dir='ltr'>murmurassent</span> <span class='ocrx_word' id='word_1_267' title='bbox 543 2272 647 2324; x_wconf 85' lang='lat' dir='ltr'>uultum</span> <span class='ocrx_word' id='word_1_268' title='bbox 658 2271 757 2341; x_wconf 88' lang='lat' dir='ltr'>ubsque</span> <span class='ocrx_word' id='word_1_269' title='bbox 766 2275 852 2342; x_wconf 73' lang='lat' dir='ltr'>operis</span> <span class='ocrx_word' id='word_1_270' title='bbox 864 2273 905 2327; x_wconf 89' lang='lat' dir='ltr'>lu·</span> <span class='ocrx_word' id='word_1_271' title='bbox 960 2273 1057 2345; x_wconf 85' lang='lat' dir='ltr'>allegat</span> <span class='ocrx_word' id='word_1_272' title='bbox 1072 2277 1106 2329; x_wconf 88' lang='lat' dir='ltr'>l).</span> <span class='ocrx_word' id='word_1_273' title='bbox 1124 2273 1288 2330; x_wconf 90' lang='lat' dir='ltr'>Benedictus</span> <span class='ocrx_word' id='word_1_274' title='bbox 1300 2279 1308 2339; x_wconf 95' lang='lat'>(</span> <span class='ocrx_word' id='word_1_275' title='bbox 1319 2276 1370 2331; x_wconf 83' lang='lat' dir='ltr'>Ubi</span> <span class='ocrx_word' id='word_1_276' title='bbox 1379 2281 1483 2344; x_wconf 76' lang='lat' dir='ltr'>stipi-u).</span> <span class='ocrx_word' id='word_1_277' title='bbox 1500 2276 1570 2330; x_wconf 91' lang='lat' dir='ltr'>Cum</span> <span class='ocrx_word' id='word_1_278' title='bbox 1589 2273 1663 2329; x_wconf 93' lang='lat' dir='ltr'>euim</span> <span class='ocrx_word' id='word_1_279' title='bbox 1682 2274 1761 2344; x_wconf 87' lang='lat' dir='ltr'>prisci</span> 
     </span>
    </p>
   </div>
   <div class='ocr_carea' id='block_1_8' title="bbox 106 2339 906 3052">
    <p class='ocr_par' dir='ltr' id='par_1_8' title="bbox 106 2339 906 3052">
     <span class='ocr_line' id='line_1_32' title="bbox 111 2339 905 2415; baseline 0.013 -25"><span class='ocrx_word' id='word_1_280' title='bbox 111 2339 178 2392; x_wconf 85' lang='lat' dir='ltr'>bore</span> <span class='ocrx_word' id='word_1_281' title='bbox 192 2343 363 2409; x_wconf 75' lang='lat' dir='ltr'>erumperent.</span> <span class='ocrx_word' id='word_1_282' title='bbox 377 2340 503 2411; x_wconf 88' lang='lat' dir='ltr'>idemque</span> <span class='ocrx_word' id='word_1_283' title='bbox 517 2344 552 2395; x_wconf 88' lang='lat' dir='ltr'>D.</span> <span class='ocrx_word' id='word_1_284' title='bbox 571 2341 684 2397; x_wconf 83' lang='lat' dir='ltr'>Basilius</span> <span class='ocrx_word' id='word_1_285' title='bbox 698 2342 724 2397; x_wconf 93' lang='lat' dir='ltr'>in</span> <span class='ocrx_word' id='word_1_286' title='bbox 746 2344 854 2415; x_wconf 83' lang='lat' dir='ltr'>[tegulis</span> <span class='ocrx_word' id='word_1_287' title='bbox 867 2343 905 2400; x_wconf 84' lang='lat' dir='ltr'>fu-</span> 
     </span>
     <span class='ocr_line' id='line_1_33' title="bbox 108 2409 905 2484; baseline 0.01 -20"><span class='ocrx_word' id='word_1_288' title='bbox 108 2409 170 2464; x_wconf 88' lang='lat' dir='ltr'>sius</span> <span class='ocrx_word' id='word_1_289' title='bbox 191 2409 334 2481; x_wconf 90' lang='lat' dir='ltr'>disputatis</span> <span class='ocrx_word' id='word_1_290' title='bbox 355 2426 413 2482; x_wconf 89' lang='lat' dir='ltr'>cap.</span> <span class='ocrx_word' id='word_1_291' title='bbox 438 2418 472 2467; x_wconf 78' lang='grc'>37</span> <span class='ocrx_word' id='word_1_292' title='bbox 486 2421 513 2467; x_wconf 91' lang='lat' dir='ltr'>et</span> <span class='ocrx_word' id='word_1_293' title='bbox 530 2419 574 2468; x_wconf 76' lang='lat'>38.</span> <span class='ocrx_word' id='word_1_294' title='bbox 588 2417 626 2469; x_wconf 91' lang='lat' dir='ltr'>D.</span> <span class='ocrx_word' id='word_1_295' title='bbox 648 2414 814 2484; x_wconf 79' lang='lat' dir='ltr'>Augustinus</span> <span class='ocrx_word' id='word_1_296' title='bbox 832 2414 876 2472; x_wconf 89' lang='lat' dir='ltr'>lib.</span> <span class='ocrx_word' id='word_1_297' title='bbox 894 2430 905 2472; x_wconf 92' lang='grc' dir='ltr'>ι</span> 
     </span>
     <span class='ocr_line' id='line_1_34' title="bbox 108 2481 906 2556; baseline 0.008 -20"><span class='ocrx_word' id='word_1_298' title='bbox 108 2481 145 2536; x_wconf 89' lang='lat' dir='ltr'>de</span> <span class='ocrx_word' id='word_1_299' title='bbox 167 2481 290 2537; x_wconf 80' lang='lat' dir='ltr'>Moribus</span> <span class='ocrx_word' id='word_1_300' title='bbox 310 2483 414 2538; x_wconf 85' lang='lat' dir='ltr'>Eccles.</span> <span class='ocrx_word' id='word_1_301' title='bbox 430 2499 488 2556; x_wconf 90' lang='lat' dir='ltr'>cap.</span> <span class='ocrx_word' id='word_1_302' title='bbox 506 2489 558 2551; x_wconf 81' lang='lat' dir='ltr'>st,</span> <span class='ocrx_word' id='word_1_303' title='bbox 580 2493 608 2540; x_wconf 90' lang='lat' dir='ltr'>et</span> <span class='ocrx_word' id='word_1_304' title='bbox 625 2493 717 2540; x_wconf 89' lang='lat' dir='ltr'>noster</span> <span class='ocrx_word' id='word_1_305' title='bbox 732 2484 823 2540; x_wconf 90' lang='lat' dir='ltr'>itidem</span> <span class='ocrx_word' id='word_1_306' title='bbox 841 2486 906 2542; x_wconf 87' lang='lat' dir='ltr'>Cas-</span> 
     </span>
     <span class='ocr_line' id='line_1_35' title="bbox 107 2551 904 2624; baseline 0.006 -17"><span class='ocrx_word' id='word_1_307' title='bbox 107 2551 202 2607; x_wconf 85' lang='lat' dir='ltr'>sianus</span> <span class='ocrx_word' id='word_1_308' title='bbox 221 2551 343 2624; x_wconf 91' lang='lat' dir='ltr'>pluribus</span> <span class='ocrx_word' id='word_1_309' title='bbox 353 2553 382 2609; x_wconf 96' lang='lat' dir='ltr'>in</span> <span class='ocrx_word' id='word_1_310' title='bbox 395 2554 460 2610; x_wconf 93' lang='lat' dir='ltr'>locis</span> <span class='ocrx_word' id='word_1_311' title='bbox 471 2554 644 2611; x_wconf 81' lang='lat' dir='ltr'>confirmant.</span> <span class='ocrx_word' id='word_1_312' title='bbox 664 2558 699 2610; x_wconf 89' lang='lat' dir='ltr'>D.</span> <span class='ocrx_word' id='word_1_313' title='bbox 724 2556 805 2611; x_wconf 89' lang='lat' dir='ltr'>etiarn</span> <span class='ocrx_word' id='word_1_314' title='bbox 818 2558 904 2612; x_wconf 89' lang='lat' dir='ltr'>Bene-</span> 
     </span>
     <span class='ocr_line' id='line_1_36' title="bbox 109 2621 904 2698; baseline 0.008 -21"><span class='ocrx_word' id='word_1_315' title='bbox 109 2621 200 2678; x_wconf 89' lang='lat' dir='ltr'>dictus</span> <span class='ocrx_word' id='word_1_316' title='bbox 225 2639 290 2680; x_wconf 91' lang='lat' dir='ltr'>suos</span> <span class='ocrx_word' id='word_1_317' title='bbox 309 2625 460 2681; x_wconf 77' lang='lat' dir='ltr'>coenobitas</span> <span class='ocrx_word' id='word_1_318' title='bbox 488 2626 568 2682; x_wconf 88' lang='lat' dir='ltr'>certis</span> <span class='ocrx_word' id='word_1_319' title='bbox 587 2625 755 2698; x_wconf 85' lang='lat' dir='ltr'>temporibus</span> <span class='ocrx_word' id='word_1_320' title='bbox 778 2629 904 2698; x_wconf 86' lang='lat' dir='ltr'>occupari</span> 
     </span>
     <span class='ocr_line' id='line_1_37' title="bbox 109 2694 903 2768; baseline 0.01 -21"><span class='ocrx_word' id='word_1_321' title='bbox 109 2694 196 2749; x_wconf 84' lang='lat' dir='ltr'>voluit</span> <span class='ocrx_word' id='word_1_322' title='bbox 218 2695 247 2749; x_wconf 92' lang='lat' dir='ltr'>in</span> <span class='ocrx_word' id='word_1_323' title='bbox 274 2694 380 2762; x_wconf 84' lang='lat' dir='ltr'>labore,</span> <span class='ocrx_word' id='word_1_324' title='bbox 405 2704 432 2751; x_wconf 91' lang='lat' dir='ltr'>et</span> <span class='ocrx_word' id='word_1_325' title='bbox 455 2696 537 2752; x_wconf 90' lang='lat' dir='ltr'>horas</span> <span class='ocrx_word' id='word_1_326' title='bbox 551 2697 660 2754; x_wconf 91' lang='lat' dir='ltr'>diurnas</span> <span class='ocrx_word' id='word_1_327' title='bbox 680 2698 715 2753; x_wconf 95' lang='lat' dir='ltr'>ab</span> <span class='ocrx_word' id='word_1_328' title='bbox 738 2712 820 2768; x_wconf 89' lang='lat' dir='ltr'>opere</span> <span class='ocrx_word' id='word_1_329' title='bbox 842 2699 903 2765; x_wconf 86' lang='lat' dir='ltr'>Dei,</span> 
     </span>
     <span class='ocr_line' id='line_1_38' title="bbox 107 2763 904 2836; baseline 0.008 -17"><span class='ocrx_word' id='word_1_330' title='bbox 107 2779 158 2819; x_wconf 88' lang='lat' dir='ltr'>scu</span> <span class='ocrx_word' id='word_1_331' title='bbox 170 2763 260 2821; x_wconf 87' lang='lat' dir='ltr'>olticio</span> <span class='ocrx_word' id='word_1_332' title='bbox 276 2766 366 2822; x_wconf 83' lang='lat' dir='ltr'>divino</span> <span class='ocrx_word' id='word_1_333' title='bbox 377 2776 506 2824; x_wconf 84' lang='lat' dir='ltr'>vacantes</span> <span class='ocrx_word' id='word_1_334' title='bbox 521 2769 556 2824; x_wconf 89' lang='lat' dir='ltr'>ita</span> <span class='ocrx_word' id='word_1_335' title='bbox 578 2768 725 2836; x_wconf 88' lang='lat' dir='ltr'>distribuit,</span> <span class='ocrx_word' id='word_1_336' title='bbox 741 2777 772 2825; x_wconf 92' lang='lat' dir='ltr'>ut</span> <span class='ocrx_word' id='word_1_337' title='bbox 788 2768 848 2824; x_wconf 84' lang='lat' dir='ltr'>altae</span> <span class='ocrx_word' id='word_1_338' title='bbox 868 2770 904 2825; x_wconf 91' lang='lat' dir='ltr'>le·</span> 
     </span>
     <span class='ocr_line' id='line_1_39' title="bbox 107 2836 905 2911; baseline 0.008 -21"><span class='ocrx_word' id='word_1_339' title='bbox 107 2836 189 2892; x_wconf 89' lang='lat' dir='ltr'>ctioni</span> <span class='ocrx_word' id='word_1_340' title='bbox 205 2847 232 2893; x_wconf 94' lang='lat' dir='ltr'>et</span> <span class='ocrx_word' id='word_1_341' title='bbox 244 2836 422 2905; x_wconf 88' lang='lat' dir='ltr'>meditationi,</span> <span class='ocrx_word' id='word_1_342' title='bbox 436 2839 495 2896; x_wconf 80' lang='lat' dir='ltr'>oliae</span> <span class='ocrx_word' id='word_1_343' title='bbox 513 2840 586 2911; x_wconf 88' lang='lat' dir='ltr'>operi</span> <span class='ocrx_word' id='word_1_344' title='bbox 605 2855 736 2896; x_wconf 94' lang='lat' dir='ltr'>manuum</span> <span class='ocrx_word' id='word_1_345' title='bbox 750 2840 905 2910; x_wconf 89' lang='lat' dir='ltr'>impendan-</span> 
     </span>
     <span class='ocr_line' id='line_1_40' title="bbox 107 2909 904 2978; baseline 0.008 -17"><span class='ocrx_word' id='word_1_346' title='bbox 107 2915 163 2962; x_wconf 91' lang='lat' dir='ltr'>tur.</span> <span class='ocrx_word' id='word_1_347' title='bbox 178 2909 272 2964; x_wconf 86' lang='lat' dir='ltr'>Monet</span> <span class='ocrx_word' id='word_1_348' title='bbox 283 2909 377 2977; x_wconf 88' lang='lat' dir='ltr'>etiam,</span> <span class='ocrx_word' id='word_1_349' title='bbox 390 2918 420 2966; x_wconf 92' lang='lat' dir='ltr'>ut</span> <span class='ocrx_word' id='word_1_350' title='bbox 432 2927 486 2966; x_wconf 83' lang='lat' dir='ltr'>uon</span> <span class='ocrx_word' id='word_1_351' title='bbox 503 2914 692 2967; x_wconf 79' lang='lat' dir='ltr'>contristantur</span> <span class='ocrx_word' id='word_1_352' title='bbox 702 2913 815 2978; x_wconf 74' lang='lat' dir='ltr'>tratres,</span> <span class='ocrx_word' id='word_1_353' title='bbox 835 2915 860 2965; x_wconf 84' lang='lat' dir='ltr'>si</span> <span class='ocrx_word' id='word_1_354' title='bbox 871 2914 904 2968; x_wconf 89' lang='lat' dir='ltr'>ob</span> 
     </span>
     <span class='ocr_line' id='line_1_41' title="bbox 106 2982 904 3052; baseline 0.009 -19"><span class='ocrx_word' id='word_1_355' title='bbox 106 2982 299 3043; x_wconf 65' lang='lat' dir='ltr'>comentrico,</span> <span class='ocrx_word' id='word_1_356' title='bbox 315 2983 486 3052; x_wconf 83' lang='lat' dir='ltr'>seuiiaopiom</span> <span class='ocrx_word' id='word_1_357' title='bbox 500 2983 537 3036; x_wconf 85' lang='lat' dir='ltr'>ool</span> <span class='ocrx_word' id='word_1_358' title='bbox 549 2983 812 3052; x_wconf 79' lang='lat' dir='ltr'>colli‘peudussiuqes</span> <span class='ocrx_word' id='word_1_359' title='bbox 821 2999 904 3052; x_wconf 84' lang='lat' dir='ltr'>perse</span> 
     </span>
    </p>
   </div>
   <div class='ocr_carea' id='block_1_9' title="bbox 958 2343 1763 3053">
    <p class='ocr_par' dir='ltr' id='par_1_9' title="bbox 958 2343 1763 3053">
     <span class='ocr_line' id='line_1_42' title="bbox 960 2343 1763 2411; baseline 0.004 -14"><span class='ocrx_word' id='word_1_360' title='bbox 960 2343 997 2398; x_wconf 93' lang='lat' dir='ltr'>illi</span> <span class='ocrx_word' id='word_1_361' title='bbox 1015 2344 1140 2400; x_wconf 90' lang='lat' dir='ltr'>monachi</span> <span class='ocrx_word' id='word_1_362' title='bbox 1161 2361 1217 2400; x_wconf 94' lang='lat' dir='ltr'>non</span> <span class='ocrx_word' id='word_1_363' title='bbox 1236 2354 1326 2401; x_wconf 87' lang='lat' dir='ltr'>essent</span> <span class='ocrx_word' id='word_1_364' title='bbox 1339 2346 1439 2411; x_wconf 86' lang='lat' dir='ltr'>clerici,</span> <span class='ocrx_word' id='word_1_365' title='bbox 1462 2345 1508 2401; x_wconf 90' lang='lat' dir='ltr'>sed</span> <span class='ocrx_word' id='word_1_366' title='bbox 1521 2344 1579 2400; x_wconf 91' lang='lat' dir='ltr'>laici</span> <span class='ocrx_word' id='word_1_367' title='bbox 1594 2360 1701 2408; x_wconf 83' lang='lat' dir='ltr'>omnes,</span> <span class='ocrx_word' id='word_1_368' title='bbox 1716 2361 1763 2400; x_wconf 83' lang='lat' dir='ltr'>ei-</span> 
     </span>
     <span class='ocr_line' id='line_1_43' title="bbox 959 2415 1758 2487; baseline 0.004 -18"><span class='ocrx_word' id='word_1_369' title='bbox 959 2424 1039 2486; x_wconf 87' lang='lat' dir='ltr'>cepto</span> <span class='ocrx_word' id='word_1_370' title='bbox 1059 2415 1167 2478; x_wconf 84' lang='lat' dir='ltr'>abbate,</span> <span class='ocrx_word' id='word_1_371' title='bbox 1192 2425 1219 2472; x_wconf 91' lang='lat' dir='ltr'>ct</span> <span class='ocrx_word' id='word_1_372' title='bbox 1234 2415 1326 2487; x_wconf 89' lang='lat' dir='ltr'>paucis</span> <span class='ocrx_word' id='word_1_373' title='bbox 1350 2417 1418 2486; x_wconf 91' lang='lat' dir='ltr'>aliis,</span> <span class='ocrx_word' id='word_1_374' title='bbox 1435 2425 1466 2472; x_wconf 91' lang='lat' dir='ltr'>ut</span> <span class='ocrx_word' id='word_1_375' title='bbox 1480 2416 1542 2471; x_wconf 91' lang='lat' dir='ltr'>alibi</span> <span class='ocrx_word' id='word_1_376' title='bbox 1566 2415 1758 2482; x_wconf 85' lang='lat' dir='ltr'>ostendemus;</span> 
     </span>
     <span class='ocr_line' id='line_1_44' title="bbox 960 2486 1759 2561; baseline 0.005 -21"><span class='ocrx_word' id='word_1_377' title='bbox 960 2486 1079 2558; x_wconf 91' lang='lat' dir='ltr'>plerique</span> <span class='ocrx_word' id='word_1_378' title='bbox 1091 2487 1174 2542; x_wconf 90' lang='lat' dir='ltr'>etiam</span> <span class='ocrx_word' id='word_1_379' title='bbox 1186 2488 1275 2543; x_wconf 92' lang='lat' dir='ltr'>omnis</span> <span class='ocrx_word' id='word_1_380' title='bbox 1291 2487 1449 2544; x_wconf 74' lang='lat' dir='ltr'>litteraturae</span> <span class='ocrx_word' id='word_1_381' title='bbox 1461 2495 1599 2561; x_wconf 78' lang='lat' dir='ltr'>expertes3</span> <span class='ocrx_word' id='word_1_382' title='bbox 1614 2501 1667 2543; x_wconf 94' lang='lat' dir='ltr'>non</span> <span class='ocrx_word' id='word_1_383' title='bbox 1681 2497 1759 2545; x_wconf 88' lang='lat' dir='ltr'>erant</span> 
     </span>
     <span class='ocr_line' id='line_1_45' title="bbox 958 2556 1756 2630; baseline 0.004 -18"><span class='ocrx_word' id='word_1_384' title='bbox 958 2558 1024 2612; x_wconf 90' lang='lat' dir='ltr'>satis</span> <span class='ocrx_word' id='word_1_385' title='bbox 1037 2559 1160 2629; x_wconf 88' lang='lat' dir='ltr'>occupati</span> <span class='ocrx_word' id='word_1_386' title='bbox 1174 2579 1180 2613; x_wconf 76' lang='grc' dir='ltr'>ι</span> <span class='ocrx_word' id='word_1_387' title='bbox 1197 2557 1312 2629; x_wconf 89' lang='lat' dir='ltr'>ideoque</span> <span class='ocrx_word' id='word_1_388' title='bbox 1324 2558 1358 2614; x_wconf 93' lang='lat' dir='ltr'>ad</span> <span class='ocrx_word' id='word_1_389' title='bbox 1371 2556 1529 2630; x_wconf 80' lang='lat' dir='ltr'>fugiendum</span> <span class='ocrx_word' id='word_1_390' title='bbox 1550 2558 1649 2626; x_wconf 91' lang='lat' dir='ltr'>otium,</span> <span class='ocrx_word' id='word_1_391' title='bbox 1663 2574 1756 2615; x_wconf 88' lang='lat' dir='ltr'>neces·</span> 
     </span>
     <span class='ocr_line' id='line_1_46' title="bbox 959 2627 1757 2695; baseline 0.006 -15"><span class='ocrx_word' id='word_1_392' title='bbox 959 2629 1061 2683; x_wconf 90' lang='lat' dir='ltr'>sarium</span> <span class='ocrx_word' id='word_1_393' title='bbox 1075 2629 1113 2684; x_wconf 92' lang='lat' dir='ltr'>eis</span> <span class='ocrx_word' id='word_1_394' title='bbox 1126 2637 1185 2684; x_wconf 86' lang='lat' dir='ltr'>erat</span> <span class='ocrx_word' id='word_1_395' title='bbox 1197 2627 1329 2685; x_wconf 88' lang='lat' dir='ltr'>laborare.</span> <span class='ocrx_word' id='word_1_396' title='bbox 1345 2629 1419 2685; x_wconf 82' lang='lat' dir='ltr'>Alias</span> <span class='ocrx_word' id='word_1_397' title='bbox 1441 2631 1571 2695; x_wconf 81' lang='lat' dir='ltr'>rationes,</span> <span class='ocrx_word' id='word_1_398' title='bbox 1592 2628 1639 2685; x_wconf 90' lang='lat' dir='ltr'>sed</span> <span class='ocrx_word' id='word_1_399' title='bbox 1659 2629 1757 2685; x_wconf 88' lang='lat' dir='ltr'>eodem</span> 
     </span>
     <span class='ocr_line' id='line_1_47' title="bbox 960 2697 1759 2770; baseline 0.003 -18"><span class='ocrx_word' id='word_1_400' title='bbox 960 2697 1015 2754; x_wconf 91' lang='lat' dir='ltr'>lere</span> <span class='ocrx_word' id='word_1_401' title='bbox 1039 2708 1191 2769; x_wconf 86' lang='lat' dir='ltr'>spectantes</span> <span class='ocrx_word' id='word_1_402' title='bbox 1217 2699 1335 2755; x_wconf 90' lang='lat' dir='ltr'>insinuat</span> <span class='ocrx_word' id='word_1_403' title='bbox 1348 2700 1506 2768; x_wconf 83' lang='lat' dir='ltr'>Cassianus,</span> <span class='ocrx_word' id='word_1_404' title='bbox 1521 2716 1619 2770; x_wconf 87' lang='lat' dir='ltr'>nempe</span> <span class='ocrx_word' id='word_1_405' title='bbox 1640 2715 1759 2755; x_wconf 92' lang='lat' dir='ltr'>macera·</span> 
     </span>
     <span class='ocr_line' id='line_1_48' title="bbox 959 2767 1756 2841; baseline 0 -18"><span class='ocrx_word' id='word_1_406' title='bbox 959 2769 1063 2824; x_wconf 90' lang='lat' dir='ltr'>tionem</span> <span class='ocrx_word' id='word_1_407' title='bbox 1083 2769 1215 2841; x_wconf 85' lang='lat' dir='ltr'>corporis,</span> <span class='ocrx_word' id='word_1_408' title='bbox 1241 2778 1268 2825; x_wconf 89' lang='lat' dir='ltr'>et</span> <span class='ocrx_word' id='word_1_409' title='bbox 1282 2767 1444 2825; x_wconf 92' lang='lat' dir='ltr'>humilitatis</span> <span class='ocrx_word' id='word_1_410' title='bbox 1456 2770 1623 2825; x_wconf 81' lang='lat' dir='ltr'>&#39;exercitium</span> <span class='ocrx_word' id='word_1_411' title='bbox 1637 2790 1643 2824; x_wconf 91' lang='lat'>:</span> <span class='ocrx_word' id='word_1_412' title='bbox 1663 2774 1697 2825; x_wconf 80' lang='lat' dir='ltr'>Bt</span> <span class='ocrx_word' id='word_1_413' title='bbox 1709 2773 1756 2838; x_wconf 75' lang='lat' dir='ltr'>fc-</span> 
     </span>
     <span class='ocr_line' id='line_1_49' title="bbox 958 2841 1755 2911; baseline 0 -17"><span class='ocrx_word' id='word_1_414' title='bbox 958 2845 1026 2903; x_wconf 89' lang='lat' dir='ltr'>stus,</span> <span class='ocrx_word' id='word_1_415' title='bbox 1036 2841 1131 2909; x_wconf 90' lang='lat' dir='ltr'>inquit,</span> <span class='ocrx_word' id='word_1_416' title='bbox 1141 2844 1203 2896; x_wconf 82' lang='lat' dir='ltr'>uitae</span> <span class='ocrx_word' id='word_1_417' title='bbox 1215 2844 1360 2911; x_wconf 72' lang='lat' dir='ltr'>preteritis</span> <span class='ocrx_word' id='word_1_418' title='bbox 1369 2844 1462 2910; x_wconf 81' lang='lat' dir='ltr'>possit.</span> <span class='ocrx_word' id='word_1_419' title='bbox 1474 2845 1499 2895; x_wconf 89' lang='lat' dir='ltr'>ct</span> <span class='ocrx_word' id='word_1_420' title='bbox 1508 2841 1616 2894; x_wconf 81' lang='lat' dir='ltr'>delicias</span> <span class='ocrx_word' id='word_1_421' title='bbox 1627 2842 1755 2902; x_wconf 77' lang='lat' dir='ltr'>obliuisci,</span> 
     </span>
     <span class='ocr_line' id='line_1_50' title="bbox 959 2911 1758 2980; baseline 0.001 -16"><span class='ocrx_word' id='word_1_422' title='bbox 959 2916 984 2965; x_wconf 90' lang='lat' dir='ltr'>et</span> <span class='ocrx_word' id='word_1_423' title='bbox 995 2912 1175 2967; x_wconf 83' lang='lat' dir='ltr'>bumilitatem</span> <span class='ocrx_word' id='word_1_424' title='bbox 1186 2912 1433 2967; x_wconf 78' lang='lat' dir='ltr'>cordiseoiitiu&#39;tioiie</span> <span class='ocrx_word' id='word_1_425' title='bbox 1441 2913 1538 2966; x_wconf 84' lang='lat' dir='ltr'>laboris</span> <span class='ocrx_word' id='word_1_426' title='bbox 1548 2913 1695 2980; x_wconf 70' lang='lat' dir='ltr'>iurqru&#39;rcre.</span> <span class='ocrx_word' id='word_1_427' title='bbox 1708 2911 1758 2966; x_wconf 83' lang='lat' dir='ltr'>llis</span> 
     </span>
     <span class='ocr_line' id='line_1_51' title="bbox 958 2980 1756 3053; baseline -0.001 -17"><span class='ocrx_word' id='word_1_428' title='bbox 958 2982 1027 3038; x_wconf 90' lang='lat' dir='ltr'>adde</span> <span class='ocrx_word' id='word_1_429' title='bbox 1048 2982 1241 3038; x_wconf 77' lang='lat' dir='ltr'>relaxationem</span> <span class='ocrx_word' id='word_1_430' title='bbox 1256 2983 1338 3038; x_wconf 92' lang='lat' dir='ltr'>animi</span> <span class='ocrx_word' id='word_1_431' title='bbox 1354 2998 1401 3053; x_wconf 90' lang='lat' dir='ltr'>per</span> <span class='ocrx_word' id='word_1_432' title='bbox 1422 2981 1611 3038; x_wconf 82' lang='lat' dir='ltr'>exercitiorum</span> <span class='ocrx_word' id='word_1_433' title='bbox 1633 2980 1756 3051; x_wconf 89' lang='lat' dir='ltr'>spirituo·</span> 
     </span>
    </p>
   </div>
   <div class='ocr_carea' id='block_1_10' title="bbox 101 3052 1756 5900">
    <p class='ocr_par' dir='ltr' id='par_1_10' title="bbox 103 3052 1756 4400">
     <span class='ocr_line' id='line_1_52' title="bbox 958 3052 1755 3125; baseline 0.001 -19"><span class='ocrx_word' id='word_1_434' title='bbox 958 3052 1023 3109; x_wconf 93' lang='lat' dir='ltr'>lium</span> <span class='ocrx_word' id='word_1_435' title='bbox 1040 3063 1067 3109; x_wconf 89' lang='lat' dir='ltr'>et</span> <span class='ocrx_word' id='word_1_436' title='bbox 1092 3054 1273 3125; x_wconf 91' lang='lat' dir='ltr'>corporalium</span> <span class='ocrx_word' id='word_1_437' title='bbox 1298 3053 1512 3110; x_wconf 84' lang='lat' dir='ltr'>vicissitudinem</span> <span class='ocrx_word' id='word_1_438' title='bbox 1529 3060 1558 3106; x_wconf 89' lang='lat' dir='ltr'>et</span> <span class='ocrx_word' id='word_1_439' title='bbox 1578 3052 1755 3119; x_wconf 65' lang='lat' dir='ltr'>uarietatem</span> 
     </span>
     <span class='ocr_line' id='line_1_53' title="bbox 958 3122 1751 3196; baseline -0.003 -16"><span class='ocrx_word' id='word_1_440' title='bbox 958 3123 991 3180; x_wconf 88' lang='lat' dir='ltr'>de</span> <span class='ocrx_word' id='word_1_441' title='bbox 1006 3139 1057 3196; x_wconf 92' lang='lat' dir='ltr'>qua</span> <span class='ocrx_word' id='word_1_442' title='bbox 1073 3125 1137 3180; x_wconf 91' lang='lat' dir='ltr'>item</span> <span class='ocrx_word' id='word_1_443' title='bbox 1149 3124 1292 3181; x_wconf 85' lang='lat' dir='ltr'>Cassianus</span> <span class='ocrx_word' id='word_1_444' title='bbox 1306 3141 1364 3196; x_wconf 91' lang='lat' dir='ltr'>cap.</span> <span class='ocrx_word' id='word_1_445' title='bbox 1385 3130 1412 3180; x_wconf 91' lang='lat' dir='ltr'>tt</span> <span class='ocrx_word' id='word_1_446' title='bbox 1429 3124 1510 3196; x_wconf 88' lang='lat' dir='ltr'>hujus</span> <span class='ocrx_word' id='word_1_447' title='bbox 1524 3122 1586 3178; x_wconf 90' lang='lat' dir='ltr'>libri</span> <span class='ocrx_word' id='word_1_448' title='bbox 1603 3142 1609 3176; x_wconf 92' lang='lat'>:</span> <span class='ocrx_word' id='word_1_449' title='bbox 1632 3125 1751 3193; x_wconf 87' lang='lat' dir='ltr'>Semper,</span> 
     </span>
     <span class='ocr_line' id='line_1_54' title="bbox 106 3194 1756 3268; baseline 0.001 -20"><span class='ocrx_word' id='word_1_450' title='bbox 106 3194 243 3262; x_wconf 78' lang='lat' dir='ltr'>Apostoli.</span> <span class='ocrx_word' id='word_1_451' title='bbox 261 3195 376 3250; x_wconf 86' lang='lat' dir='ltr'>Causam</span> <span class='ocrx_word' id='word_1_452' title='bbox 391 3210 454 3251; x_wconf 88' lang='lat' dir='ltr'>iero</span> <span class='ocrx_word' id='word_1_453' title='bbox 469 3195 550 3268; x_wconf 88' lang='lat' dir='ltr'>hujus</span> <span class='ocrx_word' id='word_1_454' title='bbox 564 3195 739 3251; x_wconf 89' lang='lat' dir='ltr'>institutionis</span> <span class='ocrx_word' id='word_1_455' title='bbox 750 3203 777 3251; x_wconf 90' lang='lat' dir='ltr'>et</span> <span class='ocrx_word' id='word_1_456' title='bbox 789 3212 902 3252; x_wconf 90' lang='lat' dir='ltr'>consue·</span> <span class='ocrx_word' id='word_1_457' title='bbox 957 3196 1004 3261; x_wconf 90' lang='lat' dir='ltr'>ait,</span> <span class='ocrx_word' id='word_1_458' title='bbox 1020 3200 1195 3266; x_wconf 77' lang='lat' dir='ltr'>equanimius</span> <span class='ocrx_word' id='word_1_459' title='bbox 1207 3197 1331 3267; x_wconf 80' lang='lat' dir='ltr'>quaelibet</span> <span class='ocrx_word' id='word_1_460' title='bbox 1346 3198 1487 3265; x_wconf 76' lang='lat' dir='ltr'>castigatio</span> <span class='ocrx_word' id='word_1_461' title='bbox 1502 3196 1656 3256; x_wconf 81' lang='lat' dir='ltr'>sustinetur,</span> <span class='ocrx_word' id='word_1_462' title='bbox 1669 3197 1756 3250; x_wconf 85' lang='lat' dir='ltr'>etsiiie</span> 
     </span>
     <span class='ocr_line' id='line_1_55' title="bbox 105 3261 1756 3357; baseline 0.001 -40"><span class='ocrx_word' id='word_1_463' title='bbox 105 3263 213 3319; x_wconf 90' lang='lat' dir='ltr'>tudinis</span> <span class='ocrx_word' id='word_1_464' title='bbox 224 3261 323 3320; x_wconf 82' lang='lat' dir='ltr'>referre</span> <span class='ocrx_word' id='word_1_465' title='bbox 337 3265 441 3322; x_wconf 86' lang='lat' dir='ltr'>videtur</span> <span class='ocrx_word' id='word_1_466' title='bbox 458 3267 602 3323; x_wconf 86' lang='lat' dir='ltr'>Cassianus</span> <span class='ocrx_word' id='word_1_467' title='bbox 613 3266 640 3320; x_wconf 93' lang='lat' dir='ltr'>in</span> <span class='ocrx_word' id='word_1_468' title='bbox 660 3275 825 3337; x_wconf 77' lang='lat' dir='ltr'>praeceptum</span> <span class='ocrx_word' id='word_1_469' title='bbox 838 3267 901 3325; x_wconf 91' lang='lat' dir='ltr'>illud</span> <span class='ocrx_word' id='word_1_470' title='bbox 919 3294 941 3357; x_wconf 74' lang='lat' dir='ltr'>C</span> <span class='ocrx_word' id='word_1_471' title='bbox 956 3268 1070 3333; x_wconf 79' lang='lat' dir='ltr'>(ustidi&#39;o</span> <span class='ocrx_word' id='word_1_472' title='bbox 1086 3269 1162 3322; x_wconf 81' lang='lat' dir='ltr'>lotor</span> <span class='ocrx_word' id='word_1_473' title='bbox 1183 3268 1357 3337; x_wconf 83' lang='lat' dir='ltr'>impenditur,</span> <span class='ocrx_word' id='word_1_474' title='bbox 1373 3270 1398 3322; x_wconf 86' lang='lat' dir='ltr'>si</span> <span class='ocrx_word' id='word_1_475' title='bbox 1415 3267 1551 3336; x_wconf 76' lang='lat' dir='ltr'>interjectu</span> <span class='ocrx_word' id='word_1_476' title='bbox 1565 3269 1590 3320; x_wconf 83' lang='lat' dir='ltr'>ei</span> <span class='ocrx_word' id='word_1_477' title='bbox 1601 3267 1756 3320; x_wconf 71' lang='lat' dir='ltr'>vicissitudo</span> 
     </span>
     <span class='ocr_line' id='line_1_56' title="bbox 104 3333 1753 3408; baseline 0.002 -19"><span class='ocrx_word' id='word_1_478' title='bbox 104 3334 236 3405; x_wconf 80' lang='lat' dir='ltr'>Apostoli</span> <span class='ocrx_word' id='word_1_479' title='bbox 257 3333 317 3391; x_wconf 88' lang='lat' dir='ltr'>tad</span> <span class='ocrx_word' id='word_1_480' title='bbox 336 3336 457 3392; x_wconf 83' lang='lat' dir='ltr'>Thessal.</span> <span class='ocrx_word' id='word_1_481' title='bbox 472 3352 504 3392; x_wconf 88' lang='lat' dir='ltr'>iv</span> <span class='ocrx_word' id='word_1_482' title='bbox 520 3354 526 3388; x_wconf 74' lang='grc' dir='ltr'>ε</span> <span class='ocrx_word' id='word_1_483' title='bbox 543 3338 698 3407; x_wconf 75' lang='lat' dir='ltr'>Opiromiai</span> <span class='ocrx_word' id='word_1_484' title='bbox 715 3338 838 3392; x_wconf 82' lang='lat' dir='ltr'>mnitibus</span> <span class='ocrx_word' id='word_1_485' title='bbox 856 3354 899 3392; x_wconf 87' lang='lat' dir='ltr'>ec·</span> <span class='ocrx_word' id='word_1_486' title='bbox 957 3338 1092 3406; x_wconf 83' lang='lat' dir='ltr'>quaeilum,</span> <span class='ocrx_word' id='word_1_487' title='bbox 1104 3340 1144 3393; x_wconf 83' lang='lat' dir='ltr'>ecl</span> <span class='ocrx_word' id='word_1_488' title='bbox 1155 3341 1241 3408; x_wconf 86' lang='lat' dir='ltr'>operis</span> <span class='ocrx_word' id='word_1_489' title='bbox 1251 3339 1403 3392; x_wconf 76' lang='lat' dir='ltr'>baoiututio</span> <span class='ocrx_word' id='word_1_490' title='bbox 1413 3336 1753 3408; x_wconf 84' lang='lat' dir='ltr'>qmiliscumquesuccedut.</span> 
     </span>
     <span class='ocr_line' id='line_1_57' title="bbox 103 3407 1753 3479; baseline 0.002 -19"><span class='ocrx_word' id='word_1_491' title='bbox 103 3409 183 3467; x_wconf 75' lang='lat' dir='ltr'>sois.</span> <span class='ocrx_word' id='word_1_492' title='bbox 206 3408 275 3461; x_wconf 79' lang='lat' dir='ltr'>saut</span> <span class='ocrx_word' id='word_1_493' title='bbox 290 3411 463 3479; x_wconf 79' lang='lat' dir='ltr'>precepimus</span> <span class='ocrx_word' id='word_1_494' title='bbox 477 3409 558 3463; x_wconf 82' lang='lat' dir='ltr'>cobis</span> <span class='ocrx_word' id='word_1_495' title='bbox 576 3409 610 3462; x_wconf 82' lang='lat' dir='ltr'>Et</span> <span class='ocrx_word' id='word_1_496' title='bbox 621 3409 647 3463; x_wconf 97' lang='lat' dir='ltr'>ll</span> <span class='ocrx_word' id='word_1_497' title='bbox 661 3407 782 3463; x_wconf 86' lang='lat' dir='ltr'>Thessal.</span> <span class='ocrx_word' id='word_1_498' title='bbox 800 3424 836 3464; x_wconf 91' lang='lat' dir='ltr'>iii</span> <span class='ocrx_word' id='word_1_499' title='bbox 851 3426 858 3463; x_wconf 93' lang='lat'>:</span> <span class='ocrx_word' id='word_1_500' title='bbox 875 3412 906 3467; x_wconf 86' lang='lat' dir='ltr'>Si</span> <span class='ocrx_word' id='word_1_501' title='bbox 958 3407 1049 3463; x_wconf 89' lang='lat' dir='ltr'>Sensit</span> <span class='ocrx_word' id='word_1_502' title='bbox 1063 3409 1124 3476; x_wconf 88' lang='lat' dir='ltr'>hoe,</span> <span class='ocrx_word' id='word_1_503' title='bbox 1141 3417 1169 3464; x_wconf 92' lang='lat' dir='ltr'>et</span> <span class='ocrx_word' id='word_1_504' title='bbox 1183 3408 1266 3478; x_wconf 90' lang='lat' dir='ltr'>probe</span> <span class='ocrx_word' id='word_1_505' title='bbox 1282 3407 1412 3463; x_wconf 85' lang='lat' dir='ltr'>intellexit</span> <span class='ocrx_word' id='word_1_506' title='bbox 1425 3407 1557 3463; x_wconf 84' lang='lat' dir='ltr'>divinitus</span> <span class='ocrx_word' id='word_1_507' title='bbox 1570 3407 1682 3463; x_wconf 90' lang='lat' dir='ltr'>edoctus</span> <span class='ocrx_word' id='word_1_508' title='bbox 1697 3423 1753 3463; x_wconf 90' lang='lat' dir='ltr'>ma·</span> 
     </span>
     <span class='ocr_line' id='line_1_58' title="bbox 105 3477 1754 3560; baseline 0.002 -30"><span class='ocrx_word' id='word_1_509' title='bbox 105 3479 169 3547; x_wconf 78' lang='lat' dir='ltr'>quis</span> <span class='ocrx_word' id='word_1_510' title='bbox 181 3492 235 3532; x_wconf 82' lang='lat' dir='ltr'>nori</span> <span class='ocrx_word' id='word_1_511' title='bbox 246 3479 305 3532; x_wconf 84' lang='lat' dir='ltr'>cult</span> <span class='ocrx_word' id='word_1_512' title='bbox 317 3482 434 3549; x_wconf 85' lang='lat' dir='ltr'>operari,</span> <span class='ocrx_word' id='word_1_513' title='bbox 453 3496 500 3535; x_wconf 87' lang='lat' dir='ltr'>occ</span> <span class='ocrx_word' id='word_1_514' title='bbox 512 3480 665 3534; x_wconf 79' lang='lat' dir='ltr'>morediicct.</span> <span class='ocrx_word' id='word_1_515' title='bbox 684 3481 785 3535; x_wconf 92' lang='lat' dir='ltr'>Verum</span> <span class='ocrx_word' id='word_1_516' title='bbox 799 3489 906 3536; x_wconf 89' lang='lat' dir='ltr'>constat</span> <span class='ocrx_word' id='word_1_517' title='bbox 959 3494 1028 3549; x_wconf 89' lang='lat' dir='ltr'>gnus</span> <span class='ocrx_word' id='word_1_518' title='bbox 1040 3479 1083 3535; x_wconf 91' lang='lat' dir='ltr'>ille</span> <span class='ocrx_word' id='word_1_519' title='bbox 1102 3480 1247 3547; x_wconf 79' lang='lat' dir='ltr'>Antonius,</span> <span class='ocrx_word' id='word_1_520' title='bbox 1262 3480 1307 3551; x_wconf 92' lang='lat' dir='ltr'>qui</span> <span class='ocrx_word' id='word_1_521' title='bbox 1325 3479 1412 3545; x_wconf 91' lang='lat' dir='ltr'>(utin</span> <span class='ocrx_word' id='word_1_522' title='bbox 1428 3479 1494 3535; x_wconf 91' lang='lat' dir='ltr'>Vitis</span> <span class='ocrx_word' id='word_1_523' title='bbox 1510 3480 1621 3533; x_wconf 81' lang='lat' dir='ltr'>Petrum</span> <span class='ocrx_word' id='word_1_524' title='bbox 1639 3477 1754 3560; x_wconf 88' lang='lat' dir='ltr'>legitur)</span> 
     </span>
     <span class='ocr_line' id='line_1_59' title="bbox 105 3548 1754 3624; baseline 0.001 -21"><span class='ocrx_word' id='word_1_525' title='bbox 105 3552 184 3615; x_wconf 78' lang='lat' dir='ltr'>hacc,</span> <span class='ocrx_word' id='word_1_526' title='bbox 209 3557 237 3604; x_wconf 91' lang='lat' dir='ltr'>et</span> <span class='ocrx_word' id='word_1_527' title='bbox 258 3548 415 3621; x_wconf 89' lang='lat' dir='ltr'>hujusmodi</span> <span class='ocrx_word' id='word_1_528' title='bbox 438 3558 571 3624; x_wconf 68' lang='lat' dir='ltr'>praecepta</span> <span class='ocrx_word' id='word_1_529' title='bbox 596 3550 723 3606; x_wconf 91' lang='lat' dir='ltr'>omnibus</span> <span class='ocrx_word' id='word_1_530' title='bbox 745 3551 904 3608; x_wconf 87' lang='lat' dir='ltr'>Christianis</span> <span class='ocrx_word' id='word_1_531' title='bbox 958 3549 1077 3621; x_wconf 89' lang='lat' dir='ltr'>quodam</span> <span class='ocrx_word' id='word_1_532' title='bbox 1089 3559 1212 3622; x_wconf 90' lang='lat' dir='ltr'>tempore</span> <span class='ocrx_word' id='word_1_533' title='bbox 1224 3565 1288 3606; x_wconf 91' lang='lat' dir='ltr'>cum</span> <span class='ocrx_word' id='word_1_534' title='bbox 1307 3549 1335 3605; x_wconf 94' lang='lat' dir='ltr'>in</span> <span class='ocrx_word' id='word_1_535' title='bbox 1348 3556 1450 3618; x_wconf 63' lang='lat' dir='ltr'>{eremo</span> <span class='ocrx_word' id='word_1_536' title='bbox 1466 3550 1612 3615; x_wconf 88' lang='lat' dir='ltr'>resideret,</span> <span class='ocrx_word' id='word_1_537' title='bbox 1626 3549 1754 3606; x_wconf 91' lang='lat' dir='ltr'>solitudi-</span> 
     </span>
     <span class='ocr_line' id='line_1_60' title="bbox 107 3618 1751 3694; baseline -0.001 -19"><span class='ocrx_word' id='word_1_538' title='bbox 107 3634 168 3675; x_wconf 88' lang='lat' dir='ltr'>esse</span> <span class='ocrx_word' id='word_1_539' title='bbox 194 3621 369 3692; x_wconf 88' lang='lat' dir='ltr'>communia,</span> <span class='ocrx_word' id='word_1_540' title='bbox 391 3637 440 3678; x_wconf 90' lang='lat' dir='ltr'>nec</span> <span class='ocrx_word' id='word_1_541' title='bbox 464 3623 511 3678; x_wconf 92' lang='lat' dir='ltr'>reli</span> <span class='ocrx_word' id='word_1_542' title='bbox 532 3624 602 3678; x_wconf 86' lang='lat' dir='ltr'>&#39;osos</span> <span class='ocrx_word' id='word_1_543' title='bbox 625 3622 711 3694; x_wconf 86' lang='lat' dir='ltr'>magis</span> <span class='ocrx_word' id='word_1_544' title='bbox 729 3637 809 3693; x_wconf 89' lang='lat' dir='ltr'>quam</span> <span class='ocrx_word' id='word_1_545' title='bbox 837 3623 904 3680; x_wconf 91' lang='lat' dir='ltr'>alios</span> <span class='ocrx_word' id='word_1_546' title='bbox 958 3622 1001 3677; x_wconf 92' lang='lat' dir='ltr'>nis</span> <span class='ocrx_word' id='word_1_547' title='bbox 1010 3621 1090 3679; x_wconf 72' lang='lat' dir='ltr'>taedio</span> <span class='ocrx_word' id='word_1_548' title='bbox 1103 3621 1223 3693; x_wconf 92' lang='lat' dir='ltr'>quodam</span> <span class='ocrx_word' id='word_1_549' title='bbox 1234 3618 1348 3677; x_wconf 79' lang='lat' dir='ltr'>affectus</span> <span class='ocrx_word' id='word_1_550' title='bbox 1359 3621 1525 3677; x_wconf 84' lang='lat' dir='ltr'>exclamasse</span> <span class='ocrx_word' id='word_1_551' title='bbox 1539 3618 1645 3676; x_wconf 80' lang='lat' dir='ltr'>fertur:</span> <span class='ocrx_word' id='word_1_552' title='bbox 1660 3623 1751 3676; x_wconf 83' lang='lat' dir='ltr'>Boiai-</span> 
     </span>
     <span class='ocr_line' id='line_1_61' title="bbox 105 3690 1752 3765; baseline 0 -20"><span class='ocrx_word' id='word_1_553' title='bbox 105 3690 241 3763; x_wconf 81' lang='lat' dir='ltr'>obligare3</span> <span class='ocrx_word' id='word_1_554' title='bbox 256 3696 287 3762; x_wconf 67' lang='lat' dir='ltr'>et}</span> <span class='ocrx_word' id='word_1_555' title='bbox 298 3690 508 3765; x_wconf 88' lang='lat' dir='ltr'>(quodmagisa</span> <span class='ocrx_word' id='word_1_556' title='bbox 544 3709 601 3750; x_wconf 93' lang='lat' dir='ltr'>rem</span> <span class='ocrx_word' id='word_1_557' title='bbox 619 3692 697 3757; x_wconf 84' lang='lat' dir='ltr'>lacit)</span> <span class='ocrx_word' id='word_1_558' title='bbox 713 3708 768 3748; x_wconf 88' lang='lat' dir='ltr'>nori</span> <span class='ocrx_word' id='word_1_559' title='bbox 782 3709 839 3749; x_wconf 88' lang='lat' dir='ltr'>esse</span> <span class='ocrx_word' id='word_1_560' title='bbox 854 3693 903 3750; x_wconf 91' lang='lat' dir='ltr'>ab·</span> <span class='ocrx_word' id='word_1_561' title='bbox 957 3709 1000 3755; x_wconf 87' lang='lat' dir='ltr'>ae,</span> <span class='ocrx_word' id='word_1_562' title='bbox 1011 3694 1518 3763; x_wconf 78' lang='lat' dir='ltr'>solciiricupio:sedcopituta&#39;oaesmcoe</span> <span class='ocrx_word' id='word_1_563' title='bbox 1529 3708 1570 3747; x_wconf 87' lang='lat' dir='ltr'>me</span> <span class='ocrx_word' id='word_1_564' title='bbox 1579 3693 1752 3762; x_wconf 80' lang='lat' dir='ltr'>perturbant.</span> 
     </span>
     <span class='ocr_line' id='line_1_62' title="bbox 105 3761 1754 3834; baseline 0 -18"><span class='ocrx_word' id='word_1_565' title='bbox 105 3761 209 3829; x_wconf 85' lang='lat' dir='ltr'>soluta,</span> <span class='ocrx_word' id='word_1_566' title='bbox 224 3762 272 3818; x_wconf 90' lang='lat' dir='ltr'>sed</span> <span class='ocrx_word' id='word_1_567' title='bbox 293 3763 486 3832; x_wconf 88' lang='lat' dir='ltr'>conditionata,</span> <span class='ocrx_word' id='word_1_568' title='bbox 503 3773 532 3820; x_wconf 91' lang='lat' dir='ltr'>ut</span> <span class='ocrx_word' id='word_1_569' title='bbox 546 3771 641 3820; x_wconf 80' lang='lat' dir='ltr'>vocant</span> <span class='ocrx_word' id='word_1_570' title='bbox 656 3769 664 3827; x_wconf 85' lang='lat' dir='ltr'>t</span> <span class='ocrx_word' id='word_1_571' title='bbox 679 3765 744 3820; x_wconf 85' lang='lat' dir='ltr'>Vide</span> <span class='ocrx_word' id='word_1_572' title='bbox 758 3766 787 3821; x_wconf 92' lang='lat' dir='ltr'>S.</span> <span class='ocrx_word' id='word_1_573' title='bbox 811 3767 901 3821; x_wconf 82' lang='lat' dir='ltr'>Tbom.</span> <span class='ocrx_word' id='word_1_574' title='bbox 957 3767 1021 3820; x_wconf 79' lang='lat' dir='ltr'>Mea</span> <span class='ocrx_word' id='word_1_575' title='bbox 1034 3764 1104 3819; x_wconf 83' lang='lat' dir='ltr'>nictit</span> <span class='ocrx_word' id='word_1_576' title='bbox 1116 3765 1241 3834; x_wconf 82' lang='lat' dir='ltr'>oriqelum</span> <span class='ocrx_word' id='word_1_577' title='bbox 1263 3765 1357 3819; x_wconf 84' lang='lat' dir='ltr'>liubitu</span> <span class='ocrx_word' id='word_1_578' title='bbox 1374 3767 1517 3819; x_wconf 84' lang='lat' dir='ltr'>momistico</span> <span class='ocrx_word' id='word_1_579' title='bbox 1531 3763 1608 3818; x_wconf 88' lang='lat' dir='ltr'>modo</span> <span class='ocrx_word' id='word_1_580' title='bbox 1622 3763 1754 3817; x_wconf 81' lang='lat' dir='ltr'>scalentem</span> 
     </span>
     <span class='ocr_line' id='line_1_63' title="bbox 105 3836 1753 3907; baseline -0.001 -20"><span class='ocrx_word' id='word_1_581' title='bbox 105 3839 168 3897; x_wconf 77' lang='lat'>2-2,</span> <span class='ocrx_word' id='word_1_582' title='bbox 178 3851 206 3904; x_wconf 91' lang='lat' dir='ltr'>q.</span> <span class='ocrx_word' id='word_1_583' title='bbox 216 3840 278 3901; x_wconf 86' lang='grc'>187,</span> <span class='ocrx_word' id='word_1_584' title='bbox 293 3851 320 3888; x_wconf 88' lang='lat' dir='ltr'>o.</span> <span class='ocrx_word' id='word_1_585' title='bbox 332 3839 373 3903; x_wconf 82' lang='lat'>3).</span> <span class='ocrx_word' id='word_1_586' title='bbox 384 3837 526 3907; x_wconf 88' lang='lat' dir='ltr'>Nusquam</span> <span class='ocrx_word' id='word_1_587' title='bbox 536 3836 608 3890; x_wconf 89' lang='lat' dir='ltr'>enim</span> <span class='ocrx_word' id='word_1_588' title='bbox 619 3836 745 3906; x_wconf 83' lang='lat' dir='ltr'>praecepit</span> <span class='ocrx_word' id='word_1_589' title='bbox 757 3838 904 3907; x_wconf 83' lang='lat' dir='ltr'>Apostolus</span> <span class='ocrx_word' id='word_1_590' title='bbox 958 3840 983 3890; x_wconf 88' lang='lat' dir='ltr'>et</span> <span class='ocrx_word' id='word_1_591' title='bbox 996 3841 1149 3905; x_wconf 82' lang='lat' dir='ltr'>operantem</span> <span class='ocrx_word' id='word_1_592' title='bbox 1165 3836 1262 3890; x_wconf 89' lang='lat' dir='ltr'>:modo</span> <span class='ocrx_word' id='word_1_593' title='bbox 1276 3836 1314 3890; x_wconf 87' lang='lat' dir='ltr'>od</span> <span class='ocrx_word' id='word_1_594' title='bbox 1325 3838 1471 3890; x_wconf 83' lang='lat' dir='ltr'>orittioaem</span> <span class='ocrx_word' id='word_1_595' title='bbox 1483 3851 1570 3904; x_wconf 83' lang='lat' dir='ltr'>qeauu</span> <span class='ocrx_word' id='word_1_596' title='bbox 1588 3837 1731 3902; x_wconf 72' lang='lat' dir='ltr'>{lectantem</span> <span class='ocrx_word' id='word_1_597' title='bbox 1745 3853 1753 3887; x_wconf 72' lang='grc' dir='ltr'><strong><em>ε</em></strong></span> 
     </span>
     <span class='ocr_line' id='line_1_64' title="bbox 104 3903 1752 3979; baseline -0.001 -20"><span class='ocrx_word' id='word_1_598' title='bbox 104 3903 230 3960; x_wconf 90' lang='lat' dir='ltr'>absolute</span> <span class='ocrx_word' id='word_1_599' title='bbox 243 3907 363 3977; x_wconf 81' lang='lat' dir='ltr'>operari3</span> <span class='ocrx_word' id='word_1_600' title='bbox 382 3906 430 3963; x_wconf 91' lang='lat' dir='ltr'>sed</span> <span class='ocrx_word' id='word_1_601' title='bbox 445 3907 495 3963; x_wconf 93' lang='lat' dir='ltr'>sub</span> <span class='ocrx_word' id='word_1_602' title='bbox 509 3906 662 3979; x_wconf 87' lang='lat' dir='ltr'>hypothesi,</span> <span class='ocrx_word' id='word_1_603' title='bbox 677 3906 800 3962; x_wconf 86' lang='lat' dir='ltr'>videlicet</span> <span class='ocrx_word' id='word_1_604' title='bbox 814 3907 853 3963; x_wconf 88' lang='lat' dir='ltr'>vel</span> <span class='ocrx_word' id='word_1_605' title='bbox 869 3907 903 3964; x_wconf 89' lang='lat' dir='ltr'>ad</span> <span class='ocrx_word' id='word_1_606' title='bbox 957 3907 1752 3977; x_wconf 65' lang='lat' dir='ltr'>teucrorsosmlopusassumentesquecolortosteamtem:</span> 
     </span>
     <span class='ocr_line' id='line_1_65' title="bbox 104 3975 1753 4047; baseline 0 -18"><span class='ocrx_word' id='word_1_607' title='bbox 104 3975 284 4047; x_wconf 77' lang='lat' dir='ltr'>quaerendum</span> <span class='ocrx_word' id='word_1_608' title='bbox 299 3977 401 4034; x_wconf 81' lang='lat' dir='ltr'>rictum</span> <span class='ocrx_word' id='word_1_609' title='bbox 421 3978 611 4042; x_wconf 82' lang='lat' dir='ltr'>necessarium,</span> <span class='ocrx_word' id='word_1_610' title='bbox 629 3978 651 4032; x_wconf 91' lang='lat' dir='ltr'>si</span> <span class='ocrx_word' id='word_1_611' title='bbox 673 3978 723 4032; x_wconf 85' lang='lat' dir='ltr'>alia</span> <span class='ocrx_word' id='word_1_612' title='bbox 737 3978 841 4033; x_wconf 90' lang='lat' dir='ltr'>ratione</span> <span class='ocrx_word' id='word_1_613' title='bbox 855 3977 903 4033; x_wconf 90' lang='lat' dir='ltr'>ha·</span> <span class='ocrx_word' id='word_1_614' title='bbox 957 3993 1041 4047; x_wconf 86' lang='lat' dir='ltr'>aquo</span> <span class='ocrx_word' id='word_1_615' title='bbox 1061 3984 1086 4033; x_wconf 89' lang='lat' dir='ltr'>ct</span> <span class='ocrx_word' id='word_1_616' title='bbox 1107 3977 1260 4047; x_wconf 76' lang='lat' dir='ltr'>liujiumodi</span> <span class='ocrx_word' id='word_1_617' title='bbox 1274 3978 1459 4033; x_wconf 84' lang='lat' dir='ltr'>documentum</span> <span class='ocrx_word' id='word_1_618' title='bbox 1476 3978 1576 4045; x_wconf 76' lang='lat' dir='ltr'>trecepti</span> <span class='ocrx_word' id='word_1_619' title='bbox 1589 3994 1597 4029; x_wconf 73' lang='grc' dir='ltr'><strong><em>ε</em></strong></span> <span class='ocrx_word' id='word_1_620' title='bbox 1611 3977 1647 4030; x_wconf 83' lang='lat' dir='ltr'>Et</span> <span class='ocrx_word' id='word_1_621' title='bbox 1664 3980 1693 4029; x_wconf 90' lang='lat' dir='ltr'>tu</span> <span class='ocrx_word' id='word_1_622' title='bbox 1707 3977 1753 4042; x_wconf 78' lang='lat' dir='ltr'>suc</span> 
     </span>
     <span class='ocr_line' id='line_1_66' title="bbox 105 4044 1751 4124; baseline -0.002 -23"><span class='ocrx_word' id='word_1_623' title='bbox 105 4046 164 4102; x_wconf 90' lang='lat' dir='ltr'>beri</span> <span class='ocrx_word' id='word_1_624' title='bbox 178 4062 233 4102; x_wconf 93' lang='lat' dir='ltr'>non</span> <span class='ocrx_word' id='word_1_625' title='bbox 246 4049 342 4118; x_wconf 88' lang='lat' dir='ltr'>possit,</span> <span class='ocrx_word' id='word_1_626' title='bbox 355 4063 433 4121; x_wconf 90' lang='lat' dir='ltr'>quos</span> <span class='ocrx_word' id='word_1_627' title='bbox 468 4057 523 4105; x_wconf 88' lang='lat' dir='ltr'>ctat</span> <span class='ocrx_word' id='word_1_628' title='bbox 537 4048 603 4104; x_wconf 91' lang='lat' dir='ltr'>illud</span> <span class='ocrx_word' id='word_1_629' title='bbox 625 4065 631 4102; x_wconf 91' lang='lat'>:</span> <span class='ocrx_word' id='word_1_630' title='bbox 654 4050 705 4116; x_wconf 73' lang='lat' dir='ltr'>(lcii</span> <span class='ocrx_word' id='word_1_631' title='bbox 719 4064 770 4102; x_wconf 84' lang='lat' dir='ltr'>aori</span> <span class='ocrx_word' id='word_1_632' title='bbox 784 4049 899 4114; x_wconf 80' lang='lat' dir='ltr'>loborat,</span> <span class='ocrx_word' id='word_1_633' title='bbox 956 4050 1090 4112; x_wconf 78' lang='lat' dir='ltr'>similiter,</span> <span class='ocrx_word' id='word_1_634' title='bbox 1101 4053 1127 4102; x_wconf 90' lang='lat' dir='ltr'>ct</span> <span class='ocrx_word' id='word_1_635' title='bbox 1140 4051 1302 4104; x_wconf 67' lang='lat' dir='ltr'>satiauerat.</span> <span class='ocrx_word' id='word_1_636' title='bbox 1313 4049 1374 4117; x_wconf 87' lang='lat' dir='ltr'>Quo</span> <span class='ocrx_word' id='word_1_637' title='bbox 1388 4048 1432 4103; x_wconf 87' lang='lat' dir='ltr'>ille</span> <span class='ocrx_word' id='word_1_638' title='bbox 1444 4049 1552 4102; x_wconf 89' lang='lat' dir='ltr'>oraculo</span> <span class='ocrx_word' id='word_1_639' title='bbox 1563 4044 1751 4124; x_wconf 77' lang='lat' dir='ltr'>consumatus,</span> 
     </span>
     <span class='ocr_line' id='line_1_67' title="bbox 104 4115 1752 4195; baseline -0.002 -23"><span class='ocrx_word' id='word_1_640' title='bbox 104 4133 159 4172; x_wconf 82' lang='lat' dir='ltr'>riori</span> <span class='ocrx_word' id='word_1_641' title='bbox 172 4121 315 4175; x_wconf 84' lang='lat' dir='ltr'>manducet</span> <span class='ocrx_word' id='word_1_642' title='bbox 329 4139 337 4174; x_wconf 76' lang='grc' dir='ltr'><strong><em>ε</em></strong></span> <span class='ocrx_word' id='word_1_643' title='bbox 352 4119 423 4175; x_wconf 89' lang='lat' dir='ltr'>vela</span> <span class='ocrx_word' id='word_1_644' title='bbox 456 4119 594 4177; x_wconf 81' lang='lat' dir='ltr'>vitandum</span> <span class='ocrx_word' id='word_1_645' title='bbox 608 4117 723 4187; x_wconf 82' lang='lat' dir='ltr'>furtum,</span> <span class='ocrx_word' id='word_1_646' title='bbox 737 4118 806 4173; x_wconf 90' lang='lat' dir='ltr'>etad</span> <span class='ocrx_word' id='word_1_647' title='bbox 828 4119 900 4174; x_wconf 87' lang='lat' dir='ltr'>clee—</span> <span class='ocrx_word' id='word_1_648' title='bbox 956 4127 984 4172; x_wconf 92' lang='lat' dir='ltr'>et</span> <span class='ocrx_word' id='word_1_649' title='bbox 997 4117 1085 4174; x_wconf 89' lang='lat' dir='ltr'>eidem</span> <span class='ocrx_word' id='word_1_650' title='bbox 1097 4118 1251 4182; x_wconf 86' lang='lat' dir='ltr'>obsecutus,</span> <span class='ocrx_word' id='word_1_651' title='bbox 1277 4118 1394 4174; x_wconf 83' lang='lat' dir='ltr'>salutem</span> <span class='ocrx_word' id='word_1_652' title='bbox 1417 4132 1499 4187; x_wconf 90' lang='lat' dir='ltr'>quam</span> <span class='ocrx_word' id='word_1_653' title='bbox 1523 4115 1663 4195; x_wconf 76' lang='lat' dir='ltr'>quaerebat</span> <span class='ocrx_word' id='word_1_654' title='bbox 1676 4128 1752 4168; x_wconf 85' lang='lat' dir='ltr'>inie-</span> 
     </span>
     <span class='ocr_line' id='line_1_68' title="bbox 104 4184 1752 4267; baseline -0.001 -26"><span class='ocrx_word' id='word_1_655' title='bbox 104 4190 392 4258; x_wconf 88' lang='lat' dir='ltr'>mosynasiaciendas,</span> <span class='ocrx_word' id='word_1_656' title='bbox 405 4191 482 4264; x_wconf 80' lang='lat' dir='ltr'>Juxta</span> <span class='ocrx_word' id='word_1_657' title='bbox 496 4190 561 4248; x_wconf 91' lang='lat' dir='ltr'>illud</span> <span class='ocrx_word' id='word_1_658' title='bbox 576 4190 675 4262; x_wconf 85' lang='lat' dir='ltr'>Ephes.</span> <span class='ocrx_word' id='word_1_659' title='bbox 691 4205 724 4244; x_wconf 87' lang='lat' dir='ltr'>iv</span> <span class='ocrx_word' id='word_1_660' title='bbox 739 4207 746 4243; x_wconf 94' lang='lat'><strong>:</strong></span> <span class='ocrx_word' id='word_1_661' title='bbox 760 4191 812 4258; x_wconf 81' lang='lat' dir='ltr'>Qui</span> <span class='ocrx_word' id='word_1_662' title='bbox 824 4191 903 4256; x_wconf 78' lang='lat' dir='ltr'>surii·</span> <span class='ocrx_word' id='word_1_663' title='bbox 957 4187 1007 4242; x_wconf 92' lang='lat' dir='ltr'>nit.</span> <span class='ocrx_word' id='word_1_664' title='bbox 1028 4188 1081 4245; x_wconf 90' lang='lat' dir='ltr'>Sed</span> <span class='ocrx_word' id='word_1_665' title='bbox 1106 4188 1167 4244; x_wconf 82' lang='lat' dir='ltr'>haec</span> <span class='ocrx_word' id='word_1_666' title='bbox 1181 4187 1264 4242; x_wconf 94' lang='lat' dir='ltr'>modo</span> <span class='ocrx_word' id='word_1_667' title='bbox 1285 4187 1419 4243; x_wconf 88' lang='lat' dir='ltr'>sulliciant</span> <span class='ocrx_word' id='word_1_668' title='bbox 1434 4204 1441 4239; x_wconf 92' lang='lat'>:</span> <span class='ocrx_word' id='word_1_669' title='bbox 1455 4201 1519 4267; x_wconf 83' lang='lat' dir='ltr'>nam</span> <span class='ocrx_word' id='word_1_670' title='bbox 1536 4186 1599 4239; x_wconf 92' lang='lat' dir='ltr'>alibi</span> <span class='ocrx_word' id='word_1_671' title='bbox 1613 4199 1707 4239; x_wconf 86' lang='lat' dir='ltr'>rursus</span> <span class='ocrx_word' id='word_1_672' title='bbox 1717 4184 1752 4240; x_wconf 90' lang='lat' dir='ltr'>dc</span> 
     </span>
     <span class='ocr_line' id='line_1_69' title="bbox 106 4256 1752 4332; baseline 0 -21"><span class='ocrx_word' id='word_1_673' title='bbox 106 4259 198 4327; x_wconf 85' lang='lat' dir='ltr'>batur,</span> <span class='ocrx_word' id='word_1_674' title='bbox 206 4260 902 4332; x_wconf 76' lang='lat' dir='ltr'>jomuoufuretur:mopisuutemloboiutopeiuiido</span> <span class='ocrx_word' id='word_1_675' title='bbox 956 4273 1038 4330; x_wconf 90' lang='lat' dir='ltr'>opere</span> <span class='ocrx_word' id='word_1_676' title='bbox 1057 4274 1189 4314; x_wconf 90' lang='lat' dir='ltr'>manuum</span> <span class='ocrx_word' id='word_1_677' title='bbox 1216 4257 1303 4314; x_wconf 82' lang='lat' dir='ltr'>fusius</span> <span class='ocrx_word' id='word_1_678' title='bbox 1316 4257 1451 4331; x_wconf 88' lang='lat' dir='ltr'>agendum</span> <span class='ocrx_word' id='word_1_679' title='bbox 1470 4264 1521 4312; x_wconf 88' lang='lat' dir='ltr'>crit</span> <span class='ocrx_word' id='word_1_680' title='bbox 1538 4256 1612 4328; x_wconf 79' lang='lat' dir='ltr'>(Lib.</span> <span class='ocrx_word' id='word_1_681' title='bbox 1628 4271 1649 4312; x_wconf 85' lang='lat' dir='ltr'>ii</span> <span class='ocrx_word' id='word_1_682' title='bbox 1663 4259 1752 4313; x_wconf 86' lang='lat' dir='ltr'>lustit.</span> 
     </span>
     <span class='ocr_line' id='line_1_70' title="bbox 104 4332 1194 4400; baseline 0 -17"><span class='ocrx_word' id='word_1_683' title='bbox 104 4332 229 4385; x_wconf 80' lang='lat' dir='ltr'>mortibus</span> <span class='ocrx_word' id='word_1_684' title='bbox 235 4335 306 4398; x_wconf 79' lang='lat' dir='ltr'>suis3</span> <span class='ocrx_word' id='word_1_685' title='bbox 319 4338 349 4388; x_wconf 91' lang='lat' dir='ltr'>ut</span> <span class='ocrx_word' id='word_1_686' title='bbox 359 4334 465 4397; x_wconf 86' lang='lat' dir='ltr'>babeat,</span> <span class='ocrx_word' id='word_1_687' title='bbox 476 4334 845 4389; x_wconf 79' lang='lat' dir='ltr'>uiidetiibuotaeccssitutem</span> <span class='ocrx_word' id='word_1_688' title='bbox 873 4348 903 4386; x_wconf 88' lang='lat' dir='ltr'>o·</span> <span class='ocrx_word' id='word_1_689' title='bbox 956 4346 1014 4400; x_wconf 87' lang='lat' dir='ltr'>cop.</span> <span class='ocrx_word' id='word_1_690' title='bbox 1028 4337 1044 4385; x_wconf 85' lang='lat'>7</span> <span class='ocrx_word' id='word_1_691' title='bbox 1059 4335 1085 4385; x_wconf 91' lang='lat' dir='ltr'>et</span> <span class='ocrx_word' id='word_1_692' title='bbox 1098 4334 1194 4400; x_wconf 77' lang='lat' dir='ltr'>seqq).</span> 
     </span>
    </p>

    <p class='ocr_par' dir='ltr' id='par_1_11' title="bbox 101 4348 1755 5900">
     <span class='ocr_line' id='line_1_71' title="bbox 104 4348 1752 4482; baseline 0.001 -27"><span class='ocrx_word' id='word_1_693' title='bbox 104 4404 185 4457; x_wconf 75' lang='lat' dir='ltr'>trenta·</span> <span class='ocrx_word' id='word_1_694' title='bbox 198 4422 207 4456; x_wconf 90' lang='lat'>.·</span> <span class='ocrx_word' id='word_1_695' title='bbox 220 4403 260 4459; x_wconf 83' lang='lat' dir='ltr'>iel</span> <span class='ocrx_word' id='word_1_696' title='bbox 272 4402 306 4459; x_wconf 93' lang='lat' dir='ltr'>ad</span> <span class='ocrx_word' id='word_1_697' title='bbox 317 4404 455 4462; x_wconf 81' lang='lat' dir='ltr'>vitandum</span> <span class='ocrx_word' id='word_1_698' title='bbox 469 4403 635 4472; x_wconf 86' lang='lat' dir='ltr'>scandalum,</span> <span class='ocrx_word' id='word_1_699' title='bbox 648 4413 673 4459; x_wconf 91' lang='lat' dir='ltr'>et</span> <span class='ocrx_word' id='word_1_700' title='bbox 687 4402 803 4465; x_wconf 87' lang='lat' dir='ltr'>oliorum</span> <span class='ocrx_word' id='word_1_701' title='bbox 816 4348 903 4458; x_wconf 56' lang='lat' dir='ltr'>ottho-</span> <span class='ocrx_word' id='word_1_702' title='bbox 992 4405 1004 4433; x_wconf 74' lang='lat'><strong><em>³</em></strong></span> <span class='ocrx_word' id='word_1_703' title='bbox 1020 4401 1087 4458; x_wconf 90' lang='lat' dir='ltr'>Vide</span> <span class='ocrx_word' id='word_1_704' title='bbox 1097 4401 1183 4473; x_wconf 91' lang='lat' dir='ltr'>qualis</span> <span class='ocrx_word' id='word_1_705' title='bbox 1198 4416 1256 4457; x_wconf 90' lang='lat' dir='ltr'>esse</span> <span class='ocrx_word' id='word_1_706' title='bbox 1270 4399 1375 4470; x_wconf 84' lang='lat' dir='ltr'>debeat,</span> <span class='ocrx_word' id='word_1_707' title='bbox 1389 4399 1434 4473; x_wconf 90' lang='lat' dir='ltr'>qui</span> <span class='ocrx_word' id='word_1_708' title='bbox 1443 4400 1468 4454; x_wconf 90' lang='lat' dir='ltr'>in</span> <span class='ocrx_word' id='word_1_709' title='bbox 1481 4397 1608 4455; x_wconf 89' lang='lat' dir='ltr'>abbatem</span> <span class='ocrx_word' id='word_1_710' title='bbox 1623 4398 1730 4482; x_wconf 76' lang='lat' dir='ltr'>eligitur</span> <span class='ocrx_word' id='word_1_711' title='bbox 1744 4419 1752 4456; x_wconf 89' lang='lat'>:</span> 
     </span>
     <span class='ocr_line' id='line_1_72' title="bbox 103 4471 1753 4553; baseline -0.001 -25"><span class='ocrx_word' id='word_1_712' title='bbox 103 4472 238 4543; x_wconf 87' lang='lat' dir='ltr'>diculnm,</span> <span class='ocrx_word' id='word_1_713' title='bbox 250 4474 330 4546; x_wconf 84' lang='lat' dir='ltr'>juxta</span> <span class='ocrx_word' id='word_1_714' title='bbox 351 4474 418 4531; x_wconf 93' lang='lat' dir='ltr'>illud</span> <span class='ocrx_word' id='word_1_715' title='bbox 435 4478 447 4531; x_wconf 92' lang='lat'>1</span> <span class='ocrx_word' id='word_1_716' title='bbox 473 4475 593 4532; x_wconf 85' lang='lat' dir='ltr'>Thessal.</span> <span class='ocrx_word' id='word_1_717' title='bbox 621 4490 665 4538; x_wconf 89' lang='lat' dir='ltr'>iv,</span> <span class='ocrx_word' id='word_1_718' title='bbox 684 4479 714 4529; x_wconf 90' lang='lat' dir='ltr'>ut</span> <span class='ocrx_word' id='word_1_719' title='bbox 732 4476 836 4530; x_wconf 79' lang='lat' dir='ltr'>honeste</span> <span class='ocrx_word' id='word_1_720' title='bbox 860 4474 901 4542; x_wconf 91' lang='lat' dir='ltr'>(id</span> <span class='ocrx_word' id='word_1_721' title='bbox 955 4471 1059 4544; x_wconf 89' lang='lat' dir='ltr'>dequo</span> <span class='ocrx_word' id='word_1_722' title='bbox 1075 4476 1110 4529; x_wconf 90' lang='lat' dir='ltr'>D.</span> <span class='ocrx_word' id='word_1_723' title='bbox 1129 4472 1289 4529; x_wconf 89' lang='lat' dir='ltr'>Benedictus</span> <span class='ocrx_word' id='word_1_724' title='bbox 1303 4487 1363 4544; x_wconf 89' lang='lat' dir='ltr'>cop.</span> <span class='ocrx_word' id='word_1_725' title='bbox 1381 4479 1437 4528; x_wconf 75' lang='lat' dir='ltr'>aet</span> <span class='ocrx_word' id='word_1_726' title='bbox 1451 4477 1486 4527; x_wconf 80' lang='grc'>64</span> <span class='ocrx_word' id='word_1_727' title='bbox 1501 4471 1623 4553; x_wconf 68' lang='lat' dir='ltr'>Regulos,</span> <span class='ocrx_word' id='word_1_728' title='bbox 1635 4474 1681 4526; x_wconf 92' lang='lat' dir='ltr'>ubi</span> <span class='ocrx_word' id='word_1_729' title='bbox 1694 4471 1753 4527; x_wconf 88' lang='lat' dir='ltr'>vide</span> 
     </span>
     <span class='ocr_line' id='line_1_73' title="bbox 104 4542 1751 4616; baseline -0.001 -17"><span class='ocrx_word' id='word_1_730' title='bbox 104 4551 157 4612; x_wconf 82' lang='lat' dir='ltr'>est,</span> <span class='ocrx_word' id='word_1_731' title='bbox 170 4544 231 4601; x_wconf 91' lang='lat' dir='ltr'>sine</span> <span class='ocrx_word' id='word_1_732' title='bbox 241 4545 378 4612; x_wconf 87' lang='lat' dir='ltr'>scandalo)</span> <span class='ocrx_word' id='word_1_733' title='bbox 390 4548 531 4602; x_wconf 78' lang='lat' dir='ltr'>ambuletis</span> <span class='ocrx_word' id='word_1_734' title='bbox 543 4547 579 4601; x_wconf 87' lang='lat' dir='ltr'>od</span> <span class='ocrx_word' id='word_1_735' title='bbox 593 4562 634 4601; x_wconf 89' lang='lat' dir='ltr'>cos</span> <span class='ocrx_word' id='word_1_736' title='bbox 648 4548 697 4616; x_wconf 89' lang='lat' dir='ltr'>qui</span> <span class='ocrx_word' id='word_1_737' title='bbox 707 4548 777 4613; x_wconf 76' lang='lat' dir='ltr'>toris</span> <span class='ocrx_word' id='word_1_738' title='bbox 788 4550 861 4609; x_wconf 86' lang='lat' dir='ltr'>suat,</span> <span class='ocrx_word' id='word_1_739' title='bbox 875 4545 902 4602; x_wconf 89' lang='lat' dir='ltr'>id</span> <span class='ocrx_word' id='word_1_740' title='bbox 954 4547 1204 4600; x_wconf 86' lang='lat' dir='ltr'>Turrecrematum.</span> <span class='ocrx_word' id='word_1_741' title='bbox 1221 4547 1254 4600; x_wconf 82' lang='lat' dir='ltr'>Bt</span> <span class='ocrx_word' id='word_1_742' title='bbox 1264 4553 1327 4599; x_wconf 92' lang='lat' dir='ltr'>nota</span> <span class='ocrx_word' id='word_1_743' title='bbox 1340 4549 1446 4601; x_wconf 84' lang='lat' dir='ltr'>textum</span> <span class='ocrx_word' id='word_1_744' title='bbox 1460 4543 1524 4599; x_wconf 91' lang='lat' dir='ltr'>huie</span> <span class='ocrx_word' id='word_1_745' title='bbox 1539 4542 1706 4598; x_wconf 82' lang='lat' dir='ltr'>consimilem</span> <span class='ocrx_word' id='word_1_746' title='bbox 1724 4543 1751 4598; x_wconf 93' lang='lat' dir='ltr'>iu</span> 
     </span>
     <span class='ocr_line' id='line_1_74' title="bbox 103 4614 1752 4689; baseline -0.001 -19"><span class='ocrx_word' id='word_1_747' title='bbox 103 4621 157 4681; x_wconf 85' lang='lat' dir='ltr'>est,</span> <span class='ocrx_word' id='word_1_748' title='bbox 168 4616 242 4687; x_wconf 88' lang='lat' dir='ltr'>apud</span> <span class='ocrx_word' id='word_1_749' title='bbox 257 4615 377 4674; x_wconf 80' lang='lat' dir='ltr'>inlideles</span> <span class='ocrx_word' id='word_1_750' title='bbox 390 4634 396 4670; x_wconf 73' lang='grc' dir='ltr'>ε</span> <span class='ocrx_word' id='word_1_751' title='bbox 410 4618 452 4674; x_wconf 89' lang='lat' dir='ltr'>vel</span> <span class='ocrx_word' id='word_1_752' title='bbox 473 4617 587 4689; x_wconf 90' lang='lat' dir='ltr'>denique</span> <span class='ocrx_word' id='word_1_753' title='bbox 602 4616 637 4674; x_wconf 92' lang='lat' dir='ltr'>ad</span> <span class='ocrx_word' id='word_1_754' title='bbox 651 4615 790 4673; x_wconf 84' lang='lat' dir='ltr'>vitandum</span> <span class='ocrx_word' id='word_1_755' title='bbox 803 4616 897 4685; x_wconf 86' lang='lat' dir='ltr'>otium,</span> <span class='ocrx_word' id='word_1_756' title='bbox 954 4621 1020 4672; x_wconf 86' lang='lat' dir='ltr'>lure</span> <span class='ocrx_word' id='word_1_757' title='bbox 1027 4615 1165 4672; x_wconf 78' lang='lat' dir='ltr'>canonico</span> <span class='ocrx_word' id='word_1_758' title='bbox 1175 4617 1216 4673; x_wconf 91' lang='lat' dir='ltr'>tit.</span> <span class='ocrx_word' id='word_1_759' title='bbox 1226 4614 1401 4671; x_wconf 87' lang='lat' dir='ltr'>deElectione</span> <span class='ocrx_word' id='word_1_760' title='bbox 1409 4615 1573 4686; x_wconf 68' lang='lat' dir='ltr'>capturam</span> <span class='ocrx_word' id='word_1_761' title='bbox 1580 4616 1752 4682; x_wconf 78' lang='lat' dir='ltr'>magistrum,</span> 
     </span>
     <span class='ocr_line' id='line_1_75' title="bbox 103 4671 1752 4767; baseline -0.002 -26"><span class='ocrx_word' id='word_1_762' title='bbox 103 4693 133 4741; x_wconf 88' lang='lat' dir='ltr'>et</span> <span class='ocrx_word' id='word_1_763' title='bbox 154 4687 245 4744; x_wconf 89' lang='lat' dir='ltr'>carnis</span> <span class='ocrx_word' id='word_1_764' title='bbox 262 4688 424 4745; x_wconf 88' lang='lat' dir='ltr'>tentationes</span> <span class='ocrx_word' id='word_1_765' title='bbox 448 4689 631 4759; x_wconf 83' lang='lat' dir='ltr'>superandas,</span> <span class='ocrx_word' id='word_1_766' title='bbox 658 4687 808 4744; x_wconf 79' lang='lat' dir='ltr'>secundum</span> <span class='ocrx_word' id='word_1_767' title='bbox 833 4671 937 4744; x_wconf 81' lang='lat' dir='ltr'>ittuul)</span> <span class='ocrx_word' id='word_1_768' title='bbox 955 4687 1126 4744; x_wconf 90' lang='lat' dir='ltr'>ubidicitur:</span> <span class='ocrx_word' id='word_1_769' title='bbox 1141 4689 1174 4742; x_wconf 85' lang='lat' dir='ltr'>lii</span> <span class='ocrx_word' id='word_1_770' title='bbox 1187 4689 1347 4757; x_wconf 76' lang='lat' dir='ltr'>magistrum</span> <span class='ocrx_word' id='word_1_771' title='bbox 1358 4688 1460 4742; x_wconf 84' lang='lat' dir='ltr'>ossuini</span> <span class='ocrx_word' id='word_1_772' title='bbox 1471 4702 1523 4740; x_wconf 83' lang='lat' dir='ltr'>riou</span> <span class='ocrx_word' id='word_1_773' title='bbox 1533 4685 1619 4767; x_wconf 80' lang='lat' dir='ltr'>debet,</span> <span class='ocrx_word' id='word_1_774' title='bbox 1635 4687 1684 4753; x_wconf 85' lang='lat' dir='ltr'>qui</span> <span class='ocrx_word' id='word_1_775' title='bbox 1694 4687 1752 4751; x_wconf 78' lang='lat' dir='ltr'>tor·</span> 
     </span>
     <span class='ocr_line' id='line_1_76' title="bbox 103 4755 1751 4843; baseline -0.003 -31"><span class='ocrx_word' id='word_1_776' title='bbox 103 4757 287 4814; x_wconf 86' lang='lat' dir='ltr'>Ecclesiastici</span> <span class='ocrx_word' id='word_1_777' title='bbox 300 4774 405 4817; x_wconf 80' lang='lat' dir='ltr'>xxxiii</span> <span class='ocrx_word' id='word_1_778' title='bbox 417 4779 423 4814; x_wconf 92' lang='lat'><strong>:</strong></span> <span class='ocrx_word' id='word_1_779' title='bbox 435 4762 512 4816; x_wconf 83' lang='lat' dir='ltr'>Mitte</span> <span class='ocrx_word' id='word_1_780' title='bbox 525 4774 632 4815; x_wconf 81' lang='lat' dir='ltr'>seruum</span> <span class='ocrx_word' id='word_1_781' title='bbox 642 4763 718 4814; x_wconf 89' lang='lat' dir='ltr'>tuum</span> <span class='ocrx_word' id='word_1_782' title='bbox 727 4761 758 4814; x_wconf 83' lang='lat' dir='ltr'>iri</span> <span class='ocrx_word' id='word_1_783' title='bbox 769 4761 901 4843; x_wconf 80' lang='lat' dir='ltr'>operatio·</span> <span class='ocrx_word' id='word_1_784' title='bbox 953 4775 1026 4814; x_wconf 87' lang='lat' dir='ltr'>mom</span> <span class='ocrx_word' id='word_1_785' title='bbox 1038 4760 1165 4827; x_wconf 81' lang='lat' dir='ltr'>discipuli</span> <span class='ocrx_word' id='word_1_786' title='bbox 1172 4776 1224 4813; x_wconf 80' lang='lat' dir='ltr'>riou</span> <span class='ocrx_word' id='word_1_787' title='bbox 1236 4761 1380 4827; x_wconf 80' lang='lat' dir='ltr'>assumpsit</span> <span class='ocrx_word' id='word_1_788' title='bbox 1394 4778 1402 4813; x_wconf 88' lang='lat'>:</span> <span class='ocrx_word' id='word_1_789' title='bbox 1415 4773 1498 4827; x_wconf 84' lang='lat' dir='ltr'>acque</span> <span class='ocrx_word' id='word_1_790' title='bbox 1507 4755 1751 4834; x_wconf 29' lang='lat' dir='ltr'>proiciendus-cst,</span> 
     </span>
     <span class='ocr_line' id='line_1_77' title="bbox 101 4823 1752 4905; baseline -0.002 -23"><span class='ocrx_word' id='word_1_791' title='bbox 101 4845 175 4892; x_wconf 83' lang='lat' dir='ltr'>nem,</span> <span class='ocrx_word' id='word_1_792' title='bbox 191 4846 223 4885; x_wconf 87' lang='lat' dir='ltr'>ne</span> <span class='ocrx_word' id='word_1_793' title='bbox 236 4834 310 4885; x_wconf 77' lang='lat' dir='ltr'>occet</span> <span class='ocrx_word' id='word_1_794' title='bbox 325 4833 461 4887; x_wconf 78' lang='lat' dir='ltr'>:Multam</span> <span class='ocrx_word' id='word_1_795' title='bbox 474 4833 544 4886; x_wconf 84' lang='lat' dir='ltr'>enim</span> <span class='ocrx_word' id='word_1_796' title='bbox 558 4832 694 4886; x_wconf 84' lang='lat' dir='ltr'>malitium</span> <span class='ocrx_word' id='word_1_797' title='bbox 707 4831 797 4886; x_wconf 78' lang='lat' dir='ltr'>docuit</span> <span class='ocrx_word' id='word_1_798' title='bbox 810 4832 900 4885; x_wconf 81' lang='lat' dir='ltr'>otiosi·</span> <span class='ocrx_word' id='word_1_799' title='bbox 954 4834 1003 4900; x_wconf 85' lang='lat' dir='ltr'>qui</span> <span class='ocrx_word' id='word_1_800' title='bbox 1007 4832 1111 4885; x_wconf 89' lang='lat' dir='ltr'>subesse</span> <span class='ocrx_word' id='word_1_801' title='bbox 1119 4830 1281 4884; x_wconf 77' lang='lat' dir='ltr'>ieorielida&#39;cr&#39;t.</span> <span class='ocrx_word' id='word_1_802' title='bbox 1291 4832 1331 4884; x_wconf 89' lang='lat' dir='ltr'>lto</span> <span class='ocrx_word' id='word_1_803' title='bbox 1344 4829 1469 4884; x_wconf 84' lang='lat' dir='ltr'>Zosimus</span> <span class='ocrx_word' id='word_1_804' title='bbox 1480 4829 1531 4880; x_wconf 87' lang='lat' dir='ltr'>PP.</span> <span class='ocrx_word' id='word_1_805' title='bbox 1540 4827 1573 4879; x_wconf 89' lang='lat' dir='ltr'>ad</span> <span class='ocrx_word' id='word_1_806' title='bbox 1586 4823 1752 4905; x_wconf 80' lang='lat' dir='ltr'>Hesychium</span> 
     </span>
     <span class='ocr_line' id='line_1_78' title="bbox 102 4896 1752 4976; baseline -0.004 -22"><span class='ocrx_word' id='word_1_807' title='bbox 102 4905 157 4954; x_wconf 87' lang='lat' dir='ltr'>tos.</span> <span class='ocrx_word' id='word_1_808' title='bbox 180 4900 263 4958; x_wconf 89' lang='lat' dir='ltr'>Unde</span> <span class='ocrx_word' id='word_1_809' title='bbox 276 4901 399 4973; x_wconf 89' lang='lat' dir='ltr'>sequitur</span> <span class='ocrx_word' id='word_1_810' title='bbox 411 4917 468 4970; x_wconf 86' lang='lat' dir='ltr'>eos,</span> <span class='ocrx_word' id='word_1_811' title='bbox 488 4901 534 4974; x_wconf 92' lang='lat' dir='ltr'>qui</span> <span class='ocrx_word' id='word_1_812' title='bbox 554 4909 666 4973; x_wconf 88' lang='lat' dir='ltr'>possunt</span> <span class='ocrx_word' id='word_1_813' title='bbox 679 4900 785 4956; x_wconf 85' lang='lat' dir='ltr'>aliunde</span> <span class='ocrx_word' id='word_1_814' title='bbox 799 4900 900 4956; x_wconf 87' lang='lat' dir='ltr'>victum</span> <span class='ocrx_word' id='word_1_815' title='bbox 955 4918 1013 4972; x_wconf 89' lang='lat' dir='ltr'>cap.</span> <span class='ocrx_word' id='word_1_816' title='bbox 1034 4911 1045 4956; x_wconf 92' lang='lat'>1</span> <span class='ocrx_word' id='word_1_817' title='bbox 1073 4902 1124 4956; x_wconf 86' lang='lat' dir='ltr'>:Si</span> <span class='ocrx_word' id='word_1_818' title='bbox 1142 4903 1221 4961; x_wconf 78' lang='lat' dir='ltr'>carim,</span> <span class='ocrx_word' id='word_1_819' title='bbox 1237 4901 1333 4971; x_wconf 84' lang='lat' dir='ltr'>inquit,</span> <span class='ocrx_word' id='word_1_820' title='bbox 1347 4901 1437 4967; x_wconf 75' lang='lat' dir='ltr'>ostiam</span> <span class='ocrx_word' id='word_1_821' title='bbox 1450 4896 1592 4976; x_wconf 81' lang='lat' dir='ltr'>suculura&#39;o</span> <span class='ocrx_word' id='word_1_822' title='bbox 1603 4909 1752 4964; x_wconf 70' lang='lat' dir='ltr'>participem</span> 
     </span>
     <span class='ocr_line' id='line_1_79' title="bbox 102 4965 1753 5048; baseline -0.004 -22"><span class='ocrx_word' id='word_1_823' title='bbox 102 4970 217 5034; x_wconf 83' lang='lat' dir='ltr'>habere,</span> <span class='ocrx_word' id='word_1_824' title='bbox 233 4981 259 5028; x_wconf 88' lang='lat' dir='ltr'>et</span> <span class='ocrx_word' id='word_1_825' title='bbox 273 4971 388 5040; x_wconf 81' lang='lat' dir='ltr'>lurtum,</span> <span class='ocrx_word' id='word_1_826' title='bbox 407 4974 581 5040; x_wconf 88' lang='lat' dir='ltr'>scandalum,</span> <span class='ocrx_word' id='word_1_827' title='bbox 597 4973 683 5028; x_wconf 92' lang='lat' dir='ltr'>otium</span> <span class='ocrx_word' id='word_1_828' title='bbox 699 4980 725 5027; x_wconf 87' lang='lat' dir='ltr'>et</span> <span class='ocrx_word' id='word_1_829' title='bbox 744 4971 786 5026; x_wconf 91' lang='lat' dir='ltr'>his</span> <span class='ocrx_word' id='word_1_830' title='bbox 803 4971 902 5028; x_wconf 89' lang='lat' dir='ltr'>similia</span> <span class='ocrx_word' id='word_1_831' title='bbox 956 4974 1051 5033; x_wconf 86' lang='lat' dir='ltr'>locum,</span> <span class='ocrx_word' id='word_1_832' title='bbox 1067 4987 1119 5024; x_wconf 82' lang='lat' dir='ltr'>riou</span> <span class='ocrx_word' id='word_1_833' title='bbox 1132 4971 1292 5025; x_wconf 81' lang='lat' dir='ltr'>uestibulum</span> <span class='ocrx_word' id='word_1_834' title='bbox 1304 4972 1416 5024; x_wconf 81' lang='lat' dir='ltr'>actionis</span> <span class='ocrx_word' id='word_1_835' title='bbox 1432 4969 1567 5034; x_wconf 70' lang='lat' dir='ltr'>cipressus,</span> <span class='ocrx_word' id='word_1_836' title='bbox 1578 4966 1624 5020; x_wconf 85' lang='lat' dir='ltr'>scil</span> <span class='ocrx_word' id='word_1_837' title='bbox 1634 4965 1753 5048; x_wconf 83' lang='lat' dir='ltr'>perplu-</span> 
     </span>
     <span class='ocr_line' id='line_1_80' title="bbox 101 5037 1753 5115; baseline -0.003 -18"><span class='ocrx_word' id='word_1_838' title='bbox 101 5040 207 5098; x_wconf 82' lang='lat' dir='ltr'>csitare</span> <span class='ocrx_word' id='word_1_839' title='bbox 219 5042 322 5115; x_wconf 89' lang='lat' dir='ltr'>absque</span> <span class='ocrx_word' id='word_1_840' title='bbox 337 5059 417 5114; x_wconf 90' lang='lat' dir='ltr'>opere</span> <span class='ocrx_word' id='word_1_841' title='bbox 431 5059 581 5109; x_wconf 87' lang='lat' dir='ltr'>manuum,</span> <span class='ocrx_word' id='word_1_842' title='bbox 599 5052 627 5099; x_wconf 92' lang='lat' dir='ltr'>et</span> <span class='ocrx_word' id='word_1_843' title='bbox 644 5042 737 5098; x_wconf 89' lang='lat' dir='ltr'>labore</span> <span class='ocrx_word' id='word_1_844' title='bbox 753 5042 900 5111; x_wconf 90' lang='lat' dir='ltr'>corporali,</span> <span class='ocrx_word' id='word_1_845' title='bbox 955 5039 1481 5111; x_wconf 73' lang='lat' dir='ltr'>rimasprriduseieumi&#39;mitistemporalia-s</span> <span class='ocrx_word' id='word_1_846' title='bbox 1494 5037 1753 5107; x_wconf 70' lang='lat' dir='ltr'>desairiiimqoisitte</span> 
     </span>
     <span class='ocr_line' id='line_1_81' title="bbox 102 5110 1755 5186; baseline -0.004 -18"><span class='ocrx_word' id='word_1_847' title='bbox 102 5113 264 5185; x_wconf 82' lang='lat' dir='ltr'>Apostolioo</span> <span class='ocrx_word' id='word_1_848' title='bbox 285 5124 419 5186; x_wconf 82' lang='lat' dir='ltr'>praecepto</span> <span class='ocrx_word' id='word_1_849' title='bbox 439 5116 472 5170; x_wconf 94' lang='lat' dir='ltr'>ad</span> <span class='ocrx_word' id='word_1_850' title='bbox 492 5114 520 5170; x_wconf 92' lang='lat' dir='ltr'>id</span> <span class='ocrx_word' id='word_1_851' title='bbox 535 5115 687 5170; x_wconf 89' lang='lat' dir='ltr'>nullatenus</span> <span class='ocrx_word' id='word_1_852' title='bbox 709 5112 835 5184; x_wconf 86' lang='lat' dir='ltr'>obligari;</span> <span class='ocrx_word' id='word_1_853' title='bbox 851 5112 902 5170; x_wconf 91' lang='lat' dir='ltr'>nisi</span> <span class='ocrx_word' id='word_1_854' title='bbox 955 5119 1011 5168; x_wconf 87' lang='lat' dir='ltr'>tom</span> <span class='ocrx_word' id='word_1_855' title='bbox 1026 5127 1168 5181; x_wconf 75' lang='lat' dir='ltr'>uri-oquae,</span> <span class='ocrx_word' id='word_1_856' title='bbox 1183 5117 1239 5166; x_wconf 83' lang='lat' dir='ltr'>turn</span> <span class='ocrx_word' id='word_1_857' title='bbox 1255 5111 1552 5181; x_wconf 70' lang='lat' dir='ltr'>immolaticensium,</span> <span class='ocrx_word' id='word_1_858' title='bbox 1568 5114 1598 5163; x_wconf 89' lang='lat' dir='ltr'>ut</span> <span class='ocrx_word' id='word_1_859' title='bbox 1612 5111 1640 5162; x_wconf 84' lang='lat' dir='ltr'>iu</span> <span class='ocrx_word' id='word_1_860' title='bbox 1658 5110 1755 5163; x_wconf 80' lang='lat' dir='ltr'>coelesti</span> 
     </span>
     <span class='ocr_line' id='line_1_82' title="bbox 101 5181 1750 5268; baseline -0.004 -28"><span class='ocrx_word' id='word_1_861' title='bbox 101 5199 133 5240; x_wconf 87' lang='lat' dir='ltr'>se</span> <span class='ocrx_word' id='word_1_862' title='bbox 147 5193 223 5254; x_wconf 82' lang='lat' dir='ltr'>voto,</span> <span class='ocrx_word' id='word_1_863' title='bbox 244 5194 292 5242; x_wconf 91' lang='lat' dir='ltr'>aut</span> <span class='ocrx_word' id='word_1_864' title='bbox 304 5186 420 5268; x_wconf 85' lang='lat' dir='ltr'>propriis</span> <span class='ocrx_word' id='word_1_865' title='bbox 441 5185 568 5257; x_wconf 84' lang='lat' dir='ltr'>Regulis,</span> <span class='ocrx_word' id='word_1_866' title='bbox 583 5195 610 5242; x_wconf 89' lang='lat' dir='ltr'>ct</span> <span class='ocrx_word' id='word_1_867' title='bbox 632 5185 758 5241; x_wconf 90' lang='lat' dir='ltr'>institutis</span> <span class='ocrx_word' id='word_1_868' title='bbox 778 5183 813 5240; x_wconf 93' lang='lat' dir='ltr'>ad</span> <span class='ocrx_word' id='word_1_869' title='bbox 834 5200 902 5254; x_wconf 91' lang='lat' dir='ltr'>opus</span> <span class='ocrx_word' id='word_1_870' title='bbox 954 5181 1750 5262; x_wconf 79' lang='lat' dir='ltr'>militib,qiuaproperisibspouderoudocst,etsicutuurum,</span> 
     </span>
     <span class='ocr_line' id='line_1_83' title="bbox 101 5251 1751 5330; baseline -0.002 -20"><span class='ocrx_word' id='word_1_871' title='bbox 101 5271 240 5312; x_wconf 90' lang='lat' dir='ltr'>manuum</span> <span class='ocrx_word' id='word_1_872' title='bbox 258 5256 416 5330; x_wconf 84' lang='lat' dir='ltr'>obligarint,</span> <span class='ocrx_word' id='word_1_873' title='bbox 430 5257 499 5313; x_wconf 89' lang='lat' dir='ltr'>sicut</span> <span class='ocrx_word' id='word_1_874' title='bbox 520 5256 556 5312; x_wconf 94' lang='lat' dir='ltr'>illi</span> <span class='ocrx_word' id='word_1_875' title='bbox 572 5266 673 5312; x_wconf 89' lang='lat' dir='ltr'>veteres</span> <span class='ocrx_word' id='word_1_876' title='bbox 692 5255 827 5310; x_wconf 85' lang='lat' dir='ltr'>monaclii.</span> <span class='ocrx_word' id='word_1_877' title='bbox 847 5257 902 5311; x_wconf 89' lang='lat' dir='ltr'>Cur</span> <span class='ocrx_word' id='word_1_878' title='bbox 955 5251 1751 5325; x_wconf 74' lang='lat' dir='ltr'>repetitisaquiluseaplorcudu,stotimduacssedesiderat,</span> 
     </span>
     <span class='ocr_line' id='line_1_84' title="bbox 101 5323 1752 5453; baseline -0.004 -70"><span class='ocrx_word' id='word_1_879' title='bbox 101 5336 197 5383; x_wconf 86' lang='lat' dir='ltr'>autem</span> <span class='ocrx_word' id='word_1_880' title='bbox 217 5327 374 5400; x_wconf 85' lang='lat' dir='ltr'>hujusmodi</span> <span class='ocrx_word' id='word_1_881' title='bbox 399 5327 531 5400; x_wconf 86' lang='lat' dir='ltr'>Regulam</span> <span class='ocrx_word' id='word_1_882' title='bbox 550 5327 600 5383; x_wconf 92' lang='lat' dir='ltr'>sibi</span> <span class='ocrx_word' id='word_1_883' title='bbox 615 5328 818 5392; x_wconf 88' lang='lat' dir='ltr'>constituerint,</span> <span class='ocrx_word' id='word_1_884' title='bbox 834 5324 901 5382; x_wconf 90' lang='lat' dir='ltr'>duas</span> <span class='ocrx_word' id='word_1_885' title='bbox 955 5344 1013 5382; x_wconf 76' lang='lat' dir='ltr'>caira</span> <span class='ocrx_word' id='word_1_886' title='bbox 1029 5332 1089 5396; x_wconf 83' lang='lat' dir='ltr'>tyro</span> <span class='ocrx_word' id='word_1_887' title='bbox 1102 5331 1164 5380; x_wconf 83' lang='lat' dir='ltr'>urite</span> <span class='ocrx_word' id='word_1_888' title='bbox 1176 5343 1228 5380; x_wconf 85' lang='lat' dir='ltr'>riori</span> <span class='ocrx_word' id='word_1_889' title='bbox 1239 5328 1334 5393; x_wconf 76' lang='lat' dir='ltr'>suerit,</span> <span class='ocrx_word' id='word_1_890' title='bbox 1351 5327 1467 5453; x_wconf 57' lang='lat' dir='ltr'>etgrius</span> <span class='ocrx_word' id='word_1_891' title='bbox 1478 5325 1541 5378; x_wconf 85' lang='lat' dir='ltr'>uelit</span> <span class='ocrx_word' id='word_1_892' title='bbox 1554 5323 1752 5404; x_wconf 59' lang='lat' dir='ltr'>docerequum</span> 
     </span>
     <span class='ocr_line' id='line_1_85' title="bbox 102 5394 1751 5482; baseline -0.004 -28"><span class='ocrx_word' id='word_1_893' title='bbox 102 5413 200 5455; x_wconf 70' lang='lat' dir='ltr'>musas</span> <span class='ocrx_word' id='word_1_894' title='bbox 223 5399 311 5482; x_wconf 87' lang='lat' dir='ltr'>tangit</span> <span class='ocrx_word' id='word_1_895' title='bbox 331 5403 367 5454; x_wconf 90' lang='lat' dir='ltr'>D.</span> <span class='ocrx_word' id='word_1_896' title='bbox 384 5401 568 5470; x_wconf 86' lang='lat' dir='ltr'>Hieronymus</span> <span class='ocrx_word' id='word_1_897' title='bbox 583 5398 644 5454; x_wconf 93' lang='lat' dir='ltr'>loeo</span> <span class='ocrx_word' id='word_1_898' title='bbox 669 5398 762 5463; x_wconf 90' lang='lat' dir='ltr'>citato,</span> <span class='ocrx_word' id='word_1_899' title='bbox 783 5413 901 5468; x_wconf 88' lang='lat' dir='ltr'>quarum</span> <span class='ocrx_word' id='word_1_900' title='bbox 954 5398 1299 5454; x_wconf 76' lang='lat' dir='ltr'>rli&#39;sceietlitCoelestinus</span> <span class='ocrx_word' id='word_1_901' title='bbox 1311 5399 1364 5453; x_wconf 88' lang='lat' dir='ltr'>PP.</span> <span class='ocrx_word' id='word_1_902' title='bbox 1405 5394 1751 5465; x_wconf 83' lang='lat' dir='ltr'>alliarumepiscopiseap.</span> 
     </span>
     <span class='ocr_line' id='line_1_86' title="bbox 105 5466 1753 5543; baseline -0.004 -18"><span class='ocrx_word' id='word_1_903' title='bbox 105 5469 181 5540; x_wconf 90' lang='lat' dir='ltr'>prior</span> <span class='ocrx_word' id='word_1_904' title='bbox 202 5468 254 5526; x_wconf 83' lang='lat' dir='ltr'>tuti</span> <span class='ocrx_word' id='word_1_905' title='bbox 273 5471 375 5543; x_wconf 89' lang='lat' dir='ltr'>inopia,</span> <span class='ocrx_word' id='word_1_906' title='bbox 387 5480 416 5527; x_wconf 89' lang='lat' dir='ltr'>st</span> <span class='ocrx_word' id='word_1_907' title='bbox 435 5472 522 5526; x_wconf 82' lang='lat' dir='ltr'>victus</span> <span class='ocrx_word' id='word_1_908' title='bbox 534 5471 645 5541; x_wconf 90' lang='lat' dir='ltr'>parandi</span> <span class='ocrx_word' id='word_1_909' title='bbox 657 5469 803 5525; x_wconf 88' lang='lat' dir='ltr'>necessitas</span> <span class='ocrx_word' id='word_1_910' title='bbox 824 5487 830 5523; x_wconf 93' lang='lat'>:</span> <span class='ocrx_word' id='word_1_911' title='bbox 845 5484 900 5524; x_wconf 95' lang='lat' dir='ltr'>non</span> <span class='ocrx_word' id='word_1_912' title='bbox 955 5476 970 5526; x_wconf 83' lang='lat'><strong>3</strong></span> <span class='ocrx_word' id='word_1_913' title='bbox 987 5490 994 5523; x_wconf 88' lang='lat'><strong><em>:</em></strong></span> <span class='ocrx_word' id='word_1_914' title='bbox 1015 5471 1096 5525; x_wconf 85' lang='lat' dir='ltr'>Debet</span> <span class='ocrx_word' id='word_1_915' title='bbox 1109 5470 1179 5524; x_wconf 85' lang='lat' dir='ltr'>euim</span> <span class='ocrx_word' id='word_1_916' title='bbox 1191 5472 1270 5523; x_wconf 88' lang='lat' dir='ltr'>outeo</span> <span class='ocrx_word' id='word_1_917' title='bbox 1284 5485 1338 5524; x_wconf 86' lang='lat' dir='ltr'>esse</span> <span class='ocrx_word' id='word_1_918' title='bbox 1349 5468 1504 5538; x_wconf 84' lang='lat' dir='ltr'>discipulus,</span> <span class='ocrx_word' id='word_1_919' title='bbox 1528 5468 1648 5536; x_wconf 82' lang='lat' dir='ltr'>quisquis</span> <span class='ocrx_word' id='word_1_920' title='bbox 1663 5466 1753 5520; x_wconf 89' lang='lat' dir='ltr'>doctor</span> 
     </span>
     <span class='ocr_line' id='line_1_87' title="bbox 107 5535 1752 5614; baseline -0.001 -22"><span class='ocrx_word' id='word_1_921' title='bbox 107 5539 179 5595; x_wconf 87' lang='lat' dir='ltr'>enim</span> <span class='ocrx_word' id='word_1_922' title='bbox 192 5549 319 5614; x_wconf 86' lang='lat' dir='ltr'>poterant</span> <span class='ocrx_word' id='word_1_923' title='bbox 337 5542 413 5597; x_wconf 84' lang='lat' dir='ltr'>aliter</span> <span class='ocrx_word' id='word_1_924' title='bbox 434 5541 590 5608; x_wconf 88' lang='lat' dir='ltr'>sustentari,</span> <span class='ocrx_word' id='word_1_925' title='bbox 614 5556 676 5596; x_wconf 92' lang='lat' dir='ltr'>cum</span> <span class='ocrx_word' id='word_1_926' title='bbox 697 5538 752 5595; x_wconf 91' lang='lat' dir='ltr'>hon</span> <span class='ocrx_word' id='word_1_927' title='bbox 771 5538 902 5596; x_wconf 89' lang='lat' dir='ltr'>haberent</span> <span class='ocrx_word' id='word_1_928' title='bbox 954 5557 1007 5597; x_wconf 89' lang='lat' dir='ltr'>esse</span> <span class='ocrx_word' id='word_1_929' title='bbox 1019 5541 1165 5603; x_wconf 84' lang='lat' dir='ltr'>desideret,</span> <span class='ocrx_word' id='word_1_930' title='bbox 1176 5544 1207 5595; x_wconf 89' lang='lat' dir='ltr'>ut</span> <span class='ocrx_word' id='word_1_931' title='bbox 1213 5542 1298 5610; x_wconf 82' lang='lat' dir='ltr'>possit</span> <span class='ocrx_word' id='word_1_932' title='bbox 1309 5541 1411 5601; x_wconf 82' lang='lat' dir='ltr'>docere,</span> <span class='ocrx_word' id='word_1_933' title='bbox 1424 5537 1495 5609; x_wconf 88' lang='lat' dir='ltr'>quod</span> <span class='ocrx_word' id='word_1_934' title='bbox 1505 5538 1609 5592; x_wconf 86' lang='lat' dir='ltr'>didicit.</span> <span class='ocrx_word' id='word_1_935' title='bbox 1625 5535 1752 5592; x_wconf 85' lang='lat' dir='ltr'>Ruricius</span> 
     </span>
     <span class='ocr_line' id='line_1_88' title="bbox 109 5609 1750 5692; baseline -0.002 -26"><span class='ocrx_word' id='word_1_936' title='bbox 109 5610 216 5692; x_wconf 74' lang='lat' dir='ltr'>praedia,</span> <span class='ocrx_word' id='word_1_937' title='bbox 234 5622 263 5669; x_wconf 88' lang='lat' dir='ltr'>et</span> <span class='ocrx_word' id='word_1_938' title='bbox 277 5613 460 5684; x_wconf 83' lang='lat' dir='ltr'>possessiones</span> <span class='ocrx_word' id='word_1_939' title='bbox 473 5613 521 5668; x_wconf 89' lang='lat' dir='ltr'>sibi</span> <span class='ocrx_word' id='word_1_940' title='bbox 537 5613 656 5676; x_wconf 81' lang='lat' dir='ltr'>relictas,</span> <span class='ocrx_word' id='word_1_941' title='bbox 675 5611 793 5683; x_wconf 88' lang='lat' dir='ltr'>nihilque</span> <span class='ocrx_word' id='word_1_942' title='bbox 807 5627 899 5666; x_wconf 88' lang='lat' dir='ltr'>secum</span> <span class='ocrx_word' id='word_1_943' title='bbox 954 5611 999 5668; x_wconf 92' lang='lat' dir='ltr'>lib.</span> <span class='ocrx_word' id='word_1_944' title='bbox 1025 5626 1050 5667; x_wconf 98' lang='grc' dir='ltr'>ιι</span> <span class='ocrx_word' id='word_1_945' title='bbox 1062 5613 1141 5683; x_wconf 89' lang='lat' dir='ltr'>epist.</span> <span class='ocrx_word' id='word_1_946' title='bbox 1157 5617 1190 5667; x_wconf 78' lang='lat'>25</span> <span class='ocrx_word' id='word_1_947' title='bbox 1206 5631 1212 5666; x_wconf 75' lang='grc' dir='ltr'><strong><em>ε</em></strong></span> <span class='ocrx_word' id='word_1_948' title='bbox 1228 5614 1307 5667; x_wconf 81' lang='lat' dir='ltr'>Prius</span> <span class='ocrx_word' id='word_1_949' title='bbox 1329 5613 1398 5666; x_wconf 82' lang='lat' dir='ltr'>caim</span> <span class='ocrx_word' id='word_1_950' title='bbox 1412 5610 1523 5680; x_wconf 82' lang='lat' dir='ltr'>quilibet</span> <span class='ocrx_word' id='word_1_951' title='bbox 1544 5609 1621 5664; x_wconf 86' lang='lat' dir='ltr'>debet</span> <span class='ocrx_word' id='word_1_952' title='bbox 1641 5609 1750 5689; x_wconf 74' lang='lat' dir='ltr'>ducere,</span> 
     </span>
     <span class='ocr_line' id='line_1_89' title="bbox 107 5683 1752 5754; baseline -0.002 -18"><span class='ocrx_word' id='word_1_953' title='bbox 107 5696 137 5736; x_wconf 90' lang='lat' dir='ltr'>in</span> <span class='ocrx_word' id='word_1_954' title='bbox 151 5685 309 5740; x_wconf 84' lang='lat' dir='ltr'>monasteria</span> <span class='ocrx_word' id='word_1_955' title='bbox 323 5683 454 5741; x_wconf 83' lang='lat' dir='ltr'>inferrent</span> <span class='ocrx_word' id='word_1_956' title='bbox 466 5685 637 5750; x_wconf 73' lang='lat' dir='ltr'>(Bellouaci.</span> <span class='ocrx_word' id='word_1_957' title='bbox 652 5685 710 5740; x_wconf 81' lang='lat' dir='ltr'>lid.</span> <span class='ocrx_word' id='word_1_958' title='bbox 722 5698 746 5739; x_wconf 96' lang='grc' dir='ltr'>ιι</span> <span class='ocrx_word' id='word_1_959' title='bbox 762 5684 795 5738; x_wconf 86' lang='lat' dir='ltr'>dc</span> <span class='ocrx_word' id='word_1_960' title='bbox 805 5686 899 5739; x_wconf 76' lang='lat' dir='ltr'>dionu-</span> <span class='ocrx_word' id='word_1_961' title='bbox 953 5699 1034 5753; x_wconf 85' lang='lat' dir='ltr'>quara</span> <span class='ocrx_word' id='word_1_962' title='bbox 1040 5683 1140 5746; x_wconf 88' lang='lat' dir='ltr'>docere,</span> <span class='ocrx_word' id='word_1_963' title='bbox 1152 5686 1216 5754; x_wconf 80' lang='lat' dir='ltr'>quio</span> <span class='ocrx_word' id='word_1_964' title='bbox 1220 5698 1390 5754; x_wconf 73' lang='lat' dir='ltr'>praepropere</span> <span class='ocrx_word' id='word_1_965' title='bbox 1396 5683 1510 5737; x_wconf 73' lang='lat' dir='ltr'>doctoris</span> <span class='ocrx_word' id='word_1_966' title='bbox 1517 5685 1752 5750; x_wconf 80' lang='lat' dir='ltr'>iuiiipotsuperce·</span> 
     </span>
     <span class='ocr_line' id='line_1_90' title="bbox 105 5752 1650 5825; baseline 0 -19"><span class='ocrx_word' id='word_1_967' title='bbox 105 5753 167 5807; x_wconf 77' lang='lat' dir='ltr'>eliis</span> <span class='ocrx_word' id='word_1_968' title='bbox 180 5767 200 5807; x_wconf 90' lang='lat' dir='ltr'>c.</span> <span class='ocrx_word' id='word_1_969' title='bbox 218 5760 275 5822; x_wconf 81' lang='grc'>42),</span> <span class='ocrx_word' id='word_1_970' title='bbox 288 5763 355 5812; x_wconf 88' lang='lat' dir='ltr'>teste</span> <span class='ocrx_word' id='word_1_971' title='bbox 364 5755 490 5811; x_wconf 76' lang='lat' dir='ltr'>cistam</span> <span class='ocrx_word' id='word_1_972' title='bbox 503 5755 547 5810; x_wconf 91' lang='lat' dir='ltr'>lib.</span> <span class='ocrx_word' id='word_1_973' title='bbox 561 5769 605 5825; x_wconf 84' lang='lat' dir='ltr'>iv,</span> <span class='ocrx_word' id='word_1_974' title='bbox 619 5771 676 5825; x_wconf 86' lang='lat' dir='ltr'>cap.</span> <span class='ocrx_word' id='word_1_975' title='bbox 695 5760 721 5809; x_wconf 72' lang='lat' dir='ltr'>«l.</span> <span class='ocrx_word' id='word_1_976' title='bbox 732 5756 825 5824; x_wconf 89' lang='lat' dir='ltr'>Neque</span> <span class='ocrx_word' id='word_1_977' title='bbox 835 5753 899 5824; x_wconf 87' lang='lat' dir='ltr'>ipsis</span> <span class='ocrx_word' id='word_1_978' title='bbox 952 5756 1028 5818; x_wconf 88' lang='lat' dir='ltr'>lium,</span> <span class='ocrx_word' id='word_1_979' title='bbox 1044 5756 1098 5810; x_wconf 88' lang='lat' dir='ltr'>uisi</span> <span class='ocrx_word' id='word_1_980' title='bbox 1106 5755 1234 5825; x_wconf 83' lang='lat' dir='ltr'>iliscipuli</span> <span class='ocrx_word' id='word_1_981' title='bbox 1245 5756 1389 5824; x_wconf 84' lang='lat' dir='ltr'>susceperit</span> <span class='ocrx_word' id='word_1_982' title='bbox 1401 5759 1464 5810; x_wconf 82' lang='lat' dir='ltr'>‹iiite</span> <span class='ocrx_word' id='word_1_983' title='bbox 1475 5752 1650 5820; x_wconf 69' lang='lat' dir='ltr'>stimulatum.</span> 
     </span>
     <span class='ocr_line' id='line_1_91' title="bbox 103 5823 899 5900; baseline -0.003 -18"><span class='ocrx_word' id='word_1_984' title='bbox 103 5823 287 5899; x_wconf 76' lang='lat' dir='ltr'>eleemosynae</span> <span class='ocrx_word' id='word_1_985' title='bbox 300 5825 425 5886; x_wconf 81' lang='lat' dir='ltr'>sinificere</span> <span class='ocrx_word' id='word_1_986' title='bbox 445 5827 614 5900; x_wconf 84' lang='lat' dir='ltr'>potuissent,</span> <span class='ocrx_word' id='word_1_987' title='bbox 630 5842 692 5883; x_wconf 87' lang='lat' dir='ltr'>euin</span> <span class='ocrx_word' id='word_1_988' title='bbox 713 5827 738 5881; x_wconf 92' lang='lat' dir='ltr'>iu</span> <span class='ocrx_word' id='word_1_989' title='bbox 762 5841 816 5882; x_wconf 93' lang='lat' dir='ltr'>uno</span> <span class='ocrx_word' id='word_1_990' title='bbox 839 5826 899 5881; x_wconf 92' lang='lat' dir='ltr'>loco</span> 
     </span>
    </p>
   </div>
   <div class='ocr_carea' id='block_1_11' title="bbox 106 3052 905 3188">
    <p class='ocr_par' dir='ltr' id='par_1_12' title="bbox 106 3052 905 3188">
     <span class='ocr_line' id='line_1_92' title="bbox 106 3052 905 3125; baseline 0.006 -22"><span class='ocrx_word' id='word_1_991' title='bbox 106 3056 269 3120; x_wconf 86' lang='lat' dir='ltr'>occupentur</span> <span class='ocrx_word' id='word_1_992' title='bbox 285 3071 293 3106; x_wconf 93' lang='lat'>:</span> <span class='ocrx_word' id='word_1_993' title='bbox 307 3054 373 3122; x_wconf 86' lang='lat' dir='ltr'>quio</span> <span class='ocrx_word' id='word_1_994' title='bbox 390 3057 463 3116; x_wconf 76' lang='lat' dir='ltr'>hinc,</span> <span class='ocrx_word' id='word_1_995' title='bbox 478 3052 574 3125; x_wconf 90' lang='lat' dir='ltr'>iuquit,</span> <span class='ocrx_word' id='word_1_996' title='bbox 587 3070 647 3108; x_wconf 86' lang='lat' dir='ltr'>uere</span> <span class='ocrx_word' id='word_1_997' title='bbox 659 3056 784 3108; x_wconf 80' lang='lat' dir='ltr'>monachi</span> <span class='ocrx_word' id='word_1_998' title='bbox 793 3059 866 3117; x_wconf 77' lang='lat' dir='ltr'>suist,</span> <span class='ocrx_word' id='word_1_999' title='bbox 880 3058 905 3110; x_wconf 89' lang='lat' dir='ltr'>si&#39;</span> 
     </span>
     <span class='ocr_line' id='line_1_93' title="bbox 107 3121 904 3188; baseline 0.01 -14"><span class='ocrx_word' id='word_1_1000' title='bbox 107 3121 200 3175; x_wconf 85' lang='lat' dir='ltr'>labore</span> <span class='ocrx_word' id='word_1_1001' title='bbox 209 3139 339 3177; x_wconf 81' lang='lat' dir='ltr'>munuum</span> <span class='ocrx_word' id='word_1_1002' title='bbox 348 3138 461 3178; x_wconf 77' lang='lat' dir='ltr'>mortim</span> <span class='ocrx_word' id='word_1_1003' title='bbox 469 3128 562 3179; x_wconf 81' lang='lat' dir='ltr'>siccut</span> <span class='ocrx_word' id='word_1_1004' title='bbox 572 3144 580 3188; x_wconf 76' lang='lat'>3</span> <span class='ocrx_word' id='word_1_1005' title='bbox 590 3127 658 3180; x_wconf 83' lang='lat' dir='ltr'>sicut</span> <span class='ocrx_word' id='word_1_1006' title='bbox 669 3128 762 3181; x_wconf 81' lang='lat' dir='ltr'>Pol-res</span> <span class='ocrx_word' id='word_1_1007' title='bbox 770 3128 865 3188; x_wconf 81' lang='lat' dir='ltr'>nostri,</span> <span class='ocrx_word' id='word_1_1008' title='bbox 879 3131 904 3182; x_wconf 90' lang='lat' dir='ltr'>et</span> 
     </span>
    </p>
   </div>
   <div class='ocr_carea' id='block_1_12' title="bbox 0 0 1928 6155">
    <p class='ocr_par' dir='ltr' id='par_1_13' title="bbox 0 0 1928 6155">
     <span class='ocr_line' id='line_1_94' title="bbox 0 0 1928 6155; baseline 0 0"><span class='ocrx_word' id='word_1_1009' title='bbox 0 0 1928 6155; x_wconf 95' lang='lat' dir='ltr'> </span> 
     </span>
    </p>
   </div>
  </div>
 </body>
</html>
