<?xml version="1.0" encoding="UTF-8"?>
<!DOCTYPE html PUBLIC "-//W3C//DTD XHTML 1.0 Transitional//EN"
    "http://www.w3.org/TR/xhtml1/DTD/xhtml1-transitional.dtd">
<html xmlns="http://www.w3.org/1999/xhtml" xml:lang="en" lang="en">
 <head>
  <title>
</title>
<meta http-equiv="Content-Type" content="text/html;charset=utf-8" />
  <meta name='ocr-system' content='tesseract 3.04.00' />
  <meta name='ocr-capabilities' content='ocr_page ocr_carea ocr_par ocr_line ocrx_word'/>
</head>
<body>
  <div class='ocr_page' id='page_1' title='image "./patrologiaecurs29unkngoog_0381.png"; bbox 0 0 3848 6158; ppageno 0'>
   <div class='ocr_carea' id='block_1_1' title="bbox 129 270 179 324">
    <p class='ocr_par' dir='ltr' id='par_1_1' title="bbox 129 270 179 324">
     <span class='ocr_line' id='line_1_1' title="bbox 129 270 179 324; baseline 0 -1"><span class='ocrx_word' id='word_1_1' title='bbox 129 270 179 324; x_wconf 78' lang='lat' dir='ltr'><strong>tii</strong></span> 
     </span>
    </p>
   </div>
   <div class='ocr_carea' id='block_1_2' title="bbox 667 249 1244 314">
    <p class='ocr_par' dir='ltr' id='par_1_2' title="bbox 667 249 1244 314">
     <span class='ocr_line' id='line_1_2' title="bbox 667 249 1244 314; baseline -0.017 0"><span class='ocrx_word' id='word_1_2' title='bbox 667 257 809 314; x_wconf 70' lang='lat' dir='ltr'><strong>tantais</strong></span> <span class='ocrx_word' id='word_1_3' title='bbox 827 255 981 312; x_wconf 78' lang='lat' dir='ltr'><strong>CASSlle</strong></span> <span class='ocrx_word' id='word_1_4' title='bbox 1000 249 1244 309; x_wconf 73' lang='lat' dir='ltr'><strong>cantationes.</strong></span> 
     </span>
    </p>
   </div>
   <div class='ocr_carea' id='block_1_3' title="bbox 1736 242 1792 296">
    <p class='ocr_par' dir='ltr' id='par_1_3' title="bbox 1736 242 1792 296">
     <span class='ocr_line' id='line_1_3' title="bbox 1736 242 1792 296; baseline 0.036 -2"><span class='ocrx_word' id='word_1_5' title='bbox 1736 242 1792 296; x_wconf 73' lang='lat'><strong>748</strong></span> 
     </span>
    </p>
   </div>
   <div class='ocr_carea' id='block_1_4' title="bbox 130 365 1792 461">
    <p class='ocr_par' dir='ltr' id='par_1_4' title="bbox 130 365 1792 461">
     <span class='ocr_line' id='line_1_4' title="bbox 130 365 1792 461; baseline -0.016 -13"><span class='ocrx_word' id='word_1_6' title='bbox 130 391 159 450; x_wconf 91' lang='lat' dir='ltr'><strong>id</strong></span> <span class='ocrx_word' id='word_1_7' title='bbox 180 401 231 458; x_wconf 91' lang='lat' dir='ltr'><strong>est,</strong></span> <span class='ocrx_word' id='word_1_8' title='bbox 257 389 368 447; x_wconf 88' lang='lat' dir='ltr'><strong>nuntios</strong></span> <span class='ocrx_word' id='word_1_9' title='bbox 390 388 519 461; x_wconf 88' lang='lat' dir='ltr'><strong>appellari</strong></span> <span class='ocrx_word' id='word_1_10' title='bbox 544 384 720 442; x_wconf 88' lang='lat' dir='ltr'><strong>manifestum</strong></span> <span class='ocrx_word' id='word_1_11' title='bbox 735 391 788 452; x_wconf 88' lang='lat' dir='ltr'><strong>cst,</strong></span> <span class='ocrx_word' id='word_1_12' title='bbox 812 391 862 439; x_wconf 84' lang='lat' dir='ltr'><strong>et·</strong></span> <span class='ocrx_word' id='word_1_13' title='bbox 885 397 928 438; x_wconf 91' lang='lat' dir='ltr'><strong>ar·</strong></span> <span class='ocrx_word' id='word_1_14' title='bbox 941 387 968 447; x_wconf 75' lang='lat' dir='ltr'>A</span> <span class='ocrx_word' id='word_1_15' title='bbox 981 380 1031 436; x_wconf 93' lang='lat' dir='ltr'><strong>hae</strong></span> <span class='ocrx_word' id='word_1_16' title='bbox 1047 376 1192 437; x_wconf 84' lang='lat' dir='ltr'><strong>solitudine</strong></span> <span class='ocrx_word' id='word_1_17' title='bbox 1212 374 1262 431; x_wconf 90' lang='lat' dir='ltr'><strong>iter</strong></span> <span class='ocrx_word' id='word_1_18' title='bbox 1286 380 1387 444; x_wconf 87' lang='lat' dir='ltr'><strong>ageret,</strong></span> <span class='ocrx_word' id='word_1_19' title='bbox 1402 367 1639 440; x_wconf 84' lang='lat' dir='ltr'><strong>advesperascente</strong></span> <span class='ocrx_word' id='word_1_20' title='bbox 1650 366 1713 439; x_wconf 90' lang='lat' dir='ltr'><strong>jam</strong></span> <span class='ocrx_word' id='word_1_21' title='bbox 1734 365 1792 434; x_wconf 88' lang='lat' dir='ltr'><strong>die,</strong></span> 
     </span>
    </p>
   </div>
   <div class='ocr_carea' id='block_1_5' title="bbox 129 476 933 1295">
    <p class='ocr_par' dir='ltr' id='par_1_5' title="bbox 129 476 933 1295">
     <span class='ocr_line' id='line_1_5' title="bbox 130 476 930 559; baseline -0.013 -17"><span class='ocrx_word' id='word_1_22' title='bbox 130 484 274 559; x_wconf 77' lang='lat' dir='ltr'><strong>diangelos</strong></span> <span class='ocrx_word' id='word_1_23' title='bbox 296 500 329 540; x_wconf 92' lang='lat' dir='ltr'><strong>eo</strong></span> <span class='ocrx_word' id='word_1_24' title='bbox 353 482 428 555; x_wconf 91' lang='lat' dir='ltr'><strong>quod</strong></span> <span class='ocrx_word' id='word_1_25' title='bbox 451 483 517 554; x_wconf 89' lang='lat' dir='ltr'><strong>ipsis</strong></span> <span class='ocrx_word' id='word_1_26' title='bbox 537 480 638 553; x_wconf 83' lang='lat' dir='ltr'><strong>angelis</strong></span> <span class='ocrx_word' id='word_1_27' title='bbox 660 478 784 552; x_wconf 69' lang='lat' dir='ltr'><strong>prosint,</strong></span> <span class='ocrx_word' id='word_1_28' title='bbox 809 476 930 533; x_wconf 92' lang='lat' dir='ltr'><strong>nominis</strong></span> 
     </span>
     <span class='ocr_line' id='line_1_6' title="bbox 132 569 929 652; baseline -0.008 -18"><span class='ocrx_word' id='word_1_29' title='bbox 132 579 217 652; x_wconf 82' lang='lat' dir='ltr'><strong>ipsius</strong></span> <span class='ocrx_word' id='word_1_30' title='bbox 234 578 386 652; x_wconf 77' lang='lat' dir='ltr'>proprietas</span> <span class='ocrx_word' id='word_1_31' title='bbox 396 576 487 633; x_wconf 87' lang='lat' dir='ltr'><strong>docet.</strong></span> <span class='ocrx_word' id='word_1_32' title='bbox 502 569 516 607; x_wconf 73' lang='lat'><strong>¹³</strong></span> <span class='ocrx_word' id='word_1_33' title='bbox 530 572 738 634; x_wconf 76' lang='lat' dir='ltr'><strong>nominationes</strong></span> <span class='ocrx_word' id='word_1_34' title='bbox 755 571 835 627; x_wconf 90' lang='lat' dir='ltr'><strong>etiam</strong></span> <span class='ocrx_word' id='word_1_35' title='bbox 846 570 882 627; x_wconf 92' lang='lat' dir='ltr'><strong>ab</strong></span> <span class='ocrx_word' id='word_1_36' title='bbox 896 586 929 628; x_wconf 91' lang='lat' dir='ltr'><strong>eo</strong></span> 
     </span>
     <span class='ocr_line' id='line_1_7' title="bbox 129 667 929 744; baseline -0.001 -21"><span class='ocrx_word' id='word_1_37' title='bbox 129 673 203 742; x_wconf 86' lang='lat' dir='ltr'><strong>qnod</strong></span> <span class='ocrx_word' id='word_1_38' title='bbox 218 671 380 744; x_wconf 90' lang='lat' dir='ltr'><strong>quibusdam</strong></span> <span class='ocrx_word' id='word_1_39' title='bbox 392 669 584 737; x_wconf 81' lang='lat' dir='ltr'><strong>dominentur3</strong></span> <span class='ocrx_word' id='word_1_40' title='bbox 599 672 611 701; x_wconf 74' lang='lat'>⁰</span> <span class='ocrx_word' id='word_1_41' title='bbox 624 667 789 740; x_wconf 80' lang='lat' dir='ltr'><strong>principatus</strong></span> <span class='ocrx_word' id='word_1_42' title='bbox 807 681 929 738; x_wconf 86' lang='lat' dir='ltr'><strong>quoque,</strong></span> 
     </span>
     <span class='ocr_line' id='line_1_8' title="bbox 130 757 930 834; baseline -0.005 -17"><span class='ocrx_word' id='word_1_43' title='bbox 130 762 204 834; x_wconf 92' lang='lat' dir='ltr'><strong>quod</strong></span> <span class='ocrx_word' id='word_1_44' title='bbox 228 763 354 818; x_wconf 86' lang='lat' dir='ltr'><strong>habeant</strong></span> <span class='ocrx_word' id='word_1_45' title='bbox 376 776 493 833; x_wconf 92' lang='lat' dir='ltr'><strong>quorum</strong></span> <span class='ocrx_word' id='word_1_46' title='bbox 519 761 575 817; x_wconf 87' lang='lat' dir='ltr'><strong>siut</strong></span> <span class='ocrx_word' id='word_1_47' title='bbox 600 759 772 833; x_wconf 71' lang='lat' dir='ltr'><strong>principes.d</strong></span> <span class='ocrx_word' id='word_1_48' title='bbox 797 757 930 821; x_wconf 78' lang='lat' dir='ltr'><strong>Etsedes,</strong></span> 
     </span>
     <span class='ocr_line' id='line_1_9' title="bbox 134 851 933 928; baseline -0.006 -18"><span class='ocrx_word' id='word_1_49' title='bbox 134 855 208 928; x_wconf 91' lang='lat' dir='ltr'><strong>quod</strong></span> <span class='ocrx_word' id='word_1_50' title='bbox 232 857 268 912; x_wconf 90' lang='lat' dir='ltr'><strong>ita</strong></span> <span class='ocrx_word' id='word_1_51' title='bbox 296 857 397 912; x_wconf 87' lang='lat' dir='ltr'><strong>scilicet</strong></span> <span class='ocrx_word' id='word_1_52' title='bbox 414 860 472 912; x_wconf 83' lang='lat' dir='ltr'><strong>ileo</strong></span> <span class='ocrx_word' id='word_1_53' title='bbox 486 855 654 923; x_wconf 67' lang='lat' dir='ltr'><strong>cohereant,</strong></span> <span class='ocrx_word' id='word_1_54' title='bbox 667 863 694 910; x_wconf 89' lang='lat' dir='ltr'><strong>et</strong></span> <span class='ocrx_word' id='word_1_55' title='bbox 706 852 863 910; x_wconf 75' lang='lat' dir='ltr'><strong>domesticae</strong></span> <span class='ocrx_word' id='word_1_56' title='bbox 877 851 933 906; x_wconf 91' lang='lat' dir='ltr'><strong>sint</strong></span> 
     </span>
     <span class='ocr_line' id='line_1_10' title="bbox 132 946 932 1023; baseline -0.005 -17"><span class='ocrx_word' id='word_1_57' title='bbox 132 951 156 1006; x_wconf 90' lang='lat' dir='ltr'><strong>ei</strong></span> <span class='ocrx_word' id='word_1_58' title='bbox 177 966 210 1006; x_wconf 88' lang='lat' dir='ltr'><strong>ac</strong></span> <span class='ocrx_word' id='word_1_59' title='bbox 233 949 394 1019; x_wconf 80' lang='lat' dir='ltr'><strong>familiares,</strong></span> <span class='ocrx_word' id='word_1_60' title='bbox 415 950 488 1008; x_wconf 93' lang='lat' dir='ltr'><strong>utin</strong></span> <span class='ocrx_word' id='word_1_61' title='bbox 505 949 570 1023; x_wconf 82' lang='lat' dir='ltr'><strong>ipsis</strong></span> <span class='ocrx_word' id='word_1_62' title='bbox 591 949 663 1005; x_wconf 83' lang='lat' dir='ltr'><strong>uelut</strong></span> <span class='ocrx_word' id='word_1_63' title='bbox 686 949 714 1004; x_wconf 93' lang='lat' dir='ltr'><strong>in</strong></span> <span class='ocrx_word' id='word_1_64' title='bbox 729 947 846 1020; x_wconf 89' lang='lat' dir='ltr'><strong>quadam</strong></span> <span class='ocrx_word' id='word_1_65' title='bbox 869 946 932 1003; x_wconf 90' lang='lat' dir='ltr'><strong>sede</strong></span> 
     </span>
     <span class='ocr_line' id='line_1_11' title="bbox 131 1040 930 1119; baseline -0.008 -18"><span class='ocrx_word' id='word_1_66' title='bbox 131 1043 226 1102; x_wconf 88' lang='lat' dir='ltr'><strong>diviua</strong></span> <span class='ocrx_word' id='word_1_67' title='bbox 241 1045 367 1119; x_wconf 82' lang='lat' dir='ltr'><strong>majestas</strong></span> <span class='ocrx_word' id='word_1_68' title='bbox 389 1044 553 1117; x_wconf 77' lang='lat' dir='ltr'><strong>peculiarius</strong></span> <span class='ocrx_word' id='word_1_69' title='bbox 575 1043 736 1115; x_wconf 80' lang='lat' dir='ltr'><strong>requiescat,</strong></span> <span class='ocrx_word' id='word_1_70' title='bbox 754 1049 781 1097; x_wconf 89' lang='lat' dir='ltr'><strong>et</strong></span> <span class='ocrx_word' id='word_1_71' title='bbox 796 1040 930 1114; x_wconf 92' lang='lat' dir='ltr'><strong>quodam·</strong></span> 
     </span>
     <span class='ocr_line' id='line_1_12' title="bbox 133 1137 602 1195; baseline -0.006 -2"><span class='ocrx_word' id='word_1_72' title='bbox 133 1137 217 1195; x_wconf 87' lang='lat' dir='ltr'><strong>modo</strong></span> <span class='ocrx_word' id='word_1_73' title='bbox 230 1140 258 1194; x_wconf 92' lang='lat' dir='ltr'><strong>in</strong></span> <span class='ocrx_word' id='word_1_74' title='bbox 272 1140 312 1194; x_wconf 88' lang='lat' dir='ltr'><strong>eis</strong></span> <span class='ocrx_word' id='word_1_75' title='bbox 324 1139 430 1194; x_wconf 88' lang='lat' dir='ltr'><strong>firmius</strong></span> <span class='ocrx_word' id='word_1_76' title='bbox 444 1137 602 1193; x_wconf 85' lang='lat' dir='ltr'><strong>reclinetur.</strong></span> 
     </span>
     <span class='ocr_line' id='line_1_13' title="bbox 421 1239 643 1295; baseline -0.009 0"><span class='ocrx_word' id='word_1_77' title='bbox 421 1241 546 1295; x_wconf 81' lang='lat' dir='ltr'>CAPUT</span> <span class='ocrx_word' id='word_1_78' title='bbox 566 1239 643 1294; x_wconf 86' lang='lat' dir='ltr'><strong>xvi.</strong></span> 
     </span>
    </p>
   </div>
   <div class='ocr_carea' id='block_1_6' title="bbox 134 1334 933 1476">
    <p class='ocr_par' dir='ltr' id='par_1_6' title="bbox 134 1334 933 1476">
     <span class='ocr_line' id='line_1_14' title="bbox 134 1334 933 1461; baseline -0.005 -70"><span class='ocrx_word' id='word_1_79' title='bbox 134 1339 170 1391; x_wconf 83' lang='lat' dir='ltr'><strong>lle</strong></span> <span class='ocrx_word' id='word_1_80' title='bbox 190 1337 352 1406; x_wconf 77' lang='lat' dir='ltr'><strong>subjectione</strong></span> <span class='ocrx_word' id='word_1_81' title='bbox 375 1337 538 1461; x_wconf 48' lang='lat' dir='ltr'><strong>eleimonurrq3</strong></span> <span class='ocrx_word' id='word_1_82' title='bbox 557 1350 639 1459; x_wconf 51' lang='lat' dir='ltr'><strong>qqtom</strong></span> <span class='ocrx_word' id='word_1_83' title='bbox 656 1337 712 1390; x_wconf 85' lang='lat' dir='ltr'><strong>suis</strong></span> <span class='ocrx_word' id='word_1_84' title='bbox 732 1334 933 1404; x_wconf 79' lang='lat' dir='ltr'><strong>priucipatibus</strong></span> 
     </span>
     <span class='ocr_line' id='line_1_15' title="bbox 463 1423 593 1476; baseline 0.015 -18"><span class='ocrx_word' id='word_1_85' title='bbox 463 1423 520 1476; x_wconf 81' lang='lat' dir='ltr'><strong>prce</strong></span> <span class='ocrx_word' id='word_1_86' title='bbox 539 1424 593 1460; x_wconf 88' lang='lat' dir='ltr'><strong>cn.</strong></span> 
     </span>
    </p>
   </div>
   <div class='ocr_carea' id='block_1_7' title="bbox 135 1506 934 1675">
    <p class='ocr_par' dir='ltr' id='par_1_7' title="bbox 135 1506 934 1675">
     <span class='ocr_line' id='line_1_16' title="bbox 171 1506 934 1581; baseline -0.003 -17"><span class='ocrx_word' id='word_1_87' title='bbox 171 1519 181 1544; x_wconf 84' lang='lat'>⁰</span> <span class='ocrx_word' id='word_1_88' title='bbox 206 1511 273 1581; x_wconf 82' lang='lat' dir='ltr'><strong>Regi</strong></span> <span class='ocrx_word' id='word_1_89' title='bbox 293 1518 386 1564; x_wconf 89' lang='lat' dir='ltr'><strong>autem</strong></span> <span class='ocrx_word' id='word_1_90' title='bbox 409 1507 569 1563; x_wconf 91' lang='lat' dir='ltr'><strong>immundos</strong></span> <span class='ocrx_word' id='word_1_91' title='bbox 582 1507 696 1578; x_wconf 89' lang='lat' dir='ltr'><strong>spiritus</strong></span> <span class='ocrx_word' id='word_1_92' title='bbox 716 1522 732 1562; x_wconf 92' lang='lat' dir='ltr'><strong>a</strong></span> <span class='ocrx_word' id='word_1_93' title='bbox 755 1506 934 1578; x_wconf 82' lang='lat' dir='ltr'><strong>nequioribus</strong></span> 
     </span>
     <span class='ocr_line' id='line_1_17' title="bbox 135 1599 933 1675; baseline -0.005 -16"><span class='ocrx_word' id='word_1_94' title='bbox 135 1603 322 1675; x_wconf 83' lang='lat' dir='ltr'><strong>potestatibus,</strong></span> <span class='ocrx_word' id='word_1_95' title='bbox 346 1604 438 1674; x_wconf 87' lang='lat' dir='ltr'><strong>eisque</strong></span> <span class='ocrx_word' id='word_1_96' title='bbox 459 1601 582 1657; x_wconf 84' lang='lat' dir='ltr'><strong>subditos</strong></span> <span class='ocrx_word' id='word_1_97' title='bbox 599 1616 674 1671; x_wconf 91' lang='lat' dir='ltr'><strong>esse,</strong></span> <span class='ocrx_word' id='word_1_98' title='bbox 690 1609 790 1673; x_wconf 78' lang='lat' dir='ltr'><strong>praeter</strong></span> <span class='ocrx_word' id='word_1_99' title='bbox 804 1600 848 1655; x_wconf 92' lang='lat' dir='ltr'><strong>illa</strong></span> <span class='ocrx_word' id='word_1_100' title='bbox 864 1599 933 1655; x_wconf 90' lang='lat' dir='ltr'><strong>Scri·</strong></span> 
     </span>
    </p>
   </div>
   <div class='ocr_carea' id='block_1_8' title="bbox 983 459 1827 1671">
    <p class='ocr_par' dir='ltr' id='par_1_8' title="bbox 983 459 1827 1671">
     <span class='ocr_line' id='line_1_18' title="bbox 983 459 1792 542; baseline -0.016 -13"><span class='ocrx_word' id='word_1_101' title='bbox 983 482 1092 529; x_wconf 89' lang='lat' dir='ltr'><strong>antrum</strong></span> <span class='ocrx_word' id='word_1_102' title='bbox 1114 468 1253 542; x_wconf 86' lang='lat' dir='ltr'><strong>quoddam</strong></span> <span class='ocrx_word' id='word_1_103' title='bbox 1271 464 1420 537; x_wconf 90' lang='lat' dir='ltr'><strong>reperiens,</strong></span> <span class='ocrx_word' id='word_1_104' title='bbox 1440 461 1540 519; x_wconf 89' lang='lat' dir='ltr'><strong>ibidem</strong></span> <span class='ocrx_word' id='word_1_105' title='bbox 1556 459 1694 528; x_wconf 87' lang='lat' dir='ltr'><strong>substitit,</strong></span> <span class='ocrx_word' id='word_1_106' title='bbox 1710 467 1725 504; x_wconf 66' lang='grc' dir='ltr'><strong><em>Β</em></strong></span> <span class='ocrx_word' id='word_1_107' title='bbox 1742 475 1792 516; x_wconf 84' lang='lat' dir='ltr'><strong>re·</strong></span> 
     </span>
     <span class='ocr_line' id='line_1_19' title="bbox 983 551 1795 639; baseline -0.017 -16"><span class='ocrx_word' id='word_1_108' title='bbox 983 567 1133 639; x_wconf 90' lang='lat' dir='ltr'><strong>spertinam</strong></span> <span class='ocrx_word' id='word_1_109' title='bbox 1144 562 1237 619; x_wconf 89' lang='lat' dir='ltr'><strong>rolens</strong></span> <span class='ocrx_word' id='word_1_110' title='bbox 1251 562 1278 617; x_wconf 91' lang='lat' dir='ltr'><strong>in</strong></span> <span class='ocrx_word' id='word_1_111' title='bbox 1290 575 1322 617; x_wconf 91' lang='lat' dir='ltr'><strong>eo</strong></span> <span class='ocrx_word' id='word_1_112' title='bbox 1336 556 1465 632; x_wconf 82' lang='lat' dir='ltr'><strong>synaxim</strong></span> <span class='ocrx_word' id='word_1_113' title='bbox 1483 555 1630 611; x_wconf 87' lang='lat' dir='ltr'><strong>celebrare.</strong></span> <span class='ocrx_word' id='word_1_114' title='bbox 1646 553 1706 610; x_wconf 89' lang='lat' dir='ltr'><strong>Ubi</strong></span> <span class='ocrx_word' id='word_1_115' title='bbox 1722 551 1795 610; x_wconf 89' lang='lat' dir='ltr'><strong>dum</strong></span> 
     </span>
     <span class='ocr_line' id='line_1_20' title="bbox 985 649 1796 734; baseline -0.015 -15"><span class='ocrx_word' id='word_1_116' title='bbox 985 662 1106 734; x_wconf 87' lang='lat' dir='ltr'><strong>psalmos</strong></span> <span class='ocrx_word' id='word_1_117' title='bbox 1126 674 1163 714; x_wconf 84' lang='lat' dir='ltr'><strong>ex</strong></span> <span class='ocrx_word' id='word_1_118' title='bbox 1185 673 1262 715; x_wconf 89' lang='lat' dir='ltr'><strong>more</strong></span> <span class='ocrx_word' id='word_1_119' title='bbox 1285 654 1423 720; x_wconf 81' lang='lat' dir='ltr'><strong>decantat,</strong></span> <span class='ocrx_word' id='word_1_120' title='bbox 1447 660 1558 722; x_wconf 89' lang='lat' dir='ltr'><strong>tempus</strong></span> <span class='ocrx_word' id='word_1_121' title='bbox 1580 649 1682 706; x_wconf 75' lang='lat' dir='ltr'><strong>mediae</strong></span> <span class='ocrx_word' id='word_1_122' title='bbox 1702 649 1796 707; x_wconf 83' lang='lat' dir='ltr'><strong>noctis</strong></span> 
     </span>
     <span class='ocr_line' id='line_1_21' title="bbox 985 742 1793 822; baseline -0.011 -11"><span class='ocrx_word' id='word_1_123' title='bbox 985 755 1111 812; x_wconf 83' lang='lat' dir='ltr'><strong>excessit.</strong></span> <span class='ocrx_word' id='word_1_124' title='bbox 1132 753 1255 822; x_wconf 87' lang='lat' dir='ltr'><strong>Cumque</strong></span> <span class='ocrx_word' id='word_1_125' title='bbox 1272 749 1346 805; x_wconf 91' lang='lat' dir='ltr'><strong>linita</strong></span> <span class='ocrx_word' id='word_1_126' title='bbox 1367 746 1543 805; x_wconf 88' lang='lat' dir='ltr'><strong>solemnitate</strong></span> <span class='ocrx_word' id='word_1_127' title='bbox 1564 742 1719 801; x_wconf 79' lang='lat' dir='ltr'><strong>refecturus</strong></span> <span class='ocrx_word' id='word_1_128' title='bbox 1737 743 1793 802; x_wconf 83' lang='lat' dir='ltr'><strong>las·</strong></span> 
     </span>
     <span class='ocr_line' id='line_1_22' title="bbox 985 839 1796 919; baseline -0.015 -13"><span class='ocrx_word' id='word_1_129' title='bbox 985 865 1047 906; x_wconf 90' lang='lat' dir='ltr'><strong>sum</strong></span> <span class='ocrx_word' id='word_1_130' title='bbox 1060 862 1159 919; x_wconf 90' lang='lat' dir='ltr'><strong>corpus</strong></span> <span class='ocrx_word' id='word_1_131' title='bbox 1171 844 1312 917; x_wconf 89' lang='lat' dir='ltr'><strong>paululum</strong></span> <span class='ocrx_word' id='word_1_132' title='bbox 1331 841 1485 908; x_wconf 88' lang='lat' dir='ltr'><strong>resedisset,</strong></span> <span class='ocrx_word' id='word_1_133' title='bbox 1496 846 1610 910; x_wconf 87' lang='lat' dir='ltr'><strong>repente</strong></span> <span class='ocrx_word' id='word_1_134' title='bbox 1634 839 1722 911; x_wconf 86' lang='lat' dir='ltr'><strong>coepit</strong></span> <span class='ocrx_word' id='word_1_135' title='bbox 1746 853 1796 894; x_wconf 90' lang='lat' dir='ltr'><strong>ca-</strong></span> 
     </span>
     <span class='ocr_line' id='line_1_23' title="bbox 986 932 1797 1008; baseline -0.012 -11"><span class='ocrx_word' id='word_1_136' title='bbox 986 951 1076 998; x_wconf 90' lang='lat' dir='ltr'><strong>tervas</strong></span> <span class='ocrx_word' id='word_1_137' title='bbox 1098 940 1256 996; x_wconf 69' lang='lat' dir='ltr'><strong>daemonum</strong></span> <span class='ocrx_word' id='word_1_138' title='bbox 1277 935 1396 1008; x_wconf 87' lang='lat' dir='ltr'><strong>undique</strong></span> <span class='ocrx_word' id='word_1_139' title='bbox 1415 932 1613 991; x_wconf 86' lang='lat' dir='ltr'><strong>confluentium</strong></span> <span class='ocrx_word' id='word_1_140' title='bbox 1628 932 1797 988; x_wconf 88' lang='lat' dir='ltr'><strong>innumera-</strong></span> 
     </span>
     <span class='ocr_line' id='line_1_24' title="bbox 986 1024 1796 1103; baseline -0.011 -11"><span class='ocrx_word' id='word_1_141' title='bbox 986 1036 1054 1092; x_wconf 89' lang='lat' dir='ltr'><strong>biles</strong></span> <span class='ocrx_word' id='word_1_142' title='bbox 1069 1035 1180 1097; x_wconf 87' lang='lat' dir='ltr'><strong>iatueri,</strong></span> <span class='ocrx_word' id='word_1_143' title='bbox 1194 1047 1255 1103; x_wconf 87' lang='lat' dir='ltr'><strong>quac</strong></span> <span class='ocrx_word' id='word_1_144' title='bbox 1265 1029 1368 1086; x_wconf 89' lang='lat' dir='ltr'><strong>infinita</strong></span> <span class='ocrx_word' id='word_1_145' title='bbox 1383 1026 1583 1098; x_wconf 78' lang='lat' dir='ltr'><strong>constipatione</strong></span> <span class='ocrx_word' id='word_1_146' title='bbox 1595 1033 1675 1096; x_wconf 89' lang='lat' dir='ltr'><strong>atque</strong></span> <span class='ocrx_word' id='word_1_147' title='bbox 1690 1024 1796 1084; x_wconf 89' lang='lat' dir='ltr'><strong>ordine</strong></span> 
     </span>
     <span class='ocr_line' id='line_1_25' title="bbox 986 1118 1827 1207; baseline -0.012 -22"><span class='ocrx_word' id='word_1_148' title='bbox 986 1128 1144 1203; x_wconf 90' lang='lat' dir='ltr'><strong>longissimo</strong></span> <span class='ocrx_word' id='word_1_149' title='bbox 1170 1125 1368 1200; x_wconf 85' lang='lat' dir='ltr'><strong>procedentes,</strong></span> <span class='ocrx_word' id='word_1_150' title='bbox 1387 1121 1447 1178; x_wconf 82' lang='lat' dir='ltr'><strong>atta</strong></span> <span class='ocrx_word' id='word_1_151' title='bbox 1477 1118 1613 1193; x_wconf 80' lang='lat' dir='ltr'><strong>praeibant</strong></span> <span class='ocrx_word' id='word_1_152' title='bbox 1633 1119 1797 1191; x_wconf 87' lang='lat' dir='ltr'><strong>principem</strong></span> <span class='ocrx_word' id='word_1_153' title='bbox 1816 1190 1827 1207; x_wconf 51' lang='lat'><strong>·</strong></span> 
     </span>
     <span class='ocr_line' id='line_1_26' title="bbox 986 1214 1799 1294; baseline -0.014 -12"><span class='ocrx_word' id='word_1_154' title='bbox 986 1241 1077 1292; x_wconf 90' lang='lat' dir='ltr'><strong>suum,</strong></span> <span class='ocrx_word' id='word_1_155' title='bbox 1093 1224 1151 1280; x_wconf 85' lang='lat' dir='ltr'><strong>aliae</strong></span> <span class='ocrx_word' id='word_1_156' title='bbox 1168 1220 1361 1294; x_wconf 85' lang='lat' dir='ltr'><strong>sequebantur.</strong></span> <span class='ocrx_word' id='word_1_157' title='bbox 1383 1217 1434 1288; x_wconf 84' lang='lat' dir='ltr'><strong>Qui</strong></span> <span class='ocrx_word' id='word_1_158' title='bbox 1452 1215 1565 1272; x_wconf 90' lang='lat' dir='ltr'><strong>tandem</strong></span> <span class='ocrx_word' id='word_1_159' title='bbox 1592 1214 1744 1286; x_wconf 89' lang='lat' dir='ltr'><strong>aliquando</strong></span> <span class='ocrx_word' id='word_1_160' title='bbox 1769 1223 1799 1271; x_wconf 86' lang='lat' dir='ltr'><strong>ct</strong></span> 
     </span>
     <span class='ocr_line' id='line_1_27' title="bbox 986 1309 1798 1391; baseline -0.01 -17"><span class='ocrx_word' id='word_1_161' title='bbox 986 1317 1173 1391; x_wconf 88' lang='lat' dir='ltr'><strong>magnitudine</strong></span> <span class='ocrx_word' id='word_1_162' title='bbox 1202 1315 1340 1388; x_wconf 87' lang='lat' dir='ltr'><strong>procerior</strong></span> <span class='ocrx_word' id='word_1_163' title='bbox 1363 1311 1480 1381; x_wconf 89' lang='lat' dir='ltr'><strong>cunctis,</strong></span> <span class='ocrx_word' id='word_1_164' title='bbox 1504 1317 1532 1366; x_wconf 93' lang='lat' dir='ltr'><strong>et</strong></span> <span class='ocrx_word' id='word_1_165' title='bbox 1551 1317 1664 1382; x_wconf 89' lang='lat' dir='ltr'><strong>aspectu</strong></span> <span class='ocrx_word' id='word_1_166' title='bbox 1682 1309 1798 1366; x_wconf 90' lang='lat' dir='ltr'><strong>terribi-</strong></span> 
     </span>
     <span class='ocr_line' id='line_1_28' title="bbox 987 1402 1799 1481; baseline -0.007 -14"><span class='ocrx_word' id='word_1_167' title='bbox 987 1413 1048 1480; x_wconf 88' lang='lat' dir='ltr'><strong>lior,</strong></span> <span class='ocrx_word' id='word_1_168' title='bbox 1064 1411 1185 1478; x_wconf 86' lang='lat' dir='ltr'><strong>advenit,</strong></span> <span class='ocrx_word' id='word_1_169' title='bbox 1201 1426 1233 1465; x_wconf 90' lang='lat' dir='ltr'><strong>ac</strong></span> <span class='ocrx_word' id='word_1_170' title='bbox 1253 1408 1340 1481; x_wconf 89' lang='lat' dir='ltr'><strong>posito</strong></span> <span class='ocrx_word' id='word_1_171' title='bbox 1354 1408 1424 1464; x_wconf 91' lang='lat' dir='ltr'><strong>solio</strong></span> <span class='ocrx_word' id='word_1_172' title='bbox 1444 1422 1508 1462; x_wconf 91' lang='lat' dir='ltr'><strong>cum</strong></span> <span class='ocrx_word' id='word_1_173' title='bbox 1527 1404 1554 1461; x_wconf 94' lang='lat' dir='ltr'><strong>in</strong></span> <span class='ocrx_word' id='word_1_174' title='bbox 1570 1402 1704 1461; x_wconf 89' lang='lat' dir='ltr'><strong>tribunali</strong></span> <span class='ocrx_word' id='word_1_175' title='bbox 1728 1420 1799 1477; x_wconf 91' lang='lat' dir='ltr'><strong>qno-</strong></span> 
     </span>
     <span class='ocr_line' id='line_1_29' title="bbox 987 1497 1800 1571; baseline -0.011 -8"><span class='ocrx_word' id='word_1_176' title='bbox 987 1507 1051 1563; x_wconf 92' lang='lat' dir='ltr'><strong>dani</strong></span> <span class='ocrx_word' id='word_1_177' title='bbox 1066 1503 1265 1560; x_wconf 88' lang='lat' dir='ltr'><strong>sublimissimo</strong></span> <span class='ocrx_word' id='word_1_178' title='bbox 1284 1500 1468 1568; x_wconf 87' lang='lat' dir='ltr'><strong>consedisset,</strong></span> <span class='ocrx_word' id='word_1_179' title='bbox 1485 1497 1699 1571; x_wconf 81' lang='lat' dir='ltr'><strong>uniuscujusque</strong></span> <span class='ocrx_word' id='word_1_180' title='bbox 1714 1506 1800 1555; x_wconf 92' lang='lat' dir='ltr'><strong>actus</strong></span> 
     </span>
     <span class='ocr_line' id='line_1_30' title="bbox 988 1592 1797 1671; baseline -0.01 -16"><span class='ocrx_word' id='word_1_181' title='bbox 988 1599 1110 1671; x_wconf 83' lang='lat' dir='ltr'><strong>diligenti</strong></span> <span class='ocrx_word' id='word_1_182' title='bbox 1125 1598 1210 1668; x_wconf 88' lang='lat' dir='ltr'><strong>eoepit</strong></span> <span class='ocrx_word' id='word_1_183' title='bbox 1224 1595 1424 1653; x_wconf 84' lang='lat' dir='ltr'><strong>examinatione</strong></span> <span class='ocrx_word' id='word_1_184' title='bbox 1442 1593 1591 1660; x_wconf 88' lang='lat' dir='ltr'><strong>discutere,</strong></span> <span class='ocrx_word' id='word_1_185' title='bbox 1608 1592 1728 1663; x_wconf 88' lang='lat' dir='ltr'><strong>illosque</strong></span> <span class='ocrx_word' id='word_1_186' title='bbox 1744 1593 1797 1664; x_wconf 94' lang='lat' dir='ltr'><strong>qui</strong></span> 
     </span>
    </p>
   </div>
   <div class='ocr_carea' id='block_1_9' title="bbox 135 1684 1835 2235">
    <p class='ocr_par' dir='ltr' id='par_1_9' title="bbox 135 1684 1835 2235">
     <span class='ocr_line' id='line_1_31' title="bbox 135 1684 1803 1768; baseline -0.007 -15"><span class='ocrx_word' id='word_1_187' title='bbox 135 1706 278 1768; x_wconf 89' lang='lat' dir='ltr'><strong>pturarum</strong></span> <span class='ocrx_word' id='word_1_188' title='bbox 301 1695 453 1751; x_wconf 89' lang='lat' dir='ltr'><strong>testimonia</strong></span> <span class='ocrx_word' id='word_1_189' title='bbox 473 1710 535 1766; x_wconf 80' lang='lat' dir='ltr'><strong>quae</strong></span> <span class='ocrx_word' id='word_1_190' title='bbox 557 1694 583 1749; x_wconf 93' lang='lat' dir='ltr'><strong>in</strong></span> <span class='ocrx_word' id='word_1_191' title='bbox 607 1694 756 1766; x_wconf 78' lang='lat' dir='ltr'><strong>Grangellis</strong></span> <span class='ocrx_word' id='word_1_192' title='bbox 771 1709 880 1766; x_wconf 92' lang='lat' dir='ltr'><strong>quoque</strong></span> <span class='ocrx_word' id='word_1_193' title='bbox 895 1710 936 1750; x_wconf 88' lang='lat' dir='ltr'><strong>ea·</strong></span> <span class='ocrx_word' id='word_1_194' title='bbox 990 1691 1107 1748; x_wconf 90' lang='lat' dir='ltr'><strong>necdum</strong></span> <span class='ocrx_word' id='word_1_195' title='bbox 1120 1707 1148 1747; x_wconf 88' lang='lat' dir='ltr'><strong>se</strong></span> <span class='ocrx_word' id='word_1_196' title='bbox 1162 1690 1360 1747; x_wconf 72' lang='lat' dir='ltr'><strong>circumvenire</strong></span> <span class='ocrx_word' id='word_1_197' title='bbox 1375 1688 1491 1744; x_wconf 89' lang='lat' dir='ltr'><strong>aemulos</strong></span> <span class='ocrx_word' id='word_1_198' title='bbox 1505 1702 1570 1742; x_wconf 87' lang='lat' dir='ltr'><strong>suos</strong></span> <span class='ocrx_word' id='word_1_199' title='bbox 1581 1686 1706 1758; x_wconf 89' lang='lat' dir='ltr'><strong>potuisse</strong></span> <span class='ocrx_word' id='word_1_200' title='bbox 1722 1684 1803 1742; x_wconf 86' lang='lat' dir='ltr'><strong>dice·</strong></span> 
     </span>
     <span class='ocr_line' id='line_1_32' title="bbox 136 1782 1802 1882; baseline -0.005 -38"><span class='ocrx_word' id='word_1_201' title='bbox 136 1787 333 1844; x_wconf 92' lang='lat' dir='ltr'><strong>lumniantibus</strong></span> <span class='ocrx_word' id='word_1_202' title='bbox 357 1785 517 1852; x_wconf 76' lang='lat' dir='ltr'><strong>pharisaeis,</strong></span> <span class='ocrx_word' id='word_1_203' title='bbox 534 1784 646 1840; x_wconf 90' lang='lat' dir='ltr'><strong>Domini</strong></span> <span class='ocrx_word' id='word_1_204' title='bbox 661 1782 938 1857; x_wconf 84' lang='lat' dir='ltr'><strong>legimusresponsio-</strong></span> <span class='ocrx_word' id='word_1_205' title='bbox 955 1786 1075 1882; x_wconf 78' lang='lat' dir='ltr'><strong>Bbant,</strong></span> <span class='ocrx_word' id='word_1_206' title='bbox 1104 1785 1177 1842; x_wconf 85' lang='lat' dir='ltr'><strong>velut</strong></span> <span class='ocrx_word' id='word_1_207' title='bbox 1205 1785 1305 1841; x_wconf 91' lang='lat' dir='ltr'><strong>inertes</strong></span> <span class='ocrx_word' id='word_1_208' title='bbox 1335 1784 1500 1856; x_wconf 85' lang='lat' dir='ltr'><strong>ignarosque</strong></span> <span class='ocrx_word' id='word_1_209' title='bbox 1528 1798 1543 1836; x_wconf 90' lang='lat' dir='ltr'><strong>a</strong></span> <span class='ocrx_word' id='word_1_210' title='bbox 1571 1788 1719 1853; x_wconf 91' lang='lat' dir='ltr'><strong>conspectu</strong></span> <span class='ocrx_word' id='word_1_211' title='bbox 1746 1797 1802 1837; x_wconf 90' lang='lat' dir='ltr'><strong>sno</strong></span> 
     </span>
     <span class='ocr_line' id='line_1_33' title="bbox 136 1874 1801 1954; baseline -0.005 -15"><span class='ocrx_word' id='word_1_212' title='bbox 136 1898 171 1939; x_wconf 88' lang='lat' dir='ltr'><strong>ne</strong></span> <span class='ocrx_word' id='word_1_213' title='bbox 186 1881 343 1954; x_wconf 90' lang='lat' dir='ltr'><strong>descripta:</strong></span> <span class='ocrx_word' id='word_1_214' title='bbox 366 1884 397 1937; x_wconf 84' lang='lat' dir='ltr'><strong>Si</strong></span> <span class='ocrx_word' id='word_1_215' title='bbox 410 1898 456 1950; x_wconf 81' lang='lat' dir='ltr'><strong>eqo</strong></span> <span class='ocrx_word' id='word_1_216' title='bbox 475 1884 504 1935; x_wconf 88' lang='lat' dir='ltr'><strong>in</strong></span> <span class='ocrx_word' id='word_1_217' title='bbox 530 1879 674 1936; x_wconf 79' lang='lat' dir='ltr'><strong>Beelzebub</strong></span> <span class='ocrx_word' id='word_1_218' title='bbox 693 1881 817 1950; x_wconf 80' lang='lat' dir='ltr'><strong>principe</strong></span> <span class='ocrx_word' id='word_1_219' title='bbox 839 1879 939 1934; x_wconf 78' lang='lat' dir='ltr'><strong>diemo-</strong></span> <span class='ocrx_word' id='word_1_220' title='bbox 995 1897 1058 1936; x_wconf 91' lang='lat' dir='ltr'><strong>cuni</strong></span> <span class='ocrx_word' id='word_1_221' title='bbox 1084 1886 1149 1935; x_wconf 91' lang='lat' dir='ltr'><strong>nota</strong></span> <span class='ocrx_word' id='word_1_222' title='bbox 1171 1887 1199 1934; x_wconf 91' lang='lat' dir='ltr'><strong>ct</strong></span> <span class='ocrx_word' id='word_1_223' title='bbox 1224 1877 1322 1951; x_wconf 88' lang='lat' dir='ltr'><strong>injuria</strong></span> <span class='ocrx_word' id='word_1_224' title='bbox 1344 1877 1457 1950; x_wconf 88' lang='lat' dir='ltr'><strong>jubebat</strong></span> <span class='ocrx_word' id='word_1_225' title='bbox 1480 1874 1591 1947; x_wconf 81' lang='lat' dir='ltr'><strong>capelli,</strong></span> <span class='ocrx_word' id='word_1_226' title='bbox 1614 1875 1697 1947; x_wconf 91' lang='lat' dir='ltr'><strong>spatia</strong></span> <span class='ocrx_word' id='word_1_227' title='bbox 1724 1876 1801 1931; x_wconf 91' lang='lat' dir='ltr'><strong>tanti</strong></span> 
     </span>
     <span class='ocr_line' id='line_1_34' title="bbox 137 1967 1800 2047; baseline -0.004 -16"><span class='ocrx_word' id='word_1_228' title='bbox 137 1979 245 2032; x_wconf 84' lang='lat' dir='ltr'><strong>nicrum</strong></span> <span class='ocrx_word' id='word_1_229' title='bbox 262 1977 338 2047; x_wconf 75' lang='lat' dir='ltr'><strong>ejicio</strong></span> <span class='ocrx_word' id='word_1_230' title='bbox 359 1977 490 2030; x_wconf 77' lang='lat' dir='ltr'><strong>demones</strong></span> <span class='ocrx_word' id='word_1_231' title='bbox 506 1974 619 2046; x_wconf 73' lang='lat' dir='ltr'><strong>(Metti.</strong></span> <span class='ocrx_word' id='word_1_232' title='bbox 638 1987 682 2028; x_wconf 89' lang='lat' dir='ltr'><strong>iiii</strong></span> <span class='ocrx_word' id='word_1_233' title='bbox 694 1972 702 2042; x_wconf 75' lang='lat' dir='ltr'><strong>l</strong></span> <span class='ocrx_word' id='word_1_234' title='bbox 716 1991 725 2038; x_wconf 78' lang='lat'><em>3</em></span> <span class='ocrx_word' id='word_1_235' title='bbox 740 1972 823 2027; x_wconf 91' lang='lat' dir='ltr'><strong>etiam</strong></span> <span class='ocrx_word' id='word_1_236' title='bbox 836 1973 938 2044; x_wconf 87' lang='lat' dir='ltr'><strong>perspi·</strong></span> <span class='ocrx_word' id='word_1_237' title='bbox 992 1973 1124 2045; x_wconf 89' lang='lat' dir='ltr'><strong>temporis</strong></span> <span class='ocrx_word' id='word_1_238' title='bbox 1134 1971 1518 2044; x_wconf 84' lang='lat' dir='ltr'><strong>etopusinanitererpensum</strong></span> <span class='ocrx_word' id='word_1_239' title='bbox 1529 1985 1593 2025; x_wconf 89' lang='lat' dir='ltr'><strong>eum</strong></span> <span class='ocrx_word' id='word_1_240' title='bbox 1603 1967 1800 2026; x_wconf 83' lang='lat' dir='ltr'><strong>tremiiuturo-</strong></span> 
     </span>
     <span class='ocr_line' id='line_1_35' title="bbox 137 2064 1835 2139; baseline -0.004 -12"><span class='ocrx_word' id='word_1_241' title='bbox 137 2087 198 2127; x_wconf 77' lang='lat' dir='ltr'><strong>cuae</strong></span> <span class='ocrx_word' id='word_1_242' title='bbox 213 2071 328 2126; x_wconf 85' lang='lat' dir='ltr'><strong>visiones</strong></span> <span class='ocrx_word' id='word_1_243' title='bbox 350 2077 377 2124; x_wconf 88' lang='lat' dir='ltr'><strong>et</strong></span> <span class='ocrx_word' id='word_1_244' title='bbox 402 2068 588 2139; x_wconf 84' lang='lat' dir='ltr'><strong>experimenta</strong></span> <span class='ocrx_word' id='word_1_245' title='bbox 606 2075 762 2122; x_wconf 88' lang='lat' dir='ltr'><strong>sanctorum</strong></span> <span class='ocrx_word' id='word_1_246' title='bbox 780 2066 865 2122; x_wconf 90' lang='lat' dir='ltr'><strong>multa</strong></span> <span class='ocrx_word' id='word_1_247' title='bbox 885 2082 938 2123; x_wconf 90' lang='lat' dir='ltr'><strong>nos</strong></span> <span class='ocrx_word' id='word_1_248' title='bbox 993 2070 1031 2124; x_wconf 90' lang='lat' dir='ltr'><strong>ris</strong></span> <span class='ocrx_word' id='word_1_249' title='bbox 1047 2068 1223 2139; x_wconf 77' lang='lat' dir='ltr'><strong>exprobrans.</strong></span> <span class='ocrx_word' id='word_1_250' title='bbox 1246 2067 1307 2123; x_wconf 90' lang='lat' dir='ltr'><strong>illos</strong></span> <span class='ocrx_word' id='word_1_251' title='bbox 1325 2081 1398 2133; x_wconf 84' lang='lat' dir='ltr'><strong>uero,</strong></span> <span class='ocrx_word' id='word_1_252' title='bbox 1415 2065 1460 2136; x_wconf 95' lang='lat' dir='ltr'><strong>qui</strong></span> <span class='ocrx_word' id='word_1_253' title='bbox 1477 2080 1504 2121; x_wconf 92' lang='lat' dir='ltr'><strong>se</strong></span> <span class='ocrx_word' id='word_1_254' title='bbox 1520 2064 1689 2120; x_wconf 89' lang='lat' dir='ltr'><strong>nuntiabant</strong></span> <span class='ocrx_word' id='word_1_255' title='bbox 1709 2064 1803 2120; x_wconf 89' lang='lat' dir='ltr'><strong>consi·</strong></span> <span class='ocrx_word' id='word_1_256' title='bbox 1830 2104 1835 2113; x_wconf 82' lang='lat'><strong>.</strong></span> 
     </span>
     <span class='ocr_line' id='line_1_36' title="bbox 137 2156 1802 2235; baseline -0.004 -15"><span class='ocrx_word' id='word_1_257' title='bbox 137 2164 289 2220; x_wconf 74' lang='lat' dir='ltr'><strong>edocent.t</strong></span> <span class='ocrx_word' id='word_1_258' title='bbox 313 2165 467 2218; x_wconf 84' lang='lat' dir='ltr'><strong>Nemeum</strong></span> <span class='ocrx_word' id='word_1_259' title='bbox 490 2175 561 2216; x_wconf 92' lang='lat' dir='ltr'><strong>unus</strong></span> <span class='ocrx_word' id='word_1_260' title='bbox 582 2175 614 2215; x_wconf 85' lang='lat' dir='ltr'><strong>eii</strong></span> <span class='ocrx_word' id='word_1_261' title='bbox 639 2157 769 2215; x_wconf 89' lang='lat' dir='ltr'><strong>fratribus</strong></span> <span class='ocrx_word' id='word_1_262' title='bbox 789 2160 937 2216; x_wconf 86' lang='lat' dir='ltr'><strong>nostris&#39;in</strong></span> <span class='ocrx_word' id='word_1_263' title='bbox 994 2171 1090 2235; x_wconf 87' lang='lat' dir='ltr'><strong>gnatas</strong></span> <span class='ocrx_word' id='word_1_264' title='bbox 1115 2161 1226 2217; x_wconf 90' lang='lat' dir='ltr'><strong>sibimet</strong></span> <span class='ocrx_word' id='word_1_265' title='bbox 1249 2159 1397 2233; x_wconf 90' lang='lat' dir='ltr'><strong>decepisse,</strong></span> <span class='ocrx_word' id='word_1_266' title='bbox 1422 2157 1538 2214; x_wconf 90' lang='lat' dir='ltr'><strong>sumniis</strong></span> <span class='ocrx_word' id='word_1_267' title='bbox 1573 2156 1705 2213; x_wconf 87' lang='lat' dir='ltr'><strong>laudibus</strong></span> <span class='ocrx_word' id='word_1_268' title='bbox 1738 2173 1802 2214; x_wconf 90' lang='lat' dir='ltr'><strong>cnm</strong></span> 
     </span>
    </p>
   </div>
   <div class='ocr_carea' id='block_1_10' title="bbox 691 2266 1247 2343">
    <p class='ocr_par' dir='ltr' id='par_1_10' title="bbox 691 2266 1247 2343">
     <span class='ocr_line' id='line_1_37' title="bbox 691 2266 1247 2343; baseline 0.004 -5"><span class='ocrx_word' id='word_1_269' title='bbox 691 2266 818 2340; x_wconf 80' lang='lat' dir='ltr'><strong>ieiuni</strong></span> <span class='ocrx_word' id='word_1_270' title='bbox 836 2287 948 2342; x_wconf 75' lang='lat' dir='ltr'><strong>sazai</strong></span> <span class='ocrx_word' id='word_1_271' title='bbox 968 2285 1247 2343; x_wconf 81' lang='lat' dir='ltr'><strong>coiiiinnrinius.</strong></span> 
     </span>
    </p>
   </div>
   <div class='ocr_carea' id='block_1_11' title="bbox 139 2398 1807 4816">
    <p class='ocr_par' dir='ltr' id='par_1_11' title="bbox 139 2398 1804 2828">
     <span class='ocr_line' id='line_1_38' title="bbox 139 2398 1803 2472; baseline -0.002 -17"><span class='ocrx_word' id='word_1_272' title='bbox 139 2405 205 2455; x_wconf 85' lang='lat' dir='ltr'><strong>tium</strong></span> <span class='ocrx_word' id='word_1_273' title='bbox 218 2416 301 2469; x_wconf 83' lang='lat' dir='ltr'><strong>supru</strong></span> <span class='ocrx_word' id='word_1_274' title='bbox 313 2415 473 2453; x_wconf 71' lang='lat' dir='ltr'><strong>camuranam</strong></span> <span class='ocrx_word' id='word_1_275' title='bbox 486 2400 941 2467; x_wconf 77' lang='lat' dir='ltr'><strong>nniriisesfutionemaddit3etidco</strong></span> <span class='ocrx_word' id='word_1_276' title='bbox 995 2404 1138 2472; x_wconf 82' lang='lat' dir='ltr'><strong>spiritibus</strong></span> <span class='ocrx_word' id='word_1_277' title='bbox 1154 2405 1295 2470; x_wconf 73' lang='lat' dir='ltr'><strong>piamun:</strong></span> <span class='ocrx_word' id='word_1_278' title='bbox 1312 2403 1361 2469; x_wconf 89' lang='lat' dir='ltr'><strong>qui</strong></span> <span class='ocrx_word' id='word_1_279' title='bbox 1379 2398 1504 2466; x_wconf 75' lang='lat' dir='ltr'><strong>sulijectis</strong></span> <span class='ocrx_word' id='word_1_280' title='bbox 1525 2399 1589 2450; x_wconf 87' lang='lat' dir='ltr'><strong>uliis</strong></span> <span class='ocrx_word' id='word_1_281' title='bbox 1607 2398 1674 2450; x_wconf 83' lang='lat' dir='ltr'><strong>ilum</strong></span> <span class='ocrx_word' id='word_1_282' title='bbox 1688 2413 1803 2467; x_wconf 77' lang='lat' dir='ltr'><strong>queque</strong></span> 
     </span>
     <span class='ocr_line' id='line_1_39' title="bbox 140 2470 1804 2542; baseline -0.001 -18"><span class='ocrx_word' id='word_1_283' title='bbox 140 2490 156 2524; x_wconf 92' lang='lat' dir='ltr'><strong>u</strong></span> <span class='ocrx_word' id='word_1_284' title='bbox 176 2473 293 2541; x_wconf 83' lang='lat' dir='ltr'><strong>simplici</strong></span> <span class='ocrx_word' id='word_1_285' title='bbox 311 2473 533 2537; x_wconf 77' lang='lat' dir='ltr'><strong>rnnin&#39;sestuticnie</strong></span> <span class='ocrx_word' id='word_1_286' title='bbox 548 2473 700 2524; x_wconf 87' lang='lat' dir='ltr'><strong>iiami&#39;nutur</strong></span> <span class='ocrx_word' id='word_1_287' title='bbox 716 2491 723 2525; x_wconf 93' lang='lat'>:</span> <span class='ocrx_word' id='word_1_288' title='bbox 738 2477 763 2526; x_wconf 85' lang='lat' dir='ltr'><strong>el</strong></span> <span class='ocrx_word' id='word_1_289' title='bbox 786 2475 824 2526; x_wconf 85' lang='lat' dir='ltr'><strong>sic</strong></span> <span class='ocrx_word' id='word_1_290' title='bbox 846 2489 941 2527; x_wconf 82' lang='lat' dir='ltr'><strong>ttamen</strong></span> <span class='ocrx_word' id='word_1_291' title='bbox 995 2478 1057 2527; x_wconf 83' lang='lat' dir='ltr'><strong>aurit</strong></span> <span class='ocrx_word' id='word_1_292' title='bbox 1071 2474 1176 2542; x_wconf 80' lang='lat' dir='ltr'><strong>crqcuidii</strong></span> <span class='ocrx_word' id='word_1_293' title='bbox 1194 2473 1352 2541; x_wconf 83' lang='lat' dir='ltr'><strong>dispartient,</strong></span> <span class='ocrx_word' id='word_1_294' title='bbox 1366 2474 1403 2524; x_wconf 86' lang='lat' dir='ltr'><strong>eis</strong></span> <span class='ocrx_word' id='word_1_295' title='bbox 1413 2470 1449 2523; x_wconf 85' lang='lat' dir='ltr'><strong>nd</strong></span> <span class='ocrx_word' id='word_1_296' title='bbox 1464 2470 1599 2537; x_wconf 76' lang='lat' dir='ltr'><strong>capienda</strong></span> <span class='ocrx_word' id='word_1_297' title='bbox 1610 2470 1706 2522; x_wconf 82' lang='lat' dir='ltr'><strong>dirimi</strong></span> <span class='ocrx_word' id='word_1_298' title='bbox 1717 2472 1804 2523; x_wconf 88' lang='lat' dir='ltr'><strong>mini·</strong></span> 
     </span>
     <span class='ocr_line' id='line_1_40' title="bbox 140 2540 1803 2614; baseline -0.002 -17"><span class='ocrx_word' id='word_1_299' title='bbox 140 2560 276 2598; x_wconf 84' lang='lat' dir='ltr'><strong>conunune</strong></span> <span class='ocrx_word' id='word_1_300' title='bbox 289 2547 408 2596; x_wconf 82' lang='lat' dir='ltr'><strong>rernunet</strong></span> <span class='ocrx_word' id='word_1_301' title='bbox 427 2544 518 2610; x_wconf 71' lang='lat' dir='ltr'><strong>infimo</strong></span> <span class='ocrx_word' id='word_1_302' title='bbox 534 2543 635 2604; x_wconf 78' lang='lat' dir='ltr'><strong>cratini,</strong></span> <span class='ocrx_word' id='word_1_303' title='bbox 651 2545 729 2611; x_wconf 86' lang='lat' dir='ltr'><strong>quusi</strong></span> <span class='ocrx_word' id='word_1_304' title='bbox 741 2547 892 2613; x_wconf 71' lang='lat' dir='ltr'><strong>percpi-inm,</strong></span> <span class='ocrx_word' id='word_1_305' title='bbox 911 2550 942 2598; x_wconf 89' lang='lat' dir='ltr'><strong>ut</strong></span> <span class='ocrx_word' id='word_1_306' title='bbox 996 2547 1079 2598; x_wconf 72' lang='lat' dir='ltr'><strong>stetui</strong></span> <span class='ocrx_word' id='word_1_307' title='bbox 1091 2545 1294 2614; x_wconf 81' lang='lat' dir='ltr'><strong>principantur.</strong></span> <span class='ocrx_word' id='word_1_308' title='bbox 1313 2541 1385 2612; x_wconf 85' lang='lat' dir='ltr'><strong>Quid</strong></span> <span class='ocrx_word' id='word_1_309' title='bbox 1400 2556 1481 2613; x_wconf 90' lang='lat' dir='ltr'><strong>porro</strong></span> <span class='ocrx_word' id='word_1_310' title='bbox 1493 2540 1663 2594; x_wconf 83' lang='lat' dir='ltr'><strong>discriminis</strong></span> <span class='ocrx_word' id='word_1_311' title='bbox 1681 2540 1717 2595; x_wconf 90' lang='lat' dir='ltr'><strong>sit</strong></span> <span class='ocrx_word' id='word_1_312' title='bbox 1733 2540 1803 2595; x_wconf 89' lang='lat' dir='ltr'><strong>inter</strong></span> 
     </span>
     <span class='ocr_line' id='line_1_41' title="bbox 140 2611 1804 2684; baseline -0.001 -16"><span class='ocrx_word' id='word_1_313' title='bbox 140 2616 207 2669; x_wconf 83' lang='lat' dir='ltr'><strong>dieii</strong></span> <span class='ocrx_word' id='word_1_314' title='bbox 221 2617 365 2682; x_wconf 79' lang='lat' dir='ltr'><strong>Diorepsius</strong></span> <span class='ocrx_word' id='word_1_315' title='bbox 387 2629 446 2682; x_wconf 84' lang='lat' dir='ltr'><strong>cup.</strong></span> <span class='ocrx_word' id='word_1_316' title='bbox 459 2618 475 2666; x_wconf 80' lang='lat'><strong>5</strong></span> <span class='ocrx_word' id='word_1_317' title='bbox 486 2614 579 2669; x_wconf 77' lang='lat' dir='ltr'><strong>Calcat</strong></span> <span class='ocrx_word' id='word_1_318' title='bbox 597 2615 785 2681; x_wconf 82' lang='lat' dir='ltr'><strong>lliciurcln&#39;ie;</strong></span> <span class='ocrx_word' id='word_1_319' title='bbox 799 2616 839 2669; x_wconf 85' lang='lat' dir='ltr'><strong>cel</strong></span> <span class='ocrx_word' id='word_1_320' title='bbox 856 2620 944 2684; x_wconf 84' lang='lat' dir='ltr'><strong>potest</strong></span> <span class='ocrx_word' id='word_1_321' title='bbox 995 2614 1054 2670; x_wconf 80' lang='lat' dir='ltr'><strong>hac</strong></span> <span class='ocrx_word' id='word_1_322' title='bbox 1073 2614 1206 2670; x_wconf 88' lang='lat' dir='ltr'><strong>vocabula</strong></span> <span class='ocrx_word' id='word_1_323' title='bbox 1220 2613 1452 2678; x_wconf 87' lang='lat' dir='ltr'><strong>dominationum,</strong></span> <span class='ocrx_word' id='word_1_324' title='bbox 1466 2619 1636 2681; x_wconf 85' lang='lat' dir='ltr'><strong>potestatum</strong></span> <span class='ocrx_word' id='word_1_325' title='bbox 1652 2619 1682 2666; x_wconf 86' lang='lat' dir='ltr'><strong>et</strong></span> <span class='ocrx_word' id='word_1_326' title='bbox 1701 2611 1804 2682; x_wconf 86' lang='lat' dir='ltr'><strong>princi-</strong></span> 
     </span>
     <span class='ocr_line' id='line_1_42' title="bbox 140 2681 1804 2757; baseline 0 -18"><span class='ocrx_word' id='word_1_327' title='bbox 140 2686 274 2755; x_wconf 83' lang='lat' dir='ltr'><strong>dici&#39;qiiod</strong></span> <span class='ocrx_word' id='word_1_328' title='bbox 284 2689 389 2755; x_wconf 70' lang='lat' dir='ltr'><strong>infirnus</strong></span> <span class='ocrx_word' id='word_1_329' title='bbox 398 2684 463 2738; x_wconf 86' lang='lat' dir='ltr'><strong>ordo</strong></span> <span class='ocrx_word' id='word_1_330' title='bbox 473 2685 625 2754; x_wconf 73' lang='lat' dir='ltr'><strong>spinulae·</strong></span> <span class='ocrx_word' id='word_1_331' title='bbox 639 2685 817 2740; x_wconf 64' lang='lat' dir='ltr'><strong>diutinorum</strong></span> <span class='ocrx_word' id='word_1_332' title='bbox 831 2687 941 2754; x_wconf 76' lang='lat' dir='ltr'><strong>iiiupelo-</strong></span> <span class='ocrx_word' id='word_1_333' title='bbox 994 2695 1107 2757; x_wconf 82' lang='lat' dir='ltr'><strong>pultium</strong></span> <span class='ocrx_word' id='word_1_334' title='bbox 1122 2687 1147 2740; x_wconf 92' lang='lat' dir='ltr'><strong>iit</strong></span> <span class='ocrx_word' id='word_1_335' title='bbox 1160 2684 1270 2756; x_wconf 88' lang='lat' dir='ltr'><strong>angelis,</strong></span> <span class='ocrx_word' id='word_1_336' title='bbox 1283 2684 1351 2747; x_wconf 83' lang='lat' dir='ltr'><strong>ride,</strong></span> <span class='ocrx_word' id='word_1_337' title='bbox 1368 2683 1390 2737; x_wconf 85' lang='lat' dir='ltr'><strong>si</strong></span> <span class='ocrx_word' id='word_1_338' title='bbox 1403 2681 1486 2751; x_wconf 83' lang='lat' dir='ltr'><strong>lubet,</strong></span> <span class='ocrx_word' id='word_1_339' title='bbox 1497 2681 1571 2753; x_wconf 80' lang='lat' dir='ltr'><strong>apud</strong></span> <span class='ocrx_word' id='word_1_340' title='bbox 1584 2689 1716 2737; x_wconf 82' lang='lat' dir='ltr'><strong>sanctum</strong></span> <span class='ocrx_word' id='word_1_341' title='bbox 1726 2681 1804 2739; x_wconf 81' lang='lat' dir='ltr'><strong>Tho·</strong></span> 
     </span>
     <span class='ocr_line' id='line_1_43' title="bbox 140 2757 1388 2828; baseline -0.003 -16"><span class='ocrx_word' id='word_1_342' title='bbox 140 2774 210 2820; x_wconf 81' lang='lat' dir='ltr'><strong>rum,</strong></span> <span class='ocrx_word' id='word_1_343' title='bbox 222 2761 287 2828; x_wconf 85' lang='lat' dir='ltr'><strong>qulu</strong></span> <span class='ocrx_word' id='word_1_344' title='bbox 301 2757 455 2812; x_wconf 82' lang='lat' dir='ltr'><strong>immediate</strong></span> <span class='ocrx_word' id='word_1_345' title='bbox 467 2757 541 2810; x_wconf 79' lang='lat' dir='ltr'><strong>trabis</strong></span> <span class='ocrx_word' id='word_1_346' title='bbox 555 2759 731 2810; x_wconf 76' lang='lat' dir='ltr'><strong>‹irinuntiunt</strong></span> <span class='ocrx_word' id='word_1_347' title='bbox 997 2773 1070 2811; x_wconf 92' lang='lat' dir='ltr'><strong>mam</strong></span> <span class='ocrx_word' id='word_1_348' title='bbox 1081 2761 1125 2826; x_wconf 88' lang='lat' dir='ltr'><strong>(q.</strong></span> <span class='ocrx_word' id='word_1_349' title='bbox 1145 2762 1206 2818; x_wconf 85' lang='lat' dir='ltr'><strong>toa,</strong></span> <span class='ocrx_word' id='word_1_350' title='bbox 1217 2773 1243 2810; x_wconf 88' lang='lat' dir='ltr'><strong>u.</strong></span> <span class='ocrx_word' id='word_1_351' title='bbox 1260 2761 1276 2810; x_wconf 82' lang='lat'><strong>5</strong></span> <span class='ocrx_word' id='word_1_352' title='bbox 1292 2757 1329 2810; x_wconf 87' lang='lat' dir='ltr'><strong>ud</strong></span> <span class='ocrx_word' id='word_1_353' title='bbox 1342 2760 1358 2809; x_wconf 81' lang='grc'>3</span> <span class='ocrx_word' id='word_1_354' title='bbox 1369 2759 1388 2820; x_wconf 83' lang='grc'><strong>).</strong></span> 
     </span>
    </p>

    <p class='ocr_par' dir='ltr' id='par_1_12' title="bbox 141 2824 1807 3964">
     <span class='ocr_line' id='line_1_44' title="bbox 175 2824 1804 2900; baseline -0.002 -17"><span class='ocrx_word' id='word_1_355' title='bbox 175 2829 359 2900; x_wconf 72' lang='lat' dir='ltr'><strong>aiireliaugeli</strong></span> <span class='ocrx_word' id='word_1_356' title='bbox 370 2826 519 2882; x_wconf 86' lang='lat' dir='ltr'><strong>secundum</strong></span> <span class='ocrx_word' id='word_1_357' title='bbox 534 2827 694 2898; x_wconf 87' lang='lat' dir='ltr'><strong>lliouysium</strong></span> <span class='ocrx_word' id='word_1_358' title='bbox 707 2829 825 2897; x_wconf 71' lang='lat' dir='ltr'><strong>(Dionys.</strong></span> <span class='ocrx_word' id='word_1_359' title='bbox 840 2829 940 2896; x_wconf 80' lang='lat' dir='ltr'><strong>decep.</strong></span> <span class='ocrx_word' id='word_1_360' title='bbox 1030 2828 1043 2862; x_wconf 60' lang='grc' dir='ltr'>ἀ</span> <span class='ocrx_word' id='word_1_361' title='bbox 1062 2828 1134 2882; x_wconf 79' lang='lat' dir='ltr'><strong>Alias</strong></span> <span class='ocrx_word' id='word_1_362' title='bbox 1148 2827 1252 2888; x_wconf 88' lang='lat' dir='ltr'><strong>throni,</strong></span> <span class='ocrx_word' id='word_1_363' title='bbox 1277 2827 1322 2899; x_wconf 92' lang='lat' dir='ltr'><strong>qui</strong></span> <span class='ocrx_word' id='word_1_364' title='bbox 1345 2833 1514 2896; x_wconf 90' lang='lat' dir='ltr'><strong>postremum</strong></span> <span class='ocrx_word' id='word_1_365' title='bbox 1535 2839 1676 2895; x_wconf 75' lang='lat' dir='ltr'><strong>supraema</strong></span> <span class='ocrx_word' id='word_1_366' title='bbox 1694 2824 1804 2881; x_wconf 86' lang='lat' dir='ltr'><strong>hierar·</strong></span> 
     </span>
     <span class='ocr_line' id='line_1_45' title="bbox 141 2895 1804 2968; baseline -0.004 -12"><span class='ocrx_word' id='word_1_367' title='bbox 141 2900 242 2956; x_wconf 71' lang='lat' dir='ltr'><strong>Caelest.</strong></span> <span class='ocrx_word' id='word_1_368' title='bbox 259 2901 401 2956; x_wconf 80' lang='lat' dir='ltr'><strong>iliornreh.</strong></span> <span class='ocrx_word' id='word_1_369' title='bbox 424 2914 445 2951; x_wconf 87' lang='lat' dir='ltr'><strong>e.</strong></span> <span class='ocrx_word' id='word_1_370' title='bbox 462 2898 492 2966; x_wconf 81' lang='lat'><strong>9)</strong></span> <span class='ocrx_word' id='word_1_371' title='bbox 508 2897 591 2952; x_wconf 89' lang='lat' dir='ltr'><strong>niedii</strong></span> <span class='ocrx_word' id='word_1_372' title='bbox 607 2906 670 2952; x_wconf 86' lang='lat' dir='ltr'><strong>sunt</strong></span> <span class='ocrx_word' id='word_1_373' title='bbox 691 2897 762 2952; x_wconf 87' lang='lat' dir='ltr'><strong>inter</strong></span> <span class='ocrx_word' id='word_1_374' title='bbox 776 2897 942 2966; x_wconf 88' lang='lat' dir='ltr'><strong>principatus</strong></span> <span class='ocrx_word' id='word_1_375' title='bbox 995 2897 1196 2953; x_wconf 84' lang='lat' dir='ltr'><strong>chimordinem</strong></span> <span class='ocrx_word' id='word_1_376' title='bbox 1213 2899 1369 2968; x_wconf 81' lang='lat' dir='ltr'><strong>compleiit3</strong></span> <span class='ocrx_word' id='word_1_377' title='bbox 1389 2895 1422 2951; x_wconf 91' lang='lat' dir='ltr'><strong>de</strong></span> <span class='ocrx_word' id='word_1_378' title='bbox 1436 2896 1534 2967; x_wconf 92' lang='lat' dir='ltr'><strong>quibus</strong></span> <span class='ocrx_word' id='word_1_379' title='bbox 1549 2896 1694 2965; x_wconf 75' lang='lat' dir='ltr'><strong>Dionysius</strong></span> <span class='ocrx_word' id='word_1_380' title='bbox 1705 2911 1767 2967; x_wconf 85' lang='lat' dir='ltr'><strong>cap.</strong></span> <span class='ocrx_word' id='word_1_381' title='bbox 1785 2901 1804 2950; x_wconf 81' lang='lat'>⁷</span> 
     </span>
     <span class='ocr_line' id='line_1_46' title="bbox 142 2965 1805 3040; baseline -0.002 -16"><span class='ocrx_word' id='word_1_382' title='bbox 142 2979 168 3025; x_wconf 84' lang='lat' dir='ltr'><strong>et</strong></span> <span class='ocrx_word' id='word_1_383' title='bbox 181 2970 301 3040; x_wconf 80' lang='lat' dir='ltr'><strong>angelos.</strong></span> <span class='ocrx_word' id='word_1_384' title='bbox 322 2969 443 3023; x_wconf 84' lang='lat' dir='ltr'><strong>Medium</strong></span> <span class='ocrx_word' id='word_1_385' title='bbox 458 2977 549 3021; x_wconf 90' lang='lat' dir='ltr'><strong>antem</strong></span> <span class='ocrx_word' id='word_1_386' title='bbox 559 2975 748 3037; x_wconf 88' lang='lat' dir='ltr'><strong>comparatum</strong></span> <span class='ocrx_word' id='word_1_387' title='bbox 760 2967 806 3021; x_wconf 91' lang='lat' dir='ltr'><strong>uni</strong></span> <span class='ocrx_word' id='word_1_388' title='bbox 819 2975 941 3023; x_wconf 80' lang='lat' dir='ltr'><strong>extremo</strong></span> <span class='ocrx_word' id='word_1_389' title='bbox 995 2969 1104 3024; x_wconf 86' lang='lat' dir='ltr'><strong>Coelest.</strong></span> <span class='ocrx_word' id='word_1_390' title='bbox 1119 2967 1286 3024; x_wconf 73' lang='lat' dir='ltr'><strong>hierarchiae</strong></span> <span class='ocrx_word' id='word_1_391' title='bbox 1300 2989 1305 3023; x_wconf 91' lang='lat'>:</span> <span class='ocrx_word' id='word_1_392' title='bbox 1321 2969 1537 3028; x_wconf 75' lang='lat' dir='ltr'><strong>ditissimorum,</strong></span> <span class='ocrx_word' id='word_1_393' title='bbox 1555 2965 1653 3037; x_wconf 91' lang='lat' dir='ltr'><strong>inquit,</strong></span> <span class='ocrx_word' id='word_1_394' title='bbox 1671 2972 1697 3021; x_wconf 94' lang='lat' dir='ltr'><strong>et</strong></span> <span class='ocrx_word' id='word_1_395' title='bbox 1711 2968 1805 3022; x_wconf 87' lang='lat' dir='ltr'><strong>elcen-</strong></span> 
     </span>
     <span class='ocr_line' id='line_1_47' title="bbox 141 3036 1805 3107; baseline 0.001 -15"><span class='ocrx_word' id='word_1_396' title='bbox 141 3038 247 3093; x_wconf 88' lang='lat' dir='ltr'><strong>videtur</strong></span> <span class='ocrx_word' id='word_1_397' title='bbox 272 3039 398 3102; x_wconf 86' lang='lat' dir='ltr'><strong>alterum,</strong></span> <span class='ocrx_word' id='word_1_398' title='bbox 430 3037 456 3089; x_wconf 92' lang='lat' dir='ltr'><strong>in</strong></span> <span class='ocrx_word' id='word_1_399' title='bbox 482 3045 617 3105; x_wconf 89' lang='lat' dir='ltr'><strong>quantum</strong></span> <span class='ocrx_word' id='word_1_400' title='bbox 648 3036 791 3107; x_wconf 88' lang='lat' dir='ltr'><strong>participat</strong></span> <span class='ocrx_word' id='word_1_401' title='bbox 816 3047 941 3094; x_wconf 90' lang='lat' dir='ltr'><strong>naturam</strong></span> <span class='ocrx_word' id='word_1_402' title='bbox 997 3046 1083 3095; x_wconf 84' lang='lat' dir='ltr'><strong>terunt</strong></span> <span class='ocrx_word' id='word_1_403' title='bbox 1102 3041 1206 3095; x_wconf 84' lang='lat' dir='ltr'><strong>sedium</strong></span> <span class='ocrx_word' id='word_1_404' title='bbox 1223 3042 1327 3094; x_wconf 86' lang='lat' dir='ltr'><strong>nomine</strong></span> <span class='ocrx_word' id='word_1_405' title='bbox 1345 3040 1406 3093; x_wconf 81' lang='lat' dir='ltr'><strong>i&#39;llns</strong></span> <span class='ocrx_word' id='word_1_406' title='bbox 1424 3040 1457 3092; x_wconf 89' lang='lat' dir='ltr'><strong>ub</strong></span> <span class='ocrx_word' id='word_1_407' title='bbox 1473 3041 1547 3091; x_wconf 81' lang='lat' dir='ltr'><strong>irnini</strong></span> <span class='ocrx_word' id='word_1_408' title='bbox 1565 3040 1805 3106; x_wconf 79' lang='lat' dir='ltr'><strong>leireniuffcetus</strong></span> 
     </span>
     <span class='ocr_line' id='line_1_48' title="bbox 142 3104 1805 3181; baseline 0.001 -18"><span class='ocrx_word' id='word_1_409' title='bbox 142 3109 282 3179; x_wconf 86' lang='lat' dir='ltr'><strong>utriusque</strong></span> <span class='ocrx_word' id='word_1_410' title='bbox 293 3125 302 3162; x_wconf 75' lang='lat' dir='ltr'><strong>a</strong></span> <span class='ocrx_word' id='word_1_411' title='bbox 312 3107 384 3162; x_wconf 89' lang='lat' dir='ltr'><strong>sicut</strong></span> <span class='ocrx_word' id='word_1_412' title='bbox 393 3104 515 3176; x_wconf 87' lang='lat' dir='ltr'><strong>tepidum</strong></span> <span class='ocrx_word' id='word_1_413' title='bbox 525 3115 646 3175; x_wconf 90' lang='lat' dir='ltr'><strong>respectu</strong></span> <span class='ocrx_word' id='word_1_414' title='bbox 657 3107 735 3163; x_wconf 87' lang='lat' dir='ltr'><strong>calidi</strong></span> <span class='ocrx_word' id='word_1_415' title='bbox 744 3117 782 3163; x_wconf 91' lang='lat' dir='ltr'><strong>est</strong></span> <span class='ocrx_word' id='word_1_416' title='bbox 794 3105 923 3178; x_wconf 77' lang='lat' dir='ltr'><strong>frigidum</strong></span> <span class='ocrx_word' id='word_1_417' title='bbox 935 3133 941 3173; x_wconf 84' lang='lat'>;</span> <span class='ocrx_word' id='word_1_418' title='bbox 997 3112 1149 3166; x_wconf 76' lang='lat' dir='ltr'><strong>lemnii-itote</strong></span> <span class='ocrx_word' id='word_1_419' title='bbox 1160 3114 1310 3181; x_wconf 86' lang='lat' dir='ltr'><strong>loupissi&#39;me</strong></span> <span class='ocrx_word' id='word_1_420' title='bbox 1321 3116 1436 3165; x_wconf 87' lang='lat' dir='ltr'><strong>remotus</strong></span> <span class='ocrx_word' id='word_1_421' title='bbox 1449 3126 1513 3171; x_wconf 84' lang='lat' dir='ltr'><strong>esse,</strong></span> <span class='ocrx_word' id='word_1_422' title='bbox 1523 3125 1689 3179; x_wconf 82' lang='lat' dir='ltr'><strong>sursumque</strong></span> <span class='ocrx_word' id='word_1_423' title='bbox 1709 3111 1748 3165; x_wconf 84' lang='lat' dir='ltr'><strong>ed</strong></span> <span class='ocrx_word' id='word_1_424' title='bbox 1759 3126 1805 3165; x_wconf 86' lang='lat' dir='ltr'><strong>ur·</strong></span> 
     </span>
     <span class='ocr_line' id='line_1_49' title="bbox 143 3175 1804 3250; baseline 0.002 -17"><span class='ocrx_word' id='word_1_425' title='bbox 143 3187 266 3248; x_wconf 82' lang='lat' dir='ltr'><strong>respectu</strong></span> <span class='ocrx_word' id='word_1_426' title='bbox 285 3192 349 3232; x_wconf 89' lang='lat' dir='ltr'><strong>vero</strong></span> <span class='ocrx_word' id='word_1_427' title='bbox 365 3175 455 3243; x_wconf 73' lang='lat' dir='ltr'><strong>frigidi</strong></span> <span class='ocrx_word' id='word_1_428' title='bbox 470 3185 511 3231; x_wconf 90' lang='lat' dir='ltr'><strong>est</strong></span> <span class='ocrx_word' id='word_1_429' title='bbox 530 3177 657 3234; x_wconf 89' lang='lat' dir='ltr'><strong>calidum.</strong></span> <span class='ocrx_word' id='word_1_430' title='bbox 682 3178 726 3234; x_wconf 89' lang='lat' dir='ltr'><strong>Sic</strong></span> <span class='ocrx_word' id='word_1_431' title='bbox 744 3188 770 3234; x_wconf 88' lang='lat' dir='ltr'><strong>ct</strong></span> <span class='ocrx_word' id='word_1_432' title='bbox 790 3180 942 3250; x_wconf 82' lang='lat' dir='ltr'><strong>archangeli</strong></span> <span class='ocrx_word' id='word_1_433' title='bbox 998 3184 1053 3236; x_wconf 84' lang='lat' dir='ltr'><strong>ilua</strong></span> <span class='ocrx_word' id='word_1_434' title='bbox 1067 3184 1218 3237; x_wconf 77' lang='lat' dir='ltr'><strong>inmutabili?</strong></span> <span class='ocrx_word' id='word_1_435' title='bbox 1228 3183 1316 3237; x_wconf 84' lang='lat' dir='ltr'><strong>stiicliu</strong></span> <span class='ocrx_word' id='word_1_436' title='bbox 1327 3182 1561 3250; x_wconf 77' lang='lat' dir='ltr'><strong>serrledeeernur3</strong></span> <span class='ocrx_word' id='word_1_437' title='bbox 1572 3182 1637 3234; x_wconf 88' lang='lat' dir='ltr'><strong>dum</strong></span> <span class='ocrx_word' id='word_1_438' title='bbox 1649 3182 1748 3236; x_wconf 83' lang='lat' dir='ltr'><strong>illienb</strong></span> <span class='ocrx_word' id='word_1_439' title='bbox 1759 3183 1804 3236; x_wconf 86' lang='lat' dir='ltr'><strong>in·</strong></span> 
     </span>
     <span class='ocr_line' id='line_1_50' title="bbox 142 3223 1805 3330; baseline 0.003 -27"><span class='ocrx_word' id='word_1_440' title='bbox 142 3247 270 3304; x_wconf 87' lang='lat' dir='ltr'><strong>dicuntur</strong></span> <span class='ocrx_word' id='word_1_441' title='bbox 285 3248 361 3320; x_wconf 90' lang='lat' dir='ltr'><strong>quasi</strong></span> <span class='ocrx_word' id='word_1_442' title='bbox 376 3247 523 3330; x_wconf 78' lang='lat' dir='ltr'><strong>perincipes</strong></span> <span class='ocrx_word' id='word_1_443' title='bbox 537 3248 633 3320; x_wconf 86' lang='lat' dir='ltr'><strong>angeli,</strong></span> <span class='ocrx_word' id='word_1_444' title='bbox 645 3249 707 3319; x_wconf 89' lang='lat' dir='ltr'><strong>quia</strong></span> <span class='ocrx_word' id='word_1_445' title='bbox 719 3259 840 3319; x_wconf 89' lang='lat' dir='ltr'><strong>respectu</strong></span> <span class='ocrx_word' id='word_1_446' title='bbox 860 3267 944 3323; x_wconf 91' lang='lat' dir='ltr'><strong>aiige-</strong></span> <span class='ocrx_word' id='word_1_447' title='bbox 959 3223 981 3285; x_wconf 73' lang='lat' dir='ltr'><strong>c</strong></span> <span class='ocrx_word' id='word_1_448' title='bbox 997 3257 1069 3323; x_wconf 78' lang='lat' dir='ltr'><strong>fimis</strong></span> <span class='ocrx_word' id='word_1_449' title='bbox 1081 3253 1629 3323; x_wconf 74' lang='lat' dir='ltr'><strong>omnibusjupiintentionedistinctis,uc</strong></span> <span class='ocrx_word' id='word_1_450' title='bbox 1642 3254 1805 3308; x_wconf 77' lang='lat' dir='ltr'><strong>circuitione</strong></span> 
     </span>
     <span class='ocr_line' id='line_1_51' title="bbox 142 3320 1804 3395; baseline 0.004 -21"><span class='ocrx_word' id='word_1_451' title='bbox 142 3320 233 3375; x_wconf 92' lang='lat' dir='ltr'><strong>lorum</strong></span> <span class='ocrx_word' id='word_1_452' title='bbox 255 3327 320 3375; x_wconf 91' lang='lat' dir='ltr'><strong>sunt</strong></span> <span class='ocrx_word' id='word_1_453' title='bbox 345 3334 496 3389; x_wconf 77' lang='lat' dir='ltr'><strong>principes,</strong></span> <span class='ocrx_word' id='word_1_454' title='bbox 512 3330 635 3391; x_wconf 78' lang='lat' dir='ltr'><strong>respiectu</strong></span> <span class='ocrx_word' id='word_1_455' title='bbox 657 3336 721 3377; x_wconf 85' lang='lat' dir='ltr'><strong>iero</strong></span> <span class='ocrx_word' id='word_1_456' title='bbox 741 3322 944 3392; x_wconf 81' lang='lat' dir='ltr'><strong>principatuum</strong></span> <span class='ocrx_word' id='word_1_457' title='bbox 999 3329 1047 3395; x_wconf 88' lang='lat' dir='ltr'><strong>qui</strong></span> <span class='ocrx_word' id='word_1_458' title='bbox 1059 3342 1118 3380; x_wconf 80' lang='lat' dir='ltr'><strong>cire</strong></span> <span class='ocrx_word' id='word_1_459' title='bbox 1126 3326 1244 3380; x_wconf 73' lang='lat' dir='ltr'><strong>excelsus</strong></span> <span class='ocrx_word' id='word_1_460' title='bbox 1253 3331 1292 3380; x_wconf 86' lang='lat' dir='ltr'><strong>est</strong></span> <span class='ocrx_word' id='word_1_461' title='bbox 1303 3327 1364 3378; x_wconf 87' lang='lat' dir='ltr'><strong>tutis</strong></span> <span class='ocrx_word' id='word_1_462' title='bbox 1376 3325 1479 3378; x_wconf 75' lang='lat' dir='ltr'><strong>rii-ibus</strong></span> <span class='ocrx_word' id='word_1_463' title='bbox 1493 3328 1646 3378; x_wconf 82' lang='lat' dir='ltr'><strong>inconcusse</strong></span> <span class='ocrx_word' id='word_1_464' title='bbox 1655 3324 1804 3380; x_wconf 72' lang='lat' dir='ltr'><strong>stabiliter</strong></span> 
     </span>
     <span class='ocr_line' id='line_1_52' title="bbox 143 3391 1806 3466; baseline 0.002 -19"><span class='ocrx_word' id='word_1_465' title='bbox 143 3401 206 3447; x_wconf 86' lang='lat' dir='ltr'><strong>suiit</strong></span> <span class='ocrx_word' id='word_1_466' title='bbox 235 3391 500 3463; x_wconf 83' lang='lat' dir='ltr'><strong>augelisecuudum</strong></span> <span class='ocrx_word' id='word_1_467' title='bbox 515 3392 679 3462; x_wconf 88' lang='lat' dir='ltr'><strong>Gregorium</strong></span> <span class='ocrx_word' id='word_1_468' title='bbox 703 3403 795 3449; x_wconf 86' lang='lat' dir='ltr'><strong>autem</strong></span> <span class='ocrx_word' id='word_1_469' title='bbox 817 3395 944 3456; x_wconf 86' lang='lat' dir='ltr'><strong>dicuntur</strong></span> <span class='ocrx_word' id='word_1_470' title='bbox 997 3395 1806 3466; x_wconf 78' lang='lat' dir='ltr'><strong>qiieleentu,diuinumadrentum‹ibsqueulli&#39;usperturbu-</strong></span> 
     </span>
     <span class='ocr_line' id='line_1_53' title="bbox 143 3459 1805 3543; baseline 0.002 -26"><span class='ocrx_word' id='word_1_471' title='bbox 143 3463 295 3534; x_wconf 67' lang='lat' dir='ltr'><strong>ari-liaiigeli</strong></span> <span class='ocrx_word' id='word_1_472' title='bbox 310 3479 341 3543; x_wconf 74' lang='lat' dir='ltr'><strong>er</strong></span> <span class='ocrx_word' id='word_1_473' title='bbox 352 3478 384 3517; x_wconf 91' lang='lat' dir='ltr'><strong>eo</strong></span> <span class='ocrx_word' id='word_1_474' title='bbox 402 3459 476 3532; x_wconf 93' lang='lat' dir='ltr'><strong>quod</strong></span> <span class='ocrx_word' id='word_1_475' title='bbox 492 3462 677 3534; x_wconf 88' lang='lat' dir='ltr'><strong>principantur</strong></span> <span class='ocrx_word' id='word_1_476' title='bbox 693 3465 743 3520; x_wconf 91' lang='lat' dir='ltr'><strong>soli</strong></span> <span class='ocrx_word' id='word_1_477' title='bbox 759 3464 846 3521; x_wconf 91' lang='lat' dir='ltr'><strong>ordini</strong></span> <span class='ocrx_word' id='word_1_478' title='bbox 859 3481 944 3537; x_wconf 90' lang='lat' dir='ltr'><strong>ange·</strong></span> <span class='ocrx_word' id='word_1_479' title='bbox 999 3470 1079 3521; x_wconf 86' lang='lat' dir='ltr'><strong>ti&#39;ouls</strong></span> <span class='ocrx_word' id='word_1_480' title='bbox 1093 3469 1280 3538; x_wconf 82' lang='lat' dir='ltr'><strong>impedimento</strong></span> <span class='ocrx_word' id='word_1_481' title='bbox 1294 3469 1463 3536; x_wconf 82' lang='lat' dir='ltr'><strong>suscipiunt;</strong></span> <span class='ocrx_word' id='word_1_482' title='bbox 1480 3469 1618 3536; x_wconf 80' lang='lat' dir='ltr'><strong>licumque</strong></span> <span class='ocrx_word' id='word_1_483' title='bbox 1627 3469 1746 3532; x_wconf 71' lang='lat' dir='ltr'><strong>termites</strong></span> <span class='ocrx_word' id='word_1_484' title='bbox 1761 3467 1805 3522; x_wconf 81' lang='lat' dir='ltr'><strong>ob</strong></span> 
     </span>
     <span class='ocr_line' id='line_1_54' title="bbox 144 3534 1807 3608; baseline 0.002 -20"><span class='ocrx_word' id='word_1_485' title='bbox 144 3535 245 3599; x_wconf 89' lang='lat' dir='ltr'><strong>lorum,</strong></span> <span class='ocrx_word' id='word_1_486' title='bbox 263 3549 338 3600; x_wconf 90' lang='lat' dir='ltr'><strong>quasi</strong></span> <span class='ocrx_word' id='word_1_487' title='bbox 357 3548 453 3599; x_wconf 81' lang='lat' dir='ltr'><strong>inagna</strong></span> <span class='ocrx_word' id='word_1_488' title='bbox 475 3534 640 3588; x_wconf 88' lang='lat' dir='ltr'><strong>nuntiantes.</strong></span> <span class='ocrx_word' id='word_1_489' title='bbox 660 3537 708 3590; x_wconf 82' lang='lat' dir='ltr'><strong>Est</strong></span> <span class='ocrx_word' id='word_1_490' title='bbox 722 3543 812 3591; x_wconf 90' lang='lat' dir='ltr'><strong>tamen</strong></span> <span class='ocrx_word' id='word_1_491' title='bbox 828 3536 880 3591; x_wconf 88' lang='lat' dir='ltr'><strong>hoc</strong></span> <span class='ocrx_word' id='word_1_492' title='bbox 895 3552 944 3607; x_wconf 90' lang='lat' dir='ltr'><strong>pe·</strong></span> <span class='ocrx_word' id='word_1_493' title='bbox 997 3540 1228 3606; x_wconf 83' lang='lat' dir='ltr'><strong>sequiidccotione</strong></span> <span class='ocrx_word' id='word_1_494' title='bbox 1239 3540 1275 3593; x_wconf 84' lang='lat' dir='ltr'><strong>ud</strong></span> <span class='ocrx_word' id='word_1_495' title='bbox 1289 3541 1372 3608; x_wconf 75' lang='lat' dir='ltr'><strong>ipsius</strong></span> <span class='ocrx_word' id='word_1_496' title='bbox 1380 3538 1807 3608; x_wconf 75' lang='lat' dir='ltr'><strong>percipiendussculperetsemper</strong></span> 
     </span>
     <span class='ocr_line' id='line_1_55' title="bbox 144 3603 1805 3684; baseline 0.004 -27"><span class='ocrx_word' id='word_1_497' title='bbox 144 3604 246 3683; x_wconf 81' lang='lat' dir='ltr'><strong>euliiire</strong></span> <span class='ocrx_word' id='word_1_498' title='bbox 263 3607 295 3658; x_wconf 88' lang='lat' dir='ltr'><strong>B.</strong></span> <span class='ocrx_word' id='word_1_499' title='bbox 319 3603 446 3656; x_wconf 88' lang='lat' dir='ltr'><strong>hlichaeli</strong></span> <span class='ocrx_word' id='word_1_500' title='bbox 458 3603 640 3684; x_wconf 26' lang='lat' dir='ltr'><strong>‘urcitanae-elo,</strong></span> <span class='ocrx_word' id='word_1_501' title='bbox 664 3606 739 3674; x_wconf 92' lang='lat' dir='ltr'><strong>quod</strong></span> <span class='ocrx_word' id='word_1_502' title='bbox 760 3606 945 3677; x_wconf 68' lang='lat' dir='ltr'><strong>archangelus</strong></span> <span class='ocrx_word' id='word_1_503' title='bbox 996 3613 1103 3679; x_wconf 85' lang='lat' dir='ltr'><strong>pulerit.</strong></span> <span class='ocrx_word' id='word_1_504' title='bbox 1121 3609 1268 3681; x_wconf 88' lang='lat' dir='ltr'><strong>Gregorius</strong></span> <span class='ocrx_word' id='word_1_505' title='bbox 1289 3625 1353 3664; x_wconf 74' lang='lat' dir='ltr'><strong>i&#39;ero</strong></span> <span class='ocrx_word' id='word_1_506' title='bbox 1369 3626 1376 3663; x_wconf 93' lang='lat'><strong>:</strong></span> <span class='ocrx_word' id='word_1_507' title='bbox 1395 3611 1505 3670; x_wconf 81' lang='lat' dir='ltr'><strong>Tin-orii,</strong></span> <span class='ocrx_word' id='word_1_508' title='bbox 1522 3609 1610 3678; x_wconf 92' lang='lat' dir='ltr'><strong>inquit</strong></span> <span class='ocrx_word' id='word_1_509' title='bbox 1626 3610 1675 3661; x_wconf 84' lang='lat' dir='ltr'><strong>illu</strong></span> <span class='ocrx_word' id='word_1_510' title='bbox 1688 3612 1805 3677; x_wconf 82' lang='lat' dir='ltr'><strong>iipmi&#39;uu</strong></span> 
     </span>
     <span class='ocr_line' id='line_1_56' title="bbox 145 3673 1807 3749; baseline 0.005 -22"><span class='ocrx_word' id='word_1_511' title='bbox 145 3673 260 3739; x_wconf 89' lang='lat' dir='ltr'><strong>dieitur,</strong></span> <span class='ocrx_word' id='word_1_512' title='bbox 286 3689 341 3727; x_wconf 86' lang='lat' dir='ltr'><strong>iion</strong></span> <span class='ocrx_word' id='word_1_513' title='bbox 356 3673 428 3743; x_wconf 91' lang='lat' dir='ltr'><strong>qnod</strong></span> <span class='ocrx_word' id='word_1_514' title='bbox 442 3681 477 3726; x_wconf 88' lang='lat' dir='ltr'><strong>sit</strong></span> <span class='ocrx_word' id='word_1_515' title='bbox 491 3675 524 3728; x_wconf 91' lang='lat' dir='ltr'><strong>de</strong></span> <span class='ocrx_word' id='word_1_516' title='bbox 536 3675 630 3728; x_wconf 86' lang='lat' dir='ltr'><strong>onhiie</strong></span> <span class='ocrx_word' id='word_1_517' title='bbox 645 3676 881 3748; x_wconf 88' lang='lat' dir='ltr'><strong>archangelorum,</strong></span> <span class='ocrx_word' id='word_1_518' title='bbox 895 3678 942 3734; x_wconf 89' lang='lat' dir='ltr'><strong>sed</strong></span> <span class='ocrx_word' id='word_1_519' title='bbox 998 3685 1060 3734; x_wconf 91' lang='lat' dir='ltr'><strong>sunt</strong></span> <span class='ocrx_word' id='word_1_520' title='bbox 1071 3687 1176 3742; x_wconf 84' lang='lat' dir='ltr'><strong>cocula,</strong></span> <span class='ocrx_word' id='word_1_521' title='bbox 1187 3681 1285 3749; x_wconf 76' lang='lat' dir='ltr'><strong>peritus</strong></span> <span class='ocrx_word' id='word_1_522' title='bbox 1298 3681 1335 3734; x_wconf 85' lang='lat' dir='ltr'><strong>uit</strong></span> <span class='ocrx_word' id='word_1_523' title='bbox 1345 3681 1489 3736; x_wconf 78' lang='lat' dir='ltr'><strong>eaercendn</strong></span> <span class='ocrx_word' id='word_1_524' title='bbox 1498 3680 1719 3748; x_wconf 76' lang='lat' dir='ltr'><strong>judi&#39;ci&#39;usianper</strong></span> <span class='ocrx_word' id='word_1_525' title='bbox 1732 3685 1807 3736; x_wconf 80' lang='lat' dir='ltr'><strong>Deus</strong></span> 
     </span>
     <span class='ocr_line' id='line_1_57' title="bbox 146 3742 1804 3821; baseline 0.004 -23"><span class='ocrx_word' id='word_1_526' title='bbox 146 3744 207 3813; x_wconf 88' lang='lat' dir='ltr'><strong>quia</strong></span> <span class='ocrx_word' id='word_1_527' title='bbox 227 3744 352 3800; x_wconf 89' lang='lat' dir='ltr'><strong>omnium</strong></span> <span class='ocrx_word' id='word_1_528' title='bbox 367 3742 527 3813; x_wconf 89' lang='lat' dir='ltr'><strong>angelorum</strong></span> <span class='ocrx_word' id='word_1_529' title='bbox 538 3746 660 3814; x_wconf 86' lang='lat' dir='ltr'><strong>caputet</strong></span> <span class='ocrx_word' id='word_1_530' title='bbox 671 3746 795 3818; x_wconf 87' lang='lat' dir='ltr'><strong>princeps</strong></span> <span class='ocrx_word' id='word_1_531' title='bbox 813 3748 944 3803; x_wconf 91' lang='lat' dir='ltr'><strong>inlocum</strong></span> <span class='ocrx_word' id='word_1_532' title='bbox 998 3754 1163 3821; x_wconf 80' lang='lat' dir='ltr'><strong>ernui&#39;putens</strong></span> <span class='ocrx_word' id='word_1_533' title='bbox 1168 3753 1305 3820; x_wconf 75' lang='lat' dir='ltr'><strong>presidet.</strong></span> <span class='ocrx_word' id='word_1_534' title='bbox 1315 3754 1385 3819; x_wconf 82' lang='lat' dir='ltr'><strong>Ouia</strong></span> <span class='ocrx_word' id='word_1_535' title='bbox 1394 3755 1462 3805; x_wconf 82' lang='lat' dir='ltr'><strong>enini</strong></span> <span class='ocrx_word' id='word_1_536' title='bbox 1473 3753 1573 3805; x_wconf 77' lang='lat' dir='ltr'><strong>thronos</strong></span> <span class='ocrx_word' id='word_1_537' title='bbox 1583 3751 1681 3804; x_wconf 82' lang='lat' dir='ltr'><strong>Latino</strong></span> <span class='ocrx_word' id='word_1_538' title='bbox 1689 3751 1804 3819; x_wconf 76' lang='lat' dir='ltr'><strong>eloquio</strong></span> 
     </span>
     <span class='ocr_line' id='line_1_58' title="bbox 147 3813 1805 3890; baseline 0.002 -19"><span class='ocrx_word' id='word_1_539' title='bbox 147 3813 266 3871; x_wconf 81' lang='lat' dir='ltr'><strong>Luciferi</strong></span> <span class='ocrx_word' id='word_1_540' title='bbox 278 3814 458 3881; x_wconf 61' lang='lat' dir='ltr'><strong>sublimatum</strong></span> <span class='ocrx_word' id='word_1_541' title='bbox 474 3814 585 3870; x_wconf 89' lang='lat' dir='ltr'><strong>undeet</strong></span> <span class='ocrx_word' id='word_1_542' title='bbox 604 3817 730 3873; x_wconf 78' lang='lat' dir='ltr'><strong>Ecclesiae</strong></span> <span class='ocrx_word' id='word_1_543' title='bbox 740 3818 789 3872; x_wconf 89' lang='lat' dir='ltr'><strong>llci</strong></span> <span class='ocrx_word' id='word_1_544' title='bbox 804 3827 945 3890; x_wconf 87' lang='lat' dir='ltr'><strong>protector</strong></span> <span class='ocrx_word' id='word_1_545' title='bbox 998 3822 1071 3876; x_wconf 78' lang='lat' dir='ltr'><strong>suus</strong></span> <span class='ocrx_word' id='word_1_546' title='bbox 1083 3823 1208 3886; x_wconf 82' lang='lat' dir='ltr'><strong>diuinus,</strong></span> <span class='ocrx_word' id='word_1_547' title='bbox 1224 3825 1315 3878; x_wconf 84' lang='lat' dir='ltr'><strong>throni</strong></span> <span class='ocrx_word' id='word_1_548' title='bbox 1330 3825 1379 3876; x_wconf 84' lang='lat' dir='ltr'><strong>ilci</strong></span> <span class='ocrx_word' id='word_1_549' title='bbox 1393 3824 1461 3877; x_wconf 81' lang='lat' dir='ltr'><strong>illoti</strong></span> <span class='ocrx_word' id='word_1_550' title='bbox 1468 3828 1531 3876; x_wconf 90' lang='lat' dir='ltr'><strong>sunt</strong></span> <span class='ocrx_word' id='word_1_551' title='bbox 1540 3822 1567 3876; x_wconf 80' lang='lat' dir='ltr'><strong>ln·</strong></span> <span class='ocrx_word' id='word_1_552' title='bbox 1573 3822 1619 3889; x_wconf 88' lang='lat' dir='ltr'><strong>qui</strong></span> <span class='ocrx_word' id='word_1_553' title='bbox 1633 3824 1712 3873; x_wconf 81' lang='lat' dir='ltr'><strong>inrita</strong></span> <span class='ocrx_word' id='word_1_554' title='bbox 1727 3820 1805 3875; x_wconf 70' lang='lat' dir='ltr'><strong>etita·-</strong></span> 
     </span>
     <span class='ocr_line' id='line_1_59' title="bbox 146 3885 1805 3964; baseline 0.003 -22"><span class='ocrx_word' id='word_1_555' title='bbox 146 3885 261 3942; x_wconf 89' lang='lat' dir='ltr'><strong>habetur</strong></span> <span class='ocrx_word' id='word_1_556' title='bbox 272 3892 281 3951; x_wconf 95' lang='lat'>(</span> <span class='ocrx_word' id='word_1_557' title='bbox 292 3887 392 3942; x_wconf 79' lang='lat' dir='ltr'><strong>ifulnn.</strong></span> <span class='ocrx_word' id='word_1_558' title='bbox 409 3886 455 3939; x_wconf 89' lang='lat' dir='ltr'><strong>lib.</strong></span> <span class='ocrx_word' id='word_1_559' title='bbox 471 3901 500 3940; x_wconf 95' lang='lat' dir='ltr'><strong>iii</strong></span> <span class='ocrx_word' id='word_1_560' title='bbox 510 3887 543 3941; x_wconf 87' lang='lat' dir='ltr'><strong>ile</strong></span> <span class='ocrx_word' id='word_1_561' title='bbox 555 3889 657 3951; x_wconf 84' lang='lat' dir='ltr'><strong>Pietur,</strong></span> <span class='ocrx_word' id='word_1_562' title='bbox 674 3904 732 3959; x_wconf 84' lang='lat' dir='ltr'><strong>cup.</strong></span> <span class='ocrx_word' id='word_1_563' title='bbox 745 3890 811 3960; x_wconf 83' lang='lat'><strong>39).</strong></span> <span class='ocrx_word' id='word_1_564' title='bbox 998 3897 1095 3948; x_wconf 81' lang='lat' dir='ltr'><strong>nihilis</strong></span> <span class='ocrx_word' id='word_1_565' title='bbox 1111 3896 1202 3963; x_wconf 81' lang='lat' dir='ltr'><strong>prutiu</strong></span> <span class='ocrx_word' id='word_1_566' title='bbox 1215 3896 1361 3964; x_wconf 81' lang='lat' dir='ltr'><strong>replentur,</strong></span> <span class='ocrx_word' id='word_1_567' title='bbox 1378 3900 1409 3948; x_wconf 88' lang='lat' dir='ltr'><strong>ut</strong></span> <span class='ocrx_word' id='word_1_568' title='bbox 1423 3898 1449 3948; x_wconf 84' lang='lat' dir='ltr'><strong>in</strong></span> <span class='ocrx_word' id='word_1_569' title='bbox 1464 3897 1501 3947; x_wconf 82' lang='lat' dir='ltr'><strong>cis</strong></span> <span class='ocrx_word' id='word_1_570' title='bbox 1521 3894 1646 3948; x_wconf 79' lang='lat' dir='ltr'><strong>Dominus</strong></span> <span class='ocrx_word' id='word_1_571' title='bbox 1662 3891 1760 3946; x_wconf 82' lang='lat' dir='ltr'><strong>scilcet</strong></span> <span class='ocrx_word' id='word_1_572' title='bbox 1780 3897 1805 3947; x_wconf 86' lang='lat' dir='ltr'><strong>ct</strong></span> 
     </span>
    </p>

    <p class='ocr_par' dir='ltr' id='par_1_13' title="bbox 145 3956 1803 4816">
     <span class='ocr_line' id='line_1_60' title="bbox 181 3956 1803 4035; baseline 0.003 -22"><span class='ocrx_word' id='word_1_573' title='bbox 181 3961 193 3992; x_wconf 76' lang='lat'><strong>¹²</strong></span> <span class='ocrx_word' id='word_1_574' title='bbox 209 3959 318 4013; x_wconf 90' lang='lat' dir='ltr'><strong>Primus</strong></span> <span class='ocrx_word' id='word_1_575' title='bbox 338 3956 408 4012; x_wconf 89' lang='lat' dir='ltr'><strong>ordo</strong></span> <span class='ocrx_word' id='word_1_576' title='bbox 427 3958 553 4013; x_wconf 77' lang='lat' dir='ltr'><strong>secundae</strong></span> <span class='ocrx_word' id='word_1_577' title='bbox 571 3957 741 4030; x_wconf 77' lang='lat' dir='ltr'><strong>hierarchia,</strong></span> <span class='ocrx_word' id='word_1_578' title='bbox 765 3961 897 4033; x_wconf 79' lang='lat' dir='ltr'><strong>Dionysio</strong></span> <span class='ocrx_word' id='word_1_579' title='bbox 918 3970 946 4017; x_wconf 91' lang='lat' dir='ltr'><strong>ct</strong></span> <span class='ocrx_word' id='word_1_580' title='bbox 996 3981 1046 4035; x_wconf 87' lang='lat' dir='ltr'><strong>per</strong></span> <span class='ocrx_word' id='word_1_581' title='bbox 1058 3982 1099 4020; x_wconf 85' lang='lat' dir='ltr'><strong>ces</strong></span> <span class='ocrx_word' id='word_1_582' title='bbox 1110 3982 1158 4020; x_wconf 88' lang='lat' dir='ltr'><strong>suu</strong></span> <span class='ocrx_word' id='word_1_583' title='bbox 1165 3966 1274 4034; x_wconf 78' lang='lat' dir='ltr'><strong>juiliciu</strong></span> <span class='ocrx_word' id='word_1_584' title='bbox 1287 3968 1432 4021; x_wconf 83' lang='lat' dir='ltr'><strong>decernat:</strong></span> <span class='ocrx_word' id='word_1_585' title='bbox 1451 3965 1521 4018; x_wconf 86' lang='lat' dir='ltr'><strong>unde</strong></span> <span class='ocrx_word' id='word_1_586' title='bbox 1533 3970 1557 4018; x_wconf 89' lang='lat' dir='ltr'><strong>ct</strong></span> <span class='ocrx_word' id='word_1_587' title='bbox 1565 3980 1613 4033; x_wconf 86' lang='lat' dir='ltr'><strong>pei·</strong></span> <span class='ocrx_word' id='word_1_588' title='bbox 1627 3964 1803 4018; x_wconf 71' lang='lat' dir='ltr'><strong>l‘snlmistani</strong></span> 
     </span>
     <span class='ocr_line' id='line_1_61' title="bbox 148 4028 1802 4110; baseline 0.004 -26"><span class='ocrx_word' id='word_1_589' title='bbox 148 4030 283 4110; x_wconf 82' lang='lat' dir='ltr'><strong>Gregorio</strong></span> <span class='ocrx_word' id='word_1_590' title='bbox 298 4030 325 4110; x_wconf 76' lang='lat' dir='ltr'><strong>in</strong></span> <span class='ocrx_word' id='word_1_591' title='bbox 347 4028 399 4082; x_wconf 90' lang='lat' dir='ltr'><strong>hoc</strong></span> <span class='ocrx_word' id='word_1_592' title='bbox 420 4029 662 4098; x_wconf 85' lang='lat' dir='ltr'><strong>consentientibus,</strong></span> <span class='ocrx_word' id='word_1_593' title='bbox 682 4032 729 4087; x_wconf 88' lang='lat' dir='ltr'><strong>sed</strong></span> <span class='ocrx_word' id='word_1_594' title='bbox 751 4032 808 4104; x_wconf 89' lang='lat' dir='ltr'><strong>ejus</strong></span> <span class='ocrx_word' id='word_1_595' title='bbox 828 4032 945 4104; x_wconf 91' lang='lat' dir='ltr'><strong>appella·</strong></span> <span class='ocrx_word' id='word_1_596' title='bbox 998 4038 1099 4091; x_wconf 76' lang='lat' dir='ltr'><strong>elicitur</strong></span> <span class='ocrx_word' id='word_1_597' title='bbox 1114 4056 1121 4091; x_wconf 91' lang='lat'>:</span> <span class='ocrx_word' id='word_1_598' title='bbox 1135 4039 1214 4093; x_wconf 86' lang='lat' dir='ltr'><strong>Sedes</strong></span> <span class='ocrx_word' id='word_1_599' title='bbox 1226 4055 1306 4109; x_wconf 79' lang='lat' dir='ltr'><strong>super</strong></span> <span class='ocrx_word' id='word_1_600' title='bbox 1320 4038 1455 4103; x_wconf 89' lang='lat' dir='ltr'><strong>thronum,</strong></span> <span class='ocrx_word' id='word_1_601' title='bbox 1467 4038 1516 4105; x_wconf 88' lang='lat' dir='ltr'><strong>qui</strong></span> <span class='ocrx_word' id='word_1_602' title='bbox 1524 4036 1633 4104; x_wconf 80' lang='lat' dir='ltr'><strong>judicus</strong></span> <span class='ocrx_word' id='word_1_603' title='bbox 1645 4037 1802 4104; x_wconf 76' lang='lat' dir='ltr'><strong>equitatem</strong></span> 
     </span>
     <span class='ocr_line' id='line_1_62' title="bbox 145 4101 1163 4178; baseline 0.009 -23"><span class='ocrx_word' id='word_1_604' title='bbox 145 4101 229 4156; x_wconf 89' lang='lat' dir='ltr'><strong>tionis</strong></span> <span class='ocrx_word' id='word_1_605' title='bbox 255 4109 387 4155; x_wconf 89' lang='lat' dir='ltr'><strong>rationein</strong></span> <span class='ocrx_word' id='word_1_606' title='bbox 402 4115 457 4154; x_wconf 92' lang='lat' dir='ltr'><strong>non</strong></span> <span class='ocrx_word' id='word_1_607' title='bbox 480 4116 562 4155; x_wconf 92' lang='lat' dir='ltr'><strong>uuam</strong></span> <span class='ocrx_word' id='word_1_608' title='bbox 576 4101 755 4174; x_wconf 87' lang='lat' dir='ltr'><strong>camdemque</strong></span> <span class='ocrx_word' id='word_1_609' title='bbox 778 4104 944 4176; x_wconf 85' lang='lat' dir='ltr'><strong>assignanti·</strong></span> <span class='ocrx_word' id='word_1_610' title='bbox 999 4110 1089 4174; x_wconf 81' lang='lat' dir='ltr'><strong>(Paul.</strong></span> <span class='ocrx_word' id='word_1_611' title='bbox 1105 4109 1163 4178; x_wconf 82' lang='lat' dir='ltr'><strong>ix).</strong></span> 
     </span>
     <span class='ocr_line' id='line_1_63' title="bbox 148 4171 1801 4248; baseline 0.002 -21"><span class='ocrx_word' id='word_1_612' title='bbox 148 4172 210 4227; x_wconf 92' lang='lat' dir='ltr'><strong>biis.</strong></span> <span class='ocrx_word' id='word_1_613' title='bbox 227 4173 272 4228; x_wconf 88' lang='lat' dir='ltr'><strong>Sic</strong></span> <span class='ocrx_word' id='word_1_614' title='bbox 295 4173 366 4226; x_wconf 88' lang='lat' dir='ltr'><strong>euim</strong></span> <span class='ocrx_word' id='word_1_615' title='bbox 383 4171 529 4242; x_wconf 87' lang='lat' dir='ltr'><strong>Dionysius</strong></span> <span class='ocrx_word' id='word_1_616' title='bbox 545 4188 606 4241; x_wconf 89' lang='lat' dir='ltr'><strong>cap.</strong></span> <span class='ocrx_word' id='word_1_617' title='bbox 618 4178 635 4226; x_wconf 88' lang='lat'><strong>8</strong></span> <span class='ocrx_word' id='word_1_618' title='bbox 647 4174 757 4229; x_wconf 82' lang='lat' dir='ltr'><strong>Coelcst.</strong></span> <span class='ocrx_word' id='word_1_619' title='bbox 777 4174 917 4230; x_wconf 89' lang='lat' dir='ltr'><strong>llicrarch.</strong></span> <span class='ocrx_word' id='word_1_620' title='bbox 937 4196 943 4230; x_wconf 94' lang='lat'><strong>:</strong></span> <span class='ocrx_word' id='word_1_621' title='bbox 1035 4189 1045 4214; x_wconf 79' lang='lat'>⁰</span> <span class='ocrx_word' id='word_1_622' title='bbox 1063 4182 1126 4234; x_wconf 70' lang='lat' dir='ltr'><strong>iisse</strong></span> <span class='ocrx_word' id='word_1_623' title='bbox 1142 4179 1214 4235; x_wconf 90' lang='lat' dir='ltr'><strong>enim</strong></span> <span class='ocrx_word' id='word_1_624' title='bbox 1234 4178 1262 4233; x_wconf 92' lang='lat' dir='ltr'><strong>in</strong></span> <span class='ocrx_word' id='word_1_625' title='bbox 1277 4177 1591 4248; x_wconf 87' lang='lat' dir='ltr'><strong>daenionibusqiiosdam</strong></span> <span class='ocrx_word' id='word_1_626' title='bbox 1606 4177 1765 4248; x_wconf 83' lang='lat' dir='ltr'><strong>superiores</strong></span> <span class='ocrx_word' id='word_1_627' title='bbox 1775 4183 1801 4233; x_wconf 87' lang='lat' dir='ltr'><strong>et</strong></span> 
     </span>
     <span class='ocr_line' id='line_1_64' title="bbox 147 4244 1800 4320; baseline 0.002 -21"><span class='ocrx_word' id='word_1_628' title='bbox 147 4245 306 4299; x_wconf 85' lang='lat' dir='ltr'><strong>Suiieturum</strong></span> <span class='ocrx_word' id='word_1_629' title='bbox 326 4244 542 4297; x_wconf 79' lang='lat' dir='ltr'><strong>ilorni&#39;nutiomim‘</strong></span> <span class='ocrx_word' id='word_1_630' title='bbox 554 4246 633 4313; x_wconf 76' lang='lat' dir='ltr'><strong>priene</strong></span> <span class='ocrx_word' id='word_1_631' title='bbox 652 4249 776 4313; x_wconf 78' lang='lat' dir='ltr'><strong>mysterii</strong></span> <span class='ocrx_word' id='word_1_632' title='bbox 787 4250 892 4301; x_wconf 86' lang='lat' dir='ltr'><strong>neruine</strong></span> <span class='ocrx_word' id='word_1_633' title='bbox 905 4250 946 4301; x_wconf 88' lang='lat' dir='ltr'><strong>si·</strong></span> <span class='ocrx_word' id='word_1_634' title='bbox 999 4250 1067 4305; x_wconf 88' lang='lat' dir='ltr'><strong>alios</strong></span> <span class='ocrx_word' id='word_1_635' title='bbox 1089 4250 1240 4307; x_wconf 74' lang='lat' dir='ltr'><strong>inferiores,</strong></span> <span class='ocrx_word' id='word_1_636' title='bbox 1264 4251 1386 4320; x_wconf 90' lang='lat' dir='ltr'><strong>superius</strong></span> <span class='ocrx_word' id='word_1_637' title='bbox 1407 4250 1555 4305; x_wconf 90' lang='lat' dir='ltr'><strong>indicatum</strong></span> <span class='ocrx_word' id='word_1_638' title='bbox 1579 4257 1620 4303; x_wconf 84' lang='lat' dir='ltr'><strong>cst</strong></span> <span class='ocrx_word' id='word_1_639' title='bbox 1653 4251 1733 4319; x_wconf 77' lang='lat' dir='ltr'><strong>(Cup.</strong></span> <span class='ocrx_word' id='word_1_640' title='bbox 1757 4252 1800 4314; x_wconf 81' lang='lat'><strong>8),</strong></span> 
     </span>
     <span class='ocr_line' id='line_1_65' title="bbox 146 4314 1801 4402; baseline 0.005 -36"><span class='ocrx_word' id='word_1_641' title='bbox 146 4317 271 4395; x_wconf 76' lang='lat' dir='ltr'><strong>purificari</strong></span> <span class='ocrx_word' id='word_1_642' title='bbox 287 4314 404 4394; x_wconf 72' lang='lat' dir='ltr'><strong>arbitror</strong></span> <span class='ocrx_word' id='word_1_643' title='bbox 421 4315 557 4367; x_wconf 79' lang='lat' dir='ltr'><strong>celsiorem</strong></span> <span class='ocrx_word' id='word_1_644' title='bbox 577 4317 783 4386; x_wconf 72' lang='lat' dir='ltr'><strong>intelligentium</strong></span> <span class='ocrx_word' id='word_1_645' title='bbox 799 4319 946 4387; x_wconf 87' lang='lat' dir='ltr'><strong>qiinmdnm</strong></span> <span class='ocrx_word' id='word_1_646' title='bbox 1000 4321 1113 4402; x_wconf 78' lang='lat' dir='ltr'><strong>ejusque</strong></span> <span class='ocrx_word' id='word_1_647' title='bbox 1122 4319 1310 4391; x_wconf 81' lang='lat' dir='ltr'><strong>inaequalitatis</strong></span> <span class='ocrx_word' id='word_1_648' title='bbox 1323 4329 1349 4376; x_wconf 90' lang='lat' dir='ltr'><strong>et</strong></span> <span class='ocrx_word' id='word_1_649' title='bbox 1365 4319 1547 4375; x_wconf 90' lang='lat' dir='ltr'><strong>distinctionis</strong></span> <span class='ocrx_word' id='word_1_650' title='bbox 1557 4319 1657 4390; x_wconf 77' lang='lat' dir='ltr'><strong>duplex</strong></span> <span class='ocrx_word' id='word_1_651' title='bbox 1673 4321 1744 4376; x_wconf 92' lang='lat' dir='ltr'><strong>ratio</strong></span> <span class='ocrx_word' id='word_1_652' title='bbox 1757 4333 1801 4374; x_wconf 83' lang='lat' dir='ltr'><strong>as·</strong></span> 
     </span>
     <span class='ocr_line' id='line_1_66' title="bbox 147 4388 1797 4462; baseline 0.005 -26"><span class='ocrx_word' id='word_1_653' title='bbox 147 4389 226 4436; x_wconf 86' lang='lat' dir='ltr'><strong>totius</strong></span> <span class='ocrx_word' id='word_1_654' title='bbox 237 4388 376 4462; x_wconf 73' lang='lat' dir='ltr'><strong>seruitutis</strong></span> <span class='ocrx_word' id='word_1_655' title='bbox 387 4400 520 4449; x_wconf 80' lang='lat' dir='ltr'><strong>ipnnriirn,</strong></span> <span class='ocrx_word' id='word_1_656' title='bbox 531 4388 656 4453; x_wconf 69' lang='lat' dir='ltr'><strong>(mittique</strong></span> <span class='ocrx_word' id='word_1_657' title='bbox 670 4389 843 4443; x_wconf 80' lang='lat' dir='ltr'><strong>subinisn&#39;oue</strong></span> <span class='ocrx_word' id='word_1_658' title='bbox 853 4393 946 4458; x_wconf 77' lang='lat' dir='ltr'><strong>infimo</strong></span> <span class='ocrx_word' id='word_1_659' title='bbox 1000 4401 1103 4460; x_wconf 81' lang='lat' dir='ltr'><strong>signata</strong></span> <span class='ocrx_word' id='word_1_660' title='bbox 1120 4410 1126 4445; x_wconf 94' lang='lat'>:</span> <span class='ocrx_word' id='word_1_661' title='bbox 1141 4392 1215 4462; x_wconf 89' lang='lat' dir='ltr'><strong>prior</strong></span> <span class='ocrx_word' id='word_1_662' title='bbox 1228 4406 1260 4444; x_wconf 78' lang='lat' dir='ltr'><strong>ci</strong></span> <span class='ocrx_word' id='word_1_663' title='bbox 1276 4392 1398 4462; x_wconf 89' lang='lat' dir='ltr'><strong>ipsorum</strong></span> <span class='ocrx_word' id='word_1_664' title='bbox 1409 4400 1516 4457; x_wconf 88' lang='lat' dir='ltr'><strong>natura,</strong></span> <span class='ocrx_word' id='word_1_665' title='bbox 1552 4407 1616 4445; x_wconf 89' lang='lat' dir='ltr'><strong>uam</strong></span> <span class='ocrx_word' id='word_1_666' title='bbox 1627 4407 1687 4445; x_wconf 91' lang='lat' dir='ltr'><strong>nou</strong></span> <span class='ocrx_word' id='word_1_667' title='bbox 1700 4390 1797 4446; x_wconf 87' lang='lat' dir='ltr'><strong>babent</strong></span> 
     </span>
     <span class='ocr_line' id='line_1_67' title="bbox 148 4408 1798 4533; baseline 0.007 -28"><span class='ocrx_word' id='word_1_668' title='bbox 148 4454 268 4533; x_wconf 81' lang='lat' dir='ltr'><strong>liberum,</strong></span> <span class='ocrx_word' id='word_1_669' title='bbox 284 4453 413 4533; x_wconf 72' lang='lat' dir='ltr'><strong>iiiclliqiic⁴</strong></span> <span class='ocrx_word' id='word_1_670' title='bbox 425 4457 573 4520; x_wconf 79' lang='lat' dir='ltr'><strong>tprnnru&#39;cen</strong></span> <span class='ocrx_word' id='word_1_671' title='bbox 585 4456 805 4512; x_wconf 79' lang='lat' dir='ltr'><strong>dissimilitudini·</strong></span> <span class='ocrx_word' id='word_1_672' title='bbox 818 4462 872 4514; x_wconf 90' lang='lat' dir='ltr'><strong>ullo</strong></span> <span class='ocrx_word' id='word_1_673' title='bbox 886 4476 944 4515; x_wconf 88' lang='lat' dir='ltr'><strong>nie-</strong></span> <span class='ocrx_word' id='word_1_674' title='bbox 1000 4477 1096 4518; x_wconf 89' lang='lat' dir='ltr'><strong>omnes</strong></span> <span class='ocrx_word' id='word_1_675' title='bbox 1120 4460 1264 4533; x_wconf 68' lang='lat' dir='ltr'><strong>aequalem,</strong></span> <span class='ocrx_word' id='word_1_676' title='bbox 1280 4464 1327 4518; x_wconf 89' lang='lat' dir='ltr'><strong>sed</strong></span> <span class='ocrx_word' id='word_1_677' title='bbox 1350 4463 1395 4518; x_wconf 90' lang='lat' dir='ltr'><strong>alii</strong></span> <span class='ocrx_word' id='word_1_678' title='bbox 1408 4463 1467 4517; x_wconf 92' lang='lat' dir='ltr'><strong>aliis</strong></span> <span class='ocrx_word' id='word_1_679' title='bbox 1488 4408 1698 4532; x_wconf 71' lang='lat' dir='ltr'><strong>periectiorem,</strong></span> <span class='ocrx_word' id='word_1_680' title='bbox 1719 4475 1798 4533; x_wconf 83' lang='lat' dir='ltr'><strong>quare</strong></span> 
     </span>
     <span class='ocr_line' id='line_1_68' title="bbox 147 4523 1797 4606; baseline 0.007 -31"><span class='ocrx_word' id='word_1_681' title='bbox 147 4523 182 4576; x_wconf 89' lang='lat' dir='ltr'><strong>do</strong></span> <span class='ocrx_word' id='word_1_682' title='bbox 193 4523 508 4604; x_wconf 73' lang='lat' dir='ltr'><strong>scipsumsulpeeientcrn,</strong></span> <span class='ocrx_word' id='word_1_683' title='bbox 519 4533 570 4606; x_wconf 83' lang='lat' dir='ltr'><strong>etc.</strong></span> <span class='ocrx_word' id='word_1_684' title='bbox 588 4525 631 4580; x_wconf 83' lang='lat' dir='ltr'><strong>Sic</strong></span> <span class='ocrx_word' id='word_1_685' title='bbox 643 4527 799 4599; x_wconf 84' lang='lat' dir='ltr'><strong>Dionysius,</strong></span> <span class='ocrx_word' id='word_1_686' title='bbox 811 4533 944 4585; x_wconf 89' lang='lat' dir='ltr'><strong>rationem</strong></span> <span class='ocrx_word' id='word_1_687' title='bbox 1000 4549 1108 4589; x_wconf 69' lang='lat' dir='ltr'><strong>neceese</strong></span> <span class='ocrx_word' id='word_1_688' title='bbox 1118 4542 1159 4588; x_wconf 83' lang='lat' dir='ltr'><strong>est</strong></span> <span class='ocrx_word' id='word_1_689' title='bbox 1174 4530 1317 4588; x_wconf 87' lang='lat' dir='ltr'><strong>inferiores</strong></span> <span class='ocrx_word' id='word_1_690' title='bbox 1330 4549 1344 4589; x_wconf 92' lang='lat' dir='ltr'><strong>a</strong></span> <span class='ocrx_word' id='word_1_691' title='bbox 1356 4534 1541 4606; x_wconf 90' lang='lat' dir='ltr'><strong>superioribus</strong></span> <span class='ocrx_word' id='word_1_692' title='bbox 1552 4533 1609 4604; x_wconf 88' lang='lat' dir='ltr'><strong>regi</strong></span> <span class='ocrx_word' id='word_1_693' title='bbox 1622 4533 1718 4604; x_wconf 89' lang='lat' dir='ltr'><strong>eisque</strong></span> <span class='ocrx_word' id='word_1_694' title='bbox 1732 4530 1797 4588; x_wconf 89' lang='lat' dir='ltr'><strong>sub-</strong></span> 
     </span>
     <span class='ocr_line' id='line_1_69' title="bbox 148 4594 1798 4677; baseline 0.007 -30"><span class='ocrx_word' id='word_1_695' title='bbox 148 4608 268 4676; x_wconf 80' lang='lat' dir='ltr'><strong>nominis</strong></span> <span class='ocrx_word' id='word_1_696' title='bbox 298 4601 392 4673; x_wconf 70' lang='lat' dir='ltr'><strong>petrus</strong></span> <span class='ocrx_word' id='word_1_697' title='bbox 415 4594 449 4648; x_wconf 92' lang='lat' dir='ltr'><strong>ab</strong></span> <span class='ocrx_word' id='word_1_698' title='bbox 477 4610 533 4665; x_wconf 87' lang='lat' dir='ltr'><strong>ipsa</strong></span> <span class='ocrx_word' id='word_1_699' title='bbox 556 4604 660 4676; x_wconf 78' lang='lat' dir='ltr'><strong>interna</strong></span> <span class='ocrx_word' id='word_1_700' title='bbox 683 4597 847 4669; x_wconf 86' lang='lat' dir='ltr'><strong>perfectione</strong></span> <span class='ocrx_word' id='word_1_701' title='bbox 865 4601 982 4672; x_wconf 80' lang='lat' dir='ltr'><strong>hujusi)</strong></span> <span class='ocrx_word' id='word_1_702' title='bbox 997 4604 1068 4660; x_wconf 85' lang='lat' dir='ltr'><strong>ditos</strong></span> <span class='ocrx_word' id='word_1_703' title='bbox 1086 4620 1166 4669; x_wconf 82' lang='lat' dir='ltr'><strong>esse;</strong></span> <span class='ocrx_word' id='word_1_704' title='bbox 1186 4603 1269 4659; x_wconf 89' lang='lat' dir='ltr'><strong>altera</strong></span> <span class='ocrx_word' id='word_1_705' title='bbox 1289 4621 1321 4660; x_wconf 84' lang='lat' dir='ltr'><strong>ei</strong></span> <span class='ocrx_word' id='word_1_706' title='bbox 1342 4606 1466 4677; x_wconf 89' lang='lat' dir='ltr'><strong>ipsorum</strong></span> <span class='ocrx_word' id='word_1_707' title='bbox 1492 4603 1593 4659; x_wconf 88' lang='lat' dir='ltr'><strong>malitia</strong></span> <span class='ocrx_word' id='word_1_708' title='bbox 1614 4613 1642 4658; x_wconf 90' lang='lat' dir='ltr'><strong>et</strong></span> <span class='ocrx_word' id='word_1_709' title='bbox 1670 4601 1798 4676; x_wconf 78' lang='lat' dir='ltr'><strong>nequitie.</strong></span> 
     </span>
     <span class='ocr_line' id='line_1_70' title="bbox 148 4664 1799 4749; baseline 0.006 -29"><span class='ocrx_word' id='word_1_710' title='bbox 148 4665 263 4747; x_wconf 83' lang='lat' dir='ltr'><strong>ordinis,</strong></span> <span class='ocrx_word' id='word_1_711' title='bbox 277 4673 310 4747; x_wconf 85' lang='lat' dir='ltr'><strong>¹ut</strong></span> <span class='ocrx_word' id='word_1_712' title='bbox 322 4664 423 4749; x_wconf 84' lang='lat' dir='ltr'><strong>dictum</strong></span> <span class='ocrx_word' id='word_1_713' title='bbox 444 4673 494 4720; x_wconf 90' lang='lat' dir='ltr'><strong>est.</strong></span> <span class='ocrx_word' id='word_1_714' title='bbox 512 4667 662 4749; x_wconf 75' lang='lat' dir='ltr'><strong>Gregorius</strong></span> <span class='ocrx_word' id='word_1_715' title='bbox 684 4685 747 4724; x_wconf 80' lang='lat' dir='ltr'><strong>iero</strong></span> <span class='ocrx_word' id='word_1_716' title='bbox 760 4670 793 4725; x_wconf 91' lang='lat' dir='ltr'><strong>ab</strong></span> <span class='ocrx_word' id='word_1_717' title='bbox 808 4672 945 4727; x_wconf 80' lang='lat' dir='ltr'><strong>exteriore</strong></span> <span class='ocrx_word' id='word_1_718' title='bbox 1019 4691 1061 4731; x_wconf 82' lang='lat' dir='ltr'><strong>uic</strong></span> <span class='ocrx_word' id='word_1_719' title='bbox 1078 4675 1196 4746; x_wconf 89' lang='lat' dir='ltr'><strong>postulat</strong></span> <span class='ocrx_word' id='word_1_720' title='bbox 1210 4684 1239 4730; x_wconf 92' lang='lat' dir='ltr'><strong>iit</strong></span> <span class='ocrx_word' id='word_1_721' title='bbox 1259 4676 1350 4731; x_wconf 89' lang='lat' dir='ltr'><strong>interi</strong></span> <span class='ocrx_word' id='word_1_722' title='bbox 1371 4692 1416 4732; x_wconf 90' lang='lat' dir='ltr'><strong>sos</strong></span> <span class='ocrx_word' id='word_1_723' title='bbox 1430 4674 1497 4731; x_wconf 89' lang='lat' dir='ltr'><strong>ordo</strong></span> <span class='ocrx_word' id='word_1_724' title='bbox 1513 4675 1624 4745; x_wconf 90' lang='lat' dir='ltr'><strong>quidam</strong></span> <span class='ocrx_word' id='word_1_725' title='bbox 1646 4683 1674 4730; x_wconf 87' lang='lat' dir='ltr'><strong>el</strong></span> <span class='ocrx_word' id='word_1_726' title='bbox 1686 4686 1799 4730; x_wconf 78' lang='lat' dir='ltr'><strong>comot-</strong></span> 
     </span>
     <span class='ocr_line' id='line_1_71' title="bbox 147 4693 1799 4816; baseline 0.005 -25"><span class='ocrx_word' id='word_1_727' title='bbox 147 4746 315 4792; x_wconf 90' lang='lat' dir='ltr'><strong>ministcrio:</strong></span> <span class='ocrx_word' id='word_1_728' title='bbox 325 4739 536 4800; x_wconf 84' lang='lat' dir='ltr'><strong>lierneuutiones,</strong></span> <span class='ocrx_word' id='word_1_729' title='bbox 546 4747 646 4808; x_wconf 90' lang='lat' dir='ltr'><strong>inqiut,</strong></span> <span class='ocrx_word' id='word_1_730' title='bbox 658 4747 798 4809; x_wconf 71' lang='lat' dir='ltr'><strong>intuuntur,</strong></span> <span class='ocrx_word' id='word_1_731' title='bbox 808 4746 945 4812; x_wconf 82' lang='lat' dir='ltr'><strong>quietiora</strong></span> <span class='ocrx_word' id='word_1_732' title='bbox 1000 4693 1043 4803; x_wconf 64' lang='lat' dir='ltr'><strong>iia</strong></span> <span class='ocrx_word' id='word_1_733' title='bbox 1057 4755 1188 4816; x_wconf 82' lang='lat' dir='ltr'><strong>serretur,</strong></span> <span class='ocrx_word' id='word_1_734' title='bbox 1202 4756 1233 4802; x_wconf 92' lang='lat' dir='ltr'><strong>ut</strong></span> <span class='ocrx_word' id='word_1_735' title='bbox 1244 4694 1401 4803; x_wconf 64' lang='lat' dir='ltr'><strong>hominiiius</strong></span> <span class='ocrx_word' id='word_1_736' title='bbox 1412 4756 1526 4803; x_wconf 90' lang='lat' dir='ltr'><strong>noceant</strong></span> <span class='ocrx_word' id='word_1_737' title='bbox 1538 4766 1545 4812; x_wconf 88' lang='grc'>;</span> <span class='ocrx_word' id='word_1_738' title='bbox 1558 4755 1587 4801; x_wconf 91' lang='lat' dir='ltr'><strong>ut</strong></span> <span class='ocrx_word' id='word_1_739' title='bbox 1598 4745 1698 4801; x_wconf 92' lang='lat' dir='ltr'><strong>docuit</strong></span> <span class='ocrx_word' id='word_1_740' title='bbox 1707 4752 1799 4801; x_wconf 80' lang='lat' dir='ltr'><strong>auetm</strong></span> 
     </span>
    </p>
   </div>
   <div class='ocr_carea' id='block_1_12' title="bbox 144 4810 947 5810">
    <p class='ocr_par' dir='ltr' id='par_1_14' title="bbox 144 4810 947 5234">
     <span class='ocr_line' id='line_1_72' title="bbox 145 4810 945 4879; baseline 0.011 -18"><span class='ocrx_word' id='word_1_741' title='bbox 145 4814 290 4879; x_wconf 82' lang='lat' dir='ltr'><strong>potestates</strong></span> <span class='ocrx_word' id='word_1_742' title='bbox 304 4812 476 4879; x_wconf 70' lang='lat' dir='ltr'><strong>pertemptatus</strong></span> <span class='ocrx_word' id='word_1_743' title='bbox 495 4810 723 4866; x_wconf 81' lang='lat' dir='ltr'><strong>dissimilitudine</strong></span> <span class='ocrx_word' id='word_1_744' title='bbox 734 4815 791 4868; x_wconf 85' lang='lat' dir='ltr'><strong>irllu</strong></span> <span class='ocrx_word' id='word_1_745' title='bbox 807 4820 945 4870; x_wconf 82' lang='lat' dir='ltr'><strong>tciiicseen-</strong></span> 
     </span>
     <span class='ocr_line' id='line_1_73' title="bbox 149 4881 945 4956; baseline 0.013 -23"><span class='ocrx_word' id='word_1_746' title='bbox 149 4881 225 4933; x_wconf 79' lang='lat' dir='ltr'><strong>diuet.</strong></span> <span class='ocrx_word' id='word_1_747' title='bbox 242 4883 310 4935; x_wconf 77' lang='lat' dir='ltr'><strong>Num</strong></span> <span class='ocrx_word' id='word_1_748' title='bbox 325 4884 478 4950; x_wconf 78' lang='lat' dir='ltr'><strong>principari</strong></span> <span class='ocrx_word' id='word_1_749' title='bbox 491 4886 530 4936; x_wconf 83' lang='lat' dir='ltr'><strong>cst</strong></span> <span class='ocrx_word' id='word_1_750' title='bbox 541 4884 609 4936; x_wconf 85' lang='lat' dir='ltr'><strong>iuter</strong></span> <span class='ocrx_word' id='word_1_751' title='bbox 624 4884 739 4954; x_wconf 86' lang='lat' dir='ltr'><strong>reliquos</strong></span> <span class='ocrx_word' id='word_1_752' title='bbox 751 4889 870 4956; x_wconf 77' lang='lat' dir='ltr'><strong>primunr</strong></span> <span class='ocrx_word' id='word_1_753' title='bbox 884 4891 945 4943; x_wconf 80' lang='lat' dir='ltr'><strong>eai-</strong></span> 
     </span>
     <span class='ocr_line' id='line_1_74' title="bbox 149 4950 945 5029; baseline 0.014 -25"><span class='ocrx_word' id='word_1_754' title='bbox 149 4954 218 5004; x_wconf 87' lang='lat' dir='ltr'><strong>slcre</strong></span> <span class='ocrx_word' id='word_1_755' title='bbox 226 4967 239 5018; x_wconf 87' lang='lat'><strong>,·</strong></span> <span class='ocrx_word' id='word_1_756' title='bbox 247 4950 382 5003; x_wconf 74' lang='lat' dir='ltr'><strong>(innumeri</strong></span> <span class='ocrx_word' id='word_1_757' title='bbox 388 4968 448 5007; x_wconf 83' lang='lat' dir='ltr'><strong>uero</strong></span> <span class='ocrx_word' id='word_1_758' title='bbox 459 4959 498 5007; x_wconf 86' lang='lat' dir='ltr'><strong>est</strong></span> <span class='ocrx_word' id='word_1_759' title='bbox 505 4955 585 5008; x_wconf 85' lang='lat' dir='ltr'><strong>etium</strong></span> <span class='ocrx_word' id='word_1_760' title='bbox 593 4955 724 5025; x_wconf 82' lang='lat' dir='ltr'><strong>stibjectos</strong></span> <span class='ocrx_word' id='word_1_761' title='bbox 734 4974 851 5028; x_wconf 85' lang='lat' dir='ltr'><strong>quosque</strong></span> <span class='ocrx_word' id='word_1_762' title='bbox 860 4962 945 5029; x_wconf 84' lang='lat' dir='ltr'><strong>possi·</strong></span> 
     </span>
     <span class='ocr_line' id='line_1_75' title="bbox 148 5021 947 5100; baseline 0.014 -25"><span class='ocrx_word' id='word_1_763' title='bbox 148 5021 218 5076; x_wconf 83' lang='lat' dir='ltr'><strong>dere.</strong></span> <span class='ocrx_word' id='word_1_764' title='bbox 239 5024 278 5076; x_wconf 72' lang='lat' dir='ltr'><strong>ini</strong></span> <span class='ocrx_word' id='word_1_765' title='bbox 293 5037 355 5089; x_wconf 77' lang='lat' dir='ltr'><strong>erqo</strong></span> <span class='ocrx_word' id='word_1_766' title='bbox 369 5024 524 5090; x_wconf 80' lang='lat' dir='ltr'><strong>augelorum</strong></span> <span class='ocrx_word' id='word_1_767' title='bbox 538 5028 659 5094; x_wconf 83' lang='lat' dir='ltr'><strong>iiqrniuei,</strong></span> <span class='ocrx_word' id='word_1_768' title='bbox 674 5045 732 5097; x_wconf 75' lang='lat' dir='ltr'><strong>quur</strong></span> <span class='ocrx_word' id='word_1_769' title='bbox 747 5032 817 5084; x_wconf 86' lang='lat' dir='ltr'><strong>niiru</strong></span> <span class='ocrx_word' id='word_1_770' title='bbox 826 5035 947 5100; x_wconf 83' lang='lat' dir='ltr'><strong>potentin</strong></span> 
     </span>
     <span class='ocr_line' id='line_1_76' title="bbox 144 5095 945 5163; baseline 0.016 -18"><span class='ocrx_word' id='word_1_771' title='bbox 144 5095 434 5162; x_wconf 79' lang='lat' dir='ltr'><strong>pt·ceeniiiiciit,1n·oeo</strong></span> <span class='ocrx_word' id='word_1_772' title='bbox 453 5097 524 5163; x_wconf 84' lang='lat' dir='ltr'><strong>quod</strong></span> <span class='ocrx_word' id='word_1_773' title='bbox 541 5100 576 5151; x_wconf 88' lang='lat' dir='ltr'><strong>cis</strong></span> <span class='ocrx_word' id='word_1_774' title='bbox 598 5103 693 5154; x_wconf 83' lang='lat' dir='ltr'><strong>coeleru</strong></span> <span class='ocrx_word' id='word_1_775' title='bbox 717 5102 754 5156; x_wconf 86' lang='lat' dir='ltr'><strong>nd</strong></span> <span class='ocrx_word' id='word_1_776' title='bbox 769 5102 945 5158; x_wconf 83' lang='lat' dir='ltr'><strong>odediendum</strong></span> 
     </span>
     <span class='ocr_line' id='line_1_77' title="bbox 147 5165 711 5234; baseline 0.012 -16"><span class='ocrx_word' id='word_1_777' title='bbox 147 5165 267 5234; x_wconf 76' lang='lat' dir='ltr'><strong>siilq&#39;ectu.</strong></span> <span class='ocrx_word' id='word_1_778' title='bbox 281 5169 354 5226; x_wconf 85' lang='lat' dir='ltr'><strong>sunt,</strong></span> <span class='ocrx_word' id='word_1_779' title='bbox 374 5167 711 5225; x_wconf 77' lang='lat' dir='ltr'><strong>florin&#39;untiouesuocantur.</strong></span> 
     </span>
    </p>

    <p class='ocr_par' dir='ltr' id='par_1_15' title="bbox 145 5234 945 5810">
     <span class='ocr_line' id='line_1_78' title="bbox 183 5234 945 5307; baseline 0.014 -19"><span class='ocrx_word' id='word_1_780' title='bbox 183 5245 193 5269; x_wconf 77' lang='lat'><strong>⁰</strong></span> <span class='ocrx_word' id='word_1_781' title='bbox 216 5236 324 5290; x_wconf 86' lang='lat' dir='ltr'><strong>Primus</strong></span> <span class='ocrx_word' id='word_1_782' title='bbox 350 5234 394 5289; x_wconf 91' lang='lat' dir='ltr'><strong>hie</strong></span> <span class='ocrx_word' id='word_1_783' title='bbox 413 5235 482 5291; x_wconf 91' lang='lat' dir='ltr'><strong>ordo</strong></span> <span class='ocrx_word' id='word_1_784' title='bbox 501 5237 589 5294; x_wconf 85' lang='lat' dir='ltr'><strong>tertiae</strong></span> <span class='ocrx_word' id='word_1_785' title='bbox 607 5237 773 5307; x_wconf 69' lang='lat' dir='ltr'><strong>hierarchiae,</strong></span> <span class='ocrx_word' id='word_1_786' title='bbox 796 5251 827 5298; x_wconf 91' lang='lat' dir='ltr'><strong>ut</strong></span> <span class='ocrx_word' id='word_1_787' title='bbox 840 5242 945 5299; x_wconf 89' lang='lat' dir='ltr'><strong>dictum</strong></span> 
     </span>
     <span class='ocr_line' id='line_1_79' title="bbox 147 5305 943 5387; baseline 0.014 -28"><span class='ocrx_word' id='word_1_788' title='bbox 147 5311 198 5370; x_wconf 87' lang='lat' dir='ltr'><strong>est,</strong></span> <span class='ocrx_word' id='word_1_789' title='bbox 217 5305 366 5360; x_wconf 89' lang='lat' dir='ltr'><strong>secundum</strong></span> <span class='ocrx_word' id='word_1_790' title='bbox 390 5307 561 5378; x_wconf 76' lang='lat' dir='ltr'><strong>Dionysium,</strong></span> <span class='ocrx_word' id='word_1_791' title='bbox 589 5325 646 5366; x_wconf 92' lang='lat' dir='ltr'><strong>non</strong></span> <span class='ocrx_word' id='word_1_792' title='bbox 663 5312 813 5368; x_wconf 88' lang='lat' dir='ltr'><strong>secundum</strong></span> <span class='ocrx_word' id='word_1_793' title='bbox 839 5314 943 5387; x_wconf 92' lang='lat' dir='ltr'><strong>Grego-</strong></span> 
     </span>
     <span class='ocr_line' id='line_1_80' title="bbox 147 5375 944 5450; baseline 0.013 -20"><span class='ocrx_word' id='word_1_794' title='bbox 147 5375 231 5431; x_wconf 93' lang='lat' dir='ltr'><strong>rium.</strong></span> <span class='ocrx_word' id='word_1_795' title='bbox 247 5377 317 5431; x_wconf 87' lang='lat' dir='ltr'><strong>Nam</strong></span> <span class='ocrx_word' id='word_1_796' title='bbox 334 5376 482 5450; x_wconf 80' lang='lat' dir='ltr'><strong>Dionysius</strong></span> <span class='ocrx_word' id='word_1_797' title='bbox 499 5378 613 5436; x_wconf 89' lang='lat' dir='ltr'><strong>collocat</strong></span> <span class='ocrx_word' id='word_1_798' title='bbox 625 5381 739 5439; x_wconf 80' lang='lat' dir='ltr'><strong>virtutes</strong></span> <span class='ocrx_word' id='word_1_799' title='bbox 752 5384 802 5438; x_wconf 91' lang='lat' dir='ltr'><strong>sub</strong></span> <span class='ocrx_word' id='word_1_800' title='bbox 817 5383 944 5440; x_wconf 91' lang='lat' dir='ltr'><strong>domina·</strong></span> 
     </span>
     <span class='ocr_line' id='line_1_81' title="bbox 148 5445 945 5526; baseline 0.015 -25"><span class='ocrx_word' id='word_1_801' title='bbox 148 5445 269 5504; x_wconf 91' lang='lat' dir='ltr'><strong>tionibus</strong></span> <span class='ocrx_word' id='word_1_802' title='bbox 286 5456 312 5502; x_wconf 88' lang='lat' dir='ltr'><strong>et</strong></span> <span class='ocrx_word' id='word_1_803' title='bbox 330 5464 412 5521; x_wconf 87' lang='lat' dir='ltr'><strong>supra</strong></span> <span class='ocrx_word' id='word_1_804' title='bbox 428 5457 592 5521; x_wconf 85' lang='lat' dir='ltr'><strong>potestates;</strong></span> <span class='ocrx_word' id='word_1_805' title='bbox 608 5453 771 5526; x_wconf 84' lang='lat' dir='ltr'><strong>principatus</strong></span> <span class='ocrx_word' id='word_1_806' title='bbox 784 5462 877 5511; x_wconf 92' lang='lat' dir='ltr'><strong>autem</strong></span> <span class='ocrx_word' id='word_1_807' title='bbox 893 5457 945 5514; x_wconf 92' lang='lat' dir='ltr'><strong>sub</strong></span> 
     </span>
     <span class='ocr_line' id='line_1_82' title="bbox 148 5520 943 5599; baseline 0.016 -27"><span class='ocrx_word' id='word_1_808' title='bbox 148 5520 328 5599; x_wconf 76' lang='lat' dir='ltr'><strong>potestatibus</strong></span> <span class='ocrx_word' id='word_1_809' title='bbox 348 5528 376 5577; x_wconf 90' lang='lat' dir='ltr'><strong>et</strong></span> <span class='ocrx_word' id='word_1_810' title='bbox 398 5537 478 5592; x_wconf 89' lang='lat' dir='ltr'><strong>supra</strong></span> <span class='ocrx_word' id='word_1_811' title='bbox 499 5520 685 5595; x_wconf 87' lang='lat' dir='ltr'><strong>archangelos.</strong></span> <span class='ocrx_word' id='word_1_812' title='bbox 711 5524 862 5597; x_wconf 87' lang='lat' dir='ltr'><strong>Gregorius</strong></span> <span class='ocrx_word' id='word_1_813' title='bbox 879 5544 943 5585; x_wconf 83' lang='lat' dir='ltr'><strong>iero</strong></span> 
     </span>
     <span class='ocr_line' id='line_1_83' title="bbox 146 5591 944 5670; baseline 0.018 -28"><span class='ocrx_word' id='word_1_814' title='bbox 146 5598 224 5657; x_wconf 88' lang='lat' dir='ltr'><strong>ponit</strong></span> <span class='ocrx_word' id='word_1_815' title='bbox 238 5591 405 5661; x_wconf 89' lang='lat' dir='ltr'><strong>principatus</strong></span> <span class='ocrx_word' id='word_1_816' title='bbox 418 5593 445 5647; x_wconf 90' lang='lat' dir='ltr'><strong>iii</strong></span> <span class='ocrx_word' id='word_1_817' title='bbox 456 5592 545 5649; x_wconf 89' lang='lat' dir='ltr'><strong>medio</strong></span> <span class='ocrx_word' id='word_1_818' title='bbox 560 5594 781 5652; x_wconf 89' lang='lat' dir='ltr'><strong>dominationum</strong></span> <span class='ocrx_word' id='word_1_819' title='bbox 796 5606 823 5652; x_wconf 93' lang='lat' dir='ltr'><strong>et</strong></span> <span class='ocrx_word' id='word_1_820' title='bbox 830 5607 944 5670; x_wconf 90' lang='lat' dir='ltr'><strong>potesta-</strong></span> 
     </span>
     <span class='ocr_line' id='line_1_84' title="bbox 145 5661 941 5742; baseline 0.019 -30"><span class='ocrx_word' id='word_1_821' title='bbox 145 5666 205 5713; x_wconf 90' lang='lat' dir='ltr'><strong>tum</strong></span> <span class='ocrx_word' id='word_1_822' title='bbox 220 5679 228 5727; x_wconf 80' lang='lat'>3</span> <span class='ocrx_word' id='word_1_823' title='bbox 243 5661 355 5742; x_wconf 80' lang='lat' dir='ltr'><strong>virtutes</strong></span> <span class='ocrx_word' id='word_1_824' title='bbox 365 5678 428 5717; x_wconf 84' lang='lat' dir='ltr'><strong>rero</strong></span> <span class='ocrx_word' id='word_1_825' title='bbox 439 5663 465 5717; x_wconf 93' lang='lat' dir='ltr'><strong>in</strong></span> <span class='ocrx_word' id='word_1_826' title='bbox 478 5663 569 5720; x_wconf 90' lang='lat' dir='ltr'><strong>medio</strong></span> <span class='ocrx_word' id='word_1_827' title='bbox 581 5674 746 5736; x_wconf 87' lang='lat' dir='ltr'><strong>potestatum</strong></span> <span class='ocrx_word' id='word_1_828' title='bbox 756 5676 783 5724; x_wconf 86' lang='lat' dir='ltr'><strong>et</strong></span> <span class='ocrx_word' id='word_1_829' title='bbox 794 5669 941 5742; x_wconf 90' lang='lat' dir='ltr'><strong>archange-</strong></span> 
     </span>
     <span class='ocr_line' id='line_1_85' title="bbox 145 5728 940 5810; baseline 0.016 -26"><span class='ocrx_word' id='word_1_830' title='bbox 145 5728 246 5786; x_wconf 91' lang='lat' dir='ltr'><strong>lorum.</strong></span> <span class='ocrx_word' id='word_1_831' title='bbox 259 5731 386 5788; x_wconf 83' lang='lat' dir='ltr'><strong>Nominis</strong></span> <span class='ocrx_word' id='word_1_832' title='bbox 397 5741 491 5789; x_wconf 91' lang='lat' dir='ltr'><strong>autem</strong></span> <span class='ocrx_word' id='word_1_833' title='bbox 502 5736 635 5792; x_wconf 86' lang='lat' dir='ltr'><strong>rationem</strong></span> <span class='ocrx_word' id='word_1_834' title='bbox 646 5737 683 5792; x_wconf 90' lang='lat' dir='ltr'><strong>ita</strong></span> <span class='ocrx_word' id='word_1_835' title='bbox 696 5739 807 5810; x_wconf 84' lang='lat' dir='ltr'><strong>exponit</strong></span> <span class='ocrx_word' id='word_1_836' title='bbox 824 5760 829 5794; x_wconf 93' lang='lat'>:</span> <span class='ocrx_word' id='word_1_837' title='bbox 846 5745 940 5798; x_wconf 82' lang='lat' dir='ltr'><strong>Prisci·</strong></span> 
     </span>
    </p>
   </div>
   <div class='ocr_carea' id='block_1_13' title="bbox 141 5807 943 5883">
    <p class='ocr_par' dir='ltr' id='par_1_16' title="bbox 141 5807 943 5883">
     <span class='ocr_line' id='line_1_86' title="bbox 141 5807 943 5883; baseline 0.016 -25"><span class='ocrx_word' id='word_1_838' title='bbox 141 5807 225 5873; x_wconf 79' lang='lat' dir='ltr'><strong>putris</strong></span> <span class='ocrx_word' id='word_1_839' title='bbox 252 5810 390 5870; x_wconf 84' lang='lat' dir='ltr'><strong>cocuntur,</strong></span> <span class='ocrx_word' id='word_1_840' title='bbox 409 5807 457 5874; x_wconf 88' lang='lat' dir='ltr'><strong>qui</strong></span> <span class='ocrx_word' id='word_1_841' title='bbox 480 5807 547 5876; x_wconf 75' lang='lat' dir='ltr'><strong>ipsis</strong></span> <span class='ocrx_word' id='word_1_842' title='bbox 568 5824 672 5880; x_wconf 86' lang='lat' dir='ltr'><strong>quoque</strong></span> <span class='ocrx_word' id='word_1_843' title='bbox 691 5810 764 5866; x_wconf 80' lang='lat' dir='ltr'><strong>bortis</strong></span> <span class='ocrx_word' id='word_1_844' title='bbox 786 5815 943 5883; x_wconf 76' lang='lat' dir='ltr'><strong>angelorum</strong></span> 
     </span>
    </p>
   </div>
   <div class='ocr_carea' id='block_1_14' title="bbox 997 4817 1802 5890">
    <p class='ocr_par' dir='ltr' id='par_1_17' title="bbox 999 4817 1801 5372">
     <span class='ocr_line' id='line_1_87' title="bbox 1000 4817 1797 4890; baseline -0.003 -16"><span class='ocrx_word' id='word_1_845' title='bbox 1000 4819 1145 4874; x_wconf 88' lang='lat' dir='ltr'><strong>collatione</strong></span> <span class='ocrx_word' id='word_1_846' title='bbox 1166 4818 1326 4890; x_wconf 78' lang='lat' dir='ltr'><strong>praecedenti</strong></span> <span class='ocrx_word' id='word_1_847' title='bbox 1340 4819 1419 4890; x_wconf 85' lang='lat' dir='ltr'><strong>(Cup.</strong></span> <span class='ocrx_word' id='word_1_848' title='bbox 1436 4824 1479 4881; x_wconf 81' lang='grc'><strong>9).</strong></span> <span class='ocrx_word' id='word_1_849' title='bbox 1502 4822 1596 4887; x_wconf 80' lang='lat' dir='ltr'><strong>Neque</strong></span> <span class='ocrx_word' id='word_1_850' title='bbox 1611 4817 1655 4872; x_wconf 89' lang='lat' dir='ltr'><strong>liis</strong></span> <span class='ocrx_word' id='word_1_851' title='bbox 1674 4817 1797 4874; x_wconf 77' lang='lat' dir='ltr'><strong>adressa·</strong></span> 
     </span>
     <span class='ocr_line' id='line_1_88' title="bbox 1000 4885 1799 4961; baseline -0.003 -17"><span class='ocrx_word' id='word_1_852' title='bbox 1000 4897 1045 4946; x_wconf 91' lang='lat' dir='ltr'><strong>tur</strong></span> <span class='ocrx_word' id='word_1_853' title='bbox 1069 4889 1141 4960; x_wconf 91' lang='lat' dir='ltr'><strong>quod</strong></span> <span class='ocrx_word' id='word_1_854' title='bbox 1161 4889 1233 4961; x_wconf 89' lang='lat' dir='ltr'><strong>apud</strong></span> <span class='ocrx_word' id='word_1_855' title='bbox 1250 4887 1351 4945; x_wconf 84' lang='lat' dir='ltr'><strong>inferos</strong></span> <span class='ocrx_word' id='word_1_856' title='bbox 1369 4891 1459 4944; x_wconf 89' lang='lat' dir='ltr'><strong>nullus</strong></span> <span class='ocrx_word' id='word_1_857' title='bbox 1477 4891 1581 4944; x_wconf 85' lang='lat' dir='ltr'><strong>dicitur</strong></span> <span class='ocrx_word' id='word_1_858' title='bbox 1597 4905 1653 4943; x_wconf 83' lang='lat' dir='ltr'><strong>esse</strong></span> <span class='ocrx_word' id='word_1_859' title='bbox 1668 4889 1740 4956; x_wconf 86' lang='lat' dir='ltr'><strong>ordo,</strong></span> <span class='ocrx_word' id='word_1_860' title='bbox 1755 4885 1799 4942; x_wconf 83' lang='lat' dir='ltr'><strong>sed</strong></span> 
     </span>
     <span class='ocr_line' id='line_1_89' title="bbox 1001 4956 1798 5032; baseline -0.006 -16"><span class='ocrx_word' id='word_1_861' title='bbox 1001 4965 1179 5031; x_wconf 75' lang='lat' dir='ltr'><strong>senipu&#39;terruis</strong></span> <span class='ocrx_word' id='word_1_862' title='bbox 1190 4962 1281 5016; x_wconf 87' lang='lat' dir='ltr'><strong>horror</strong></span> <span class='ocrx_word' id='word_1_863' title='bbox 1290 4960 1360 5032; x_wconf 87' lang='lat' dir='ltr'><strong>(Job.</strong></span> <span class='ocrx_word' id='word_1_864' title='bbox 1372 4974 1404 5017; x_wconf 87' lang='lat' dir='ltr'><strong>tir</strong></span> <span class='ocrx_word' id='word_1_865' title='bbox 1412 4960 1431 5028; x_wconf 81' lang='lat' dir='ltr'><strong>l.</strong></span> <span class='ocrx_word' id='word_1_866' title='bbox 1448 4960 1522 5016; x_wconf 83' lang='lat' dir='ltr'><strong>Ordo</strong></span> <span class='ocrx_word' id='word_1_867' title='bbox 1538 4961 1610 5016; x_wconf 90' lang='lat' dir='ltr'><strong>inter</strong></span> <span class='ocrx_word' id='word_1_868' title='bbox 1622 4960 1629 5014; x_wconf 91' lang='lat' dir='ltr'><strong>i</strong></span> <span class='ocrx_word' id='word_1_869' title='bbox 1634 4976 1700 5032; x_wconf 85' lang='lat' dir='ltr'><strong>psos</strong></span> <span class='ocrx_word' id='word_1_870' title='bbox 1711 4956 1798 5014; x_wconf 83' lang='lat' dir='ltr'><strong>nullus</strong></span> 
     </span>
     <span class='ocr_line' id='line_1_90' title="bbox 1001 5022 1801 5159; baseline -0.005 -72"><span class='ocrx_word' id='word_1_871' title='bbox 1001 5041 1042 5089; x_wconf 89' lang='lat' dir='ltr'><strong>est</strong></span> <span class='ocrx_word' id='word_1_872' title='bbox 1054 5033 1100 5159; x_wconf 70' lang='lat' dir='ltr'><strong>qui</strong></span> <span class='ocrx_word' id='word_1_873' title='bbox 1124 5033 1157 5087; x_wconf 89' lang='lat' dir='ltr'><strong>ad</strong></span> <span class='ocrx_word' id='word_1_874' title='bbox 1172 5040 1303 5087; x_wconf 81' lang='lat' dir='ltr'><strong>aternani</strong></span> <span class='ocrx_word' id='word_1_875' title='bbox 1321 5031 1478 5088; x_wconf 79' lang='lat' dir='ltr'><strong>felicitatem</strong></span> <span class='ocrx_word' id='word_1_876' title='bbox 1493 5039 1608 5102; x_wconf 85' lang='lat' dir='ltr'><strong>spectet,</strong></span> <span class='ocrx_word' id='word_1_877' title='bbox 1632 5041 1682 5087; x_wconf 91' lang='lat' dir='ltr'><strong>aut</strong></span> <span class='ocrx_word' id='word_1_878' title='bbox 1697 5022 1801 5099; x_wconf 78' lang='lat' dir='ltr'><strong>rtiqiitd</strong></span> 
     </span>
     <span class='ocr_line' id='line_1_91' title="bbox 1000 5101 1800 5176; baseline -0.005 -17"><span class='ocrx_word' id='word_1_879' title='bbox 1000 5120 1051 5159; x_wconf 91' lang='lat' dir='ltr'><strong>coii</strong></span> <span class='ocrx_word' id='word_1_880' title='bbox 1065 5111 1122 5160; x_wconf 91' lang='lat' dir='ltr'><strong>erat</strong></span> <span class='ocrx_word' id='word_1_881' title='bbox 1136 5121 1143 5169; x_wconf 90' lang='lat'>;</span> <span class='ocrx_word' id='word_1_882' title='bbox 1157 5112 1197 5159; x_wconf 91' lang='lat' dir='ltr'><strong>est</strong></span> <span class='ocrx_word' id='word_1_883' title='bbox 1209 5103 1386 5159; x_wconf 90' lang='lat' dir='ltr'><strong>nihilominus</strong></span> <span class='ocrx_word' id='word_1_884' title='bbox 1397 5102 1465 5159; x_wconf 89' lang='lat' dir='ltr'><strong>ordo</strong></span> <span class='ocrx_word' id='word_1_885' title='bbox 1478 5102 1632 5173; x_wconf 85' lang='lat' dir='ltr'><strong>potestatis.</strong></span> <span class='ocrx_word' id='word_1_886' title='bbox 1650 5101 1695 5176; x_wconf 89' lang='lat' dir='ltr'><strong>qui</strong></span> <span class='ocrx_word' id='word_1_887' title='bbox 1710 5107 1736 5156; x_wconf 87' lang='lat' dir='ltr'><strong>et</strong></span> <span class='ocrx_word' id='word_1_888' title='bbox 1751 5113 1800 5155; x_wconf 88' lang='lat' dir='ltr'><strong>ntt·</strong></span> 
     </span>
     <span class='ocr_line' id='line_1_92' title="bbox 1001 5172 1801 5246; baseline -0.005 -16"><span class='ocrx_word' id='word_1_889' title='bbox 1001 5183 1071 5232; x_wconf 73' lang='lat' dir='ltr'><strong>turae</strong></span> <span class='ocrx_word' id='word_1_890' title='bbox 1086 5173 1297 5246; x_wconf 79' lang='lat' dir='ltr'><strong>inaequalitatem</strong></span> <span class='ocrx_word' id='word_1_891' title='bbox 1315 5174 1500 5246; x_wconf 87' lang='lat' dir='ltr'><strong>consequitur,</strong></span> <span class='ocrx_word' id='word_1_892' title='bbox 1519 5184 1546 5230; x_wconf 90' lang='lat' dir='ltr'><strong>et</strong></span> <span class='ocrx_word' id='word_1_893' title='bbox 1565 5190 1649 5245; x_wconf 88' lang='lat' dir='ltr'><strong>quein</strong></span> <span class='ocrx_word' id='word_1_894' title='bbox 1667 5172 1801 5231; x_wconf 79' lang='lat' dir='ltr'><strong>adbonos</strong></span> 
     </span>
     <span class='ocr_line' id='line_1_93' title="bbox 999 5245 1798 5372; baseline -0.009 -70"><span class='ocrx_word' id='word_1_895' title='bbox 999 5245 1165 5372; x_wconf 60' lang='grc' dir='ltr'><strong>ιιιῗιιοιιιιιὲε</strong></span> <span class='ocrx_word' id='word_1_896' title='bbox 1192 5253 1220 5301; x_wconf 89' lang='lat' dir='ltr'><strong>et</strong></span> <span class='ocrx_word' id='word_1_897' title='bbox 1245 5246 1331 5304; x_wconf 88' lang='lat' dir='ltr'><strong>malos</strong></span> <span class='ocrx_word' id='word_1_898' title='bbox 1354 5246 1522 5318; x_wconf 87' lang='lat' dir='ltr'><strong>torquendos</strong></span> <span class='ocrx_word' id='word_1_899' title='bbox 1548 5248 1623 5302; x_wconf 86' lang='lat' dir='ltr'><strong>Deus</strong></span> <span class='ocrx_word' id='word_1_900' title='bbox 1639 5256 1697 5318; x_wconf 87' lang='lat' dir='ltr'><strong>opt.</strong></span> <span class='ocrx_word' id='word_1_901' title='bbox 1725 5257 1798 5300; x_wconf 83' lang='lat' dir='ltr'><strong>max.</strong></span> 
     </span>
     <span class='ocr_line' id='line_1_94' title="bbox 999 5315 1200 5372; baseline 0 -1"><span class='ocrx_word' id='word_1_902' title='bbox 999 5333 1006 5371; x_wconf 96' lang='lat' dir='ltr'><strong>i</strong></span> <span class='ocrx_word' id='word_1_903' title='bbox 1029 5318 1052 5372; x_wconf 91' lang='lat' dir='ltr'><strong>is</strong></span> <span class='ocrx_word' id='word_1_904' title='bbox 1071 5318 1132 5372; x_wconf 88' lang='lat' dir='ltr'><strong>attii</strong></span> <span class='ocrx_word' id='word_1_905' title='bbox 1153 5315 1200 5372; x_wconf 92' lang='lat' dir='ltr'><strong>uit.</strong></span> 
     </span>
    </p>

    <p class='ocr_par' dir='ltr' id='par_1_18' title="bbox 998 5385 1802 5604">
     <span class='ocr_line' id='line_1_95' title="bbox 1035 5385 1801 5461; baseline -0.004 -19"><span class='ocrx_word' id='word_1_906' title='bbox 1035 5387 1146 5443; x_wconf 67' lang='lat' dir='ltr'><strong>‘Habes</strong></span> <span class='ocrx_word' id='word_1_907' title='bbox 1170 5387 1224 5445; x_wconf 90' lang='lat' dir='ltr'><strong>hoc</strong></span> <span class='ocrx_word' id='word_1_908' title='bbox 1250 5389 1410 5461; x_wconf 86' lang='lat' dir='ltr'><strong>exemplum</strong></span> <span class='ocrx_word' id='word_1_909' title='bbox 1431 5388 1457 5445; x_wconf 91' lang='lat' dir='ltr'><strong>in</strong></span> <span class='ocrx_word' id='word_1_910' title='bbox 1479 5390 1548 5445; x_wconf 87' lang='lat' dir='ltr'><strong>Vitis</strong></span> <span class='ocrx_word' id='word_1_911' title='bbox 1574 5391 1687 5444; x_wconf 86' lang='lat' dir='ltr'><strong>Petrum</strong></span> <span class='ocrx_word' id='word_1_912' title='bbox 1703 5385 1749 5442; x_wconf 89' lang='lat' dir='ltr'><strong>lib.</strong></span> <span class='ocrx_word' id='word_1_913' title='bbox 1766 5398 1801 5440; x_wconf 79' lang='lat' dir='ltr'><strong>ir</strong></span> 
     </span>
     <span class='ocr_line' id='line_1_96' title="bbox 998 5454 1802 5532; baseline -0.002 -18"><span class='ocrx_word' id='word_1_914' title='bbox 998 5474 1057 5531; x_wconf 91' lang='lat' dir='ltr'><strong>cap.</strong></span> <span class='ocrx_word' id='word_1_915' title='bbox 1072 5465 1106 5514; x_wconf 80' lang='lat'><strong>54</strong></span> <span class='ocrx_word' id='word_1_916' title='bbox 1122 5474 1203 5517; x_wconf 71' lang='lat' dir='ltr'><strong>novae</strong></span> <span class='ocrx_word' id='word_1_917' title='bbox 1220 5459 1354 5529; x_wconf 88' lang='lat' dir='ltr'><strong>editionis,</strong></span> <span class='ocrx_word' id='word_1_918' title='bbox 1365 5459 1494 5532; x_wconf 91' lang='lat' dir='ltr'><strong>aliudque</strong></span> <span class='ocrx_word' id='word_1_919' title='bbox 1508 5460 1598 5516; x_wconf 88' lang='lat' dir='ltr'><strong>simile</strong></span> <span class='ocrx_word' id='word_1_920' title='bbox 1610 5458 1660 5514; x_wconf 90' lang='lat' dir='ltr'><strong>lib.</strong></span> <span class='ocrx_word' id='word_1_921' title='bbox 1676 5473 1696 5514; x_wconf 76' lang='lat' dir='ltr'><strong>s</strong></span> <span class='ocrx_word' id='word_1_922' title='bbox 1707 5454 1802 5514; x_wconf 84' lang='lat' dir='ltr'><strong>libello</strong></span> 
     </span>
     <span class='ocr_line' id='line_1_97' title="bbox 998 5530 1718 5604; baseline 0.003 -20"><span class='ocrx_word' id='word_1_923' title='bbox 998 5535 1026 5598; x_wconf 79' lang='lat'><strong>5,</strong></span> <span class='ocrx_word' id='word_1_924' title='bbox 1042 5539 1093 5586; x_wconf 90' lang='lat' dir='ltr'><strong>eta</strong></span> <span class='ocrx_word' id='word_1_925' title='bbox 1113 5530 1149 5588; x_wconf 91' lang='lat' dir='ltr'><strong>tid</strong></span> <span class='ocrx_word' id='word_1_926' title='bbox 1162 5534 1197 5586; x_wconf 87' lang='lat' dir='ltr'><strong>D.</strong></span> <span class='ocrx_word' id='word_1_927' title='bbox 1214 5532 1376 5604; x_wconf 89' lang='lat' dir='ltr'><strong>Gregorium</strong></span> <span class='ocrx_word' id='word_1_928' title='bbox 1388 5531 1432 5589; x_wconf 84' lang='lat' dir='ltr'><strong>lib.</strong></span> <span class='ocrx_word' id='word_1_929' title='bbox 1443 5547 1480 5588; x_wconf 92' lang='lat' dir='ltr'><strong>iii</strong></span> <span class='ocrx_word' id='word_1_930' title='bbox 1495 5532 1600 5604; x_wconf 87' lang='lat' dir='ltr'><strong>Dialog.</strong></span> <span class='ocrx_word' id='word_1_931' title='bbox 1614 5545 1677 5603; x_wconf 87' lang='lat' dir='ltr'><strong>cap.</strong></span> <span class='ocrx_word' id='word_1_932' title='bbox 1690 5535 1718 5586; x_wconf 82' lang='grc'><strong>7.</strong></span> 
     </span>
    </p>

    <p class='ocr_par' dir='ltr' id='par_1_19' title="bbox 997 5601 1801 5890">
     <span class='ocr_line' id='line_1_98' title="bbox 1032 5601 1799 5675; baseline 0.001 -18"><span class='ocrx_word' id='word_1_933' title='bbox 1032 5611 1046 5648; x_wconf 74' lang='lat' dir='ltr'><strong>t</strong></span> <span class='ocrx_word' id='word_1_934' title='bbox 1069 5606 1079 5657; x_wconf 97' lang='lat' dir='ltr'><strong>l</strong></span> <span class='ocrx_word' id='word_1_935' title='bbox 1125 5612 1188 5671; x_wconf 89' lang='lat' dir='ltr'><strong>est,</strong></span> <span class='ocrx_word' id='word_1_936' title='bbox 1205 5604 1387 5675; x_wconf 87' lang='lat' dir='ltr'><strong>vespertinum</strong></span> <span class='ocrx_word' id='word_1_937' title='bbox 1406 5601 1539 5670; x_wconf 78' lang='lat' dir='ltr'><strong>ofhdu&#39;m,</strong></span> <span class='ocrx_word' id='word_1_938' title='bbox 1562 5617 1612 5658; x_wconf 92' lang='lat' dir='ltr'><strong>seii</strong></span> <span class='ocrx_word' id='word_1_939' title='bbox 1633 5601 1799 5668; x_wconf 68' lang='lat' dir='ltr'><strong>oudonem.</strong></span> 
     </span>
     <span class='ocr_line' id='line_1_99' title="bbox 998 5672 1801 5747; baseline 0.001 -18"><span class='ocrx_word' id='word_1_940' title='bbox 998 5672 1063 5730; x_wconf 89' lang='lat' dir='ltr'><strong>alias</strong></span> <span class='ocrx_word' id='word_1_941' title='bbox 1081 5675 1262 5747; x_wconf 83' lang='lat' dir='ltr'><strong>vespertinam</strong></span> <span class='ocrx_word' id='word_1_942' title='bbox 1277 5675 1479 5732; x_wconf 88' lang='lat' dir='ltr'><strong>solemnitatem</strong></span> <span class='ocrx_word' id='word_1_943' title='bbox 1495 5693 1502 5728; x_wconf 76' lang='grc' dir='ltr'><strong>ι</strong></span> <span class='ocrx_word' id='word_1_944' title='bbox 1518 5673 1552 5730; x_wconf 90' lang='lat' dir='ltr'><strong>de</strong></span> <span class='ocrx_word' id='word_1_945' title='bbox 1563 5689 1617 5746; x_wconf 92' lang='lat' dir='ltr'><strong>qua</strong></span> <span class='ocrx_word' id='word_1_946' title='bbox 1632 5672 1697 5731; x_wconf 80' lang='lat' dir='ltr'><strong>ilde</strong></span> <span class='ocrx_word' id='word_1_947' title='bbox 1709 5680 1801 5730; x_wconf 72' lang='lat' dir='ltr'><strong>not·</strong></span> 
     </span>
     <span class='ocr_line' id='line_1_100' title="bbox 997 5743 1800 5820; baseline 0.002 -19"><span class='ocrx_word' id='word_1_948' title='bbox 997 5743 1031 5801; x_wconf 92' lang='lat' dir='ltr'><strong>ad</strong></span> <span class='ocrx_word' id='word_1_949' title='bbox 1053 5745 1099 5802; x_wconf 92' lang='lat' dir='ltr'><strong>lib.</strong></span> <span class='ocrx_word' id='word_1_950' title='bbox 1118 5761 1142 5801; x_wconf 95' lang='lat' dir='ltr'><strong>ii</strong></span> <span class='ocrx_word' id='word_1_951' title='bbox 1156 5747 1245 5803; x_wconf 90' lang='lat' dir='ltr'><strong>instit.</strong></span> <span class='ocrx_word' id='word_1_952' title='bbox 1261 5762 1321 5819; x_wconf 84' lang='lat' dir='ltr'><strong>cap.</strong></span> <span class='ocrx_word' id='word_1_953' title='bbox 1342 5752 1386 5803; x_wconf 85' lang='lat' dir='ltr'><strong>tt).</strong></span> <span class='ocrx_word' id='word_1_954' title='bbox 1410 5750 1545 5820; x_wconf 81' lang='lat' dir='ltr'><strong>vesperas</strong></span> <span class='ocrx_word' id='word_1_955' title='bbox 1565 5743 1652 5803; x_wconf 88' lang='lat' dir='ltr'><strong>inodo</strong></span> <span class='ocrx_word' id='word_1_956' title='bbox 1671 5752 1800 5805; x_wconf 70' lang='lat' dir='ltr'><strong>roem</strong></span> 
     </span>
     <span class='ocr_line' id='line_1_101' title="bbox 998 5815 1344 5890; baseline 0.009 -19"><span class='ocrx_word' id='word_1_957' title='bbox 998 5831 1052 5872; x_wconf 92' lang='lat' dir='ltr'><strong>una</strong></span> <span class='ocrx_word' id='word_1_958' title='bbox 1070 5832 1134 5873; x_wconf 90' lang='lat' dir='ltr'><strong>curii</strong></span> <span class='ocrx_word' id='word_1_959' title='bbox 1148 5815 1344 5890; x_wconf 82' lang='lat' dir='ltr'><strong>completorio.</strong></span> 
     </span>
    </p>
   </div>
   <div class='ocr_carea' id='block_1_15' title="bbox 0 0 1946 6148">
    <p class='ocr_par' dir='ltr' id='par_1_20' title="bbox 0 0 1946 6148">
     <span class='ocr_line' id='line_1_102' title="bbox 0 0 1946 6148; baseline 0 0"><span class='ocrx_word' id='word_1_960' title='bbox 0 0 1946 6148; x_wconf 95' lang='lat' dir='ltr'><strong> </strong></span> 
     </span>
    </p>
   </div>
  </div>
 </body>
</html>
